4014 6030
284 264 397 325 697

1311 268 1666 327 EXPOSITIO
1707 272 1771 325 ΙΝ
1814 269 2142 325 PSALMOS.
2181 303 2247 309 --
2278 269 2453 325 PSAl.
2488 264 2617 324 XVll

3504 266 3606 325 698

281 408 336 445 es
369 393 634 462 fortitudo
667 410 781 449 mea
806 411 821 447 :
846 394 904 448 et
932 392 993 449 in
1019 409 1115 449 me
1135 396 1192 449 et
1211 394 1268 448 in
1294 395 1592 461 membris,
1609 395 1666 449 id
1688 398 1774 449 est
1802 409 1907 466 per
1924 401 1978 457 Α
2002 394 2255 448 cundum
2309 394 2669 455 inferiorem.
2689 396 2976 461 naturam,
3026 394 3339 449 secundum
3375 410 3605 450 carnem

284 496 464 551 quem
480 499 589 553 ego
623 485 682 537 et
707 482 821 537 mei
840 483 1019 539 fortes
1041 501 1254 539 sumus.
1275 484 1343 538 Et
1356 483 1591 555 exponit
1609 483 1900 555 quomodo

285 568 362 623 sit
389 570 669 625 fortitudo
698 587 800 625 sua
827 575 1109 642 quantum
1145 573 1203 627 in
1235 589 1293 626 se
1336 589 1348 626 :
1387 572 1602 626 faciens
1639 575 1867 642 apostro

287 657 447 726 pben
475 658 548 712 ad
579 659 849 713 membra
874 664 937 713 ut
965 660 1047 714 eis
1079 660 1257 715 fidem
1298 663 1355 713 et
1384 677 1545 731 spem
1577 659 1903 714 salvationis

283 746 486 814 atldat,
506 747 583 801 sic
604 763 619 802 :
646 748 859 802 Verum
876 749 1026 815 dico,
1050 750 1363 816 auditores,
1388 766 1523 804 eum
1541 767 1660 804 esse
1674 749 1900 804 fortitu-

284 835 487 891 dinem
510 852 704 890 meam
735 836 891 906 :ipse
931 838 1086 892 enim
1135 841 1218 893 est
1261 840 1657 907 ﬁrnwmentum
1705 856 1900 899 meum,

282 922 345 978 id
365 927 453 978 est
481 925 887 980 fulcimentum
920 943 992 981 ne
1023 928 1280 982 excidam
1304 946 1336 983 a
1356 929 1656 983 sanctitate
1680 944 1811 982 mea
1836 944 1848 981 :
1872 944 1905 980 a

283 1010 663 1066 similitudine
676 1012 884 1069 domus
895 1031 1021 1085 quae
1034 1015 1316 1070 columnis
1326 1015 1556 1070 fulcitur
1570 1033 1641 1070 ne
1653 1018 1900 1070 corruat.

280 1099 365 1153 Et
389 1101 664 1170 refugium
700 1119 896 1169 meum,
947 1103 1005 1158 id
1057 1107 1143 1158 est
1193 1105 1484 1171 securitas,
1528 1122 1600 1159 ne
1647 1108 1902 1159 metuam

284 1187 547 1242 hostium
572 1188 867 1245 incursum
894 1208 907 1245 :
928 1208 961 1245 a
976 1190 1352 1247 similitudine
1364 1192 1601 1246 munitm
1615 1193 1807 1259 turris,
1832 1193 1905 1247 ad

287 1292 471 1347 quam
504 1279 787 1346 persecuti
816 1279 1158 1350 confugiunt
1187 1284 1249 1335 ut
1285 1280 1467 1335 securi
1497 1280 1629 1335 sint.
1670 1281 1747 1335 Et
1786 1282 1906 1335 libe-

288 1370 443 1417 rator
464 1380 634 1429 meus,
668 1382 741 1419 ne
767 1366 840 1420 ab
870 1366 1119 1421 inimicis
1148 1368 1502 1441 incorporer.
1534 1371 1601 1425 Et
1629 1370 1749 1442 ipse
1788 1370 1902 1424 exi-

286 1455 449 1506 stens
468 1454 636 1519 Deus,
658 1452 715 1507 id
738 1457 823 1508 est
843 1459 1070 1510 creator
1108 1474 1271 1512 meus
1304 1460 1619 1513 secundum
1645 1476 1903 1525 carnem,

290 1542 383 1593 est
401 1540 621 1611 adjutor
640 1559 801 1608 meus,
824 1542 883 1597 id
898 1547 982 1597 est
1002 1549 1346 1616 cooperator
1362 1548 1521 1603 boni.
1539 1546 1707 1611 Quasi
1724 1547 1902 1601 dicat:

286 1628 449 1683 Sicut
467 1632 672 1700 potens
694 1630 802 1684 fuit
831 1632 904 1686 ad
931 1636 1275 1699 creandum,
1296 1635 1376 1689 ita
1396 1653 1626 1708 quoque
1648 1637 1719 1690 ad
1742 1637 1903 1706 adju-

2005 482 2215 536 scilicet
2270 482 2673 555 contingentes
2706 500 2719 536 :
2747 483 3222 549 circumdederunt,
3264 484 3324 538 id
3373 487 3458 539 est
3499 483 3606 538 cir-

2003 571 2361 625 cumdabunt
2394 588 2486 625 me
2516 588 2527 625 :
2562 575 2619 625 et
2650 573 2757 626 hoc
2790 571 2920 627 ideo
2948 572 3081 643 quia
3105 576 3610 643 prwoccupaverunt

2003 677 2104 724 me,
2128 660 2185 714 id
2228 664 2312 714 est
2349 665 2763 733 praecesserunt
2792 663 2850 716 in
2883 680 2965 716 me
2988 663 3164 733 laquei
3200 663 3423 716 mortis:
3452 676 3608 715 mor-

2003 748 2212 815 talitas,
2238 750 2451 805 scilicet
2488 753 2545 804 et
2589 750 2948 821 passibilitas,
2988 768 3115 823 quin
3153 754 3287 805 sunt
3323 750 3521 822 laquei,
3551 749 3609 803 id

2005 842 2089 891 est
2115 855 2298 893 causa:
2327 839 2605 910 quibusin
2644 844 2895 894 mortem
2922 841 3141 895 trahar.
3175 842 3273 895 Vel
3295 840 3408 894 sic:
3436 840 3503 893 Et
3530 838 3613 892 ita

2004 932 2548 999 praeoccupaverunt
2566 946 2681 995 mc,
2714 930 2774 985 id
2799 932 2885 984 est
2901 932 3210 1000 praevalere
3244 947 3302 985 se
3328 930 3614 1001 putabunt

2005 1015 2063 1070 in
2100 1034 2193 1071 me
2222 1017 2408 1088 laquei
2434 1017 2657 1083 mortis,
2689 1018 2749 1071 id
2778 1024 2863 1072 est
2889 1020 3090 1085 Judaei,
3124 1020 3220 1091 qui
3251 1036 3421 1073 causa
3464 1034 3612 1072 mea:

2006 1105 2211 1159 mortis
2230 1108 2403 1160 erunt
2424 1122 2435 1159 :
2460 1105 2585 1160 dico
2609 1105 2743 1177 quia
2769 1107 2995 1162 dolores
3013 1107 3471 1161 circumdabunt.
3492 1107 3609 1177 Ego

2006 1210 2075 1247 au
2088 1196 2206 1247 tem
2226 1195 2281 1246 in
2316 1194 2656 1248 tribulatione
2679 1210 2814 1252 mea.
2836 1195 2893 1249 id
2914 1200 2995 1249 est
3015 1195 3073 1249 in
3101 1195 3472 1249 tribulatione
3491 1211 3607 1248 non

2004 1280 2202 1348 invite,
2235 1282 2334 1335 sed
2370 1286 2573 1354 sponte
2614 1300 2745 1337 mea
2788 1286 3069 1354 suscepta,
3124 1285 3384 1349 invocavi,
3428 1282 3485 1336 id
3524 1285 3609 1336 est

2005 1370 2282 1424 invocabo
2306 1370 2597 1424 Dominum
2626 1372 2975 1441 adjutorem.
3010 1373 3076 1426 Et
3108 1373 3216 1425 hoc
3264 1371 3401 1424 illud
3451 1369 3607 1424 idem

2006 1462 2092 1513 est
2120 1459 2275 1529 quod
2324 1460 2581 1529 superius
2613 1460 2751 1513 dixit
2786 1478 2798 1514 :
2833 1461 3087 1514 Laudans
3134 1460 3385 1514 invocabo
3420 1457 3610 1512 Domi-

2006 1564 2157 1600 num.
2183 1547 2295 1600 Sed
2329 1547 2458 1602 ideo
2490 1549 2721 1618 repetit,
2756 1551 2820 1602 ut
2855 1549 2933 1603 sic
2973 1548 3325 1603 determinet
3365 1548 3614 1618 qualiter

2007 1635 2315 1703 invocabit,
2351 1639 2409 1689 et
2440 1637 2721 1706 adiungat
2751 1655 2811 1691 se
2840 1638 3261 1692 exaudiendum
3287 1653 3407 1690 esse
3443 1652 3455 1688 :
3486 1634 3611 1689 dico

285 1718 787 1790 vandum.thuia
802 1720 1245 1776 firmamentum
1261 1725 1615 1794 etrefngium
1633 1741 1826 1777 meum
1848 1726 1906 1777 ct
1936 1714 1985 1771 Β
2008 1722 2286 1806 invocabo
2315 1740 2327 1776 :
2354 1727 2411 1777 et
2428 1741 2544 1777 non
2576 1725 2761 1779 fallaci
2796 1725 3174 1791 invocatione,
3208 1726 3307 1779 sed
3338 1724 3410 1777 ad
3439 1724 3614 1777 Deum

285 1805 567 1860 liberator
578 1809 636 1859 et
648 1807 739 1878 adj
749 1808 879 1863 utor
900 1826 1060 1864 meus
1076 1813 1407 1882 est,sperabo
1424 1812 1901 1867 resurrectionem

286 1895 347 1946 in
376 1910 497 1946 eum
530 1894 890 1962 transiturus,
924 1896 983 1951 id
1014 1901 1098 1951 est
1128 1898 1187 1952 in
1228 1900 1664 1969 passibilitatem
1692 1902 1749 1953 et
1779 1901 1900 1970 glo-

286 1981 439 2036 riam
480 1982 601 2052 ejus
646 1985 961 2039 secundum
1005 1987 1161 2056 quod
1208 1988 1387 2042 homo
1425 2006 1573 2042 sum.
1608 1989 1771 2052 Quod
1819 1992 1903 2041 est

287 2068 482 2124 dicere
509 2087 522 2125 :
554 2072 682 2126 Hmc
700 2089 827 2143 quae
848 2074 1106 2145 praedixi,
1132 2076 1290 2147 quasi
1311 2078 1483 2130 arrha
1499 2076 1638 2131 mihi
1658 2080 1811 2142 sunt,
1844 2080 1901 2130 et

288 2157 501 2228 pignus
530 2162 889 2231 resurgendi,
920 2166 977 2216 et
1004 2162 1059 2216 iu
1096 2180 1230 2218 eum
1262 2166 1616 2219 transeundi.
1649 2165 1746 2218 Vel
1781 2164 1856 2218 sic
1882 2182 1894 2217 :

288 2245 548 2315 Sperabo
572 2249 1055 2305 resurrectionem
1078 2251 1135 2305 in
1160 2268 1293 2306 eum
1314 2253 1626 2324 respiciens
1649 2270 1660 2305 :
1682 2256 1743 2306 ut
1758 2252 1900 2306 sicut

293 2334 733 2389 firmamentum
750 2340 837 2390 est
860 2340 917 2390 et
948 2339 1257 2411 refugium,
1278 2344 1331 2394 et
1360 2341 1635 2395 liberator
1665 2345 1722 2394 ct
1743 2341 1901 2409 adju-

292 2424 409 2489 tor,
432 2423 512 2477 ita
532 2423 789 2478 sitetiam
806 2424 947 2480 mihi
972 2428 1332 2482 resurrectio.
1376 2430 1444 2482 Et
1480 2430 1615 2499 quia
1644 2429 1898 2500 interpo-

291 2514 505 2577 suerat,
535 2512 752 2582 sperabo
801 2515 857 2566 in
897 2532 1037 2577 eum,
1069 2516 1459 2588 aequipollenti
1501 2534 1637 2571 voce
1670 2517 1901 2589 repetit,

293 2599 459 2669 quod
481 2600 740 2670 superius
762 2602 953 2671 posuit
982 2604 1213 2673 adjutor
1237 2621 1421 2671 meus,
1462 2609 1523 2659 ut
1573 2606 1750 2659 addat
1776 2606 1852 2659 sic
1887 2622 1898 2658 :

294 2688 423 2756 Ipse
460 2689 545 2741 est
574 2695 845 2757 protector
872 2708 1035 2755 meus,
1067 2708 1140 2745 ne
1172 2692 1389 2746 inimici
1423 2693 1679 2747 animam
1711 2710 1903 2747 meam

292 2777 603 2832 vulnerent
632 2778 1059 2851 incorporando
1093 2798 1104 2835 :
1133 2799 1167 2836 a
1186 2782 1563 2836 similitudine
1589 2782 1907 2837 defensoris

295 2866 561 2937 clypeum
576 2868 921 2937 opponentis
940 2886 1011 2923 ne
1020 2870 1214 2937 jacula
1244 2871 1600 2925 transeuntia
1625 2870 1902 2928 saucient.

2006 1828 2192 1865 meum
2224 1812 2473 1877 clamavi,
2517 1813 2574 1867 id
2627 1816 2712 1867 est
2752 1815 3005 1867 clamore
3050 1814 3276 1867 intenso
3313 1829 3505 1882 agam.
3547 1812 3614 1864 Et

2005 1899 2158 1954 bono
2192 1916 2324 1954 meo
2347 1902 2602 1955 clamabo
2627 1919 2638 1955 :
2667 1919 2800 1957 nam
2837 1902 3125 1967 exaudivit,
3152 1900 3210 1955 id
3236 1904 3322 1955 est
3350 1900 3615 1954 exaudiet

2002 2004 2175 2041 vocem
2209 2006 2379 2041 meam
2425 1989 2492 2042 Et
2518 1990 2625 2043 hoc
2653 1990 2927 2059 procedet
2947 1989 3017 2042 de
3036 1989 3223 2059 templo
3236 1994 3417 2041 sancto
3442 1986 3565 2057 ejus
3597 2002 3611 2040 :

2002 2075 2072 2129 de
2096 2093 2188 2129 mc
2210 2075 2423 2129 scilicet
2444 2076 2676 2146 quisum
2710 2077 2993 2146 templum
3028 2075 3339 2130 divinitatis
3360 2075 3482 2145 ejus
3511 2092 3523 2128 :
3552 2075 3615 2127 de

2000 2164 2286 2218 causative
2322 2164 2573 2234 ponitur.
2611 2165 2775 2227 Quod
2817 2167 2902 2218 est
2934 2165 3122 2218 dicere
3151 2180 3165 2218 :
3198 2164 3337 2235 Ego,
3362 2162 3458 2234 qui
3490 2179 3615 2215 sum

1999 2255 2262 2305 sanctum
2286 2254 2571 2322 templum
2597 2253 2738 2321 ejus,
2756 2269 2929 2306 causa
2949 2269 3076 2306 sum
3109 2268 3286 2323 quare
3314 2250 3607 2305 exaudiar.

2001 2342 2069 2394 Et
2093 2341 2228 2411 quia
2248 2340 2506 2411 superius
2538 2340 2757 2395 dixerat
2791 2357 2802 2394 :
2836 2341 2906 2393 ad
2934 2340 3108 2393 Deum
3145 2356 3320 2393 meum
3344 2340 3575 2393 clamavi
3600 2356 3616 2390 :

2002 2432 2066 2482 ut
2095 2429 2319 2498 singula
2344 2428 2583 2499 singulis
2610 2429 2833 2494 reddat,
2870 2428 3031 2483 addit
3060 2445 3072 2481 :
3106 2428 3183 2482 Et
3229 2429 3431 2484 clamor
3469 2442 3615 2481 meus

2004 2519 2060 2570 in
2094 2523 2365 2587 conspectu
2389 2518 2502 2586 ejus
2517 2517 2717 2581 factus,
2735 2517 2792 2570 id
2815 2520 2899 2571 est
2918 2517 2977 2570 in
3002 2515 3441 2588 beneplacentia
3473 2518 3616 2587 ejus,

2006 2606 2250 2657 introivit
2270 2606 2324 2656 in
2349 2622 2503 2658 aures
2535 2605 2669 2674 ejus,
2690 2603 2748 2658 id
2785 2608 2871 2658 est
2900 2604 3126 2658 auditus
3157 2604 3267 2658 erit
3301 2604 3374 2658 ab
3409 2619 3498 2657 eo.
3531 2602 3619 2657 Ad

2005 2693 2333 2746 humanum
2356 2693 2595 2746 modum
2616 2692 2833 2746 dictum
2848 2695 2951 2745 est.
2966 2692 3065 2745 Vel
3092 2690 3347 2746 introivit
3366 2691 3425 2744 in
3453 2706 3618 2744 aures

2006 2780 2223 2850 ejus,id
2259 2783 2343 2833 est
2366 2783 2658 2851 susceptus
2688 2778 2796 2832 erit
2816 2780 2887 2833 ab
2910 2779 3140 2833 auribus
3164 2778 3305 2849 ejus,
3335 2778 3549 2833 scilicet
3584 2794 3619 2832 a

2008 2868 2269 2940 potentia
2286 2867 2701 2922 misericordiae
2718 2868 2859 2937 ejus.
2878 2868 2975 2920 Vel
2996 2867 3253 2937 superius
3270 2867 3611 2939 exponetur,

296 2953 366 3007 Et
392 2969 511 3008 non
543 2955 730 3008 solum
762 2959 1075 3026 protector,
1100 2959 1199 3012 sed
1220 2958 1344 3030 ipse
1367 2959 1556 3029 opifex
1574 2959 1760 3011 salutis
1780 2977 1907 3012 mea
1934 2994 1980 3052 Ο
2008 2956 2082 3010 ad
2106 2958 2289 3010 Deum
2312 2972 2509 3010 meum
2523 2955 2775 3009 clamavi
2805 2955 2902 3021 sic,
2926 2957 3178 3009 clamore
3203 2954 3390 3008 cordis
3422 2969 3617 3025 agam,

292 3057 371 3095 ne
402 3041 740 3111 incorporer
766 3060 780 3097 :
817 3047 901 3098 est
931 3062 1096 3099 cornu
1123 3062 1342 3111 meum,
1374 3046 1429 3100 id
1458 3049 1541 3101 est
1559 3048 1904 3118 expugnatio

293 3145 450 3196 mea,
486 3129 630 3183 sicut
677 3146 893 3186 cornua
935 3136 1067 3187 sunt
1116 3134 1491 3188 cornutorum
1533 3136 1902 3206 expugnatio.

289 3219 406 3272 Per
426 3217 835 3287 quemscilicet
852 3217 1184 3275 Iudaeorum
1199 3221 1577 3278 insidiatrices
1596 3222 1907 3277 sententias

288 3309 351 3360 et
365 3304 757 3376 oppositiones
775 3324 1040 3379 expugno
1066 3326 1079 3363 :
1105 3309 1320 3364 sicutin
1342 3311 1648 3382 Evangelio
1667 3310 1902 3382 legitur:

288 3412 319 3444 σ
357 3393 781 3448 Erubescebant
812 3412 1015 3449 omnes
1052 3397 1364 3452 adversarii
1424 3399 1545 3469 ejus
1584 3399 1741 3468 (Luc.
1786 3416 1902 3455 xm.

290 3485 409 3545 17).
441 3500 472 3531 ››
506 3480 570 3533 Et
604 3481 734 3536 alibi
777 3499 790 3536 :
825 3505 852 3531 ‹‹
889 3483 1011 3537 Νοη
1073 3488 1159 3539 est
1203 3503 1370 3540 ausus
1412 3486 1716 3556 quisquam
1771 3503 1903 3539 eum

288 3569 541 3639 amplius
571 3568 930 3641 interrogare
965 3572 1189 3633 (Matth.
1232 3590 1328 3637 xu,
1362 3573 1470 3641 46).
1500 3595 1525 3619 ››
1552 3575 1619 3626 Et
1646 3580 1908 3642 susceptor

294 3674 449 3709 meus
478 3656 704 3710 futurus
743 3662 847 3725 est,
905 3661 1293 3716 resuscitando
1329 3677 1423 3714 me
1456 3677 1470 3713 :
1506 3664 1566 3713 ut
1613 3660 1707 3731 qui
1756 3677 1907 3713 nunc

293 3744 558 3798 mortalis
601 3745 801 3811 existo,
844 3747 1016 3802 faciat
1058 3748 1451 3803 immortalem
1486 3766 1499 3802 :
1535 3747 1907 3803 similitudine

290 3830 437 3885 boni
463 3832 696 3900 medici,
726 3835 821 3905 qui
852 3834 1148 3890 inﬁrmum
1195 3836 1426 3907 suscipit
1448 3840 1509 3890 ut
1538 3853 1669 3891 eum
1702 3853 1906 3890 sanum

292 3917 492 3984 faciat,
526 3922 583 3972 et
616 3922 850 3992 exponit
880 3925 1173 3994 quomodo
1206 3925 1279 3978 ad
1324 3925 1431 3978 hoc
1475 3929 1537 3978 ut
1573 3924 1911 3994 suscipiatur

293 4010 619 4079 perveniet.
667 4010 733 4062 Et
769 4009 898 4065 ideo
942 4012 1051 4065 erit
1088 4016 1382 4082 susceptor
1420 4029 1433 4066 :
1469 4013 1604 4083 quia
1660 4013 1910 4066 invocabo

295 4096 599 4151 Dominum
655 4097 1075 4165 auxiliatorem,
1140 4100 1365 4153 laudans
1414 4116 1547 4154 eum
1607 4099 1910 4155 affectione

297 4185 458 4239 bona
486 4187 545 4239 et
583 4185 941 4255 operatione.
987 4188 1054 4240 Et
1097 4187 1174 4241 sic
1219 4188 1395 4241 salvus
1435 4205 1523 4241 ero
1557 4188 1629 4242 ab
1662 4187 1913 4242 inimicis

2008 3044 2087 3098 ita
2108 3048 2462 3115 exponetur:
2487 3045 2556 3097 Et
2584 3042 2807 3098 clamor
2836 3060 3001 3098 meus
3030 3043 3089 3096 in
3134 3045 3441 3119 conspectu
3496 3041 3619 3111 ejus

2006 3132 2254 3197 habitus,
2288 3132 2345 3187 id
2374 3131 2539 3186 estin
2570 3131 2747 3185 corde
2775 3131 2932 3202 quod
2974 3131 3094 3202 ipse
3139 3131 3289 3185 solus
3318 3129 3616 3200 conspicit,

2006 3220 2265 3274 introivit
2297 3219 2353 3273 in
2377 3237 2544 3274 aures
2583 3219 2723 3291 ejus.
2762 3219 3247 3274 Tribulationibus
3281 3217 3416 3283 suis,
3439 3220 3497 3271 et
3514 3216 3618 3270 tri-

2007 3308 2367 3362 bulationum
2400 3308 2668 3361 evasione
2700 3311 2950 3375 ostensa,
2981 3306 3243 3378 praedicit
3268 3306 3441 3360 etiam
3465 3321 3622 3360 com-

2005 3396 2181 3450 moda
2226 3396 2361 3450 inde
2393 3400 2677 3461 secutura,
2703 3396 2782 3450 sic
2809 3413 2822 3450 :
2854 3396 3000 3460 Quia
3036 3395 3476 3450 circumdabunt
3524 3410 3619 3448 me

2006 3483 2231 3537 dolores
2263 3488 2319 3537 et
2338 3484 2616 3539 invocabo
2633 3484 2968 3550 Dominum,
2994 3487 3052 3538 et
3074 3482 3370 3539 exauditus
3383 3481 3613 3551 eripiar.

2006 3573 2114 3625 Per
2129 3572 2237 3625 hoc
2256 3581 2516 3627 commota
2547 3580 2639 3639 est,
2671 3574 2727 3626 id
2767 3576 2853 3627 est
2880 3572 3339 3626 commovebitur
3367 3578 3507 3624 terra
3545 3569 3618 3624 ad

2005 3659 2202 3724 ﬁdem,
2230 3659 2288 3712 id
2309 3664 2394 3713 est
2423 3660 2503 3713 illi
2525 3660 2621 3731 qui
2643 3677 2795 3714 nunc
2819 3659 2951 3713 solis
2966 3657 3431 3712 terrenisintenti
3450 3661 3614 3721 sunt;

2007 3751 2065 3802 et
2085 3747 2240 3818 prius
2269 3755 2605 3813 contremuit,
2636 3747 2693 3801 id
2723 3751 2809 3801 est
2838 3748 3165 3800 contremet
3194 3746 3264 3798 de
3304 3746 3454 3798 male
3480 3743 3620 3797 actis

2008 3834 2140 3889 suis.
2189 3836 2256 3888 Et
2296 3851 2413 3889 non
2467 3835 2834 3890 solummodo
2893 3833 3177 3905 ignobiles
3220 3830 3455 3895 terreni,
3517 3831 3617 3884 sed

2009 3923 2183 3979 etiam
2208 3916 2561 3992 fundamenta
2590 3925 2870 3989 montium,
2903 3923 2960 3976 id
2991 3925 3077 3975 est
3104 3920 3486 3976 sustentacula
3514 3918 3620 3972 mi-

2012 4027 2242 4076 norum,
2287 4011 2501 4065 scilicet
2541 4011 2891 4083 principum,
2940 4011 3151 4065 ducum
3193 4011 3251 4062 et
3287 4006 3566 4062 comitum
3598 4023 3614 4073 ;

2011 4099 2335 4155 conturbati
2351 4103 2485 4153 sunt
2500 4100 2653 4154 bona
2669 4097 3111 4154 conturbatione
3130 4096 3201 4151 de
3221 4095 3466 4167 peccatis
3480 4094 3615 4160 suis,

2010 4187 2067 4241 id
2094 4190 2181 4240 est
2209 4187 2726 4242 conturbabuntur.
2747 4188 2813 4241 Et
2839 4187 2915 4240 sic
2951 4186 3211 4239 commota
3242 4190 3386 4249 sunt,
3427 4182 3487 4235 id
3534 4183 3618 4235 est

298 4273 696 4343 exemptus,id
727 4276 811 4327 est
840 4274 1125 4345 suscipiat.
1147 4275 1441 4338 Quaereret
1458 4275 1695 4346 aliquis:
1725 4275 1911 4338 Quare
1934 4271 1986 4329 D
2011 4276 2529 4329 commovebuntur
2572 4276 2644 4329 ad
2682 4276 2877 4329 fidem.
2924 4276 2990 4328 Et
3030 4274 3141 4329 hoc
3185 4272 3312 4326 ideo
3364 4272 3618 4342 quoniam

295 4359 413 4413 hoc
441 4359 619 4414 dicis?
648 4360 796 4423 Quid
827 4361 927 4416 tibi
970 4361 1229 4417 inierunt
1264 4362 1522 4417 inimici?
1549 4364 1862 4434 Respondit
1893 4381 1906 4418 :

300 4448 413 4501 Per
444 4446 595 4519 ipsos
622 4448 888 4504 inimicos
918 4449 1441 4515 circumdederunt,
1473 4451 1533 4504 id
1562 4454 1648 4504 est
1669 4451 1909 4504 circum-

296 4521 841 4607 vallabunt46me
858 4537 1058 4590 dolores
1080 4540 1284 4599 mortis,
1320 4537 1379 4591 id
1411 4541 1495 4591 est
1543 4538 1615 4591 ad
1657 4541 1907 4592 mortem

300 4640 398 4677 me
428 4624 797 4679 deducentes.
822 4626 889 4679 Et
917 4624 1023 4695 ipsi
1053 4625 1281 4679 dolores
1320 4624 1627 4680 existentes
1658 4632 1910 4679 torrentes

298 4712 619 4781 iniquitatis,
653 4713 714 4767 id
744 4716 830 4767 est
860 4713 973 4768 cito
1005 4713 1320 4768 transitorii
1343 4717 1397 4766 et
1438 4713 1736 4769 immodici
1765 4714 1910 4777 sicut

298 4802 607 4868 torrentes,
640 4801 713 4855 ab
743 4800 1045 4871 iniquitate
1077 4816 1278 4855 eorum
1309 4818 1427 4855 non
1455 4818 1489 4855 a
1514 4802 1736 4857 meritis
1765 4802 1908 4857 meis

298 4887 680 4958 prodeuntes:
707 4889 963 4942 conturba
971 4895 1185 4951 verunt,
1204 4889 1262 4943 id
1277 4892 1361 4944 est
1374 4891 1802 4946 conturbabunt
1814 4907 1906 4945 me

295 4976 616 5031 secundum
638 4992 872 5031 carnem
893 4980 985 5031 :ut
1006 4976 1066 5030 in
1097 4977 1403 5048 Evangelio
1422 4995 1436 5033 :
1452 4997 1485 5029 ει
1503 4978 1683 5049 Οωρὶῐ
1700 4994 1905 5048 pavere

297 5065 581 5119 ettaadere
603 5064 775 5136 (Mar.
802 5082 910 5119 xxv.
947 5066 1058 5135 33).
1092 5085 1120 5114 »
1154 5067 1223 5119 Et
1252 5066 1400 5121 bene
1428 5068 1593 5137 ponit
1633 5074 1902 5120 torrentes.

296 5152 441 5207 Cum
456 5153 676 5224 impetu
696 5170 948 5226 namque
976 5154 1204 5208 dolores
1230 5154 1307 5209 illi
1324 5155 1398 5209 ad
1416 5156 1654 5209 modum
1678 5159 1903 5209 torren-

298 5240 443 5294 tium
476 5241 861 5296 aftluxerunt:
894 5244 954 5294 ut
971 5241 1242 5297 citissime
1273 5242 1444 5297 vitam
1471 5245 1901 5312 extorquerent.

371 5329 437 5381 Et
449 5328 813 5399 quiadixerat
824 5331 1025 5383 dolores
1040 5334 1247 5393 mortis,
1265 5349 1337 5385 ne
1354 5334 1694 5400 putarentur
1707 5346 1906 5387 secun-

295 5416 437 5469 dum
452 5420 755 5489 utramque
776 5422 1045 5472 naturam
1070 5417 1375 5487 contigisse
1392 5435 1404 5471 :
1424 5419 1632 5489 repetit
1645 5423 1708 5471 ut
1726 5417 1901 5475 inter-

294 5504 568 5575 ponendo
601 5506 949 5560 determinet
977 5507 1073 5560 sic.
1098 5506 1316 5559 Dolores
1341 5506 1561 5573 inferni,
1604 5506 1660 5558 id
1690 5512 1774 5560 est
1814 5528 1899 5564 se-

2010 4366 2178 4416 iratus
2208 4370 2286 4418 est
2310 4366 2402 4429 eis,
2431 4363 2488 4417 id
2520 4366 2604 4417 est
2634 4365 2983 4433 cognoscent
3014 4360 3323 4415 Dominum
3351 4357 3505 4413 eisin
3527 4361 3614 4410 fu-

2008 4451 2526 4505 turoirasciturum
2580 4450 2684 4503 nisi
2738 4449 3085 4520 resipuerint
3145 4464 3156 4501 :
3203 4450 3261 4501 et
3308 4449 3614 4517 postquam

2009 4539 2549 4601 commovebuntur,
2591 4538 2862 4591 ascendet
2898 4538 3083 4606 fumus
3124 4538 3180 4590 in
3220 4538 3301 4589 ira
3344 4534 3477 4604 ejus.
3518 4534 3615 4587 Vel

2010 4628 2089 4681 ita
2118 4626 2507 4681 continuatur.
2542 4625 2677 4679 Dico
2711 4625 2867 4697 quod
2898 4628 3055 4679 terra
3100 4625 3443 4687 contremet.
3482 4621 3617 4693 quia

2008 4715 2261 4779 ascendit,
2288 4714 2344 4767 id
2368 4720 2454 4767 es:
2472 4715 2746 4769 ascendet
2774 4715 2833 4768 in
2865 4714 3001 4784 ipsis
3032 4711 3280 4767 terrenis
3318 4710 3530 4775 fumus,
3559 4708 3616 4762 id

2009 4806 2095 4857 est
2118 4804 2440 4873 lacrymosa
2472 4802 2825 4872 deprecatio,
2854 4819 2982 4873 quae
3025 4802 3220 4855 oculos
3269 4799 3343 4852 ad
3374 4796 3612 4851 modum

2007 4892 2150 4945 fumi
2177 4890 2510 4961 provocabit
2532 4891 2605 4945 ad
2629 4892 2829 4947 ﬂetum
2861 4894 2920 4944 et
2947 4891 3055 4944 hoc
3084 4889 3142 4942 in
3177 4888 3262 4940 ira
3288 4886 3430 4955 ejus,
3452 4883 3510 4937 id
3530 4886 3616 4937 est

2006 4978 2063 5033 in
2092 4979 2424 5049 cognitione
2441 4978 2541 5033 irae
2558 4979 2681 5049 ejus
2693 4977 3153 5033 futurae.Etbene
3174 4969 3609 5045 ponitascendit:

2006 5066 2165 5137 quasi
2196 5066 2449 5119 diceret:
2486 5068 2543 5119 ln
2593 5067 2672 5121 eis
2720 5067 2827 5119 erit
2871 5066 3061 5120 fumus
3105 5062 3201 5133 qui
3243 5058 3512 5113 ascendet
3537 5057 3609 5112 ad

2005 5155 2209 5218 Deum,
2236 5154 2295 5208 id
2326 5157 2411 5207 est
2439 5154 2547 5223 ipsi
2586 5153 2852 5225 placebit.
2886 5155 2950 5207 Et
2996 5154 3121 5220 post
3160 5150 3410 5213 fumum,
3472 5148 3610 5213 ignis

2003 5244 2220 5310 exarsit,
2251 5243 2306 5296 id
2337 5246 2423 5296 est
2455 5243 2628 5313 ardor
2649 5240 2856 5295 divina),
2884 5238 3207 5294 dilectionis
3239 5236 3611 5291 vehementer

2007 5331 2062 5385 in
2094 5330 2177 5384 eis
2196 5332 2411 5385 crescet
2440 5346 2451 5382 :
2487 5332 2539 5382 et
2576 5330 2683 5382 hoc
2708 5329 2905 5395 a/acie
2932 5328 3068 5396 ejus,
3104 5327 3162 5380 id
3203 5331 3289 5381 est
3332 5342 3366 5377 a
3411 5321 3610 5391 cogni-

2004 5419 2161 5472 tione
2183 5419 2304 5487 ejus
2346 5415 2723 5470 Ascendendo
2747 5419 2915 5473 enim
2949 5414 3023 5468 ad
3052 5415 3363 5469 Dominum
3404 5412 3462 5461 et
3488 5408 3615 5461 illu-

2006 5506 2260 5559 minatur
2274 5505 3118 5566 iguorantia,etcorroboratur
3137 5499 3469 5556 inﬁrmitas:
3490 5494 3624 5547 data
