4014 6030
251 263 353 321 701

1254 253 1609 311 EXPOSITIO
1647 253 1715 309 IN
1755 248 2090 308 PSALMOS.
2129 283 2189 291 —
2221 252 2412 308 PSAL.
2455 253 2586 308 Χνιι

3467 261 3571 318 702

253 383 337 452 (Il
362 383 496 442 Cor.
527 399 647 451 xm,
679 381 790 456 3).»
819 381 887 439 Et
911 380 1040 453 post
1058 379 1181 454 ipse
1196 379 1518 435 Altissimus
1543 378 1643 452 qui
1662 381 1869 452 potens
1888 384 1942 445 Α
1975 394 2075 433 sua
2107 377 2443 433 recedentes
2470 377 2691 453 accepit
2718 392 2732 434 :
2760 380 2836 446 et,
2856 381 2919 435 ut
2932 394 2997 434 ex
3030 378 3161 436 imis
3189 381 3335 438 altos
3360 380 3576 440 faceret

252 473 521 539 estdcdit,
566 473 625 530 id
665 473 752 528 est
793 470 954 525 dabit
995 486 1100 541 per
1141 485 1241 525 eos
1271 485 1448 523 vocem
1487 486 1661 534 suam,
1695 467 1753 523 id
1784 469 1871 523 est

252 560 579 618 doctrinam
611 575 796 625 suam,
821 558 966 612 sicut
986 556 1267 613 Dominus
1288 556 1346 611 in
1372 556 1684 628 Evangelio
1697 555 1866 610 dicit:

253 649 428 705 «Non
454 649 619 704 enim
658 663 758 703 vos
785 646 919 702 estis
964 645 1063 718 qui
1114 643 1440 717 loquimini,
1474 644 1574 700 sed
1626 643 1869 716 Spiritus

251 737 437 794 Patris
472 735 649 792 vestri
691 735 789 807 qui
826 732 1083 806 loquitur
1116 732 1176 788 in
1236 732 1394 787 vobis
1426 731 1588 804 (Mat.
1631 750 1684 797 x,
1718 734 1862 800 20).»

253 825 413 893 Dico,
446 824 603 899 quod
632 824 817 879 nubes
862 821 1210 887 transibunt,
1237 822 1297 875 et
1323 836 1442 876 non
1472 837 1507 876 a
1537 837 1599 876 se
1628 820 1738 877 hoc
1764 819 1866 874 ha-

250 912 493 980 bebunt,
546 913 647 969 sed
667 912 788 983 ipse
818 912 968 966 Deus
996 911 1160 976 misit,
1204 908 1264 964 id
1294 911 1379 964 est
1408 908 1600 964 mittet
1629 924 1728 963 eos
1758 906 1870 962 exi-

250 1005 470 1059 stentes
492 1004 716 1074 sagittas
755 1017 899 1068 suae,
932 999 993 1053 id
1021 1002 1108 1054 est
1127 1014 1491 1069 percussores
1520 996 1865 1063 infidelium,

250 1094 318 1148 ut
344 1090 569 1162 sagitta).
609 1088 973 1161 percutiunt:
1027 1088 1085 1141 et
1108 1086 1188 1142 sic
1221 1085 1524 1157 dissipavit,
1555 1085 1614 1140 id
1640 1087 1727 1139 est
1752 1084 1865 1140 dis-

252 1178 464 1252 sipabit
491 1194 590 1235 eos
604 1177 681 1234 ad
695 1192 840 1249 quos
859 1175 1186 1241 mittentur,
1218 1174 1278 1228 id
1309 1176 1394 1228 est
1414 1173 1866 1246 dividetpartem

254 1283 459 1325 eorum
472 1264 888 1338 praedicatione
914 1263 1284 1330 assumendo,
1309 1265 1655 1335 partemque
1685 1261 1867 1316 relin-

256 1357 490 1430 quendo
511 1373 524 1412 :
544 1359 611 1411 et
634 1356 711 1411 ad
742 1352 1187 1410 aadificationcm
1218 1368 1424 1408 eorum
1450 1351 1550 1423 qui
1575 1366 1867 1407 assumen-

257 1447 382 1500 tur:
412 1444 636 1515 fulgura
680 1440 1099 1514 multiplicavit,
1152 1440 1215 1495 id
1239 1444 1328 1495 est
1376 1440 1559 1494 multa
1589 1438 1868 1493 miracula

257 1549 365 1605 per
397 1550 496 1590 eos
542 1530 917 1604 operabitur:
956 1547 1085 1602 qua:
1130 1529 1340 1585 merito
1391 1529 1622 1599 fulgura
1666 1526 1864 1581 dicun-

258 1625 375 1690 tur,
407 1637 476 1678 eo
503 1620 659 1693 quod
710 1620 786 1675 ad
844 1618 1086 1674 modum
1145 1618 1439 1690 fulgurum
1468 1616 1726 1671 videntes
1756 1618 1870 1669 stu-

1971 466 2298 538 assumpsit.
2336 467 2403 519 Et
2424 467 2619 537 eripuit
2646 484 2748 533 me,
2804 467 2863 523 id
2909 471 2995 522 est
3036 468 3241 542 eripiet
3270 470 3575 527 Ecclesium

1970 571 2162 610 meam
2193 555 2257 609 de
2286 556 2514 609 inimicis
2562 558 2707 623 meis,
2741 555 2800 610 id
2858 559 2944 611 est
2982 556 3097 611 suis
3149 558 3471 627 fortissimis,
3505 559 3576 614 de

1966 643 2115 698 vitiis
2146 643 2357 698 scilicet
2386 645 2445 697 et
2474 642 2765 714 spiritibus
2809 644 3100 715 malignis,
3130 648 3189 700 et
3215 646 3390 701 etiam
3415 647 3484 702 ab
3498 647 3579 701 his

1968 734 2064 804 qui
2097 732 2321 787 oderunt
2347 750 2447 798 me,
2481 732 2539 788 id
2554 735 2691 787 esta
2708 732 3310 803 visibilibushostibus,
3329 735 3426 807 qui
3459 752 3576 804 me,

1967 820 2027 876 id
2058 823 2142 875 est
2160 837 2343 888 meos,
2366 820 2472 876 sibi
2498 821 2700 876 volunt
2724 822 3097 895 incorporare
3121 840 3135 877 :
3166 826 3463 878 etnecesse
3492 826 3579 880 est

1967 912 2030 963 ut
2057 909 2269 979 eripias
2297 910 2370 965 ab
2411 910 2501 965 his
2531 910 2629 982 qui
2656 911 2907 967 oderunt
2943 928 3075 967 me:
3102 912 3239 984 quia
3268 912 3576 968 confortati

1967 1000 2119 1064 sunt,
2140 997 2202 1053 id
2226 1001 2313 1053 est
2333 998 2512 1054 fortes
2542 998 2685 1054 ﬁent
2714 1016 2870 1071 super
2919 1017 3021 1067 me,
3055 1000 3111 1054 id
3166 1005 3253 1056 est
3300 1018 3460 1056 meos
3483 1018 3497 1055 :
3518 1004 3578 1056 et

1966 1087 2201 1157 exponit
2250 1088 2545 1159 quomodo
2595 1087 2809 1144 scilicet
2845 1097 3222 1160 ρνωυεηενιιηι
3257 1107 3340 1144 me
3391 1093 3446 1143 in
3491 1090 3577 1144 die

1966 1175 2285 1243 af/Iictionis
2306 1194 2454 1242 meae,
2472 1175 2530 1230 id
2554 1179 2639 1230 est
2660 1178 3054 1248 praevalebunt
3074 1178 3219 1233 meis
3240 1179 3315 1234 ad
3334 1178 3574 1233 modum

1965 1263 2212 1318 cursoris
2234 1263 2634 1334 praevenientis
2654 1264 2717 1319 in
2750 1268 3018 1338 tempore
3047 1265 3143 1320 illo
3165 1283 3279 1338 quo
3306 1268 3455 1321 Deus
3480 1281 3575 1319 me

1968 1350 2264 1421 permittet
2290 1351 2491 1423 affligi:
2511 1351 2646 1407 etin
2668 1352 2765 1408 illa
2787 1352 3102 1409 afﬂictione
3116 1354 3382 1409 Dominus
3398 1354 3577 1423 factus

1967 1443 2060 1504 est,
2092 1437 2150 1491 id
2182 1440 2266 1492 est
2296 1438 2397 1492 ﬁet
2441 1446 2710 1509 protector
2765 1458 2931 1508 meus,
2976 1440 3035 1495 id
3089 1445 3174 1497 est
3198 1457 3466 1498 meorum
3502 1458 3578 1497 ne

1967 1524 2196 1593 cedant,
2216 1529 2275 1580 et
2304 1543 2421 1581 non
2453 1526 2531 1581 sic
2554 1531 2845 1597 protector
2868 1534 2929 1583 ut
2952 1546 3070 1585 non
3091 1530 3444 1602 affligantur,
3476 1529 3577 1586 sed

1968 1614 2047 1669 sic
2077 1615 2232 1686 quod
2261 1615 2463 1683 eduxit,
2497 1616 2555 1671 id
2583 1620 2669 1670 est
2703 1618 2908 1673 educet
2945 1637 3047 1685 me,
3096 1619 3153 1674 id
3209 1623 3295 1675 est
3322 1637 3485 1675 meos
3509 1635 3577 1675 ex

256 1710 425 1781 pidos
450 1708 728 1765 reddunt:
788 1711 846 1763 et
902 1722 1007 1778 per
1035 1705 1284 1776 fulgura,
1315 1704 1671 1769 conturbavit,
1698 1702 1755 1757 id
1785 1705 1871 1757 est
1892 1719 1944 1778 Β
1970 1703 2284 1759 afflictione
2310 1704 2431 1775 ipsa
2461 1707 2518 1759 in
2561 1706 2897 1761 altitudinem
2926 1707 3057 1762 ﬁdei
3085 1711 3144 1763 et
3173 1709 3484 1775 charitatis,
3516 1710 3579 1763 ut

254 1797 621 1855 conturbavit
648 1812 768 1863 eos,
808 1794 867 1863 id
921 1796 1009 1849 est
1061 1796 1417 1864 compunget
1460 1792 1534 1847 ad
1563 1791 1742 1847 fidem
1769 1807 1783 1845 :
1812 1793 1872 1845 et

255 1887 340 1943 eis
362 1884 724 1943 conturbatis
748 1889 1133 1956 apparuerunt,
1176 1881 1237 1938 id
1264 1885 1347 1936 est
1364 1881 1728 1953 apparebunt
1752 1881 1872 1948 fon-

257 1984 337 2032 tes
361 1991 653 2049 aquarum,
681 1972 742 2029 id
766 1975 853 2028 est
871 1988 1005 2026 vasa
1036 1987 1196 2041 puras
1228 1968 1674 2042 praedicationis.
1702 1967 1871 2032 Quasi

254 2065 431 2131 dicat,
466 2062 545 2119 illi
580 2060 679 2135 qui
718 2060 877 2131 prius
918 2060 991 2115 ab
1038 2058 1119 2114 eis
1156 2057 1494 2130 judicabant
1522 2056 1871 2123 seductores,

261 2151 501 2209 tandem
533 2150 606 2205 ab
636 2149 746 2205 illis
777 2147 1191 2219 judicabuntur
1220 2144 1540 2216 purissimas
1571 2144 1870 2200 doctrinas.

257 2240 328 2294 Et
348 2256 451 2311 per
477 2239 653 2309 fontes
683 2236 913 2292 revelata
965 2241 1090 2290 sunt
1136 2234 1493 2304 fundamenta
1528 2232 1669 2287 orbis
1700 2239 1874 2287 terra-

262 2346 406 2395 rum,
464 2328 523 2383 id
576 2329 663 2382 est
701 2324 1108 2381 revelabuntur
1152 2323 1452 2394 propheta:
1494 2322 1739 2387 obscuri,
1773 2320 1870 2393 qui

259 2418 502 2474 fuerunt
548 2414 935 2471 fundamenta
991 2410 1273 2479 Ecclesiae,
1331 2427 1458 2482 qua:
1490 2413 1576 2465 est
1605 2409 1758 2465 orbis
1803 2426 1871 2465 ex

263 2504 535 2561 omnibus
556 2502 724 2558 terris
762 2502 997 2569 electus,
1036 2499 1096 2554 id
1142 2502 1230 2554 est
1260 2516 1482 2554 corona
1510 2498 1630 2553 Dei.
1656 2498 1871 2554 Orbem

267 2593 436 2666 ponit
465 2609 570 2666 pro
599 2606 977 2658 corona,cum
993 2587 1246 2644 rotunda
1260 2587 1494 2643 sit.Dico
1513 2587 1668 2659 quod
1684 2587 1872 2643 fontes

264 2683 349 2738 eis
372 2680 754 2753 apparebunt,
796 2682 854 2734 et
876 2679 999 2734 haec
1030 2675 1314 2749 apparitio
1347 2693 1468 2732 non
1495 2676 1769 2748 procedet
1798 2676 1871 2731 ab

261 2769 405 2843 ipsis
429 2767 704 2834 fontibus,
742 2784 776 2822 ο
814 2765 1079 2832 Domine,
1112 2764 1214 2819 sed
1244 2764 1313 2818 ab
1352 2764 1706 2835 increpatione
1735 2770 1828 2817 tua
1850 2780 1869 2816 :

180 2870 185 2875 ‘
268 2857 592 2931 increpabis
623 2856 779 2912 enim
808 2871 907 2909 eos
932 2855 1181 2910 latenter
1202 2851 1477 2907 interius:
1511 2850 1868 2924 etexprimit,

258 2945 718 3019 increpationem
771 2944 872 2998 sic.
906 2943 975 2997 Et
1006 2958 1110 3015 pro
1163 2940 1376 2996 scilicet
1419 2940 1487 2994 ab
1530 2942 1873 3012 inspiratione

1971 1807 2088 1846 non
2120 1808 2189 1845 ex
2203 1792 2590 1847 afﬂictionein
2613 1793 2725 1848 fide
2750 1796 2808 1848 et
2832 1794 3143 1850 dilectione
3159 1797 3303 1851 flant
3326 1794 3575 1867 angusti,

1970 1879 2071 1934 sed
2125 1879 2312 1951 magis
2342 1880 2645 1951 magisque
2705 1881 2925 1936 dilatati
2973 1883 3140 1953 juxta
3192 1884 3573 1955 Apostolum:

1973 1992 2000 2016 «
2026 1968 2174 2024 Cum
2194 1967 2462 2023 inﬁrmor
2482 1971 2619 2023 tunc
2643 1969 2851 2025 fortior
2865 1987 2994 2026 sum
3025 1975 3084 2027 et
3112 1975 3317 2043 potens
3339 1971 3426 2043 (ΙΙ
3442 1969 3573 2026 Cor.

1972 2072 2067 2122 xu,
2098 2060 2160 2111 lO
2186 2076 2238 2123 ,»
2287 2060 2346 2111 et
2378 2057 2485 2111 hoc
2518 2056 2657 2112 dicit
2685 2058 2759 2112 ad
2788 2059 3275 2115 confortationem
3316 2060 3576 2114 ﬁdelium

1973 2143 2442 2215 afﬂigendorum.
2496 2144 2642 2209 Quia
2696 2146 2959 2217 superius
3017 2147 3262 2214 dixerat,
3311 2149 3504 2219 accipit
3526 2153 3578 2201 et

1972 2238 2198 2287 assumet
2226 2250 2328 2299 me,
2361 2235 2421 2285 et
2462 2250 2580 2288 non
2628 2234 3037 2302 declaraverat,
3067 2236 3278 2307 repetit
3300 2235 3577 2307 aequipol-

1971 2321 2158 2375 lenter
2188 2323 2249 2374 ut
2274 2320 2625 2375 determinet
2650 2320 2757 2375 sic:
2789 2321 3200 2393 dixizAccipiet
3228 2326 3285 2377 et
3305 2325 3576 2390 assumet,

1973 2412 2029 2463 et
2056 2425 2186 2462 vere
2205 2408 2412 2462 salvum
2440 2427 2523 2462 me
2550 2409 2701 2479 fecit,
2736 2408 2795 2464 id
2811 2413 2898 2465 est
2915 2412 3098 2465 salvos
3124 2410 3299 2466 faciet
3320 2427 3482 2466 meos
3505 2410 3578 2466 ab

1956 2494 2312 2552 inﬁdelitate
2328 2500 2393 2552 et
2402 2496 2671 2568 originali
2694 2496 3143 2565 crimine,ethoc
3158 2516 3275 2555 non
3294 2516 3360 2555 ex
3373 2516 3576 2555 eorum

1972 2585 2329 2650 meritis,sed
2354 2585 2630 2656 quoniam
2661 2585 2837 2640 voluit
2870 2602 2985 2653 me,
3012 2587 3169 2642 idest
3181 2589 3302 2643 sola
3325 2589 3578 2660 gratuita

1972 2673 2285 2739 voluntate,
2313 2675 2373 2726 ut
2401 2674 2741 2746 Apostolus:
2781 2695 2808 2723 «
2828 2674 2953 2729 Non
2980 2691 3047 2729 ex
3060 2676 3331 2747 operibus
3340 2676 3578 2746 justitiaa

1971 2778 2099 2833 quae
2129 2760 2371 2816 fecimus
2407 2777 2531 2828 nos,
2566 2762 2667 2816 sed
2696 2762 3016 2817 secundum
3055 2780 3219 2819 suam
3260 2764 3581 2819 misericor-

1972 2850 2128 2904 diam
2158 2852 2342 2904 sa'vos
2362 2866 2467 2904 nos
2480 2850 2773 2919 fecit(Tit.
2810 2866 2891 2917 ιιι,
2925 2855 2998 2916 5):
3029 2872 3053 2902 υ
3077 2855 3136 2907 et
3164 2853 3299 2925 quia
3328 2854 3577 2926 gratuito

1971 2938 2208 2993 salvabit
2241 2955 2254 2993 :
2288 2942 2419 3009 post
2442 2939 2696 2993 retribuet
2718 2939 2872 3006 mihi,
2906 2939 2963 2994 id
3023 2943 3109 2996 est
3152 2941 3267 2995 mei
3313 2941 3577 2997 Dominus

255 3006 493 3108 Spiritus
516 3037 614 3089 irae
644 3040 769 3099 tuae,
806 3032 866 3088 id
885 3034 973 3086 est
997 3006 1495 3103 quiainspirabilis
1515 3006 1621 3084 eos
1628 3046 1732 3100 per
1744 3028 1870 3100 Spi-
1901 3006 1947 3065 C
1969 3028 2253 3081 secundum
2280 3006 2554 3098 iustitiam
2614 3044 2804 3094 meam,
2865 3027 2922 3083 id
2953 3032 3038 3084 est
3076 3045 3363 3096 meorum,
3406 3029 3464 3083 id
3493 3032 3581 3084 est

260 3124 436 3179 ritum
459 3125 724 3179 sanctum
746 3120 892 3176 iram
909 3122 1072 3175 tuam
1088 3120 1391 3175 venturam
1422 3117 1480 3172 in
1511 3117 1869 3172 incredulos:

260 3212 407 3268 sicut
431 3211 706 3283 scriptum
732 3211 860 3264 est:
905 3208 1009 3262 «Si
1055 3206 1180 3279 quis
1224 3206 1458 3277 ignorat
1510 3205 1873 3276 ignorabitur

264 3299 320 3371 |I
344 3297 473 3355 Cor.
508 3296 781 3366 x1v,38;,»
803 3312 976 3369 quem
1005 3294 1279 3367 Spiritum
1304 3295 1468 3360 misit,
1493 3293 1657 3348 idest
1680 3294 1874 3348 mittet

262 3390 436 3454 Dens,
462 3403 497 3442 ο
518 3387 834 3453 auditores,
882 3384 948 3439 de
978 3400 1205 3449 summa,
1239 3382 1298 3436 id
1329 3385 1415 3436 est
1444 3382 1517 3436 de
1536 3382 1871 3437 summitate

260 3476 572 3532 divinitatis
592 3492 709 3531 suae
735 3492 748 3529 :
772 3476 831 3530 et
858 3475 969 3529 hoc
994 3472 1131 3528 dicit
1159 3471 1235 3527 ad
1260 3471 1702 3527 instructionem
1736 3471 1871 3525 fidei

260 3568 498 3632 nostra),
539 3564 683 3618 sicut
718 3564 796 3617 et
825 3579 926 3634 per
979 3561 1204 3617 Joelem
1245 3558 1493 3614 dicitur:
1522 3559 1871 3614 «Effundam

262 3653 336 3709 de
365 3652 582 3726 Spiritu
609 3667 744 3707 meo
786 3667 958 3722 super
982 3665 1223 3705 omnem
1246 3663 1539 3715 carnem,»
1572 3650 1680 3702 etc.
1714 3647 1871 3719 (Joel.

264 3758 330 3809 ιι,
356 3742 475 3812 28.)
500 3742 567 3796 Et
594 3756 699 3811 per
724 3738 913 3811 ipsum
962 3737 1242 3810 Spiritum
1269 3739 1487 3807 accepit,
1522 3735 1582 3790 id
1611 3739 1697 3790 est
1728 3735 1875 3791 acci-

264 3829 384 3903 piet
414 3846 529 3897 me,
562 3829 620 3884 id
652 3830 738 3883 est
787 3825 1098 3882 Ecclesium
1139 3841 1354 3892 meam,
1408 3828 1465 3879 et
1493 3827 1792 3897 assumpsit,
1817 3824 1877 3880 id

262 3921 350 3973 est
367 3920 623 3973 assumat
670 3934 772 3983 me,
827 3916 885 3970 id
934 3918 1020 3971 est
1057 3913 1369 3969 Ecclesiam
1398 3930 1592 3968 meam
1622 3912 1687 3966 de
1726 3916 1879 3985 aquis

264 4006 445 4061 multis
473 4007 738 4070 electam,
772 4003 830 4060 id
861 4005 946 4057 est
976 4003 1047 4057 de
1080 4001 1309 4073 populis
1350 4001 1494 4056 meis
1536 4002 1751 4069 multis,
1780 4001 1877 4074 qui

264 4111 430 4167 aqua:
456 4093 725 4150 dicuntur
744 4108 814 4147 eo
827 4090 982 4163 quod
1005 4090 1318 4145 decurrunt
1339 4089 1409 4145 de
1424 4089 1802 4161 generatione
1818 4090 1878 4145 in

264 4182 726 4255 generationem,
758 4180 833 4235 ad
846 4178 1087 4234 modum
1100 4194 1383 4250 aquarum
1394 4177 1749 4233 currentium
1774 4195 1788 4232 :
1819 4180 1882 4233 ut

1971 3115 2286 3170 secundum
2317 3116 2473 3187 quod
2489 3115 2653 3186 juxta
2673 3132 2854 3188 opera
2879 3133 2980 3171 sua
2993 3118 3500 3189 promerebuntur,
3517 3119 3581 3172 ut
3606 3178 3609 3181 η

1971 3204 2269 3275 quijustus
2294 3207 2397 3265 est,
2414 3204 2762 3274 justificetur
2791 3204 3014 3260 adhuc:
3052 3204 3233 3260 illatio
3255 3223 3290 3260 a
3324 3205 3532 3277 majori
3561 3222 3576 3260 :

1971 3294 2033 3346 ut
2062 3292 2143 3347 ait
2159 3294 2499 3363 Apostolus:
2555 3316 2583 3343 «
2606 3293 2669 3349 Si
2690 3293 2848 3350 enim
2881 3309 3013 3348 cum
3056 3293 3273 3349 inimici
3303 3310 3578 3363 essemus,

1971 3380 2320 3436 reconciliati
2344 3381 2521 3437 simus
2547 3384 2665 3438 Deo
2694 3399 2795 3455 per
2820 3384 3071 3438 mortem
3096 3382 3217 3437 Filii
3248 3384 3297 3453 ej
3308 3383 3580 3451 us,multo

1973 3468 2159 3540 magis
2182 3470 2532 3525 reconciliati
2559 3471 2697 3525 salvi
2729 3471 2947 3526 erimus
2968 3470 3029 3526 in
3050 3470 3163 3526 vita
3196 3470 3370 3544 ipsius
3400 3471 3579 3543 (Rom.

1972 3574 2024 3622 v,
2048 3561 2147 3622 10).
2166 3577 2197 3610 »
2221 3559 2288 3612 Et
2320 3559 2496 3613 etiam
2517 3560 2770 3614 retribuet
2799 3560 2933 3614 mihi
2960 3560 3249 3613 secundum
3261 3563 3581 3631 puritatem,

1974 3645 2032 3701 id
2051 3649 2139 3700 est
2167 3645 2564 3703 innocentiam
2588 3664 2848 3701 manuum
2868 3665 3131 3714 mearum,
3150 3648 3209 3703 id
3231 3648 3581 3705 estaﬂ'ectio-

1975 3753 2116 3791 num
2134 3752 2429 3792 mearum:
2460 3753 2589 3808 quae
2614 3737 2764 3792 bene
2791 3736 3066 3791 dicuntur
3095 3752 3322 3803 manus,
3345 3752 3414 3792 eo
3426 3736 3584 3808 quod

1975 3828 2305 3879 causacsunt
2340 3840 2583 3895 operum
2601 3824 2924 3879 bonorum:
2956 3823 3101 3878 sicut
3114 3826 3411 3890 etmanus,
3445 3839 3582 3895 ope-

1976 3929 2107 3966 rum
2135 3929 2318 3967 causae
2354 3915 2503 3967 sunt.
2535 3912 2699 3976 Quod
2752 3915 2837 3966 est
2866 3910 3081 3980 dicere,
3115 3910 3412 3966 Retribuet
3440 3911 3585 3966 meis

1978 4000 2292 4056 secundum
2345 4001 2501 4073 quod
2534 4016 2737 4055 eorum
2770 3998 3105 4055 innocentia
3134 4000 3582 4070 promerebitur,

1978 4088 2192 4145 scilicet
2214 4089 2313 4161 qui
2344 4092 2517 4144 erunt
2546 4089 2907 4155 innocentes,
2942 4087 3001 4142 id
3044 4091 3130 4143 est
3160 4105 3194 4142 a
3223 4089 3419 4144 multis
3439 4089 3586 4145 vitiis

1980 4177 2367 4232 abstinentes:
2397 4178 2543 4232 fiant
2569 4176 3018 4244 innocentiores,
3063 4175 3123 4231 id
3155 4180 3241 4232 est
3271 4194 3306 4231 a
3330 4178 3589 4249 pluribus

266 4271 324 4327 in
366 4269 709 4343 Apocalypsi
751 4268 999 4324 dicitur:
1028 4289 1055 4316 ‹‹
1078 4268 1257 4338 Aqua:
1287 4267 1482 4321 multae
1513 4266 1707 4338 populi
1736 4260 1954 4321 mul-D
1979 4265 2361 4321 abstinentes:
2397 4266 2608 4321 iterum
2631 4265 2811 4321 illatio
2862 4282 2898 4320 a
2950 4264 3178 4337 majori.
3234 4266 3303 4321 Et
3353 4266 3589 4338 exponit

266 4360 395 4415 ιιι»
424 4359 512 4414 vel
538 4358 617 4414 sic
640 4375 652 4413 :
679 4356 825 4422 Quia
869 4356 1091 4411 dixerat
1139 4354 1597 4410 commovebitur
1636 4358 1791 4410 terra
1821 4359 1882 4410 et

265 4448 723 4514 conturbabitur,
770 4448 961 4518 posset
1016 4442 1196 4516 quaeri
1229 4459 1332 4516 per
1355 4442 1515 4515 quid,
1571 4446 1629 4497 et
1654 4444 1762 4499 hoc
1799 4442 1879 4498 sic

266 4535 520 4594 ostendit
551 4552 566 4591 :
593 4535 725 4592 dico
779 4534 936 4607 quod
968 4532 1429 4588 commovebitur
1482 4534 1540 4586 et
1567 4532 1876 4607 conturba-

264 4625 447 4693 bitur,
478 4627 537 4679 et
563 4624 673 4679 hoc
712 4604 818 4695 per
848 4638 942 4677 me
975 4639 989 4690 ;
1044 4637 1184 4677 nam
1216 4622 1364 4677 Deus
1394 4620 1555 4675 misit
1739 4620 1878 4675 Ver-

265 4714 411 4769 bum
442 4729 611 4769 suum
658 4712 731 4768 de
760 4726 1014 4777 summo,
1064 4708 1122 4763 id
1176 4711 1263 4764 est
1306 4708 1377 4763 de
1402 4708 1729 4781 aequalitate
1753 4726 1876 4764 sua.

270 4803 338 4858 Et
361 4802 553 4874 ipsum
581 4801 834 4859 Verbum
879 4801 1079 4871 accepit
1106 4815 1232 4852 me:
1292 4797 1657 4853 Dominicum
1687 4798 1879 4853 homi-

265 4906 428 4958 nem,
456 4890 517 4945 id
539 4892 625 4945 est
646 4888 1027 4961 personaliter
1052 4886 1159 4942 sibi
1189 4886 1525 4957 conjunxit:
1568 4889 1628 4939 et
1652 4902 1755 4956 per
1782 4903 1877 4942 me

262 4981 545 5051 assumpsit
569 4995 670 5046 me,
695 4978 753 5033 id
779 4980 865 5033 est
882 4976 1192 5031 Ecclesiam
1216 4990 1411 5030 meam
1436 4974 1508 5029 de
1538 4973 1701 5045 aquis
1726 4975 1875 5030 mul-

262 5067 358 5124 tis.
389 5066 720 5123 Secundum
775 5070 971 5122 autem
1020 5063 1273 5137 primam
1323 5062 1673 5117 sententiam
1717 5079 1876 5118 acce-

261 5156 350 5229 pit
369 5159 428 5211 et
457 5155 770 5228 assumpsit
798 5154 957 5210 idem
988 5156 1095 5221 est,
1129 5152 1231 5208 sed
1252 5151 1463 5224 duplici
1500 5151 1877 5209 similitudine

265 5243 475 5299 dicitur
490 5244 801 5317 :-Accipere
829 5241 1066 5315 quidem
1080 5240 1503 5297 asimilitudine
1529 5239 1876 5313 fugientium

263 5332 363 5405 qui
391 5331 716 5403 capiuntur.
762 5333 1072 5387 Assumere
1095 5346 1254 5397 vero,
1288 5347 1323 5385 a
1348 5329 1724 5385 similitudine
1756 5329 1878 5385 illo-

264 5437 400 5477 rum
430 5419 549 5492 qui,
571 5437 704 5477 cum
729 5419 944 5475 infirmi
975 5419 1111 5486 sint,
1139 5436 1174 5473 a
1192 5418 1453 5490 quolibet
1483 5420 1790 5473 sumuntur
1816 5419 1878 5470 ut

267 5508 343 5563 ad
368 5509 483 5562 alta
513 5508 813 5563 ducantur.
849 5510 994 5563 Deus
1024 5511 1220 5561 autem
1240 5508 1300 5561 et
1324 5523 1429 5559 nos
1456 5522 1486 5567 a
1518 5506 1643 5576 lege
1675 5509 1727 5560 et
1763 5504 1876 5557 ﬁde

1978 4354 2294 4409 secundum
2320 4370 2495 4425 quam
2501 4354 2785 4425 justitiam
2812 4353 3197 4409 etsecundum
3222 4371 3398 4427 quam
3421 4356 3586 4410 inno-

1979 4442 2585 4520 centiam.Secundum
2600 4442 2885 4513 justitiam
2904 4442 3280 4514 scilicet,quia
3298 4444 3582 4511 custodiri,

1956 4528 2035 4611 'id
2057 4533 2144 4584 est
2171 4529 2287 4585 mei
2312 4529 2634 4585 custodient
2661 4531 2775 4583 vias
2797 4529 3040 4596 Domini,
3074 4530 3132 4585 id
3182 4536 3266 4585 est
3300 4535 3589 4603 praecepta

1978 4617 2230 4684 Domini,
2267 4634 2371 4690 per
2399 4634 2526 4689 quae
2557 4618 2944 4689 completores
2968 4633 3174 4673 eorum
3201 4618 3276 4674 ad
3300 4618 3583 4675 vitamve-

1979 4706 2141 4761 nient
2160 4723 2172 4760 :
2188 4706 2433 4778 ideoque
2447 4706 2550 4760 vise
2563 4705 2832 4760 dicuntur
2850 4722 2863 4759 :
2879 4722 3014 4760 cum
3034 4723 3265 4761 summa
3285 4707 3586 4778 diligentia

1977 4799 2035 4851 et
2063 4794 2321 4850 custodia
2343 4794 2736 4865 complebunt.
2766 4795 2832 4848 Et
2855 4795 3172 4849 secundum
3190 4794 3583 4851 innocentiam

1977 4884 2273 4948 retribuet,
2306 4882 2442 4954 quia
2471 4900 2590 4937 non
2646 4884 2802 4954 impie
2851 4884 2986 4952 gessi
3043 4901 3075 4936 a
3112 4882 3226 4935 Deo
3251 4899 3383 4949 meo,
3412 4882 3472 4938 id
3500 4888 3587 4941 est

1979 4989 2096 5027 non
2130 4971 2305 5043 impie
2334 4973 2511 5043 agent
2536 4987 2572 5025 a
2590 4972 2707 5026 Deo
2724 4987 2826 5025 suo
2849 4969 3196 5024 recedendo.
3218 4970 3283 5023 Et
3305 4969 3392 5024 his
3403 4972 3585 5029 causis

1977 5058 2302 5115 custodiant
2316 5058 2434 5113 vias
2458 5058 2783 5124 Domini,et
2813 5056 2991 5128 impie
3015 5072 3134 5111 non
3164 5059 3374 5128 gerent
3402 5074 3417 5112 :
3450 5060 3587 5131 quia

1977 5149 2156 5204 omnia
2207 5146 2421 5216 judicia
2477 5145 2595 5215 ejus
2661 5146 2795 5199 sunt
2829 5145 2885 5197 in
2924 5150 3202 5214 conspectu
3242 5161 3376 5211 meo,
3411 5145 3471 5201 id
3502 5150 3588 5202 est

1978 5235 2177 5293 omnia
2201 5235 2322 5306 ejus
2346 5232 2563 5305 judicia
2590 5231 2951 5304 conspiciunt
2981 5248 2994 5286 :
3055 5233 3163 5287 hoc
3191 5232 3404 5287 scilicet
3431 5236 3589 5307 quod

1979 5324 2213 5382 occultis
2230 5323 2462 5395 judiciis
2521 5320 2637 5377 suis
2683 5319 2969 5396 permittit
2998 5320 3089 5375 hic
3118 5322 3301 5374 malos
3329 5324 3591 5390 exaltari,

1979 5417 2163 5470 bonos
2179 5412 2457 5482 deprimi:
2489 5411 2547 5461 et
2578 5409 2641 5483 in
2664 5410 2857 5465 futuro
2879 5409 2983 5463 hos
3009 5406 3265 5473 salvabit,
3298 5408 3425 5464 il|Os
3456 5427 3601 5466 vero

1981 5501 2303 5565 damnabit,
2331 5504 2382 5551 et
2421 5496 2556 5568 quia
2579 5497 2703 5551 ham
2736 5513 2901 5549 causa
2935 5514 3048 5553 non
3071 5497 3379 5563 sufficeret,
3410 5499 3607 5564 addit,
