4010 6032
409 243 516 301 ’703

1017 245 1072 300 s.
1115 244 1460 302 BRUNONIS
1501 242 2129 308 CARTHUSIANORUM
2171 217 2637 302 INSTITUTORIS
2677 246 2830 302 om).
2877 245 3051 302 PARS
3092 248 3112 302 ι

3605 249 3715 306 704

399 371 460 426 et
485 369 582 427 illa
628 373 1075 430 considerabunt
1112 373 1289 444 justa.
1328 375 1396 429 Et
1429 377 1538 432 hoc
1575 392 1707 448 cum
1751 376 1824 431 sit
1851 377 2010 432 extra
2030 371 2088 432 Α
2115 369 2385 437 Ουοηὶαοη
2415 371 2472 426 in
2502 370 2696 429 futuro
2739 378 2801 428 tu
2821 371 2918 446 qui
2942 375 3148 442 potens
3176 390 3257 442 ϐε,
3289 373 3508 429 salvum
3537 372 3714 430 fades

393 460 632 530 librum,
677 481 744 519 ex
769 465 901 522 libri
931 465 1119 522 verbis
1137 471 1509 542 sequentibus
1533 471 1872 542 concipitur,
1905 471 2004 526 sed

392 552 681 622 quoniam
718 553 907 609 udhuc
950 555 1074 610 haec
1119 559 1371 613 secunda
1401 576 1570 614 causa
1624 578 1741 615 non
1774 561 2002 627 sufﬁcit,

395 639 558 695 addit
587 643 890 698 ettertiam
919 660 932 698 :
965 644 1042 699 Et
1042 646 1290 716 justitias
1309 649 1441 718 ejus,
1471 649 1529 704 id
1556 649 1869 719 estjudicia
1886 651 2006 720 ejus

2105 461 2437 517 reducendo
2469 463 2542 518 ad
2554 463 2936 518 aeternitatem
2941 463 3203 534 populum
3223 479 3420 518 meum
3435 463 3710 528 humilem,

2107 550 2172 603 id
2203 554 2287 604 est
2316 551 2414 622 qui
2441 567 2582 622 erga
2605 553 2662 606 te
2685 550 2917 606 humilis
2949 551 3077 617 erit,
3104 551 3270 622 juxta
3293 551 3432 606 illud
3461 567 3473 605 :
3512 573 3540 600 ι(
3568 551 3712 606 Justi

2106 637 2283 692 ibunt
2316 639 2375 692 in
2404 639 2580 694 vitam
2596 638 3114 702 aeternam(Matth,
3143 656 3269 702 xxv,
3301 637 3438 712 46)»
3477 655 3492 692 :
3525 641 3584 693 et
3602 640 3712 694 hoc

387 727 548 798 justa
562 731 928 788 considerata
949 751 1055 788 non
1068 735 1288 806 repulia
1305 737 1470 801 me,id
1487 741 1704 794 estnon
1723 740 2007 810 repellent
2103 725 2290 780 Videri
2319 730 2505 800 Ροίεθεὶ
2533 744 2601 782 ex
2631 727 2894 800 ορροείίο
2927 743 2940 782 ³
2975 726 3262 792 Quoniam
3297 727 3507 782 δοίῙίοθῖ
3531 727 3708 781 oculos

400 832 537 884 ase,
573 819 732 890 quod
781 825 870 875 est
911 823 1133 879 dicere:
1171 841 1288 880 non
1333 826 1716 899 displicebant
1745 827 1846 894 eis,
1875 845 1908 882 a
1934 827 2006 882 si-

399 904 728 962 militudine
755 907 989 965 illorum
1005 911 1098 983 qui
1118 914 1270 983 quod
1289 913 1422 970 odio
1440 917 1674 980 habent,
1699 933 1732 970 a
1751 933 1810 970 se
1827 916 2010 988 repel-

401 991 529 1048 lunt
555 1011 567 1048 :
596 995 729 1050 dico
751 997 908 1068 quod
927 1000 1252 1056 custodient
1272 1005 1329 1056 et
1349 1002 1524 1074 impie
1551 1020 1668 1059 non
1683 1007 1887 1076 gerent
1914 1021 1928 1058 :
1952 1005 2010 1057 et

398 1080 508 1135 hoc
535 1098 652 1136 non
689 1085 918 1140 horarie
935 1103 946 1152 ;
966 1088 1064 1142 sed
1081 1105 1219 1144 cum
1236 1107 1327 1157 eo,
1349 1091 1406 1145 id
1421 1095 1505 1146 est
1515 1109 1646 1147 cum
1669 1091 1876 1148 auxilio
1890 1092 2012 1163 ejus

401 1168 550 1224 bene
591 1187 838 1242 operaus
858 1191 956 1230 ero
975 1184 1410 1248 perseveranter
1427 1179 1913 1247 immaculatus,id
1929 1183 2014 1236 est

402 1257 520 1311 mei
543 1263 714 1314 erunt
745 1261 1121 1339 iminaculati.
1159 1267 1226 1321 Et
1263 1285 1391 1339 pro,
1413 1269 1471 1324 id
1508 1273 1594 1324 est
1626 1270 1906 1324 observabo
1930 1285 2014 1323 me

403 1348 470 1401 ab
501 1349 788 1420 iniquitate
959 1369 1096 1420 mea,
1129 1355 1186 1410 id
1209 1335 1293 1410 es—t
1315 1357 1428 1412 mei
1454 1358 1836 1413 continebunt
1863 1376 1921 1413 se
1940 1359 2012 1413 ab

402 1435 708 1506 iniquitate
724 1455 825 1493 sua
841 1440 948 1494 sibi
981 1459 1014 1496 a
1047 1444 1163 1498 Deo
1181 1443 1403 1500 indulta
1433 1449 1490 1500 et
1514 1447 1754 1501 remissa
1773 1463 1786 1502 :
1807 1450 1864 1501 et
1879 1446 2013 1518 quia

405 1525 789 1581 observabant
821 1546 901 1595 se,
933 1533 1182 1586 retribuet
1207 1533 1359 1600 mihi,
1393 1535 1450 1589 id
1480 1539 1565 1590 est
1584 1537 1913 1590 Dominusin
1931 1536 2016 1590 fu-

403 1616 535 1668 turo
557 1614 986 1672 beatitudinem
1014 1621 1301 1675 secundum
1313 1623 1587 1692 justitiam
1611 1642 1804 1689 meum,
1837 1625 1890 1678 id
1931 1625 2016 1678 est

405 1702 722 1756 secundum
751 1704 1028 1760 meritum
1052 1708 1288 1778 justitiae
1334 1728 1618 1768 meorum.
1653 1721 1702 1766 et
1724 1713 2016 1768 secundum

398 1805 437 1860 p
451 1791 786 1856 uritatem,id
801 1797 885 1848 est
903 1794 1002 1850 inn
1012 1799 1297 1854 ocentiam
1315 1812 1573 1856 manuum
1596 1801 1917 1867 mearum,id
1931 1803 2018 1855 est

403 1879 777 1935 aﬂ'ectionum
813 1899 1106 1948 mearum,
1135 1888 1500 1945 existentium
1524 1893 1579 1944 in
1605 1898 1876 1962 conspectu
1898 1909 2017 1944 ocu-

406 1967 582 2021 lorum
607 1969 804 2039 ejus,id
831 1975 916 2025 est
939 1973 997 2026 in
1019 1975 1458 2046 beneplacentia
1476 1979 1793 2049 ejus.Quasi
1817 1980 1968 2034 dicat
2001 1997 2013 2033 :

407 2055 746 2112 Secundum
785 2061 1058 2116 meritum
1113 2063 1459 2121 innocentiae
1493 2085 1755 2123 meorum
1785 2068 1881 2140 qui
1911 2069 2018 2140 ipsi

409 2145 659 2214 placent,
695 2147 758 2199 ut
781 2146 937 2202 idem
961 2149 1016 2203 in
1049 2151 1354 2223 Evangelio
1393 2157 1672 2209 testatur:
1707 2156 1818 2222 Qui
1839 2175 2016 2227 perse-

339 2231 344 2234 ’
408 2232 674 2286 veraverit
706 2251 866 2304 usque
894 2239 950 2290 in
971 2239 1152 2306 ﬁnem,
1175 2242 1260 2295 hic
1289 2243 1465 2296 salvus
1491 2247 1589 2296 erit
1619 2243 1842 2315 (Matth.
1867 2261 2016 2312 xxw,

415 2317 612 2390 l3);Et
631 2322 936 2392 Apostolus
964 2325 1034 2379 de
1065 2343 1124 2380 se
1176 2329 1345 2383 dicit:
1379 2331 1460 2384 De
1479 2338 1664 2386 cetero
1695 2334 1923 2402 reposita
1945 2340 2020 2386 est

410 2408 547 2460 mihi
576 2425 772 2462 corona
783 2411 1046 2481 justitiam
1065 2433 1226 2486 quam
1271 2418 1449 2472 reddet
1478 2421 1614 2474 milii
1633 2420 1896 2474 Dominus
1917 2421 2016 2491 ju-

406 2499 518 2548 stus
532 2495 704 2565 judex
733 2497 825 2564 (II
850 2499 990 2555 Tim.
1024 2519 1098 2568 IV,
1125 2502 1276 2575 8).Et
1295 2505 1355 2560 in
1387 2499 1633 2562 Cantici's
1662 2508 2016 2563 canticorum

409 2597 652 2652 sponsus
703 2603 971 2657 sponsae:
1030 2591 1246 2660 «Veni,
1289 2595 1658 2650 coronaberis
1702 2597 1772 2651 de
1829 2596 2014 2667 capite

405 2670 652 2738 Amana,
692 2672 762 2728 de
795 2677 1005 2731 vertice
1037 2679 1206 2734 Sanir
1250 2686 1308 2736 et
1332 2683 1606 2739 Harmon.
1642 2685 1712 2738 de
1739 2685 2018 2740 cubilibus

405 2757 666 2826 leonum,
691 2761 762 2815 de
780 2764 1397 2837 montibuspardorum
1415 2768 1594 2828 (Cant.
1630 2787 1702 2832 ιν,
1719 2769 1832 2843 8).»
1854 2771 2017 2835 Quod

405 2860 542 2899 vero
558 2847 742 2916 ponit,
765 2849 828 2902 in
851 2861 1125 2923 conspectu
1147 2856 1418 2910 oculorum
1435 2859 1566 2928 ejus,
1591 2876 1624 2913 a
1641 2858 2017 2914 similitudine

2105 817 2535 887 superborum,id
2547 821 2632 872 est
2642 817 2970 889 superbiam
2983 833 3187 873 eorum
3200 833 3327 888 quas
3341 833 3442 888 per
3452 817 3715 872 habitum

2109 907 2412 960 oculorum
2437 906 2795 978 intelligitur,
2810 906 3140 974 humiliabis,
3155 906 3213 962 id
3230 909 3315 962 est
3340 905 3706 960 annihilabis.

2189 993 2442 1050 Ostensis
2461 979 2783 1052 commodis
2805 997 2875 1051 de
2902 995 3164 1067 passione
3195 1011 3296 1050 sua
3326 993 3712 1067 proventuris,

2111 1083 2294 1137 salute
2341 1083 2557 1138 scilicet
2584 1083 2928 1150 inﬁdelium,
2961 1085 3090 1139 orat
3117 1099 3222 1156 pro
3261 1081 3395 1154 ipsis
3423 1085 3488 1138 ut
3516 1087 3574 1136 et
3605 1099 3713 1138 nos

2112 1186 2218 1242 pro
2251 1171 2500 1226 inimicis
2531 1188 2697 1227 orare
2729 1172 2974 1226 instruat
2997 1173 3108 1226 sic:
3153 1171 3276 1226 Dixi
3305 1171 3461 1244 quod
3491 1169 3705 1235 mittet,

2113 1261 2172 1312 et
2187 1258 2445 1330 accipiet,
2460 1263 2518 1314 et
2539 1263 2818 1315 asssumet
2833 1277 2996 1316 meos
3024 1261 3095 1316 de
3116 1259 3276 1332 aquis
3304 1258 3528 1314 multis:
3558 1260 3620 1312 et
3635 1257 3714 1312 sic

2112 1345 2233 1411 ﬁat,
2268 1363 2302 1402 ο
2334 1349 2786 1416 Deusmeus,cui
2819 1365 2937 1404 non
2961 1348 3159 1404 aufero
3180 1349 3372 1402 locum
3403 1345 3720 1402 divinitatis

2114 1433 2284 1490 inme
2309 1437 2566 1492 utAdam
2591 1453 2604 1491 :
2638 1439 2881 1492 illumina
2901 1439 3025 1492 luce
3054 1437 3188 1492 ﬁdei
3215 1437 3452 1491 tenebras
3474 1454 3638 1499 meas,
3661 1437 3723 1491 id

2114 1525 2202 1576 est
2231 1523 2358 1578 illos
2385 1526 2726 1580 tenebrosos
2757 1525 2850 1598 qui
2889 1525 3001 1580 mei
3029 1528 3162 1580 sunt
3189 1525 3386 1592 futuri,
3405 1527 3464 1579 et
3485 1540 3718 1579 necesse

2115 1613 2200 1664 est
2230 1615 2290 1664 ut
2320 1612 2428 1667 hoc
2459 1630 2622 1668 orem
2643 1630 2772 1668 cum
2805 1630 2909 1684 per
2931 1613 3108 1668 alium
3141 1629 3258 1668 non
3282 1611 3725 1684 possintillumi-

2119 1698 2264 1765 nari,
2287 1703 2542 1771 quoniam
2569 1708 2626 1755 tu
2658 1703 2809 1756 solus
2837 1719 2896 1756 es
2925 1701 3018 1756 ille
3049 1701 3145 1773 qui
3166 1701 3291 1771 jam
3317 1700 3588 1754 illuminas
3607 1699 3722 1754 fide

2117 1790 2175 1840 et
2213 1787 2492 1843 charitale
2524 1790 2792 1843 lucernam
2821 1806 3010 1856 meam,
3046 1790 3103 1844 id
3155 1791 3240 1844 est
3268 1790 3576 1860 apostolos,
3621 1787 3723 1860 qui

2117 1880 2252 1930 sunt
2285 1879 2518 1932 lucerna
2555 1895 2706 1945 mea,
2759 1878 2818 1933 id
2847 1883 2932 1933 est
2978 1895 3110 1933 vasa
3156 1877 3296 1933 lucis
3354 1894 3527 1935 meas.
3557 1878 3726 1931 Juxta

2119 1965 2260 2020 illud
2295 1983 2307 2020 :
2335 1989 2364 2016 ‹‹
2396 1967 2604 2021 aneat
2651 1968 2744 2020 lux
2786 1971 2972 2022 vestra
2999 1983 3198 2023 coram
3227 1965 3580 2031 hominibus,
3609 1969 3720 2020 etc.

2119 2053 2345 2125 (Matth.
2377 2072 2428 2122 v,
2464 2056 2608 2126 16).»
2646 2057 2712 2110 Et
2743 2056 2814 2110 de
2841 2057 3062 2111 Joanne
3094 2056 3344 2128 Baptista
3366 2054 3582 2110 dictum
3612 2057 3716 2108 est:

2119 2159 2152 2193 «
2181 2143 2317 2197 Erat
2375 2143 2610 2198 lucerna
2661 2144 2870 2198 ardens
2898 2147 2956 2198 et
3007 2145 3206 2198 lucens
3235 2147 3369 2198 ante
3409 2142 3722 2198 Dominum

2118 2229 2306 2300 (Joan.
2335 2247 2388 2284 v.
2423 2233 2569 2297 35).»
2598 2232 2856 2287 Ostensio
2887 2249 2921 2286 a
2949 2231 3144 2294 simili,
3173 2231 3300 2287 dico
3346 2231 3608 2286 illumina
3638 2234 3723 2285 te-

2119 2319 2348 2386 nebras,
2367 2322 2424 2374 et
2439 2320 2574 2374 utile
2597 2323 2682 2374 est
2708 2320 2790 2375 eis
2807 2324 2869 2374 ut
2888 2321 2996 2375 hoc
3022 2337 3185 2376 orem
3199 2362 3213 2388 ,
3233 2321 3492 2392 quoniam
3518 2319 3664 2373 sicin
3675 2326 3724 2372 te

2117 2409 2321 2477 eripior
2340 2426 2372 2461 a
2396 2410 2707 2476 tentatione,
2722 2408 2782 2464 id
2809 2412 2894 2463 est
2909 2409 3026 2464 mei
3051 2407 3359 2464 illuminati
3387 2409 3446 2462 in
3464 2411 3518 2462 te
3543 2408 3722 2462 conli-

2119 2495 2309 2550 dendo
2347 2495 2670 2566 eripiantur
2703 2513 2736 2551 a
2761 2497 3104 2564 tentatione,
3136 2499 3194 2551 et
3222 2511 3340 2550 non
3371 2495 3450 2550 sic
3478 2499 3542 2549 ut
3569 2493 3726 2568 quod

2120 2584 2278 2638 nullo
2315 2585 2490 2639 modo
2517 2587 2834 2652 tententur,
2871 2586 2971 2640 sed
2997 2588 3053 2639 in
3081 2585 3196 2639 Deo
3223 2601 3336 2638 meo
3363 2582 3727 2654 transgredior

2117 2689 2352 2738 murum,
2393 2673 2451 2728 id
2481 2677 2567 2728 est
2591 2673 2852 2746 quamvis
2880 2676 3180 2729 tententur
3209 2689 3325 2728 non
3359 2673 3681 2743 peccabunt
3707 2687 3720 2724 :

2119 2761 2219 2816 sed
2247 2778 2352 2831 per
2373 2765 2430 2815 te
2460 2779 2634 2834 quem
2653 2764 2836 2818 Deum
2852 2779 3020 2817 suum
3049 2763 3403 2833 reputabunt
3429 2765 3723 2832 transgre-

2119 2849 2351 2904 dientur
2376 2867 2625 2906 massam
2640 2854 3030 2922 peccatorum,
3047 2851 3144 2922 qui
3167 2866 3367 2904 murus
3392 2851 3480 2904 est
3499 2847 3726 2920 opposi-

415 2931 583 2988 dicit:
615 2938 772 3007 quod
793 2939 953 2994 enim
979 2943 1147 2998 nobis
1174 2947 1379 3014 placet,
1403 2923 1560 3018 saepe.
1575 2947 1749 3002 oculis
1761 2947 2017 3020 corporis
2043 2961 2090 3018 ρ
2119 2940 2206 2991 tus
2237 2937 2388 2993 inter
2421 2941 2725 3011 peccantes
2748 2923 2809 3009 5
2833 2923 2849 3008 I
2885 2943 2941 2993 et
2964 2941 3165 2994 Deum:
3190 2939 3260 2994 de
3273 2955 3388 3010 quo
3403 2953 3570 2993 muro
3592 2935 3728 2992 dici-

405 3023 810 3095 conspicimus.
849 3029 994 3093 Quia
1029 3033 1289 3104 superius
1318 3028 1412 3090 bis.
1434 3036 1702 3107 ponendo
1739 3036 2016 3091 retribuet

404 3109 550 3164 mihi
584 3113 882 3184 Dominus,
917 3119 1069 3190 ipsas
1085 3121 1619 3178 retributionesnon
1645 3129 2012 3196 exposuerat:

405 3197 661 3290 intendit
690 3202 793 3256 has
813 3221 1101 3276 exponere
1120 3209 1336 3264 faciens
1379 3211 1457 3265 sic
1523 3213 1910 3284 apostrophen
1944 3213 2045 3290 ad.

405 3285 591 3340 Deum
621 3305 752 3344 cum
780 3294 1100 3362 gratiarum
1133 3299 1378 3353 actione.
1405 3299 1526 3354 Dixi
1554 3302 1707 3372 quod
1741 3300 2020 3356 Dominus

402 3374 692 3432 retribuet
720 3380 812 3434 hic
840 3381 1102 3439 Ecclesia:
1135 3403 1250 3440 suae
1279 3389 1594 3443 secundum
1607 3389 1888 3460 justitiam
1918 3405 1931 3443 :
1965 3403 2025 3455 et

406 3477 606 3518 verum
642 3471 746 3524 est.
777 3471 920 3526 Nam
953 3475 1100 3528 Deus
1133 3477 1302 3530 Pater
1339 3481 1398 3531 tu
1429 3485 1643 3532 sanctus
1670 3481 2025 3532 antonoma-

408 3550 546 3605 stice
573 3556 680 3610 eris
706 3573 833 3612 cum
860 3559 916 3614 S.
937 3559 1152 3632 Spiritu
1170 3580 1508 3635 cooperans,
1538 3571 1601 3620 ut
1617 3567 1870 3620 sanctior
1900 3567 2018 3624 ﬁat.

407 3641 476 3694 Et
501 3642 614 3698 dixi
645 3648 800 3717 quod
831 3651 1111 3706 retribuet
1125 3653 1215 3707 hic
1249 3655 1568 3709 secundum
1599 3655 2016 3710 innocentiam:

408 3733 468 3785 et
497 3747 696 3788 verum
727 3739 812 3790 est
844 3754 856 3791 :
900 3756 1036 3794 nam
1069 3744 1128 3795 tu
1159 3743 1592 3798 antonomatice
1628 3745 1876 3797 innocens
1918 3745 2019 3796 eris

409 3836 531 3873 cum
562 3824 672 3878 viro
689 3825 962 3881 innocente
987 3845 1304 3900 cooperans
1331 3834 1392 3885 ut
1414 3831 1514 3884 ﬁat
1543 3830 1927 3896 innocentior,
1960 3830 2016 3884 id

409 3910 495 3961 est
515 3925 550 3962 a
578 3910 835 3979 pluribus
855 3914 1002 3969 vitiis
1021 3917 1513 3982 abstinens.Quasi
1535 3918 1752 3973 diceret
1776 3917 2019 3972 :Sancli-

409 3997 527 4050 tate
545 4001 603 4051 et
623 3997 954 4056 innocentia
973 4003 1096 4072 ejus
1109 4005 1576 4074 promerentibus
1595 4005 1646 4059 ei
1671 4007 2023 4077 cooperahe-

391 4081 510 4148 -ris,
541 4088 598 4136 et
629 4086 813 4140 adhuc
845 4089 999 4144 aliud
1021 4090 1196 4146 facies
1221 4108 1233 4145 :
1269 4097 1327 4146 tu
1351 4093 1539 4148 elect-us
1570 4110 1743 4165 quem
1778 4094 1890 4150 mei
1919 4093 2018 4148 eli-

413 4173 556 4240 gent
589 4174 649 4225 ut
679 4173 955 4230 obediant
985 4177 1118 4232 tibi:
1169 4181 1278 4233 eris
1301 4197 1420 4234 cum
1454 4182 1631 4248 electo,
1662 4181 1718 4237 id
1749 4186 1854 4248 est,
1887 4200 2016 4237 cum

415 4261 616 4313 vocato
636 4260 708 4314 ad
733 4263 974 4318 salutem
996 4282 1316 4337 cooperans
1336 4273 1398 4323 ut
1417 4268 1695 4325 innocens
1719 4272 1838 4337 ﬁat,
1861 4271 1918 4326 id
1935 4273 2021 4326 est
2045 4239 2097 4297 D

417 4361 522 4398 nec
549 4347 659 4400 hoc
687 4349 923 4420 quidem
947 4353 1181 4408 habebit
1197 4372 1230 4409 a
1256 4355 1438 4412 libero
1465 4358 1704 4413 arbitrio
1722 4361 1877 4430 quod
1892 4363 2020 4430 post

416 4433 802 4503 vocationem,
836 4439 1112 4496 innocens
1137 4443 1255 4510 ﬁet,
1275 4444 1373 4498 sed
1399 4448 1458 4498 tu
1472 4446 1579 4500 hoc
1593 4448 2016 4517 cooperaheris,
2033 4484 2060 4492 α

292 4571 312 4593 ο
416 4518 530 4573 ﬁde
548 4524 744 4578 tamen
767 4527 889 4598 ejus
907 4534 1296 4600 promerente.
1316 4533 1382 4586 Et
1398 4533 1553 4604 quod
1579 4537 1640 4587 tu
1669 4539 1896 4590 sanctus
1909 4536 2020 4591 eris

418 4622 548 4662 cum
571 4615 788 4679 sancto,
817 4620 874 4670 et
896 4617 1175 4673 innocens
1199 4637 1331 4674 cum
1365 4621 1692 4688 innocente,
1721 4626 1778 4677 et
1807 4625 2020 4678 electus

417 4711 548 4750 cum
580 4699 781 4768 electo,
816 4720 883 4758 ex
914 4707 1176 4776 opposito
1196 4707 1374 4762 videri
1391 4713 1613 4778 potest:
1647 4728 1782 4764 nam
1800 4729 2017 4782 perver-

421 4787 542 4839 teris
571 4804 691 4841 cum
695 4807 964 4860 perverso,
988 4809 1304 4865 cooperans
1321 4797 1748 4866 perversionem
1769 4799 2020 4866 suam,id

419 4877 504 4928 est
532 4879 874 4946 perverteris
891 4883 962 4937 ab
981 4883 1188 4938 auxilio
1222 4883 1280 4937 in
1307 4885 1734 4954 perversionem
1765 4903 1895 4941 cum
1923 4887 2019 4941 illo

419 4963 515 5032 qui
537 4982 596 5020 se
623 4983 657 5020 a
680 4970 736 5022 te
761 4971 1226 5040 pervertit.Quod
1239 4973 1548 5040 estdicere,
1575 4975 1682 5029 nisi
1717 4992 2021 5046 perversus

420 5053 567 5105 esset
589 5057 718 5120 ate,
749 5057 1100 5112 auxiliareris
1130 5059 1180 5112 ei
1207 5075 1220 5113 :
1245 5059 1346 5114 sed
1367 5061 1504 5132 quia
1528 5077 1586 5114 se
1617 5079 1650 5115 a
1675 5065 1730 5116 te
1745 5063 2023 5132 pervertit

419 5139 492 5192 ab
522 5142 728 5197 auxilio
751 5145 905 5215 quod
941 5145 992 5201 ei
1033 5147 1419 5218 impenderes,
1455 5149 1814 5219 perverteris,
1850 5150 1904 5205 id
1938 5152 2024 5204 est

419 5230 767 5285 converteris
779 5233 852 5287 ad
873 5233 980 5289 hoc
995 5237 1199 5289 uteum
1215 5240 1508 5306 pervertas
1521 5238 1647 5309 plus
1659 5238 2016 5292 excaecando.

421 5315 666 5386 Exponit
693 5335 920 5392 quoque
953 5323 1206 5376 futuram
1237 5323 1704 5388 retributionem,
1739 5325 1815 5378 sic
1851 5342 1862 5379 :
1900 5325 2021 5380 Dixi

422 5403 578 5471 quod
609 5405 888 5461 Dominus
917 5409 1193 5465 retribuet
1223 5411 1367 5466 meis
1397 5412 1456 5466 in
1483 5413 1676 5466 futuro
1707 5415 2020 5468 secundum

420 5493 701 5562 justitiam
716 5499 774 5549 et
783 5498 1092 5566 puritatem
1112 5515 1334 5567 eorum;
1355 5503 1412 5554 et
1429 5517 1626 5554 verum
1641 5503 1834 5564 est,Do
1847 5501 2017 5558 mine.

2115 3027 2212 3079 tur
2240 3042 2344 3098 per
2372 3028 2718 3098 prophetam
2747 3043 2761 3082 :
2820 3046 2852 3079 α
2885 3026 3210 3098 Opposuisti
3265 3027 3482 3081 nubem
3511 3025 3618 3080 tibi
3650 3041 3724 3079 ne

2116 3116 2372 3168 transeat
2398 3115 2581 3170 oratio
2613 3116 2832 3186 (Τὴν-θη.
2859 3133 2942 3184 lll,
2975 3118 3084 3178 44).
3105 3117 3232 3170 sDe
3261 3115 3560 3186 ereptione
3589 3130 3724 3168 vero

2122 3203 2272 3257 muri
2300 3203 2438 3259 dicit
2463 3206 2802 3276 Apostolus:
2834 3207 3066 3261 «Faciet
3086 3223 3219 3260 cum
3250 3205 3576 3260 tentatione
3599 3219 3730 3274 pro-

2122 3295 2380 3358 ventum,
2423 3297 2484 3348 ut
2513 3293 2739 3364 possitis
2764 3294 3048 3350 sustinere
3077 3294 3132 3365 (Ι
3153 3292 3282 3349 Cor.
3317 3311 3371 3360 x,
3408 3295 3522 3358 l3).
3546 3311 3575 3344 »
3595 3294 3730 3347 Post

2123 3379 2263 3433 facit
2301 3383 2689 3453 apostrophen
2744 3383 2816 3438 ad
2867 3383 3179 3447 auditores,
3244 3382 3535 3436 instruens
3571 3378 3728 3452 quod

2127 3468 2342 3522 debent
2371 3487 2505 3524 eum
2535 3471 2750 3526 habere
2793 3473 2997 3537 Deum,
3053 3471 3364 3526 ostendens
3420 3469 3572 3523 unde
3620 3469 3729 3521 hoc

2127 3557 2304 3626 possit
2331 3559 2599 3628 cognosci
2653 3558 2790 3613 Dico
2823 3558 2880 3612 in
2901 3560 3015 3614 Deo
3049 3574 3202 3625 meo,
3238 3557 3296 3612 id
3319 3561 3404 3613 est
3435 3572 3726 3621 meorum,

2125 3647 2638 3716 transgredientur,
2673 3651 2731 3702 et
2769 3648 2914 3702 bene
2951 3664 3103 3718 pono
3129 3647 3187 3702 in
3215 3663 3282 3701 eo
3315 3662 3477 3718 spem
3505 3661 3725 3711 meam,

2122 3750 2156 3786 ο
2175 3734 2498 3789 auditores:
2525 3752 2664 3790 nam
2691 3737 2838 3791 Deus
2867 3753 3010 3790 meus
3029 3739 3133 3802 est,
3167 3736 3226 3790 id
3257 3737 3343 3790 est
3373 3733 3489 3788 mei
3511 3733 3730 3788 debent

2122 3837 2256 3875 eum
2277 3821 2488 3876 habere
2513 3824 2718 3890 Deum,
2736 3823 2940 3877 etinde
2963 3824 3073 3878 hoc
3089 3826 3326 3893 possunt
3349 3820 3542 3875 videre
3563 3819 3727 3892 :quia

2121 3910 2398 3980 impolluta
2443 3913 2528 3964 est
2558 3914 2644 3964 via
2688 3912 2822 3980 eius,
2867 3911 2925 3965 id
2979 3914 3065 3965 est
3115 3910 3334 3965 munda
3393 3907 3727 3964 innocentia

2121 3997 2642 4070 scilicetperquam
2673 3999 2745 4053 ad
2765 4015 2900 4053 eum
2929 3999 3292 4070 pervenitur:
3327 3996 3531 4052 etinde
3545 3995 3724 4051 etiam

2125 4085 2258 4158 quia
2289 4085 2522 4158 eloquia,
2583 4087 2639 4141 id
2672 4090 2756 4141 est
2807 4090 3095 4159 praecepta
3137 4087 3286 4141 illius
3336 4086 3562 4141 Domini
3591 4087 3725 4140 sunt

2123 4176 2448 4240 examinata,
2483 4174 2539 4228 id
2566 4177 2650 4229 est
2674 4175 3052 4246 comprobata
3100 4178 3158 4228 et
3186 4174 3442 4246 perfecta
3473 4175 3593 4243 igne
3621 4189 3727 4245 per

2121 4263 2400 4334 Spiritum
2417 4266 2681 4318 sanctum
2707 4279 2720 4318 :
2736 4267 2794 4317 et
2807 4263 2936 4318 ideo
2951 4263 3135 4318 adhuc
3151 4263 3366 4318 debent
3386 4278 3521 4318 eum
3534 4263 3724 4318 facere

2121 4352 2304 4405 Deum
2337 4368 2503 4406 suum
2535 4369 2548 4404 :
2591 4351 2725 4423 quia
2755 4351 2798 4404 si
2849 4351 2959 4406 hoc
3008 4349 3253 4406 fecerint
3305 4354 3578 4424 proteges
3601 4367 3720 4405 eos.

2123 4440 2266 4493 Nam
2281 4448 2552 4510 protector
2579 4447 2652 4494 est
2682 4441 2921 4494 omnium
2949 4442 3287 4510 sperantium
3319 4441 3374 4493 in
3403 4456 3477 4495 se.
3503 4439 3628 4494 Non
3664 4439 3723 4492 in

2121 4528 2384 4583 terrenis.
2415 4529 2482 4582 Et
2491 4529 2654 4598 juxta
2673 4529 2812 4583 illud
2845 4545 2856 4582 :
2885 4548 2916 4580 <‹
2937 4529 3082 4583 Eum
3097 4529 3194 4600 qui
3219 4527 3460 4583 venitad
3497 4544 3725 4583 menon

2121 4617 2347 4688 ejiciam
2373 4617 2526 4673 foras
2549 4618 2730 4690 (Joan.
2754 4634 2828 4685 v1,
2847 4618 2937 4686 3'7)
2961 4637 2991 4668 >>
3019 4635 3032 4672 :
3065 4621 3122 4672 et
3151 4617 3281 4672 ideo
3313 4617 3499 4672 adhuc
3515 4618 3727 4672 debent

2123 4724 2256 4763 eum
2278 4707 2466 4761 facere
2495 4705 2979 4772 Deum.Quoniam
3001 4709 3119 4778 quis
3134 4707 3280 4762 Deus
3292 4713 3499 4776 praeter
3519 4707 3723 4760 Deum.

2121 4797 2232 4850 Aut
2259 4795 2340 4849 ita
2363 4811 2594 4866 possum
2618 4795 2808 4850 dicere
2840 4812 2853 4849 :
2887 4795 3014 4866 quis
3033 4797 3183 4850 Deus
3201 4798 3288 4848 est
3307 4798 3520 4866 praeter
3541 4795 3726 4849 Deum

2124 4887 2384 4938 nostrum
2421 4899 2434 4936 :
2464 4883 2558 4954 qui
2591 4884 2738 4937 Deus
2771 4899 2935 4938 meus
2961 4886 3046 4937 est
3093 4885 3151 4937 et
3177 4897 3446 4937 meorum
3473 4882 3502 4936 ?
3532 4882 3728 4937 Nullus

2121 4971 2360 5026 subaudi
2390 4970 2603 5024 scilicet
2634 4987 2646 5024 :
2682 4971 2825 5034 Quia
2877 4971 3049 5038 dicat,
3082 4969 3212 5025 ideo
3257 4970 3476 5024 debent
3512 4969 3729 5026 habere

2123 5061 2326 5124 Deum,
2349 5057 2482 5129 quia
2505 5060 2692 5113 nullus
2705 5059 2846 5114 alius
2859 5061 3006 5113 Deus
3021 5058 3298 5114 dicendus
3311 5061 3398 5113 est
3425 5075 3440 5113 :
3471 5061 3530 5112 et
3550 5059 3729 5114 etiam

2125 5163 2228 5218 per
2253 5146 2531 5202 beneﬁcia
2563 5147 2701 5202 mihi
2727 5148 2800 5202 ab
2830 5164 2898 5202 eo
2943 5147 3149 5202 collata
3175 5149 3366 5220 potest
3394 5145 3572 5201 videri
3596 5147 3733 5218 quia

2127 5239 2274 5292 Deus
2301 5239 2419 5290 est:
2455 5235 2589 5291 inde
2611 5235 2855 5291 scilicet:
2887 5235 3019 5308 quia
3047 5237 3194 5290 Deus
3225 5235 3320 5291 ille
3359 5239 3446 5290 est
3483 5237 3578 5308 qui
3590 5253 3732 5311 prae-

2125 5327 2291 5380 cinxit
2323 5342 2404 5379 me
2447 5329 2642 5378 virtute
2685 5343 2756 5380 ne
2785 5325 3054 5380 cederem
3091 5325 3148 5380 in
3180 5325 3470 5398 passione,
3529 5324 3586 5378 id
3645 5328 3731 5379 est

2129 5415 2370 5468 munivit
2385 5432 2415 5468 a
2429 5414 2802 5468 similitudine
2821 5414 3139 5485 militis,qui
3153 5413 3527 5486 precingitur
3539 5413 3730 5486 gladio

2131 5507 2190 5556 ut
2222 5521 2288 5557 eo
2321 5504 2632 5558 muniatur.
2669 5502 2744 5556 Et
2763 5506 2945 5576 posuit
2966 5503 3366 5557 immaculatum
3379 5505 3518 5558 viam
3533 5519 3728 5569 meam,
