4010 6032
293 258 404 317 ⁵ῗοξὶ

1290 253 1650 317 ΕΧῬΟΞΙΤΙΟ
1689 254 1757 314 ΙΝ
1798 251 2127 314 PSALMOS.
2162 290 2228 298 --
2256 252 2452 317 PSAL.
2494 252 2629 317 XVII

3509 274 3615 334 706

263 380 361 443 ,id
377 382 463 436 est
488 382 723 439 firmam
764 384 923 440 dedit
960 385 1102 439 mihi
1154 384 1546 440 innocentiam
1582 398 1594 437 :
1649 398 1775 454 quae
1822 380 1913 436 via
1935 381 1988 437 A
2017 399 2049 432 α
2080 381 2203 435 Non
2238 383 2510 453 poterant
2538 385 2803 441 resistere
2832 388 3127 460 sapientim
3169 395 3226 446 et
3256 393 3488 465 Spiritui
3521 400 3618 470 qui

300 471 524 526 munda
552 474 638 526 est
662 487 766 543 per
783 490 958 545 quam
978 474 1052 528 ad
1084 473 1256 546 ipsius
1286 472 1532 544 gloriam
1556 470 1910 544 perveniam,

299 560 620 614 secundum
646 561 801 631 quod
831 561 1007 616 homo
1040 579 1188 627 sum,
1215 564 1276 615 ut
1305 561 1721 631 aitApostqus,
1740 582 1767 607 «
1789 575 1914 612 san-

299 652 444 715 ctus,
472 649 768 717 innocens,
810 655 1146 723 segregatus
1192 669 1225 704 a
1284 649 1677 721 peccatoribus
1718 647 1909 718 (Hebr.

299 754 383 805 ιιι,
426 740 536 803 26),
578 759 605 785 ››
666 743 724 792 et
771 756 901 793 vere
943 741 1090 794 Deus
1137 743 1239 793 est.
1297 738 1401 803 Qui
1430 739 1677 809 perfecit,
1721 736 1777 789 id
1830 738 1917 789 est

300 825 591 896 perfectos
623 827 759 881 fecit
770 829 930 898 pedes
954 846 1115 895 meos,
1156 829 1213 882 id
1239 830 1325 881 est
1365 826 1696 881 affectiones
1732 840 1912 889 meas,

300 914 509 984 quibus
536 915 798 986 graditur
811 915 1038 970 animus
1077 917 1219 970 sicut
1240 915 1483 986 pedibus
1511 930 1737 985 corpus.
1773 912 1915 966 Tan-

298 1019 465 1073 quam
489 1020 783 1072 cervorum,
810 1004 868 1059 id
881 1008 966 1059 est
998 1005 1069 1060 ad
1084 1005 1322 1059 modum
1345 1003 1559 1075 pedum
1592 1015 1911 1055 cervorum:

299 1094 365 1145 ut
390 1091 536 1146 sicut
563 1092 819 1163 prompti
843 1096 976 1147 sunt
1006 1093 1079 1148 ad
1100 1091 1477 1147 transilienda
1497 1088 1837 1155 dumeta,sic
1857 1089 1914 1141 et

297 1179 630 1236 affectiones
645 1198 789 1236 meae
806 1185 1093 1253 promptae
1115 1181 1331 1236 suntad
1347 1180 1544 1235 omnia
1562 1178 1699 1232 vitia
1713 1176 1914 1231 transi-

300 1266 497 1322 lienda
529 1285 544 1322 :
589 1272 645 1323 et
670 1272 775 1336 est,
808 1276 1043 1323 statuens
1069 1287 1170 1335 me,
1205 1285 1305 1340 spe
1328 1286 1483 1339 super
1511 1268 1731 1332 excelsa,
1752 1265 1809 1319 id
1828 1267 1912 1318 est

301 1354 364 1408 in
397 1356 652 1424 excelsis,
676 1358 997 1413 celestibus
1055 1358 1268 1412 scilicet
1298 1375 1309 1411 :
1340 1361 1399 1411 et
1441 1373 1571 1410 vere
1626 1357 1773 1409 Deus
1829 1355 1913 1407 est

300 1445 399 1514 qui
410 1443 560 1497 docet
579 1462 769 1499 manus
804 1462 948 1499 meas
969 1446 1040 1498 ad
1054 1446 1331 1515 praelium,
1362 1445 1420 1499 id
1451 1447 1535 1497 est
1563 1444 1757 1497 doctas
1777 1441 1914 1495 facit

302 1532 639 1589 affeetiones
662 1552 821 1590 meas
834 1536 905 1590 ad
923 1536 1306 1606 praeliandum
1339 1538 1542 1589 contra
1572 1532 1865 1587 diabolum
1897 1549 1910 1585 :

301 1620 639 1677 affectiones
668 1623 806 1678 dicit
836 1640 1063 1691 manus,
1098 1625 1229 1694 quia
1277 1640 1382 1693 per
1417 1638 1515 1675 eas
1563 1621 1917 1675 debellamus

2014 469 2358 541 loquebatur
2389 472 2533 539 (Act.
2576 490 2650 541 vx,
2712 475 2818 546 10).
2869 496 2900 528 ››
2942 476 3020 530 Et
3055 496 3159 532 non
3203 492 3501 553 convertar,
3540 469 3618 542 did

2014 561 2101 612 est
2130 574 2245 611 non
2274 561 2504 615 cessabo
2533 578 2566 615 a
2596 566 2998 634 persequendo
3017 571 3619 641 etcomprehendodo-

2014 663 2105 699 nec
2131 647 2378 715 deficiant
2404 650 2475 702 ab
2528 649 2863 707 inﬁdelitate
2895 670 2907 707 :
2966 657 3023 708 et
3052 672 3154 726 per
3184 657 3290 711 hoc
3329 659 3616 728 deficient,

2014 736 2165 805 quod
2181 736 2519 806 confringant
2536 739 2674 805 illos,
2698 740 2754 794 id
2775 746 2859 795 est
2881 742 3172 799 destruam
3190 749 3619 805 terrreuitatem

2014 822 2267 891 illorum,
2303 828 2364 878 ut
2389 825 2521 879 alibi
2554 828 2852 883 Psalmista
2886 847 2897 884 :
2932 852 2958 877 ››
2991 832 3287 903 Tanquam
3320 853 3418 890 vas
3459 839 3618 908 figuli

2013 913 2343 983 confringes
2387 931 2485 968 eos
2516 916 2703 985 (Fsal:
2758 934 2817 981 ιι,
2868 922 2942 989 9).
2978 942 3005 967 ››
3066 922 3131 974 Et
3180 925 3452 978 confracti
3503 943 3618 981 non

2004 1007 2412 1070 poteruntstare
2441 1004 2707 1075 amplius,
2742 1005 2798 1058 id
2821 1011 2906 1061 est
2937 1024 3304 1078 perseverare
3335 1013 3392 1067 in
3414 1013 3619 1068 infide-

2012 1089 2169 1143 litate
2197 1107 2297 1144 sua
2330 1107 2342 1145 :
2378 1091 2478 1145 sed
2507 1092 2694 1146 cadent
2723 1095 2906 1149 subtus
2924 1097 3087 1166 pedes
3128 1117 3283 1167 meos,
3318 1101 3374 1155 id
3406 1106 3489 1156 est
3514 1104 3619 1158 hu-

2014 1177 2390 1232 miliabuntur
2411 1180 2513 1233 sub
2536 1197 2629 1234 me
2661 1183 2733 1235 ad
2756 1183 2996 1238 modum
3016 1201 3220 1242 eorum
3254 1189 3351 1259 qui
3380 1190 3621 1260 pedibus

2013 1264 2251 1320 divitum
2314 1268 2611 1323 humiliter
2658 1275 3119 1340 prosternuntur.
3162 1276 3228 1327 Et
3286 1280 3347 1329 ut
3396 1293 3621 1349 gressus

2013 1354 2244 1408 valeant
2277 1355 2347 1408 ad
2378 1358 2845 1426 persequendum
2884 1362 2942 1413 et
2978 1363 3616 1431 comprehendendum.

2012 1440 2357 1496 Prmcinoristi
2407 1461 2507 1509 me,
2544 1444 2755 1499 scilicet
2787 1447 3055 1502 muniens
3110 1466 3270 1505 meos
3325 1453 3522 1507 virtute
3550 1456 3620 1507 od

2018 1529 2226 1596 bellum,
2262 1530 2319 1584 id
2347 1534 2431 1585 est
2461 1533 2532 1586 ad
2562 1532 2788 1587 illorum
2820 1535 3083 1591 inimicos
3114 1537 3510 1610 debellandos,
3562 1547 3620 1597 et

2015 1633 2117 1687 per
2143 1635 2240 1673 eos
2265 1620 2607 1689 praecinctos
2626 1623 2999 1692 supplantasti,
3052 1625 3109 1677 id
3146 1631 3232 1680 est
3290 1628 3480 1683 vinces
3533 1633 3616 1684 in-

302 1708 622 1778 diabolum,
654 1712 798 1766 sicut
825 1712 1030 1783 aliquis
1077 1712 1305 1765 hostem
1338 1710 1605 1765 manibus
1644 1708 1913 1764 debellat.
1938 1740 1986 1799 B
2012 1715 2285 1776 surgentes
2312 1711 2367 1761 in
2384 1727 2484 1776 me,
2500 1711 2683 1763 subtus
2697 1728 2780 1763 me
2808 1712 3176 1784 redigendos,
3210 1715 3268 1769 id
3286 1720 3371 1769 est
3393 1718 3619 1774 Iudaeos

302 1798 509 1852 Postea
536 1798 1096 1871 facitapostropham
1148 1800 1221 1853 ad
1253 1801 1472 1853 Deum:
1509 1815 1574 1851 ex
1612 1796 1913 1851 affectione

300 1885 485 1939 nimia
498 1886 712 1955 gratias
741 1888 987 1958 agendo:
1010 1888 1135 1942 dico
1169 1887 1303 1958 quia
1328 1885 1568 1941 docuisti
1598 1885 1915 1950 manus;et

300 1976 365 2026 tu
384 1974 619 2043 posuisti
651 1976 864 2030 brachia
900 1994 1036 2039 mea,
1070 1976 1129 2031 id
1160 1978 1244 2030 est
1272 1975 1674 2029 fortitudinem
1718 1989 1909 2025 meam

302 2067 362 2112 ut
409 2078 593 2115 arcum
636 2080 849 2131 (ereum,
884 2064 942 2118 id
987 2069 1071 2119 est
1109 2063 1587 2129 irremissibilem,
1649 2066 1709 2115 ut
1748 2078 1910 2114 arcus

298 2165 486 2203 aereus
514 2150 920 2207 irremissibilis
932 2156 1097 2219 esset,
1124 2154 1168 2207 si
1192 2152 1564 2208 inveniretur.
1583 2148 1908 2204 Similitudo

298 2255 333 2293 a
368 2255 430 2292 re
459 2256 586 2311 quae
627 2258 745 2295 non
767 2246 887 2296 est:
918 2242 1153 2297 brachia
1166 2257 1270 2313 pro
1298 2240 1632 2295 fortitudine
1659 2237 1821 2309 ponit
1840 2253 1908 2290 eo

299 2328 459 2399 quod
492 2328 740 2383 brachiis
769 2329 952 2384 inesse
984 2330 1261 2385 fortitudo
1293 2331 1456 2384 solet.
1488 2329 1554 2382 Et
1570 2342 1673 2397 per
1703 2342 1796 2379 me
1824 2326 1907 2379 fa-

299 2418 459 2469 ctum
492 2433 710 2471 areum
737 2434 750 2472 :
779 2418 971 2471 dedisti
998 2420 1147 2484 mihi,
1178 2419 1235 2472 id
1267 2421 1353 2473 est
1380 2417 1542 2471 dabis
1569 2417 1712 2471 meis
1726 2421 1907 2485 prote-

296 2506 525 2557 ctionem
554 2505 763 2571 salutis,
798 2507 857 2561 id
875 2512 960 2562 est
1000 2508 1326 2563 salvationis
1362 2511 1496 2575 tute,
1530 2508 1590 2561 id
1616 2511 1701 2561 est
1725 2507 1911 2577 prote-
1944 2546 1955 2559 .

294 2607 400 2662 ges
418 2608 492 2645 ne
513 2593 723 2648 cedant
744 2612 758 2663 ;
781 2611 909 2667 qute
935 2596 1214 2666 protectio
1226 2596 1335 2650 erit
1362 2597 1442 2649 eis
1462 2612 1631 2650 causa
1643 2593 1908 2649 salvatio-

297 2680 408 2734 nis.
451 2679 526 2734 Et
563 2681 778 2737 dextera
818 2691 911 2737 tua
959 2687 1183 2755 suscepit
1220 2703 1321 2751 me,
1359 2684 1414 2738 in
1466 2685 1680 2745 futuro,
1720 2682 1775 2736 id
1825 2684 1911 2735 est

297 2769 489 2840 gratia
514 2774 615 2826 tua
643 2773 929 2828 collocans
957 2790 1055 2828 eos
1085 2773 1159 2828 ad
1219 2774 1516 2827 dexteram
1529 2776 1691 2825 tuam
1712 2789 1722 2824 :
1744 2769 1910 2824 susci-

294 2857 419 2929 piet
444 2875 625 2914 meos.
670 2863 837 2915 Juxta
874 2861 1037 2924 illud,
1075 2884 1101 2912 «
1165 2860 1385 2915 Venite.
1422 2858 1731 2921 benedicti,
1795 2861 1904 2911 etc.

296 2944 522 3016 (Matth.
556 2963 661 3002 xxv
681 2949 789 3019 34).
817 2971 845 2997 ››
881 2949 949 3002 Et
973 2949 1063 3003 hic
1096 2948 1328 3003 interim
1353 2947 1630 3018 disciplina
1688 2952 1799 3012 tua,
1852 2944 1909 2998 id

2013 1795 2154 1849 mihi
2177 1797 2474 1865 subjicies:
2510 1798 2581 1852 de
2613 1799 2817 1869 quibus
2842 1800 2975 1853 alibi
3008 1817 3111 1870 per
3141 1803 3501 1860 Psalmistam
3530 1807 3614 1861 di-

2013 1884 2159 1937 citur
2192 1901 2205 1937 :
2236 1907 2263 1933 «
2300 1887 2734 1939 Insurrcxerunt
2769 1887 2825 1940 in
2860 1903 2954 1940 me
2992 1892 3166 1943 testes
3221 1891 3400 1963 iniqui
3433 1894 3610 1966 (Psal.

2012 1989 2158 2037 xxvr,
2200 1974 2306 2044 12),
2337 1994 2363 2020 ››
2399 1980 2447 2026 et
2479 1976 2725 2029 inimicos
2750 1992 2913 2042 meos,
2937 1977 2993 2030 id
3024 1980 3107 2029 est
3130 1980 3373 2047 gentiles
3394 1999 3498 2052 per
3518 2000 3616 2038 eos

2011 2076 2235 2130 gressus
2260 2060 2541 2123 dedisti,id
2566 2064 2649 2115 est
2680 2063 2839 2116 dabis
2869 2066 3005 2118 mihi
3034 2065 3268 2132 dorsum,
3313 2068 3369 2121 id
3401 2074 3487 2123 est
3525 2090 3615 2126 se-

2011 2164 2217 2219 quaces
2244 2153 2300 2203 et
2348 2149 2706 2205 imitatores:
2747 2152 2819 2205 ad
2850 2153 3091 2207 modum
3121 2156 3482 2224 sequentium
3517 2160 3615 2229 qui

2009 2240 2137 2307 post
2160 2238 2394 2292 dorsum
2420 2243 2689 2309 pergunt.
2728 2240 2791 2293 Et
2822 2241 2929 2294 hoc
2952 2241 3089 2295 dixit
3107 2244 3365 2313 superius
3387 2246 3614 2301 univer-

2009 2328 2221 2394 saliter,
2245 2328 2339 2382 ubi
2368 2328 2556 2399 posuit
2581 2329 2787 2383 cadent
2816 2330 3012 2384 subtus
3054 2332 3228 2402 pedes
3284 2351 3472 2390 meos:
3514 2338 3614 2392 sed

2009 2417 2100 2470 hic
2122 2432 2226 2487 per
2241 2420 2433 2491 partes
2465 2416 2716 2470 ostendit
2764 2416 2843 2470 Et
2870 2418 3102 2474 odientes
3116 2437 3217 2482 me,
3232 2420 3290 2474 id
3303 2426 3389 2476 est
3419 2425 3615 2479 nolen-

2012 2506 2095 2557 tes
2125 2505 2380 2559 converti
2413 2505 2794 2576 disperdidisti,
2823 2505 2882 2560 id
2914 2511 2999 2561 est
3025 2507 3323 2579 disperdes
3357 2526 3369 2564 :
3418 2510 3613 2568 locum

2010 2596 2068 2646 et
2095 2596 2330 2663 gentem
2357 2594 2693 2661 auferendo,
2724 2598 2780 2648 et
2805 2594 2880 2648 sic
2902 2596 3057 2666 quod
3079 2601 3281 2666 postea
3298 2615 3414 2652 non
3444 2616 3615 2671 repa-

2009 2681 2264 2735 triabunt
2298 2699 2309 2735 :
2344 2683 2442 2735 sed
2471 2683 2853 2745 clamauerunt,
2885 2701 2978 2737 nec
3004 2691 3117 2737 erat
3146 2687 3244 2756 qui
3270 2686 3450 2742 salvos
3471 2689 3615 2757 face-

2011 2775 2108 2828 ret,
2145 2768 2198 2820 id
2228 2773 2312 2821 est
2330 2771 2661 2823 clamabunt
2689 2770 2748 2823 in
2775 2772 3084 2842 synagogis
3115 2774 3339 2828 orando
3359 2778 3422 2829 ut
3442 2776 3612 2830 redu-

2010 2859 2233 2909 cantur.
2269 2857 2379 2910 Nec
2401 2859 2510 2910 erit
2527 2857 2622 2928 qui
2639 2859 2815 2911 salvet
2833 2875 2928 2912 eos
2950 2860 3279 2915 reducendo
3302 2862 3372 2915 de
3393 2863 3610 2920 exsilio.

2009 2946 2403 2999 AdDominum
2431 2945 2555 3000 dico
2575 2946 2905 2999 clamabunt
2918 2964 3031 3001 non
3046 2948 3119 3001 ad
3134 2950 3315 3002 Deum
3334 2951 3609 3008 alienum.

299 3014 387 3088 est
417 3035 729 3091 adversitas
750 3014 1091 3107 temporalis
1119 3040 1227 3091 ate
1248 3014 1529 3107 permissa
1560 3040 1621 3090 ut
1650 3052 1755 3107 per
1778 3051 1908 3089 eam
1932 3014 1978 3073 (ἶ
2010 3033 2125 3089 Nec
2161 3036 2448 3100 exaudivit,
2483 3035 2540 3089 id
2564 3038 2650 3087 est
2676 3033 2939 3087 exaudiet
2956 3052 3036 3087 eos
3051 3039 3111 3089 ut
3141 3037 3472 3093 reducat.Et
3492 3057 3612 3096 non

298 3122 572 3177 clariores
603 3123 1045 3180 fiantIC'orrexit
1068 3142 1150 3178 me
1179 3127 1234 3178 in
1266 3126 1445 3195 ﬁnem,
1482 3124 1540 3178 id
1566 3127 1650 3177 est
1663 3122 1913 3193 corriget

296 3227 461 3265 meos
517 3213 758 3268 omnino
791 3231 803 3267 :
847 3214 917 3268 de
947 3231 1061 3287 qua
1103 3230 1206 3283 per
1244 3213 1617 3268 Salomoncm
1657 3211 1905 3265 dicitur:

300 3321 330 3349 ‹‹
351 3299 452 3353 Fili
468 3300 568 3366 mi,
593 3302 708 3356 noli
729 3304 1026 3373 negligere
1049 3302 1407 3374 disciplinam
1423 3299 1689 3355 Domini:
1724 3313 1912 3369 neque

296 3388 560 3459 fatigeris
592 3408 724 3446 cum
756 3393 827 3447 ab
854 3408 923 3445 co
985 3391 1240 3462 argueris
1271 3390 1451 3462 (Prov.
1491 3407 1571 3453 ιιι,
1612 3393 1665 3442 Η
1694 3406 1708 3455 ;
1736 3387 1906 3439 Hebr.

298 3493 402 3545 xu,
430 3482 540 3549 5).»
560 3480 626 3533 Et
642 3480 877 3551 exponit
903 3496 1005 3549 per
1019 3482 1209 3549 partes
1231 3478 1523 3550 quomodo
1539 3476 1787 3546 corriget
1811 3474 1908 3532 sic.

301 3567 371 3620 Et
397 3583 504 3638 pro
526 3568 741 3622 scilicet
781 3569 905 3639 ipsa
953 3567 1206 3637 diciplina
1243 3574 1356 3634 tua,
1391 3566 1461 3620 de
1494 3583 1607 3637 qua
1651 3563 1743 3618 hic
1796 3563 1910 3633 egi,

301 3654 507 3708 docebit
525 3674 627 3722 me,
654 3657 708 3710 id
739 3660 825 3710 est
841 3655 1121 3727 quosdam
1140 3655 1209 3708 de
1254 3654 1418 3715 meis,
1471 3653 1566 3724 qui
1594 3652 1914 3722 aliquantu-

299 3743 423 3796 lum
447 3745 729 3815 purgandi
749 3750 881 3799 sunt
914 3761 985 3798 ne
1017 3760 1210 3797 rursus
1231 3742 1475 3796 cadant:
1504 3742 1661 3811 juxta
1677 3742 1914 3810 Aposto-

302 3832 423 3884 Ium
450 3848 464 3885 :
503 3854 530 3882 «
552 3832 990 3903 Flagellatlleus
1024 3848 1259 3886 omnem
1285 3832 1467 3885 filium
1500 3845 1673 3901 quem
1708 3828 1915 3898 recipit

303 3919 504 3985 (Hebr.
546 3936 643 3987 xu,
670 3923 722 3986 9,
782 3921 837 3992 6)
866 3940 895 3971 κ)
930 3938 945 3975 :
999 3925 1055 3974 et
1116 3936 1218 3990 per
1261 3917 1618 3990 disciplinam
1677 3915 1918 3968 dilatosti

298 4025 677 4079 gressusmeos,
711 4010 863 4063 idest
883 4010 1157 4064 dilatatos
1192 4009 1248 4061 in
1278 4007 1584 4062 dilectione
1615 4008 1713 4059 tua
1743 4004 1917 4058 facies

303 4096 610 4167 perfectos,
644 4096 740 4168 qui
767 4098 994 4152 dicendi
1022 4100 1155 4151 sunt
1178 4113 1407 4167 gressus
1432 4095 1550 4149 mei
1592 4093 1918 4149 dcfcrentcs

303 4210 398 4248 me
425 4193 482 4247 in
506 4194 771 4248 notitiam
802 4194 1049 4249 aliorum
1075 4212 1089 4262 ;
1136 4194 1326 4249 subtus
1358 4209 1459 4257 me,
1512 4191 1779 4261 redigens
1820 4204 1916 4243 eos

2010 3122 2196 3175 solum
2228 3123 2445 3175 exsules
2458 3122 2630 3175 ﬁent:
2666 3122 2765 3176 sed
2796 3138 2906 3193 ego
2936 3125 3293 3177 comminuam
3313 3142 3395 3180 eos
3419 3126 3477 3180 in
3500 3127 3612 3182 vir-

2010 3209 2225 3264 tutibus
2242 3213 2303 3263 ut
2319 3209 2590 3280 pulverem
2609 3216 2733 3263 ante
2750 3210 2947 3279 faciem
2959 3211 3106 3265 venti
3126 3211 3616 3270 existentes.Sicut

2012 3300 2190 3371 pulvis
2220 3299 2611 3354 comminutus
2641 3301 2698 3352 et
2723 3314 2757 3353 a
2779 3299 2935 3353 nullo
2979 3299 3168 3353 imbre
3199 3301 3492 3369 solidatus,
3543 3304 3615 3357 ab

2012 3389 2231 3460 impetu
2264 3388 2416 3442 venti
2441 3388 2554 3442 cito
2579 3388 2800 3459 rapitur
2830 3390 2887 3441 et
2918 3388 3287 3460 dispergitur,
3322 3389 3399 3444 ita
3431 3391 3535 3461 ipsi
3556 3392 3614 3445 in

2010 3477 2314 3531 virtutibus
2325 3477 2577 3532 commin
2588 3476 2752 3543 uti,ct
2767 3477 2839 3530 ab
2855 3476 3040 3532 imbre
3057 3478 3335 3532 doctrinm
3356 3469 3618 3533 nolentes

2012 3567 2263 3633 solidari,
2295 3568 2408 3622 cito
2440 3585 2473 3621 a
2493 3567 2694 3638 spiritu
2754 3565 3011 3635 maligno
3060 3567 3359 3637 rapientur
3381 3572 3439 3622 et
3488 3584 3616 3640 per-

2013 3655 2239 3707 dentur.
2273 3656 2340 3708 Et
2371 3672 2487 3706 non
2519 3655 2704 3707 solum
2720 3653 2852 3719 hoc,
2887 3652 2984 3705 sed
3014 3653 3186 3706 etiam
3216 3654 3392 3706 delebo
3433 3672 3514 3707 eos
3546 3655 3616 3707 de

2013 3743 2196 3814 gloria
2222 3743 2278 3795 in
2311 3760 2423 3813 qua
2456 3742 2628 3795 modo
2649 3746 2819 3795 sunt:
2850 3740 3068 3794 faciens
3098 3757 3193 3794 eos
3220 3748 3279 3793 ut
3306 3741 3477 3793 lutum
3492 3742 3617 3810 pla-

2015 3838 2238 3895 tearum,
2273 3829 2331 3883 id
2364 3832 2446 3882 est
2475 3829 2610 3881 viles
2626 3831 2684 3881 et
2714 3829 2786 3882 ab
2818 3829 2974 3881 omni
2997 3831 3378 3899 praetereunte
3401 3830 3623 3882 calcan-

2016 3919 2117 3973 dos
2146 3935 2158 3972 :
2192 3923 2252 3971 ut
2274 3919 2455 3971 lutum
2476 3916 2581 3969 vile
2613 3918 2695 3967 est
2724 3919 2780 3970 ct
2833 3917 3101 3970 calcatur.
3158 3917 3223 3969 Et
3276 3916 3423 3969 bene
3460 3915 3621 3969 addit

2005 4007 2330 4078 platearum.
2368 4006 2573 4059 Lutum
2597 4004 2755 4057 enim
2779 4006 3099 4076 platearum
3133 4003 3618 4074 frequentiuscal-

2015 4099 2209 4149 catur:
2235 4094 2338 4164 ipsi
2370 4093 2452 4147 ita
2502 4092 2869 4163 pelebuntur,
2903 4092 3057 4163 quod
3116 4091 3360 4145 minime
3393 4093 3616 4161 putant.

2083 4184 2165 4237 Me
2198 4198 2330 4236 vero
2354 4199 2526 4252 quem
2560 4197 2831 4252 superare
2874 4183 3080 4250 putant
3109 4182 3292 4251 eripies
3322 4195 3621 4250 resurgere

304 4297 410 4352 per
433 4281 818 4352 disciplinam,
850 4282 911 4336 id
931 4284 1017 4335 est
1044 4282 1260 4336 faciens
1289 4280 1630 4335 humiliores
1650 4293 1788 4348 erga
1801 4292 1915 4342 me,
1942 4295 1994 4353 D
2016 4271 2280 4325 faciendo
2313 4270 2383 4323 de
2403 4267 2907 4321 contradictionibus
2927 4267 3135 4337 populi,
3170 4267 3446 4322 dicentis:
3483 4266 3623 4320 «Hic

309 4373 369 4424 ut
399 4371 457 4424 in
487 4371 704 4425 actibus
719 4372 1127 4442 Apostolorum
1155 4388 1213 4424 :u
1236 4368 1921 4440 Ibantgaudcntesacon-

308 4464 505 4531 spectu
531 4459 1073 4531 concilii,quoniam
1110 4459 1272 4530 digni
1302 4457 1484 4513 habiti
1521 4457 1651 4510 sunt
1677 4470 1780 4526 pro
1817 4470 1920 4507 no-

307 4547 466 4603 mine
491 4550 620 4603 Jesu
646 4548 1059 4603 contumeliam
1093 4548 1208 4618 pati
1235 4546 1448 4617 (Act.v,
1482 4547 1593 4610 let).
1630 4564 1656 4591 ››
1688 4543 1756 4595 Et
1777 4544 1923 4611 Apo-

307 4637 484 4691 stolus
511 4654 522 4690 :
550 4636 780 4707 «Ipsiin
804 4636 969 4691 nobis
995 4651 1336 4707 responsum
1369 4632 1572 4688 mortis
1616 4628 1922 4685 habuimus

309 4727 373 4777 ut
402 4739 519 4778 non
547 4723 979 4778 simusfidentes
1004 4723 1059 4776 in
1095 4722 1280 4789 nobis,
1310 4722 1409 4775 sed
1432 4721 1490 4774 in
1521 4720 1636 4774 Deo
1678 4716 1773 4789 qui
1803 4732 1921 4768 sus-

308 4811 448 4865 citat
475 4815 735 4867 mortuos
764 4810 856 4879 (II
882 4809 1008 4865 Cor.
1058 4828 1096 4878 I,
1151 4813 1228 4882 9).
1264 4832 1291 4859 ››
1323 4810 1390 4863 Et
1420 4825 1553 4863 cum
1607 4805 1925 4859 dilatentur

309 4914 416 4972 per
462 4900 825 4971 disciplinam
854 4916 867 4954 :
895 4917 1002 4954 non
1050 4882 1330 4970 sunt
1382 4898 1653 4965 inﬁrmata
1702 4894 1924 4962 vestigia

307 5005 448 5056 mea,
481 4989 538 5044 id
554 4992 640 5043 est
668 5006 786 5045 non
804 4988 1351 5043 infirmabumturin
1369 4986 1450 5041 eis
1469 4988 1619 5039 nota:
1647 4982 1923 5037 virtutum

312 5092 580 5131 mearum
598 5093 800 5133 eorum
816 5077 1080 5132 cordibus
1101 5076 1414 5148 impressm.
1441 5074 1582 5127 Nam
1597 5072 1761 5143 juxta
1779 5072 1923 5143 Apo-

312 5166 526 5221 stolum
559 5182 572 5220 :
598 5188 625 5215 ‹‹
656 5165 847 5219 Virtus
876 5165 935 5219 in
966 5164 1314 5219 infirmitate
1357 5161 1652 5235 perficitur
1682 5158 1765 5231 (Il
1793 5156 1921 5212 Cor.

314 5271 411 5322 xu,
463 5254 537 5325 9).
573 5274 602 5302 ››
652 5254 720 5306 Et
767 5269 871 5325 per
915 5269 1138 5324 gressus
1168 5267 1464 5322 persequar
1509 5247 1770 5303 doctrina
1828 5248 1926 5299 ini—

314 5347 485 5398 micos
510 5359 666 5397 meos.
724 5341 781 5395 id
810 5344 895 5395 est
937 5342 1154 5406 fideles,
1202 5340 1299 5412 qui
1349 5338 1650 5392 inimicant
1668 5352 1736 5390 ur
1782 5334 1924 5389 mihi

316 5433 473 5488 mala
497 5433 612 5486 vita
640 5447 760 5485 sua.
794 5427 870 5482 Et
898 5428 1332 5500 comprehendant
1358 5444 1374 5479 :
1398 5426 1733 5479 convincam
1777 5421 1924 5475 scili-

317 5524 409 5579 cet
438 5518 858 5575 raliouabiliter
876 5518 947 5572 ab
974 5532 1185 5585 errore,
1204 5514 1347 5568 utde
1369 5512 1662 5586 Stephano
1690 5509 1921 5583 legitur:

612 5740 629 5767 ι

2019 4361 2193 4413 homo
2228 4376 2344 4411 non
2383 4359 2467 4410 est
2507 4374 2541 4410 a
2570 4358 2685 4410 Deo
2719 4356 2815 4427 qui
2867 4372 2985 4409 non
3023 4355 3267 4409 custodit
3320 4356 3626 4409 sabbatum

2023 4446 2202 4518 (Joan.
2236 4462 2312 4511 ιχ,
2350 4446 2433 4515 16)
2468 4465 2520 4509 ››,
2552 4444 2610 4497 id
2641 4447 2726 4497 est
2752 4443 2987 4497 ulterius
3019 4459 3132 4497 non
3170 4445 3441 4514 poterunt
3481 4442 3626 4496 mihi

2023 4534 2435 4589 contradicere.
2470 4532 2537 4585 Et
2562 4548 2656 4585 me
2671 4534 2932 4603 ereptum
2952 4533 3232 4585 constitues
3256 4533 3310 4584 in
3326 4536 3485 4601 caput
3494 4548 3623 4598 gen-

2025 4626 2176 4687 tium,
2208 4622 2267 4675 id
2289 4624 2373 4674 est
2404 4620 2574 4674 facies
2606 4623 2667 4673 ut
2693 4620 2801 4673 sim
2841 4623 3012 4691 caput
3052 4620 3313 4691 gentium
3348 4638 3361 4686 ;
3397 4623 3457 4673 ut
3488 4618 3623 4674 alibi

2022 4728 2124 4782 per
2153 4709 2511 4764 Psalmistam
2545 4708 2774 4761 dicitur.
2823 4729 2852 4756 ‹‹
2902 4708 3058 4762 Dabo
3092 4708 3191 4761 tibi
3221 4712 3421 4778 gentes
3450 4706 3623 4775 (Psal.

2022 4816 2082 4865 ιι,
2117 4800 2190 4869 8),
2224 4820 2251 4846 ››
2284 4799 2351 4851 Et
2378 4797 2438 4851 in
2462 4796 2635 4852 Osee:
2671 4819 2695 4843 ‹‹
2734 4795 2928 4850 Dicam
2958 4813 3071 4849 non
3103 4796 3312 4867 pOpqu
3332 4811 3485 4860 meo,
3518 4797 3627 4850 Po-

2024 4886 2189 4958 pulus
2216 4902 2377 4940 meus
2431 4902 2490 4939 es
2544 4888 2604 4937 tn
2644 4883 2812 4938 (Osee.
2873 4901 2932 4951 ιι,
2965 4885 3074 4954 23).
3130 4884 3195 4937 Et
3250 4881 3383 4954 quia
3436 4885 3630 4953 posset

2024 4974 2203 5049 qumri
2234 4992 2307 5029 an
2329 4973 2399 5028 sit
2428 4973 2724 5028 habiturus
2769 4976 2987 5043 gentes,
3045 4970 3356 5041 respondet
3412 4969 3629 5023 faciens

2024 5065 2412 5139 apostrOphen
2441 5062 2513 5117 ad
2531 5061 2841 5127 auditéres,
2873 5062 2934 5113 ut
2981 5059 3129 5130 ipsas
3160 5062 3362 5128 gentes
3393 5058 3623 5128 magni-

2024 5154 2248 5208 ficando
2276 5152 2381 5206 sibi
2412 5149 2688 5205 obnoxias
2709 5147 2935 5201 reddat.
2978 5147 3120 5199 Vere
3142 5150 3314 5215 caput
3364 5146 3625 5215 gentium

2026 5244 2184 5309 fiam,
2220 5257 2356 5295 nam
2368 5238 2618 5309 populus,
2652 5253 2806 5307 quem
2838 5252 2943 5287 non
2970 5234 3216 5303 cognovi,
3244 5232 3303 5286 id
3352 5236 3435 5285 est
3477 5234 3626 5287 visus

2025 5345 2151 5383 sum
2183 5343 2300 5381 non
2331 5325 2683 5397 cognovisse,
2709 5338 2824 5377 non
2850 5322 3039 5377 dando
3062 5323 3254 5393 legem
3275 5321 3356 5375 eis
3380 5321 3463 5374 vel
3494 5336 3629 5391 pro-

2026 5418 2244 5489 phetas,
2274 5416 2509 5475 servivit,
2534 5413 2590 5466 id
2615 5416 2701 5465 est
2733 5411 2939 5466 serviet
2970 5409 3109 5465 mihi
3135 5426 3148 5463 :
3180 5413 3239 5463 et
3271 5409 3343 5462 ad
3360 5409 3477 5463 ‘Iioc
3510 5424 3628 5463 non

2027 5504 2135 5560 erit
2157 5503 2370 5571 tardus,
2406 5501 2505 5558 sed
2538 5503 2591 5556 in
2619 5500 2807 5555 auditu
2842 5500 2992 5555 auris
3020 5497 3249 5557 οἰδειίιίἰῖ
3274 5499 3422 5569 mihi,
3446 5497 3503 5555 id
3545 5504 3633 5559 cst
