4010 6032
415 236 516 289 707
1014 228 1072 285 s.
1115 226 1455 285 BRUNONIS
1497 222 2129 283 csmnusnnonuu
2165 182 2635 284 iusmuroms
2681 226 2836 296 OPP,
2877 226 3054 283 PARS
3094 228 3135 282 1.

3631 232 3737 287 7,08

414 372 590 429 quam
620 355 734 410 cito
747 371 887 409 aure
904 352 1163 426 corporis
1176 351 1650 424 praedicationem
1669 366 1865 406 meam
1882 364 2018 403 con-
2043 348 2100 407 A
2124 348 2270 404 iram
2301 352 2483 407 solam
2511 349 2754 422 ﬂagellis
2771 350 2997 406 caedent
3012 367 3108 404 me
3129 353 3187 403 et
3197 350 3481 405 occident.
3497 351 3733 407 Iracun-

409 444 600 515 cipiet,
635 443 775 498 mihi
808 458 938 497 mox
967 441 1215 496 obediet.
1251 442 1318 495 Et
1344 441 1491 495 bene
1516 440 1752 512 ponitur
1784 439 1930 492 auris
1946 436 2019 491 ad

409 532 915 604 exprobrationem
946 528 1300 595 Judmorum,
1337 528 1474 599 quia
1501 544 1631 582 cum
1668 527 1748 581 illi
1782 528 1841 580 et
1878 539 2016 579 aure

407 620 718 686 audissent,
770 621 829 673 et
857 616 1187 672 testimonio
1221 616 1666 687 Scripturarum,
1720 614 2016 668 intellectu

409 708 645 764 credere
684 707 1014 763 nolueinnt.
1061 706 1270 759 Gentes
1292 720 1426 759 vero
1459 703 1682 775 scriptis
1732 705 2011 767 carentes,

408 797 610 853 auditu
635 797 754 852 solo
795 794 1240 866 acquieverunt:
1301 793 1429 848 dico
1458 793 1593 864 quia
1618 794 1820 863 gentes
1873 790 2010 845 obe-

409 886 570 941 dient
603 902 615 939 :
647 884 748 953 ﬁlii
775 900 908 938 vero
928 882 1064 951 mei,
1100 882 1156 936 id
1183 884 1268 936 est
1294 880 1585 951 Judaeiqui
1612 878 1712 934 ﬁlii
1743 876 1860 933 mei
1890 893 2010 932 esse

409 975 642 1041 debent,
671 972 836 1028 alieni
862 989 898 1026 a
928 988 1020 1026 me
1069 970 1205 1025 facti
1249 970 1417 1041 culpa
1475 985 1610 1023 sua:
1658 968 1827 1039 juxta
1871 965 2013 1020 illud

406 1060 839 1135 propheticum:
874 1082 902 1108 ››
944 1059 1112 1113 Filios
1164 1058 1409 1113 enutrivi
1459 1059 1517 1112 et
1567 1055 1854 1111 exaltavi:
1904 1053 2011 1125 ipsi

406 1153 600 1206 autem
631 1151 973 1220 spreverunt
1003 1163 1098 1202 me
1123 1146 1139 1214 (
1166 1145 1290 1200 Isai.
1317 1163 1354 1211 1,
1388 1147 1506 1214 2).»
1527 1144 1751 1198 Mentiti
1775 1149 1919 1209 sunt,
1952 1141 2013 1195 id

405 1242 491 1293 est
514 1236 874 1293 mentientur
899 1253 911 1290 :
940 1237 999 1290 et
1027 1235 1138 1290 hoc
1163 1234 1328 1299 mihi,
1362 1233 1419 1288 id
1466 1237 1552 1287 est
1581 1233 1691 1286 hoc
1718 1230 2014 1301 continget

404 1327 478 1382 ad
508 1327 792 1381 honorem
819 1340 1018 1379 meum
1053 1340 1065 1377 :
1100 1322 1356 1377 dicentes
1380 1321 1461 1375 illi
1490 1320 1590 1374 ﬁlii
1622 1337 1634 1374 :
1686 1343 1713 1370 «
1745 1317 2010 1388 Discipuli

402 1413 578 1469 furati.
637 1415 771 1466 sunt
815 1427 989 1477 eum,
1044 1412 1102 1464 et
1146 1409 1414 1464 dixerunt
1466 1407 1619 1477 plebi
1673 1423 1687 1460 :
1756 1405 2013 1461 Surrexit

406 1500 540 1567 (Er.
574 1500 778 1557 Matth.
806 1499 950 1564 ult.).
972 1519 999 1546 »
1024 1498 1212 1552 Ethoc
1237 1497 1310 1551 ad
1329 1497 1615 1551 honorem
1630 1494 1860 1551 Domini
1880 1493 2007 1548 fuit.

402 1573 679 1661 53Cum
698 1586 855 1641 enim
871 1585 1130 1639 dicerent
1148 1585 1303 1656 quod
1328 1582 1748 1638 dormientibus
1761 1580 2008 1635 custodi-

2121 436 2225 491 dus
2256 438 2464 493 dicitur
2493 439 2588 511 qui
2622 438 2785 493 facile
2830 441 2887 492 et
2917 437 3131 509 absque
3172 437 3399 493 ratione
3444 437 3728 493 irascitur.

2120 523 2187 577 Et
2214 542 2333 581 non
2364 527 2549 581 solum
2581 525 2853 581 liberabis
2901 526 3001 580 sed
3042 524 3301 580 exaltabis
3329 543 3412 583 me
3462 524 3729 582 faciendo

2116 629 2189 666 ne
2206 614 2439 683 cedam;
2476 631 2570 669 me
2587 615 2737 681 dico,
2770 618 3106 685 exemptum
3135 613 3205 667 ab
3244 615 3644 684 insurgentibus
3668 614 3727 668 in

2112 718 2216 766 me,
2243 702 2301 757 id
2327 706 2412 758 est
2439 720 2474 757 a
2495 706 2777 775 potestate
2806 718 3031 759 eorum.
3066 703 3134 756 Et
3158 705 3331 757 antea
3357 718 3535 774 quam
3572 703 3725 759 exal-

2112 789 2219 856 tes,
2253 792 2441 861 eripies
2469 807 2574 857 me,
2595 789 3008 857 resuscitando,
3041 807 3076 843 a
3096 791 3211 845 viro
3239 792 3445 862 iniquo,
3482 790 3539 845 id
3579 793 3668 844 est
3692 807 3727 845 a

2112 881 2394 947 potestate
2422 879 2779 944 Iudaeorum,
2808 877 2905 950 qui
2934 878 3302 949 singulariter
3323 877 3409 933 vir
3434 879 3724 947 dicuntur,

2111 982 2181 1020 eo
2215 967 2370 1037 quod
2401 966 2461 1021 in
2492 966 2795 1038 iniquitate
2827 982 3007 1021 unum
3038 965 3173 1032 sint,
3200 968 3260 1020 et
3272 974 3555 1037 prapterea
3570 967 3729 1040 ,quia

2112 1054 2387 1109 exaltabis
2439 1057 2497 1109 et
2555 1055 2784 1127 eripies,
2828 1054 3115 1123 conﬁtebor
3151 1054 3256 1109 tibi
3305 1056 3361 1108 in
3391 1056 3722 1122 nationibus,

2113 1142 2377 1209 Domine,
2428 1142 2485 1198 id
2526 1147 2613 1197 est
2660 1158 2826 1198 veros
2872 1142 3228 1198 confessores
3271 1143 3523 1214 pariam:
3573 1148 3633 1199 et
3662 1144 3722 1198 in

2111 1230 2379 1300 gentibus
2406 1233 2470 1284 ut
2495 1230 2648 1285 idem
2672 1230 2731 1285 in
2763 1229 3070 1302 Evangelia
3094 1247 3108 1285 :
3138 1249 3169 1282 ‹‹
3188 1231 3341 1285 Alias
3371 1246 3504 1286 oves
3532 1232 3720 1288 habeo

2112 1334 2240 1389 quae
2270 1335 2387 1373 non
2419 1322 2552 1373 sunt
2583 1336 2651 1373 ex
2697 1318 2808 1374 hoc
2844 1318 2996 1373 ovili.
3044 1319 3112 1372 Et
3161 1318 3288 1373 illas
3343 1322 3574 1392 oportet
3622 1337 3722 1376 me

2112 1406 2418 1474 adducere,
2451 1409 2510 1461 et
2537 1421 2738 1462 vocem
2766 1423 2960 1462 meam
2986 1406 3224 1462 audient
3252 1406 3437 1480 (Joan.
3469 1426 3525 1475 ιι,
3558 1407 3666 1481 Ιῦ),
3690 1430 3718 1458 »

2112 1498 2170 1548 et
2191 1511 2307 1549 non
2346 1496 2530 1550 solum
2564 1495 2885 1551 confitebor
2922 1511 3044 1562 ore,
3077 1496 3177 1550 sed
3225 1498 3435 1550 nomini
3486 1504 3598 1564 tuo,
3658 1497 3721 1552 id

2110 1587 2193 1637 cst
2214 1583 2285 1637 ad
2307 1584 2592 1638 honorem
2619 1583 2873 1638 nominis
2899 1582 2979 1637 tui
3005 1583 3292 1654 psalmum
3326 1584 3609 1653 dicam,id
3631 1590 3722 1640 est

402 1678 508 1731 bus
521 1675 779 1746 discipuli
802 1673 974 1727 furati
1016 1675 1170 1737 sunt,
1204 1672 1375 1742 plane
1389 1670 1760 1725 mendacium
1783 1685 1903 1723 esse
1917 1685 2012 1740 pa—
2033 1692 2085 1751 Β
2112 1686 2207 1725 eas
2232 1675 2433 1741 gentes
2462 1672 2617 1726 bona
2668 1670 3006 1743 operatione
3058 1671 3295 1726 laudare
3348 1672 3576 1728 faciam.
3609 1674 3722 1728 Per

400 1763 645 1828 tuit.Qui
660 1762 817 1816 enim
833 1764 969 1815 tunc
983 1761 1368 1826 dormierunt,
1391 1758 1685 1829 quomodo
1706 1757 2010 1828 discipulos

401 1852 658 1906 furantes
695 1866 901 1921 corpus
931 1848 1137 1903 Christi
1193 1844 1619 1918 cognoverunt?
1647 1846 1713 1898 Et
1769 1861 1873 1916 per
1902 1845 2009 1899 hoc

400 1939 555 2012 quod
586 1937 943 2011 mentientur
970 1936 1071 1990 filii
1099 1936 1270 1991 alieni
1296 1936 1579 1989 inveterati
1603 1940 1747 1999 sunt,
1782 1933 1839 1987 id
1856 1932 2009 1986 estin

398 2031 680 2083 vetustate
709 2027 847 2081 Adae
878 2026 1269 2081 remanebunt
1300 2041 1313 2078 :
1351 2025 1616 2078 nolentes
1641 2038 1746 2093 per
1803 2021 2008 2075 Christi

398 2115 885 2171 resurrectionem
917 2113 1202 2169 renovari.
1235 2114 1302 2166 Et
1328 2112 1431 2183 ipsi
1470 2110 1772 2166 inveterati
1802 2110 2008 2164 claudi-

397 2209 672 2269 cavcrunt,
736 2202 794 2257 id
853 2206 938 2257 est
992 2202 1271 2256 errabunt
1353 2218 1385 2252 α
1439 2201 1640 2255 semitis
1685 2199 1793 2252 suis
1846 2214 2007 2252 rece-

399 2291 614 2359 dendo,
643 2290 703 2345 id
725 2292 811 2345 est
839 2306 874 2344 a
903 2289 1202 2344 subtilibus
1245 2287 1630 2342 intellectibus
1684 2285 2006 2358 Scriptura-

398 2395 532 2434 rum
563 2394 820 2433 suarum.
854 2377 1102 2432 Claudus
1132 2380 1333 2430 autum
1359 2374 1567 2430 dicitur
1598 2374 1693 2446 qui
1714 2391 1828 2429 uno
1859 2374 2007 2445 pede

397 2470 575 2533 recte,
609 2468 790 2521 altero
839 2482 972 2520 vero
1009 2463 1371 2536 inaequaliter
1414 2462 1624 2534 pergit.
1655 2464 1738 2517 Ita
1796 2466 1854 2516 et
1902 2461 2009 2534 ipsi

393 2554 879 2619 claudicaverunt,
906 2552 1265 2607 intellectum
1297 2567 1477 2605 unum
1506 2554 1726 2605 rectum
1762 2550 1821 2604 in
1857 2549 2006 2604 Scri-

394 2642 578 2716 pturis
602 2642 903 2709 habentes,
938 2641 995 2696 id
1028 2644 1114 2695 est
1143 2640 1216 2694 ad
1250 2639 1537 2707 litteram;
1593 2640 1843 2694 alterum
1871 2654 2006 2693 vero

389 2734 634 2799 tortum,
653 2730 711 2786 id
723 2733 811 2786 est
824 2730 1196 2801 allegoricum
1209 2770 1221 2782 .
1240 2729 1307 2783 Et
1318 2744 1449 2783 vere
1468 2726 1852 2783 mentiantur:
1870 2744 2008 2782 nam

395 2818 661 2874 Dominus
690 2818 907 2886 vivit,id
932 2820 1038 2884 est,
1069 2833 1177 2889 ego
1210 2815 1309 2888 qui
1339 2833 1373 2870 a
1397 2817 1564 2871 Patre
1587 2832 1713 2869 sum
1739 2816 2008 2870 constitu-

387 2911 479 2963 tus
495 2907 794 2974 Dominus,
822 2907 881 2961 in
914 2906 1082 2961 rebus
1110 2905 1296 2959 vivam
1348 2921 1524 2977 quem
1560 2904 1827 2958 dixerunt
1880 2922 1996 2960 non

387 2970 867 3063 resurrecturum,
887 2995 1053 3066 juxta
1083 2993 1243 3060 illud,
1275 3016 1301 3043 «
1335 2970 1509 3048 tertia
1552 2993 1642 3047 die
1671 2997 1934 3064 resurget
1963 3014 1991 3043 »
2016 2970 2065 3033 Ο

387 3084 594 3158 (Marc.
651 3100 769 3153 vni,
820 3084 955 3154 31).
1011 3084 1079 3137 Et
1131 3081 1267 3153 quia
1313 3080 1500 3136 vivam
1561 3080 1884 3147 benedictus,
1943 3080 2002 3135 id

384 3178 471 3228 est
490 3173 757 3228 laudatus
779 3172 853 3226 sit
875 3170 1020 3225 Deus
1049 3186 1195 3224 meus
1225 3173 1284 3223 et
1340 3186 1376 3223 a
1431 3185 1526 3224 me
1557 3172 1615 3222 et
1642 3185 1677 3223 a
1708 3169 1871 3225 meis.
1925 3167 2004 3221 Et

382 3261 665 3329 exaltetur,
714 3259 775 3313 id
815 3262 901 3313 est
946 3259 1305 3330 gloriﬁcetur
1352 3273 1457 3329 per
1512 3257 1999 3312 resurrectionem

381 3366 575 3405 meam
602 3367 614 3403 :
648 3350 796 3403 Deus
821 3350 1020 3405 auctor
1047 3346 1257 3409 salutis,
1288 3345 1348 3400 id
1399 3345 2002 3417 estmagniﬁcaturus

382 3437 442 3493 in
473 3437 776 3491 virtutibus
805 3453 817 3490 :
850 3434 1047 3489 salutes
1072 3436 1210 3505 regis
1247 3433 1380 3504 ejus.
1411 3434 1579 3489 Juxta
1607 3435 1952 3505 Apostolum
1983 3451 1996 3489 :

381 3550 408 3577 «
437 3524 943 3597 Quosjustificavit,
970 3522 1076 3577 bos
1104 3524 1163 3576 et
1204 3521 1597 3594 magniﬁcavit
1640 3521 1824 3592 (Rom.
1875 3539 1994 3588 vm,

381 3616 490 3684 30).
521 3635 549 3681 ξ»
581 3615 834 3685 Magnos,
857 3611 1121 3683 inquam,
1163 3610 1333 3665 faciet
1367 3610 1671 3665 salvandos
1699 3627 1735 3665 a
1770 3628 1865 3667 me
1901 3614 2000 3683 qui

378 3720 504 3758 sum
535 3719 631 3758 rex
662 3702 786 3773 ejus
800 3701 970 3773 juxta
992 3699 1133 3754 illud
1162 3715 1175 3753 :
1206 3721 1235 3749 «
1269 3698 1625 3754 Constitutus
1648 3715 1775 3754 sum
1791 3716 1890 3754 rex
1925 3702 1997 3756 ab

378 3808 449 3847 eo
477 3789 648 3862 (Psal.
682 3807 742 3857 ιι,
775 3792 848 3855 6).
881 3809 909 3837 »
954 3787 1177 3843 Salutes
1212 3803 1348 3842 vero
1404 3787 1569 3858 ponit
1617 3788 1945 3859 emphatice
1980 3805 1992 3843 :

377 3880 505 3935 dico
538 3878 919 3950 magniﬁcans
951 3892 964 3929 :
998 3877 1057 3929 et
1084 3876 1194 3929 hoc
1225 3890 1343 3929 non
1381 3891 1448 3928 ex
1504 3873 1726 3928 meritis
1760 3891 1992 3943 eorum,

376 3967 476 4021 sed
506 3967 565 4022 in
597 3965 801 4038 primis
820 3964 1057 4030 faciens,
1085 3962 1145 4016 id
1174 3964 1259 4017 est
1285 3961 1537 4015 facturus
1568 3963 1989 4021 misericordiam

378 4052 611 4119 Christo,
633 4052 693 4106 id
722 4054 809 4105 est
836 4048 961 4121 regi
987 4065 1081 4102 suo
1103 4047 1306 4115 David,
1350 4047 1495 4102 mihi
1550 4047 1763 4102 scilicet
1793 4048 1851 4102 in
1906 4067 1993 4108 re-

375 4139 702 4194 suscitando
729 4155 742 4192 :
777 4140 836 4192 et
865 4139 997 4209 post
1017 4137 1209 4190 semini
1222 4135 1355 4204 ejus,
1389 4135 1447 4189 id
1495 4138 1581 4189 est
1637 4136 1988 4207 spiritalibus

2112 1758 2217 1813 llas
2249 1776 2385 1814 vero
2412 1760 2729 1831 gratiarum
2761 1759 3038 1827 actiones,
3072 1777 3178 1815 nos
3198 1759 3443 1815 reddere
3475 1763 3592 1817 Deo
3611 1777 3719 1831 gra

2111 1847 2323 1901 tiarum
2354 1849 2607 1903 actiones
2634 1834 2884 1902 instruit.

2607 1937 2673 1991 IN
2707 1936 3028 1992 PSALMUM
3050 1936 3228 1991 XVIII.

2178 2023 2396 2077 Titulus
2414 2024 2599 2079 octavi
2620 2024 2829 2079 decimi
2850 2042 2862 2079 :
2885 2026 3165 2093 Psalmus,
3200 2025 3596 2082 attribuendus
3612 2029 3718 2083 Da-

2109 2111 2200 2166 vid
2230 2113 2563 2183 prophetee:
2598 2113 2654 2168 in
2687 2114 2888 2182 finem,
2910 2113 2970 2168 id
3014 2118 3100 2168 est
3130 2114 3187 2168 in
3215 2115 3501 2171 Christum
3533 2117 3714 2187 respi-

2109 2200 2320 2255 cienti:
2355 2202 2440 2256 vel
2484 2201 2542 2255 in
2596 2202 2773 2256 finem
2837 2207 3190 2274 temporum,
3223 2204 3281 2259 id
3338 2207 3424 2259 est
3455 2205 3515 2258 in
3573 2210 3724 2261 tem-
3790 2269 3803 2279 ‘

2108 2304 2252 2359 pore
2302 2289 2701 2361 plenitudinis,
2729 2290 2883 2345 unde
2910 2292 3216 2363 Apostolus
3250 2308 3263 2346 :
3305 2292 3422 2348 Nos
3450 2310 3631 2347 sumus
3661 2296 3721 2347 in

2123 2392 2256 2447 quos
2280 2378 2412 2444 ﬁnes
2463 2377 2779 2431 saeculorum
2820 2377 3143 2432 devenerunt
3189 2378 3252 2450 (Ι
3277 2378 3410 2434 Cor.
3468 2398 3522 2449 x,
3586 2385 3641 2436 Η
3674 2387 3717 2447 ).

2110 2463 2402 2535 Propheta
2420 2464 2740 2533 praevidens
2763 2464 3173 2537 praedicatores
3194 2466 3718 2523 adinstructienem

2111 2550 2373 2605 Ecclesiae
2395 2567 2429 2606 a
2448 2553 2564 2607 Deo
2591 2552 2911 2608 mittendos
2938 2569 2951 2607 :
2985 2559 3045 2607 et
3085 2569 3290 2609 eorum
3326 2554 3517 2610 officio
3548 2557 3719 2611 mira-

2110 2639 2234 2707 bili,
2266 2640 2459 2711 legem
2514 2657 2620 2712 per
2669 2644 2932 2696 sanctum
2982 2640 3259 2713 Spiritum
3309 2643 3712 2711 exhibendam,

2110 2744 2237 2799 qua:
2260 2728 2636 2783 immaculata
2665 2728 2777 2783 erit
2814 2732 2873 2783 et
2901 2733 3101 2785 sancta
3134 2747 3149 2786 :
3199 2731 3273 2786 ad
3327 2748 3713 2787 successorum

2108 2832 2345 2870 suorum
2388 2816 2851 2884 instructionem,
2897 2817 3079 2872 sancti
3137 2817 3380 2889 Spiritus
3436 2820 3712 2891 agilitate,

2110 2905 2267 2975 quod
2291 2904 2549 2959 futurum
2577 2908 2663 2959 est
2689 2905 2848 2977 quasi
2864 2921 3136 2977 praesens,
3157 2907 3235 2962 sic
3251 2908 3561 2978 gaudendo
3572 2924 3715 2980 prm-

2110 2991 2300 3046 dicere
2330 2992 2600 3048 intendit.

2173 3063 2308 3150 54
2326 3077 2459 3134 Coeli
2479 3088 2737 3136 enarrant
2768 3081 2995 3153 gloriam
3018 3081 3207 3150 Dei,id
3229 3087 3314 3137 est
3343 3083 3710 3155 apostoli,qui

2101 3168 2455 3222 sublimitate
2475 3168 2754 3224 virtutum
2785 3170 3013 3225 dicendi
3025 3173 3158 3225 sunt
3172 3171 3305 3225 caeli.
3322 3171 3493 3227 Extra
3512 3188 3712 3228 narra-

2100 3255 2266 3323 bunt,
2290 3254 2349 3310 id
2370 3257 2533 3311 estin
2558 3259 2887 3330 propatulo,
2916 3257 3228 3330 gloriosam
3267 3260 3577 3314 essentiam
3606 3260 3707 3315 Dei

2101 3342 2248 3411 Filii,
2276 3347 2340 3397 ut
2382 3343 2633 3399 Joannes
2660 3345 3041 3417 evangelista:
3100 3368 3127 3394 «
3160 3347 3223 3399 In
3266 3330 3549 3418 principio
3582 3350 3709 3402 erat

2102 3432 2380 3499 Verbum,
2445 3453 2474 3482 »
2543 3436 2652 3488 etc.
2723 3433 2910 3504 (Joan.
2970 3450 3011 3500 1,
3062 3434 3165 3503 l.)
3216 3434 3284 3488 Et
3352 3433 3510 3489 idem
3577 3434 3704 3490 cmli

2101 3520 2213 3575 alia
2238 3521 2699 3577 consideratione
2742 3521 2971 3576 dicendi
3016 3522 3413 3590 ﬁrmamentum
3471 3539 3701 3579 annun-

2099 3609 2268 3676 tiant,
2296 3610 2353 3664 id
2384 3613 2470 3664 est
2490 3610 2919 3666 annuntiabunt
2948 3627 3105 3681 opera
3136 3611 3270 3681 ejus,
3321 3610 3379 3665 id
3430 3614 3516 3666 est
3566 3628 3700 3666 san-

2099 3700 2191 3751 cta
2218 3714 2395 3769 opera
2440 3714 2568 3769 quae
2614 3701 3015 3769 processerunt
3060 3714 3125 3752 ex
3159 3699 3447 3766 manibus,
3498 3699 3557 3754 id
3615 3704 3705 3754 est

2098 3785 2491 3840 affectionibus
2532 3786 2673 3857 ejus,
2733 3786 2793 3840 id
2850 3789 2937 3841 est
2979 3803 3157 3858 opera
3226 3803 3355 3857 quae
3408 3787 3698 3842 humanus

2095 3874 2343 3928 existens
2382 3876 2757 3945 corporaliter
2802 3876 2939 3946 egit,
2986 3879 3049 3929 ut
3078 3876 3384 3947 Apostolus
3427 3891 3441 3930 :
3494 3898 3521 3923 ‹‹
3569 3875 3694 3931 Νοιι

2084 3961 2336 4031 judicavi
2386 3979 2481 4017 me
2526 3962 2671 4018 scire
2722 3964 2873 4018 inter
2934 3980 3033 4018 vos
3062 3963 3199 4017 -nisi
3263 3963 3551 4019 Christum
3605 3966 3694 4019 Je-

2091 4065 2240 4116 sum,
2288 4053 2346 4103 et
2369 4051 2523 4105 hunc
2553 4051 2883 4106 cruciﬁxum
2915 4050 2973 4123 (Ι
2997 4050 3124 4105 Cor.
3166 4068 3227 4118 11,
3251 4055 3285 4107 2
3308 4092 3321 4105 .
3352 4073 3381 4100 ››
3450 4053 3517 4106 Et
3545 4052 3693 4108 bene

2090 4135 2149 4190 in
2180 4137 2287 4191 hoc
2312 4136 2449 4192 dicit
2479 4155 2578 4193 eos
2628 4139 3044 4207 ﬁrmamentum,
3096 4155 3228 4193 cum
3278 4139 3435 4193 enim
3471 4139 3531 4193 in
3577 4140 3687 4195 hoc

374 4226 505 4287 filiis
534 4226 655 4297 ejus
685 4225 873 4280 cundo
904 4240 1066 4295 usque
1096 4224 1151 4276 in
1174 4222 1423 4276 saculum
1446 4222 1726 4291 futurum,
1769 4224 1986 4280 miseri-
2008 4223 2062 4283 D
2085 4226 2486 4281 annuntiundo
2536 4227 2688 4281 ﬁrmi
2718 4227 2931 4295 forent,
2964 4226 3096 4281 fidei
3128 4228 3563 4282 ﬁrmamentum
3606 4228 3691 4282 in-

371 4313 630 4368 cordiam
660 4311 925 4367 faciendo
956 4308 1486 4382 degenerationein
1516 4310 1975 4381 generationem.

370 4402 486 4455 Hoc
517 4403 714 4455 autem
744 4399 899 4471 quod
934 4397 1272 4469 interponit,
1320 4397 1487 4461 Deus,
1533 4400 1631 4469 qui
1677 4398 1793 4462 das,
1842 4405 1975 4470 etc.,

371 4488 719 4559 apostropha
747 4490 834 4542 est
858 4487 932 4542 ad
952 4488 1135 4542 Deum
1155 4501 1287 4540 cum
1308 4486 1629 4557 gratiarum
1656 4487 1882 4543 actione
1904 4489 1974 4545 de

370 4576 477 4632 hoc
506 4576 662 4648 quod
675 4575 932 4648 superius
953 4574 1203 4630 ostendit
1218 4575 1449 4629 Patrem
1467 4574 1767 4631 daturum:
1796 4578 1974 4643 ethoc

368 4665 445 4719 sic
471 4663 609 4718 dicit
640 4679 653 4717 :
688 4663 823 4717 Dico
854 4662 1188 4717 benedictus
1219 4664 1365 4717 Deus
1394 4666 1452 4718 et
1480 4663 1560 4718 ita
1588 4664 1662 4719 sit
1695 4682 1708 4720 :
1734 4666 1971 4721 benedi-

2080 4313 2429 4370 firmioribus
2453 4318 2638 4370 erant.
2674 4313 2944 4378 Quamvis
2971 4314 3128 4369 enim
3173 4314 3459 4371 Christum
3502 4317 3685 4371 Deum

2077 4400 2447 4472 etlhominem
2458 4403 2591 4457 licet
2602 4406 2893 4457 mortuum
2910 4406 2967 4458 et
2979 4402 3258 4458 afﬂictum
3270 4404 3685 4476 humanisque-

2074 4507 2187 4563 que
2218 4490 3132 4561 necessitatibuscircumventum;
3154 4492 3468 4548 Dominum
3482 4496 3680 4548 tamen

2074 4579 2341 4634 omnium
2366 4582 2424 4633 et
2450 4595 2652 4652 regem
2684 4580 2952 4651 Patrique
3005 4579 3551 4636 consubstantialem
3582 4598 3683 4637 an-

2072 4666 2395 4722 nuntiando
2427 4667 2582 4722 stulti
2613 4667 2685 4722 ab
2709 4667 3015 4722 incredulis
3044 4684 3165 4723 esse
3189 4668 3678 4739 judicarentur,in

282 4811 295 4818 _
368 4754 489 4807 ctus
520 4750 593 4806 sis
623 4751 771 4805 Deus
800 4750 897 4821 qui
918 4749 1038 4817 das,
1067 4748 1125 4804 id
1155 4752 1239 4804 est
1268 4750 1433 4805 dabis
1459 4752 1596 4805 mihi
1611 4752 1879 4811 vindictas
1900 4755 1971 4809 de

2071 4754 2179 4810 hoc
2211 4758 2408 4810 tamen
2443 4754 2596 4809 ﬁrmi
2643 4758 2700 4809 et
2733 4755 3059 4811 immobiles
3106 4756 3431 4812 nullatenus
3478 4758 3679 4813 erube-

363 4839 573 4897 Judaais
596 4841 660 4893 ut
689 4838 948 4910 superius
976 4838 1230 4892 ostendit
1254 4838 1375 4893 sic:
1417 4838 1689 4894 0dientes
1721 4857 1816 4896 me
1864 4843 1971 4897 dis-
2070 4844 2281 4899 scendo
2330 4844 2732 4915 persistcbant,
2768 4848 2834 4898 ut
2880 4845 3181 4916 Apostolus
3211 4860 3224 4898 :
3260 4843 3388 4901 Non
3433 4845 3676 4902 erubesco

364 4927 661 4999 perdidisti
692 4930 750 4981 et
779 4927 1177 4981 comminuam
1199 4942 1298 4981 eos
1320 4930 1379 4980 et
1413 4927 1617 4983 delebo
1649 4946 1766 4996 eos,
1790 4933 1847 4985 et
1875 4932 1971 4986 be-
2065 4930 2424 5002 Evangelium
2452 4949 2469 4984 :
2495 4933 2663 4986 virtus
2720 4934 2860 4986 enim
2889 4931 2994 4987 Det
3022 4938 3097 4987 est
3125 4931 3307 5001 (Rom,
3333 4950 3374 5002 1,
3422 4935 3509 5006 l6)
3545 4951 3557 4989 :
3615 4938 3676 4989 et

363 5016 625 5071 nedictus
640 5015 714 5070 sis
739 5014 836 5086 qui
862 5014 1060 5081 subdis,
1076 5014 1134 5069 id
1148 5017 1234 5069 est
1251 5014 1459 5069 subdes
1468 5017 1713 5086 populos
1741 5019 1838 5073 sub
1862 5036 1964 5086 me,
2067 5020 2202 5074 alibi
2237 5037 2249 5073 :
2276 5043 2303 5071 «
2324 5020 2490 5083 Quod
2514 5020 2811 5075 inﬁrmum
2829 5025 2916 5075 est
2940 5021 3061 5089 Dei,
3091 5021 3293 5077 fortius
3318 5025 3405 5077 est
3423 5021 3673 5078 homini-

361 5107 425 5158 ut
441 5119 615 5175 supra
645 5102 793 5157 dixi:
828 5103 1038 5157 cadent
1068 5103 1265 5157 subtus
1287 5102 1464 5174 pedes
1483 5120 1664 5171 meos,
1692 5107 1749 5160 et
1780 5122 1964 5178 popu-
2065 5106 2170 5161 bus
2191 5105 2255 5176 (Ι
2278 5105 2403 5163 Cor.
2434 5124 2472 5173 1,
2506 5109 2612 5179 l5).
2641 5125 2668 5155 »
2701 5107 2846 5171 Quia
2871 5107 3091 5163 dixerat
3139 5125 3238 5163 eos
3266 5109 3669 5165 anuntiaturos

359 5192 447 5246 lus
471 5207 645 5263 quem
660 5207 777 5245 non
805 5191 1090 5262 cognovi;
1135 5194 1243 5246 etc.
1295 5191 1362 5243 Et
1402 5190 1532 5246 ideo
1564 5193 1750 5247 adhuc
1793 5194 1965 5249 bene—
2062 5194 2309 5266 gloriam
2332 5198 2390 5250 et
2416 5211 2612 5268 Opera,
2659 5212 2732 5251 ne
2782 5198 3117 5268 putaremus
3152 5196 3308 5268 quod
3354 5197 3662 5252 indiscrete

358 5278 541 5334 dictus
564 5278 660 5346 sis,
694 5277 828 5349 quia
855 5278 967 5332 eris
1023 5278 1272 5332 liberator
1310 5295 1456 5332 meus
1507 5296 1579 5334 ne
1638 5280 1840 5335 cedam
1896 5282 1962 5337 de
2060 5283 2258 5338 omnia
2288 5282 2557 5338 omnibus
2602 5283 3035 5353 annuntiarent,
3085 5284 3348 5355 praedicit
3380 5300 3478 5341 eos
3532 5301 3663 5341 cum

357 5366 589 5423 inimicis
612 5369 739 5421 meis
760 5365 1048 5429 iracundis,
1064 5366 1355 5422 deludaeis
1370 5367 1582 5423 scilicet
1601 5367 1696 5440 qui
1718 5373 1957 5442 propter
2057 5371 2400 5427 discretione
2430 5371 2539 5426 hoc
2570 5375 2797 5428 acturos
2818 5371 2895 5427 sic
2927 5388 2939 5427 :
2965 5371 3091 5428 dico
3130 5372 3285 5448 quod
3328 5376 3387 5429 et
3412 5374 3661 5447 gloriam
