3994 6042
207 216 311 268 70:)

1202 218 1559 276 EXPOSITIO
1600 222 1673 275 IN:
1709 216 2038 281 PSALMOS.
2075 260 2141 267 —
2175 228 2366 284 PSAL.
2400 232 2556 286 xvm

3421 250 3525 301 '7”)

202 332 265 421 et
296 348 475 421 opera
510 333 958 421 annuntiabunt,
995 338 1053 389 et
1110 337 1218 390 hoc
1271 354 1401 393 cum
1452 339 1815 397 discretione.
1842 349 1897 407 Α,
1917 345 2025 399 fuit
2053 347 2286 403 debilis:
2321 350 2421 404 sed
2454 340 2515 406 ut
2530 354 2683 419 gigas
2709 354 2834 421 fuit,
2864 356 2922 410 id
2953 361 3039 411 est
3070 359 3232 415 fortis
3261 364 3333 418 ad
3363 381 3525 420 com-

202 416 351 470 Nam
383 419 492 471 (lies
521 420 637 476 diei
679 429 882 476 eructat
906 423 1141 485 verbum,
1188 434 1236 478 et
1268 444 1374 480 no.1:
1419 432 1563 482 nocti
1619 431 1819 484 indicat

200 511 501 577 scientiam,
534 510 591 564 id
624 514 709 563 est
742 509 846 580 ipsi
900 509 1125 564 dicendi
1167 513 1308 579 dies,
1360 515 1417 570 id
1448 520 1534 570 est
1581 518 1717 572 clari
1763 522 1820 572 et

203 596 411 667 fulgidi
439 597 497 651 in
530 598 793 652 doctrina
822 597 929 651 illis
956 598 1051 669 qui
1080 605 1215 655 sunt
1252 603 1391 671 dies,
1424 604 1479 659 id
1512 611 1597 661 est
1626 608 1816 677 splen-

202 684 325 738 didi
360 686 418 739 in
450 686 766 753 intellectu,
787 690 849 740 ut
864 687 1070 741 Paulus
1088 690 1382 762 Dionysio,
1407 697 1671 748 eructant
1695 712 1815 750 ver-

203 774 347 827 bum
382 790 395 828 :
430 774 632 829 Filium
660 775 760 830 Dei
792 774 1025 842 scilicet,
1044 776 1101 829 id
1128 782 1213 832 est
1238 797 1304 833 ex
1334 782 1623 851 profunda
1648 787 1706 837 et
1729 784 1817 838 in-

200 863 405 917 teriori
436 864 717 935 sapientia
746 862 930 933 ipsisa
954 869 1066 921 Deo
1099 870 1234 923 data
1255 869 1545 938 profertur
1574 871 1820 926 essentia

200 952 363 1007 verbi
390 951 492 1008 Dei
508 953 582 1007 ad
601 956 1210 1025 modumructantium
1225 974 1292 1011 ex
1310 957 1679 1013 interioribus
1691 977 1819 1031 pro-

203 1040 466 1096 ductum.
501 1043 661 1097 Unde
692 1045 1032 1117 Apostolus:
1067 1068 1093 1096 ‹‹
1128 1044 1529 1116 Spiritualibus
1558 1047 1821 1118 spiritua-

200 1128 281 1182 lia
310 1135 715 1199 comparantes
745 1133 803 1204 (Ι
846 1132 985 1189 Cor.
1043 1152 1103 1200 ιι,
1156 1134 1260 1203 13).
1295 1154 1324 1181 ››
1360 1135 1426 1189 Et
1481 1134 1587 1205 ipsi
1642 1135 1818 1189 etiam

203 1216 513 1272 existentes
531 1237 664 1287 nox,
698 1220 755 1274 id
768 1226 852 1276 est
862 1223 1021 1295 parvi
1037 1226 1122 1276 est
1136 1238 1251 1276 non
1270 1221 1469 1293 fulgidi
1484 1223 1732 1276 multum
1758 1223 1817 1276 in

203 1306 780 1379 doctrina,quantum
794 1312 865 1365 ad
882 1312 1006 1366 illos
1022 1311 1121 1383 qui
1142 1315 1275 1364 sunt
1290 1328 1402 1364 nox
1424 1310 1481 1364 in
1504 1311 1816 1376 intellectu,

201 1394 264 1448 id
293 1390 547 1466 est‘parvi
580 1402 639 1452 et
666 1416 785 1454 non
807 1400 1031 1471 fulgidi,
1061 1399 1635 1454 indicantscientiam
1654 1400 1832 1464 eis,id'

201 1488 293 1537 est
323 1485 421 1538 illa
451 1503 578 1557 qua)
611 1504 814 1543 eorum
843 1489 1102 1555 scientia,
1134 1488 1191 1542 id
1223 1491 1308 1542 est
1338 1489 1626 1544 saecularis
1657 1488 1820 1542 intel-

202 1576 387 1628 lectus
419 1592 626 1647 capere
655 1593 773 1630 non
806 1581 1025 1647 potest;
1059 1578 1211 1632 unde
1243 1578 1550 1647 Apostolus
1578 1594 1590 1630 :
1648 1597 1679 1627 «
1710 1578 1817 1631 Lac

202 1664 366 1718 vobis
413 1669 614 1735 potum
669 1667 823 1729 dedi,
882 1685 999 1721 non
1050 1682 1239 1721 escam
1292 1664 1472 1736 (ICor.
1518 1683 1599 1727 ῐιῐ,
1650 1670 1704 1731 2)
1737 1683 1749 1719 :
1786 1688 1813 1714 ››
1849 1677 1864 1689 '

201 1755 264 1804 et
295 1752 430 1805 alibi
462 1770 474 1807 :
508 1776 535 1802 ‹‹
568 1755 691 1807 Νοη
723 1754 883 1825 potui
912 1755 1072 1809 vobis
1102 1753 1257 1825 loqui
1288 1754 1446 1824 quasi
1475 1753 1814 1823 sprirituali-

204 1840 333 1908 bus,
363 1841 462 1895 sed
485 1842 644 1912 quasi
674 1843 1000 1897 carnalibus
1029 1842 1210 1913 (Ibid.)
1244 1860 1256 1896 :
1297 1860 1327 1893 >>
1366 1842 1555 1895 ethoc
1601 1842 1816 1895 faciunt

198 1929 468 1983 miriﬁce.
530 1930 673 1984 Nam
744 1948 851 1984 non
916 1939 1041 1984 sunt
1119 1930 1334 2001 loquelae
1392 1948 1557 2000 neque
1618 1947 1812 1983 sermo-

194 2036 312 2085 nes,
339 2020 472 2085 etc.,
507 2018 562 2072 id
605 2022 713 2087 est,
778 2037 895 2073 non
928 2022 1063 2074 sunt
1116 2020 1327 2090 linguae
1359 2018 1503 2072 adeo
1553 2018 1811 2083 diversm,

196 2124 392 2179 neque
420 2123 718 2163 sermones
749 2108 894 2163 adeo
922 2108 1132 2173 ornati,
1183 2124 1369 2179 neque
1404 2108 1458 2160 in
1519 2107 1815 2161 dialectica

195 2214 390 2267 neque
444 2196 502 2250 in
562 2197 869 2263 rhetorica,
931 2214 1177 2268 quorum
1236 2214 1342 2249 non
1387 2196 1701 2260 audiantur,
1755 2194 1814 2249 id

194 2285 374 2340 estin
427 2283 632 2355 quibus
682 2302 798 2339 non
850 2285 1158 2339 audiantur
1208 2302 1353 2338 voces
1405 2301 1605 2337 eorum.
1668 2282 1812 2349 Quo-

192 2391 327 2427 rum
356 2373 520 2445 ponit
544 2391 649 2444 pro
708 2375 956 2428 ablativo
990 2391 1152 2428 more
1208 2374 1557 2439 Graecorum,
1617 2372 1672 2426 id
1729 2374 1815 2425 est

193 2465 361 2517 nulla
390 2466 478 2517 est
515 2464 713 2534 lingua
766 2480 955 2534 neque
991 2466 1230 2518 ornatus
1280 2478 1616 2517 sermonum
1671 2476 1812 2531 quos

192 2553 509 2623 ignorent:
554 2555 613 2606 et
638 2551 843 2623 quibus
873 2554 1133 2623 nequaut
1157 2552 1432 2621 adaptare
1471 2567 1635 2605 voces
1661 2566 1808 2615 suas,

192 2641 344 2695 utin
376 2639 595 2695 actibus
624 2640 1032 2712 Apostolorum
1069 2657 1080 2694 :
1131 2661 1159 2689 «
1192 2639 1598 2710 Loquebantur
1643 2637 1813 2691 variis

194 2728 413 2798 linguis
437 2727 682 2800 apostoli
702 2728 855 2797 (Act.
887 2729 1040 2799 11,4).
1070 2749 1098 2777 »
1130 2729 1195 2781 Et
1219 2729 1339 2782 haec
1359 2744 1475 2780 non
1504 2726 1811 2780 annuntia-

194 2816 345 2870 bunt
374 2816 435 2869 in
466 2816 692 2869 occulto
750 2818 836 2870 vel
867 2816 1082 2886 paucis,
1114 2816 1216 2871 sed
1261 2815 1518 2869 dilatato.
1578 2815 1722 2868 Nam
1755 2816 1811 2866 in

194 2921 410 2958 omnem
471 2911 666 2958 terram
725 2906 911 2967 exivit,
935 2905 996 2959 id
1051 2908 1136 2959 est
1164 2903 1333 2971 exiet,
1372 2920 1548 2969 sonus,
1615 2902 1671 2956 id
1727 2905 1813 2956 est

194 3000 359 3054 fama
421 3015 619 3067 eorum,
654 3007 703 3054 et
734 3003 789 3055 in
818 3002 949 3070 ﬁnes
997 3001 1137 3055 orbis
1180 3006 1333 3053 terra?
1388 3000 1567 3061 verba,
1600 2998 1659 3052 id
1727 3000 1813 3051 est

193 3086 534 3160 prmdicatio
561 3104 764 3142 eorum.
792 3089 954 3143 Unde
982 3089 1298 3159 Propheta:
1332 3110 1359 3137 ‹‹
1389 3089 1449 3140 In
1468 3086 1666 3140 insulis
1682 3102 1809 3157 qua:

194 3176 398 3247 procul
433 3179 567 3229 sunt
583 3175 753 3231 dicite
790 3195 802 3231 :
839 3176 1411 3247 Quidispersitlsrael
1434 3174 1811 3245 congregabit

193 3280 356 3329 eum,
372 3265 506 3328 etc.,
525 3262 740 3330 (Jerem.
766 3268 1042 3333 xxx1,10).
1061 3286 1088 3312 ››
1117 3266 1327 3318 Eorum
1346 3263 1472 3317 dico
1494 3262 1808 3317 dicentium

196 3353 351 3405 Deus
381 3352 546 3420 pater
564 3352 745 3419 posuit
778 3351 1183 3405 tabernaculum
1211 3369 1365 3404 suum
1402 3353 1458 3403 in
1486 3350 1609 3415 sole,
1642 3350 1699 3404 id
1727 3354 1812 3404 est

196 3436 456 3503 Domini,
473 3454 603 3490 cum
620 3437 924 3492 hominem
949 3440 1005 3493 iu
1026 3456 1141 3510 quo
1154 3439 1390 3492 verbum
1412 3455 1579 3492 suum
1607 3438 1813 3492 milita-

192 3526 377 3591 vit,ad
397 3526 639 3581 modum
657 3527 917 3598 equitum
941 3528 995 3581 in
1012 3527 1397 3582 tabernaculis
1411 3519 1807 3592 militantium,

193 3613 391 3685 posuit
402 3612 458 3667 in
471 3617 609 3667 testu
627 3615 1139 3683 tribulationum,et
1153 3615 1164 3668 i
1173 3632 1270 3685 pse
1284 3615 1496 3687 positus
1507 3630 1622 3668 non
1636 3614 1809 3668 invite

192 3702 491 3757 sustinuit:
511 3703 611 3756 sed
629 3703 725 3773 qui
756 3720 860 3774 per
889 3704 1199 3776 prophetas
1232 3702 1721 3773 militaverat,ipse
1748 3703 1804 3756 in

194 3807 448 3862 persona
480 3806 582 3843 sua
610 3792 892 3845 (’l‘Sltlllft‘it
922 3793 993 3845 ad
1024 3792 1521 3857 currendamviam,
1542 3791 1599 3845 id
1625 3793 1709 3844 est
1735 3790 1809 3844 ad

195 3880 312 3934 cito
337 3878 748 3948 complendam
771 3880 952 3933 Patris
965 3879 1513 3950 obedientiam,qua3
1532 3878 1809 3933 l‘uiteivia

195 3968 271 4021 ad
302 3966 551 4038 gloriam
602 3984 670 4020 ex
718 3984 785 4021 eo
838 3971 1099 4039 tempore
1142 3986 1255 4039 quo
1289 3967 1395 4020 fuit
1414 3966 1700 4037 procedens
1744 3966 1808 4019 de

198 4056 459 4117 thalamo,
513 4054 571 4108 id
600 4058 686 4108 est
717 4056 788 4110 de
820 4057 1055 4127 virginis
1086 4059 1249 4110 utero
1277 4073 1289 4109 :
1321 4072 1436 4122 suo,
1476 4056 1533 4110 id
1581 4059 1668 4110 est
1700 4055 1806 4109 sibi

195 4162 457 4217 congruo
494 4159 507 4202 :
547 4148 652 4217 ipse
683 4144 807 4199 dico
836 4145 1351 4215 cxistcustanquam
1380 4161 1617 4214 sponsus,
1640 4143 1697 4197 id
1723 4147 1808 4197 est

1918 436 2285 523 parationem
2313 438 2563 509 gigantis
2584 458 2755 512 quem
2786 446 2974 499 nullus
3000 448 3280 518 impedire
3305 456 3521 523 potest:

1920 522 2047 577 dico
2077 526 2233 594 quod
2266 526 2372 579 fuit
2404 530 2744 597 procedens,
2779 536 2837 586 et
2868 536 3128 604 quamvis
3156 555 3222 592 ex
3270 522 3524 597 thalamo

1916 611 2153 682 virginis
2183 617 2461 684 processit
2493 633 2506 671 :
2543 620 2743 673 tamen
2773 626 2996 689 egressio
3022 624 3155 693 ejus,
3183 626 3241 681 id
3262 631 3347 682 est
3366 630 3528 700 geni-

1918 701 2047 755 tura
2077 702 2200 771 ejus
2230 706 2315 756 cst
2351 721 2384 757 a
2412 722 2617 760 summa
2649 708 2790 769 caelo,
2820 710 2877 764 id
2899 714 2985 765 est
3015 729 3048 766 a
3078 715 3266 780 Patre,
3291 717 3388 788 qui
3419 734 3525 772 coe-

1916 790 2039 843 lum
2071 790 2465 862 est,dignitate
2486 795 2726 850 Deitatis
2749 800 2806 851 et
2831 799 3204 856 sublimitate.
3241 803 3525 859 Summum

1916 895 2050 932 vero
2082 878 2315 933 dicitur:
2352 898 2470 936 non
2499 883 2652 953 quod
2676 885 2946 956 majorsit
2974 889 3135 956 Filio,
3168 891 3266 945 sed
3285 893 3524 963 quodab

1918 982 1986 1019 eo
2004 965 2588 1025 inneﬁ'abiliterFilius
2606 973 2836 1042 genitus
2849 978 2933 1029 est
2938 975 3276 1045 juxtaillud:
3296 1002 3323 1030 «
3342 980 3523 1035 Gene-

1918 1054 2209 1109 rationem
2227 1057 2277 1125 ej
2288 1074 2351 1111 us
2363 1059 2489 1129 quis
2505 1061 3164 1133 enarrabit(Isai.Ix,8;?»
3181 1068 3250 1120 Et
3264 1069 3524 1140 quamvis

1918 1144 2233 1197 secundum
2255 1147 2647 1216 egressionem
2679 1149 2822 1204 alius
2846 1151 2919 1206 sit
2948 1152 3004 1206 in
3038 1170 3304 1224 persona,
3323 1158 3522 1212 tamen

1918 1246 2163 1285 occursus
2183 1233 2296 1302 ejus
2326 1237 2410 1287 est
2434 1237 2682 1307 usquead
2695 1256 2963 1293 summum
2985 1241 3117 1311 ejus,
3138 1242 3196 1297 id
3221 1247 3306 1298 est
3329 1261 3522 1300 occur-

1919 1317 1996 1371 rit
2024 1335 2201 1389 usque
2230 1321 2303 1374 ad
2320 1324 2719 1378 summitatem
2739 1326 3052 1381 divinitatis
3064 1329 3187 1399 ejus
3198 1330 3410 1387 scilicet
3428 1349 3525 1403 pa-

1922 1405 2042 1458 tris.
2077 1405 2242 1469 Quod
2268 1413 2353 1462 est
2383 1408 2757 1465 dicerezLicet
2781 1412 2988 1468 aliusin
3012 1421 3521 1490 persona,a2qualis

1921 1496 2116 1548 tamen
2147 1498 2233 1548 est
2261 1496 2321 1549 in
2348 1498 2613 1552 essentia.
2648 1500 2715 1553 Et
2742 1501 2889 1555 bene
2944 1504 3109 1573 ponit
3136 1521 3456 1573 occursum,
3488 1525 3524 1563 a

1917 1580 2290 1637 similitudine
2322 1601 2523 1639 eorum
2556 1587 2652 1657 qui
2683 1588 2787 1641 sibi
2820 1596 3147 1657 occurrunt,
3176 1597 3236 1647 ut
3258 1594 3311 1647 in
3342 1612 3519 1650 unam

1879 1683 1882 1687 '
1918 1686 2168 1724 massam
2201 1674 2578 1727 conveniant:
2615 1675 2693 1729 ita
2722 1680 2781 1730 et
2814 1677 2983 1732 Filius
3012 1681 3163 1733 Patri
3190 1682 3248 1735 in
3285 1685 3523 1737 summi-

1916 1761 2032 1811 tate
2057 1760 2326 1826 occurrit,
2360 1761 2417 1815 id
2447 1766 2530 1815 est
2551 1779 2680 1816 cum
2718 1764 2867 1818 eoin
2900 1766 3195 1822 divinitate
3220 1772 3514 1826 convenit:

1915 1848 2231 1901 secundum
2263 1865 2398 1903 vero
2424 1852 2862 1907 translationem
2903 1855 3269 1923 Hebraicam,
3298 1858 3354 1912 in
3405 1876 3521 1930 qua

1913 1936 2195 1990 habetur:
2232 1960 2258 1986 ‹‹
2288 1939 2345 1990 In
2389 1939 2508 1993 sole
2540 1941 2728 2009 posuit
2786 1942 3219 1998 tabernaculum
3260 1964 3424 2001 suum
3457 1949 3518 2003 in

1914 2023 2012 2089 eis,
2048 2045 2074 2072 »
2103 2024 2181 2078 sic
2214 2024 2453 2093 dicetur,
2478 2027 2739 2099 dixiquia
2757 2030 2879 2085 coeli
2902 2036 3177 2086 enarrant
3196 2034 3441 2103 gloriam
3462 2040 3522 2091 et

1913 2127 2124 2181 opera;
2157 2116 2215 2165 et
2240 2112 2295 2165 in
2327 2130 2567 2167 omnem
2591 2118 2809 2170 terram
2839 2118 3009 2171 exivit
3025 2136 3199 2172 sonus
3230 2127 3520 2189 eorum,et

1914 2200 1974 2253 in
2006 2199 2149 2253 ﬁnes
2173 2200 2326 2254 orbis
2366 2205 2533 2255 terrm,
2582 2203 2756 2257 verba
2795 2220 3018 2271 eorum,
3051 2209 3109 2260 et
3139 2224 3336 2263 verum
3386 2214 3472 2265 est
3501 2228 3514 2266 :

1913 2288 2047 2359 quia
2071 2288 2128 2341 in
2155 2288 2254 2355 eis,
2277 2288 2334 2342 id
2355 2291 2439 2343 est
2456 2306 2559 2361 per
2578 2307 2674 2344 eos
2698 2292 2886 2361 posuit
2912 2294 3059 2349 Deus
3080 2295 3517 2354 tabernaculum

1913 2386 2101 2443 suum,
2133 2375 2192 2430 id
2224 2379 2309 2430 est
2337 2377 2765 2433 humanitatem
2797 2380 2919 2434 Filii
2946 2382 3053 2449 sui,
3086 2383 3146 2437 in
3175 2386 3315 2452 sole,
3348 2385 3407 2439 id
3432 2390 3518 2442 est

1913 2464 2290 2519 inmanifesto
2330 2482 2343 2518 :
2402 2482 2577 2536 quam
2614 2468 2915 2538 prophetas
2959 2470 3199 2526 obscure
3242 2473 3517 2544 prtedixe-

1912 2554 2046 2605 runt
2066 2568 2078 2606 :
2095 2556 2153 2605 et
2184 2553 2289 2606 hoc
2316 2552 2491 2606 etiam
2522 2569 2624 2623 per
2645 2572 2743 2609 eos
2762 2556 2952 2625 posuit
2980 2556 3037 2611 in
3054 2560 3192 2625 sole,
3216 2561 3371 2631 quod
3392 2561 3517 2634 ipse

1910 2642 2187 2711 tanquam
2215 2657 2455 2711 sponsus
2482 2642 2800 2712 procedens
2819 2644 2889 2697 de
2922 2645 3177 2700 thalamo
3206 2652 3517 2708 suo,exsul-

1910 2728 2050 2781 tavit
2080 2731 2139 2781 ut
2155 2728 2315 2799 gigas
2349 2729 2419 2781 ad
2459 2730 2802 2784 currendam
2846 2731 3018 2787 viam.
3061 2735 3344 2805 Exp03itio
3396 2754 3514 2793 non

1911 2819 2197 2870 mutatur:
2232 2833 2361 2870 ecce
2394 2817 2644 2872 ostensio
2678 2835 2918 2889 operum
2948 2824 3007 2873 et
3036 2822 3327 2879 scientias:
3360 2826 3514 2880 unde

1911 2920 2081 2975 supra
2111 2903 2268 2971 dixit,
2294 2920 2469 2975 opera
2498 2922 2777 2960 manuum
2808 2908 2931 2977 ejus
2966 2911 3274 2966 annuntiat
3324 2913 3517 2969 ﬁrma-

1910 2997 2197 3058 mentum,
2215 2995 2274 3046 et
2289 3009 2400 3046 nox
2414 2992 2565 3046 nocti
2584 2992 2798 3049 indicat
2821 2996 3118 3052 scientiam
3150 3014 3163 3053 :
3198 3003 3256 3053 et
3266 3001 3513 3072 gloriam

1910 3082 2137 3138 Domini
2169 3081 2357 3153 posuit
2371 3098 2475 3151 per
2506 3098 2603 3136 eos
2634 3082 2692 3136 in
2719 3084 2872 3139 sole:
2906 3085 3055 3140 hanc
3068 3086 3279 3142 scilicet
3303 3090 3459 3161 quod
3479 3108 3515 3147 a

1908 3187 2136 3225 summo
2155 3171 2295 3225 coelo
2321 3170 2571 3240 egressio
2589 3170 2733 3241 ejus,
2762 3174 2820 3226 et
2831 3188 3094 3231 occursus
3113 3176 3235 3247 ejus
3248 3194 3423 3249 usque
3438 3180 3513 3235 ad

1909 3275 2203 3314 summum
2232 3258 2375 3328 ejus:
2409 3260 2469 3312 et
2498 3258 2955 3332 hujusexpositio
2984 3278 3099 3316 non
3125 3266 3511 3323 mutatur.So-

1908 3349 2023 3401 lem
2046 3346 2180 3417 quia
2208 3349 2440 3416 apertus
2469 3347 2736 3401 omnibus
2764 3352 2851 3402 est
2875 3365 2978 3419 pro
3010 3354 3211 3420 aperto
3239 3354 3434 3423 ponit;
3455 3359 3525 3412 et»

1910 3453 2039 3489 cum
2070 3435 2191 3505 ipse
2220 3437 2411 3488 tantus
2437 3434 2510 3487 sit
2539 3434 2693 3505 quod
2719 3452 2754 3489 a
2806 3452 3034 3491 summo
3062 3439 3204 3494 celo
3261 3442 3511 3512 egressio

1910 3525 2050 3594 ejus:
2081 3526 2140 3576 et
2169 3537 2434 3576 occursus
2460 3522 2585 3592 ejus
2614 3540 2795 3593 usque
2826 3524 2899 3578 ad
2930 3522 3249 3595 summum,
3277 3546 3395 3585 non
3426 3534 3513 3586 est

1909 3610 2113 3680 aliquis
2144 3609 2503 3664 audientium
2536 3612 2631 3679 qui
2652 3627 2703 3663 se
2740 3611 3027 3665 abscondat
3069 3632 3100 3665 a
3146 3615 3318 3669 valere
3374 3619 3507 3687 ejus,

1907 3699 1965 3752 1d
1996 3698 2202 3769 estqui
2232 3696 2960 3752 rationibusinﬁdelitatem
2982 3716 3143 3754 suam
3173 3704 3339 3772 possit
3378 3720 3510 3775 pro-

1907 3790 2103 3856 tegere
2126 3786 2196 3838 ab
2224 3784 2649 3853 expugnatione
2678 3785 2908 3857 spiritus
2934 3788 3073 3856 ejus,
3107 3789 3203 3858 qui
3234 3806 3337 3861 per
3362 3809 3509 3863 prle-

1907 3874 2186 3927 ilicatores
2208 3872 2329 3942 ejus
2360 3870 2630 3942 loquitur.
2663 3872 3001 3928 Abscoudere
3026 3874 3161 3929 dicit
3191 3894 3225 3931 a
3253 3877 3514 3935 similitu-

1906 3962 2041 4014 diue
2069 3958 2476 4031 pugnantium,
2511 3959 2607 4030 qui
2658 3962 3019 4032 protegendo
3067 3980 3125 4017 se
3148 3965 3252 4019 sub
3299 3968 3514 4038 clypeis

1906 4048 2305 4102 abscondunt:
2353 4046 2461 4117 ipsi
2488 4063 2621 4101 vero
2654 4048 2913 4104 infideles
2940 4055 3264 4121 quaerentes
3295 4071 3353 4109 se
3381 4056 3510 4110 abs-

1905 4137 2208 4191 condendo
2235 4135 2504 4190 humanis
2533 4135 2851 4191 rationibus
2881 4141 3207 4210 protegere,
3237 4145 3295 4196 et
3344 4158 3512 4197 excu-

194 4234 257 4287 in
289 4234 389 4289 illo
416 4253 618 4292 revera
647 4235 830 4288 factus
844 4249 1087 4304 sponsus
1116 4232 1303 4287 carnis
1332 4234 1807 4303 humanm,quam
1830 4242 1881 4299 D
1904 4225 2111 4279 sabiles
2134 4225 2321 4279 facere
2349 4241 2466 4281 non
2485 4228 2722 4296 possunt
2738 4225 3287 4296 juxtaSalomonem
3306 4247 3320 4285 :
3339 4254 3366 4281 ‹‹
3383 4232 3510 4287 Non

197 4322 301 4375 sibi
340 4327 476 4379 tunc
489 4323 615 4394 conj
626 4322 804 4376 unxit.
822 4320 1151 4375 Secundum
1168 4320 1529 4374 divinitatem
1547 4320 1675 4374 dico
1690 4335 1808 4373 car-

197 4410 287 4464 nis
316 4429 433 4466 suaz
464 4427 743 4484 sponsus:
773 4410 853 4463 De
870 4425 984 4480 qua
1010 4409 1453 4479 desponsatione
1483 4407 1542 4461 in
1574 4407 1808 4461 canticis

193 4514 411 4567 sponsa
459 4497 707 4553 Ecclesia
763 4495 1085 4567 Synagogae
1134 4495 1312 4550 dicit:
1373 4516 1399 4545 ‹‹
1429 4493 1804 4565 Egredimini,

196 4584 329 4639 ﬁliae
357 4585 582 4653 Sion,ct
611 4585 799 4640 videte
813 4600 1010 4654 regem
1043 4584 1417 4638 Salomonem
1442 4583 1498 4636 in
1518 4582 1809 4636 diadema-

193 4675 395 4743 te,quo
408 4672 703 4729 coronavit
718 4688 851 4727 eum
872 4676 1060 4726 mater
1099 4688 1201 4726 sua
1226 4671 1281 4725 in
1310 4671 1403 4725 die
1420 4669 1811 4740 desponsatio-

195 4760 450 4815 nisitlius
466 4761 655 4833 (Cant.
683 4778 763 4828 ιη,
788 4762 896 4831 Η.)
917 4782 943 4809 ››
961 4761 1056 4813 Est
1077 4764 1133 4815 et
1151 4759 1411 4814 Ecclesim
1440 4775 1683 4831 sponsus
1707 4774 1721 4813 :
1751 4762 1809 4815 ct

193 4849 237 4902 si
268 4866 389 4905 non
423 4850 591 4917 adeo,
624 4853 686 4904 ut
713 4849 867 4903 idem
898 4848 955 4902 in
987 4848 1249 4902 canticis:
1283 4870 1311 4898 «
1339 4846 1524 4911 Quam
1555 4847 1807 4918 pulchrae

192 4941 329 4992 sunt
351 4955 627 4993 mammae
648 4942 784 5003 tuae,
800 4921 929 5008 55
945 4953 1108 4991 soror
1128 4953 1259 4990 mea
1283 4951 1492 5007 sponsa
1524 4934 1705 5007 (Cant.
1729 4952 1803 5001 iv,

197 5028 315 5093 10):
349 5047 377 5074 »
411 5026 510 5080 sed
540 5026 801 5081 Ecclesiae
825 5041 1065 5097 sponsus
1093 5024 1410 5079 secundum
1429 5022 1806 5094 adeptionem

192 5113 397 5186 gratiae
418 5113 871 5168 tantum.Carnis
887 5129 1020 5166 vero
1043 5129 1157 5166 suae
1182 5112 1500 5166 secundum
1529 5111 1806 5165 unionem

191 5217 479 5273 personae.
506 5202 850 5256 Thalamum
882 5201 1021 5255 dicit
1042 5204 1274 5255 uterum
1303 5199 1539 5271 virginis
1552 5215 1620 5254 eo
1651 5199 1808 5270 quod

194 5290 255 5343 in
282 5305 353 5344 eo
383 5290 544 5344 carni
570 5306 815 5361 sponsa),
834 5289 934 5345 Dei
966 5289 1205 5343 verbum
1235 5288 1608 5358 conjunctum
1627 5289 1808 5353 est,ut

194 5378 254 5432 in
286 5379 545 5433 thalamo
577 5395 820 5451 sponsus
839 5395 1064 5451 sponsa:
1090 5376 1479 5447 conjungitur.
1504 5375 1638 5432 Dico
1652 5373 1807 5446 quod

196 5465 497 5524 exsultavit
517 5467 592 5523 ad
617 5468 959 5523 currendam
980 5466 1215 5536 viam,et
1229 5468 1283 5523 in
1303 5483 1372 5521 ea
1388 5466 1675 5522 currenda
1689 5480 1809 5519 non

1905 4317 1992 4368 est
2018 4314 2294 4369 fortitudo
2325 4330 2513 4384 neque
2543 4313 2825 4386 sapientia
2842 4318 3046 4370 contra
3066 4318 3292 4373 Deum»
3323 4320 3506 4390 (Prov.

1906 4419 2016 4469 xxx,
2047 4404 2134 4467 30)
2164 4418 2178 4457 :
2208 4402 2471 4456 Calorem
2502 4419 2636 4456 vero
2668 4401 2803 4456 dicit
2833 4401 3111 4475 Spiritum
3145 4411 3411 4463 sanctum
3439 4426 3509 4466 eo

1906 4488 2063 4562 quod
2091 4488 2234 4544 sicut
2262 4490 2418 4544 calor
2448 4505 2659 4561 aquam
2687 4489 2745 4543 in
2767 4490 3013 4559 glaciem
3039 4492 3367 4550 induratam
3424 4513 3512 4551 re-

1906 4578 2092 4645 solvit,
2124 4578 2204 4631 ita
2234 4577 2477 4648 Spiritus
2525 4581 2753 4632 sanctus
2806 4578 2864 4632 in
2900 4580 3148 4649 peccatis
3177 4585 3235 4636 et
3277 4582 3335 4637 in
3383 4583 3510 4638 inﬁ-

1909 4667 2140 4721 delitate
2172 4665 2499 4720 induratos:
2534 4666 2591 4720 in
2624 4665 2739 4720 ﬁde
2770 4669 2828 4720 et
2882 4667 3182 4723 virtutibus
3229 4673 3509 4727 resolutos

1906 4755 2078 4823 facit;
2112 4755 2185 4809 de
2204 4770 2317 4825 quo
2367 4753 2645 4809 Dominus
2682 4753 2737 4807 in
2762 4754 3072 4825 Evangelia
3099 4756 3264 4812 dicit:
3305 4782 3333 4808 «
3365 4759 3508 4815 Cum

1905 4843 2145 4911 venerit,
2177 4864 2205 4891 »
2236 4843 2295 4896 id
2321 4845 2405 4896 est
2420 4858 2549 4897 cum
2582 4842 2853 4913 apostolis
2880 4842 3045 4898 datus
3064 4860 3168 4914 per
3186 4860 3284 4901 eos
3307 4847 3508 4919 loque-

1905 4937 2018 4999 tur,
2054 4954 2083 4981 ‹‹
2108 4931 2204 4985 ille
2235 4933 2441 5001 arguet
2468 4930 2773 4997 mundum,
2801 4949 2833 4982 »
2866 4930 2922 4984 id
2969 4933 3055 4984 est
3099 4931 3510 4992 inexcusabiles

1903 5022 2109 5077 reddet
2136 5018 2491 5074 mundanas:
2525 5039 2553 5068 ‹‹
2575 5018 2645 5073 de
2673 5021 2905 5088 peccato
2928 5017 3162 5088 quidem
3191 5036 3204 5074 :
3238 5021 3373 5091 quia
3390 5040 3507 5079 non

1903 5110 2274 5166 crediderunt
2295 5108 2355 5163 in
2386 5123 2500 5172 me,
2517 5126 2545 5154 δ)
2571 5105 2626 5160 id
2656 5109 2742 5160 est
2765 5105 3064 5161 convincet
3089 5122 3186 5161 eos
3212 5107 3507 5167 inexcusa-

1903 5200 2045 5253 biles
2063 5214 2186 5252 esse
2216 5195 2287 5250 de
2301 5196 2408 5251 hoc
2422 5193 2580 5264 quod
2599 5209 2717 5248 non
2747 5192 3115 5248 crediderunt
3137 5194 3195 5248 in
3226 5197 3407 5263 me,id
3421 5204 3510 5255 est

1904 5288 1968 5341 de
1993 5284 2302 5355 inﬁdelitate
2328 5298 2427 5336 sua
2461 5298 2478 5332 :
2539 5297 2668 5350 quae
2699 5284 2995 5350 peccatum
3050 5285 3509 5342 antonomastice

1907 5378 2009 5442 est,
2042 5390 2174 5429 cum
2206 5372 2337 5426 ﬁdei
2363 5370 2542 5424 virtus
2572 5368 2837 5422 omnium
2866 5369 3138 5425 virtutum
3168 5370 3514 5429 fundamen-

1908 5464 2031 5515 tum
2054 5460 2125 5514 sit.
2157 5476 2170 5514 :
2206 5482 2234 5509 ‹«
2259 5452 2574 5531 Dejustitia
2587 5458 2814 5511 autem:
2840 5456 2974 5530 quia
2998 5458 3067 5514 ad
3097 5459 3326 5515 Patrem
3343 5460 3521 5541 vado,
