4010 6032
441 293 532 345 7H

1026 293 1083 347 S.
1126 291 1475 349 BRUNONIS
1522 292 2154 352 CARTHUSIANORUM
2197 290 2669 355 INSTITUTORIS
2714 298 2866 357 OPP.
2910 302 3088 359 PARS
3120 300 3160 358 Ι.

3658 310 3768 363 712

443 414 502 465 et
524 412 650 482 jam
682 428 799 466 non
831 412 1094 467 vidbeitis
1116 431 1209 468 me
1230 415 1414 481 (Joan.
1446 432 1535 482 xv,
1568 418 1675 479 26),
1708 416 1810 470 nid
1832 417 2041 489 estipsi
2063 424 2119 481 Α
2144 421 2388 476 obscure
2416 426 2479 476 ut
2510 426 2670 477 vetus
2700 425 2823 479 lex:
2859 430 2918 479 et
2942 442 3047 497 per
3077 426 3219 480 illud
3241 429 3597 497 praeceptum
3619 444 3762 482 con-

435 500 593 569 prius
622 500 889 555 dicebant
920 516 978 553 se
1012 517 1128 555 non
1147 506 1311 572 posse
1321 503 1639 573 justiﬁcari,
1666 520 1796 557 cum
1816 506 2041 558 nullum

435 588 717 643 haberent
742 588 979 643 omnino
1001 590 1329 658 justum,ad
1358 592 1516 660 cujus
1542 592 2043 663 comparationem

424 677 565 746 justi
600 676 807 730 ﬂerent
838 694 849 730 :
886 678 979 731 sed
1015 678 1085 731 de
1110 679 1333 749 justitia
1359 696 1533 750 quam
1588 681 1801 734 habere
1839 683 2045 735 nolunt

435 782 553 819 non
583 765 818 819 ulterius
860 768 1030 819 erunt
1081 767 1446 821 excusabiles.
1482 769 1627 821 Nam
1660 786 1769 835 ego
1812 771 2043 839 penitus

426 854 613 924 justus
643 871 769 907 sum
797 858 853 907 et
883 854 1003 907 sine
1035 856 1279 920 macula,
1313 857 1383 909 ad
1414 857 1574 925 cujus
1600 858 2040 927 exemplumju-

433 942 648 996 stitiam
666 943 877 996 habere
895 947 1215 1014 possunt,et
1233 961 1332 1014 per
1348 945 1452 998 hoc
1471 946 1843 999 convincatur
1861 963 1894 999 a
1911 946 2040 1016 Spi-

432 1031 547 1086 ritu
575 1035 772 1086 sancto
800 1049 892 1086 me
917 1033 1137 1101 justum
1169 1034 1394 1102 penitus
1412 1050 1531 1087 esse
1546 1038 1601 1087 et
1633 1033 1755 1087 sine
1788 1036 2037 1088 macula:

434 1144 461 1170 ‹‹
496 1121 629 1192 quia
658 1121 731 1175 ad
760 1122 990 1174 Patrem
1020 1121 1184 1187 vado,
1214 1144 1239 1169 ››
1269 1125 1325 1174 et
1356 1121 1437 1175 ita
1466 1122 1622 1192 quod
1643 1122 1769 1191 jam
1805 1139 1922 1176 non
1957 1124 2035 1176 vi-

433 1208 637 1262 debitis
666 1226 759 1262 me
790 1208 1166 1279 corporaliter
1191 1209 1367 1279 affligi
1387 1213 1443 1261 et
1474 1210 1790 1279 angustiari
1822 1214 1880 1263 et
1907 1227 2033 1264 cru-

429 1296 580 1367 cifigi
608 1297 752 1351 sicut
781 1296 993 1350 vidistis
1021 1298 1151 1351 :sed
1182 1298 1395 1351 amodo
1428 1300 1708 1368 gloriosus
1729 1314 1828 1352 ero
1859 1299 2036 1352 etim-

434 1385 711 1441 mortalis.
741 1385 853 1439 Nisi
887 1386 1043 1439 enim
1069 1386 1255 1456 justus
1281 1390 1338 1439 et
1391 1386 1513 1439 sine
1550 1388 1773 1440 macula
1804 1387 2037 1457 penitus

433 1490 641 1541 essem,
673 1489 789 1527 non
816 1473 1012 1543 utique
1041 1473 1119 1526 sic
1143 1474 1389 1543 gloriose
1420 1474 1494 1527 ad
1554 1476 1781 1528 Patrem
1835 1492 2036 1528 ascen-

435 1562 626 1617 dendo
658 1562 1003 1617 immortalis
1024 1562 1246 1616 lierem.
1291 1586 1317 1611 ‹‹
1360 1563 1675 1632 Dejudicio
1709 1580 1865 1627 vero,
1905 1564 2041 1634 quia

435 1634 1001 1724 princep556hujus
1031 1649 1368 1719 mundijam
1385 1649 1674 1718 judicatus
1692 1655 1776 1704 est
1796 1650 2036 1721 (Ιῡίιι.);››

2145 510 2353 581 cipitur
2385 514 2545 565 timor
2604 512 2824 566 Domini
2881 522 3116 581 sanctus,
3149 514 3205 568 id
3264 526 3349 569 est
3399 519 3628 570 sanctos
3677 518 3762 570 fa-

2146 600 2479 669 ciensjuxta
2499 601 2638 654 illud
2669 601 2997 672 Sapientis:
3027 627 3053 653 ‹‹
3087 603 3192 667 Qui
3221 604 3388 657 timet
3420 605 3567 659 Deus
3594 605 3766 659 faciet

2146 687 2298 741 bona
2332 689 2556 759 ((Eccle.
2624 707 2711 755 xv,
2748 692 2818 760 1).
2857 713 2882 738 ››
2918 692 2981 745 Et
3012 691 3147 763 quia
3177 696 3308 745 sunt
3334 692 3447 746 duo
3500 692 3762 753 timores,

2144 777 2363 829 servilis
2396 778 2611 832 scilicet
2642 782 2699 831 et
2732 784 2937 845 castus,
2973 784 3027 834 et
3046 786 3285 851 uterque
3314 784 3542 834 sanctus
3565 797 3576 809 '
3614 785 3766 835 uter-

2144 880 2254 934 que
2280 865 2439 918 enim
2461 883 2494 919 a
2542 867 2787 936 peccatis
2818 884 3035 921 cessare
3067 868 3202 921 facit
3235 886 3247 922 :
3309 869 3661 923 determinat
3689 869 3764 923 de

2143 968 2256 1022 quo
2286 953 2377 1005 hic
2405 953 2669 1007 intendat
2695 955 2773 1007 sic
2809 972 2821 1008 :
2876 956 3051 1009 timor
3074 956 3202 1010 (lico
3226 974 3545 1025 permanens
3575 960 3629 1010 in
3674 976 3765 1009 sm-

2143 1040 2323 1095 culum
2347 1042 2543 1101 srrculi,
2573 1041 2631 1095 id
2660 1046 2747 1096 est
2772 1059 3002 1113 semper
3028 1048 3330 1115 postquam
3378 1045 3623 1099 habetur
3653 1045 3758 1100 du-

2142 1132 2390 1194 raturus,
2422 1130 2844 1185 castus-scilicet
2886 1131 3080 1198 timor,
3130 1132 3200 1185 de
3232 1149 3345 1203 quo
3405 1135 3711 1203 Apostolus
3744 1151 3757 1187 :

2146 1238 2173 1265 ‹‹
2204 1217 2462 1271 Charitas
2496 1235 2795 1289 nunquam
2828 1219 3036 1274 excidit
3082 1220 3136 1290 (I
3160 1220 3287 1274 Cor.
3318 1237 3434 1285 xm,
3468 1223 3555 1284 8):
3590 1242 3618 1269 »
3647 1239 3763 1275 ser-

2144 1306 2263 1359 vilis
2285 1323 2419 1360 vero
2446 1307 2991 1373 timor,adveniente
3008 1313 3185 1375 casto,
3200 1309 3521 1380 expellitur,
3536 1311 3760 1363 Joanne

2140 1396 2414 1464 Apostolo
2444 1398 2731 1449 testante:
2767 1420 2793 1445 ‹‹
2831 1398 3090 1451 Perfecta
3112 1398 3362 1451 charitas
3391 1398 3544 1452 foras
3580 1397 3761 1453 mittit

2143 1480 2412 1534 timorem
2443 1480 2501 1552 (Ι
2524 1482 2788 1550 Joan.1v,
2827 1486 2995 1547 18):»
3024 1486 3127 1538 bas
3151 1500 3284 1538 vero
3312 1485 3507 1539 laudes
3534 1485 3604 1539 de
3633 1486 3760 1557 lege

2143 1568 2240 1623 Dei
2275 1570 2497 1638 posuit:
2531 1574 2592 1623 ut
2624 1571 3040 1626 successoribus
3069 1588 3199 1626 eam
3231 1573 3571 1645 suscepturis
3596 1589 3760 1628 com-

2144 1657 2468 1711 mandaret.
2504 1659 2732 1728 Repetit
2753 1677 2885 1714 vero
2909 1660 3051 1714 duas
3069 1662 3139 1715 de
3166 1661 3557 1733 superioribus
3576 1662 3759 1717 laudi-

431 1746 508 1793 Λα
533 1744 577 1793 si
598 1740 751 1793 dicat
770 1739 849 1792 illi
877 1740 1030 1808 prius
1059 1738 1478 1808 perjudieium,
1498 1738 1555 1791 id
1578 1742 1664 1792 est
1682 1756 1784 1809 per
1807 1740 2043 1792 damna-
2068 1743 2119 1800 B
2144 1744 2266 1809 bus,
2302 1746 2523 1799 addens
2555 1748 2725 1800 aliam
2760 1764 2934 1818 quam
2966 1766 3081 1803 non
3135 1749 3378 1813 dixerat,
3439 1753 3500 1803 ut
3546 1766 3610 1804 ex
3670 1751 3759 1804 his

430 1829 651 1881 tionem
678 1827 975 1895 originalis
1037 1827 1273 1896 peccati,
1308 1827 1384 1879 sic
1416 1843 1474 1878 se
1509 1827 1581 1879 de
1614 1826 1955 1880 infidelitate
1987 1832 2043 1880 et

421 1917 644 1988 justitia
675 1916 1041 1980 excusabant,
1075 1917 1148 1969 ad
1178 1916 1315 1986 quid
1349 1915 1523 1969 ﬁdem
1551 1919 1609 1968 et
1629 1916 1915 1984 justitiam
1944 1918 2042 1971 ba-

429 2006 742 2060 beremus?
780 2006 1079 2076 Nunquam
1110 2006 1252 2059 adeo
1298 2004 1497 2061 ﬁdeles
1529 2009 1586 2058 et
1638 2006 1775 2074 justi
1807 2006 2041 2071 erimus,

432 2095 587 2165 quod
608 2093 915 2163 judicium,
937 2093 993 2146 id
1023 2095 1109 2145 est
1132 2092 1573 2146 damnationem
1597 2093 1894 2163 originalis
1920 2110 2047 2163 pec-

430 2182 540 2235 cati
572 2197 689 2234 non
728 2181 1057 2242 subeamus,
1090 2181 1187 2233 sed
1220 2180 1292 2233 de
1323 2180 1431 2233 hoc
1454 2180 1700 2250 judicio,
1733 2181 1788 2233 id
1820 2185 1905 2234 est
1942 2198 2047 2251 per

430 2270 539 2323 hoc
562 2268 846 2338 judicium
878 2286 995 2322 non
1043 2268 1279 2321 ulterius
1311 2285 1582 2323 excusare
1617 2285 1682 2321 se
1728 2272 2002 2339 poterunt
2029 2284 2043 2321 :

428 2360 555 2428 quia
572 2358 821 2427 princeps
857 2356 1017 2425 hujus
1046 2355 1255 2417 mundi,
1291 2354 1347 2408 id
1381 2360 1465 2409 est
1498 2355 1781 2420 diabolus,
1805 2356 1903 2426 qui
1938 2356 2043 2409 liu-

431 2462 642 2516 cusque
668 2443 868 2497 mundi
907 2443 1193 2513 judicium
1246 2443 1471 2509 habuit,
1506 2444 1629 2511 jam
1650 2444 1931 2513 judicatus
1970 2450 2043 2496 est

431 2552 466 2588 a
502 2550 617 2599 me,
651 2533 707 2586 id
767 2535 870 2597 est,
928 2532 1188 2584 ablatum
1245 2534 1334 2584 est
1374 2531 1649 2601 potentiae
1693 2532 1816 2601 ejus
1858 2532 2042 2602 impe-

434 2622 607 2689 rium,
637 2636 709 2674 ne
735 2620 795 2673 in
826 2619 1091 2673 fidelibus
1111 2619 1351 2689 etjustis
1369 2620 1464 2689 jus
1489 2619 1773 2690 originale
1807 2620 2044 2674 ulterius

433 2709 663 2765 habeat.

502 2800 619 2853 Hoc
649 2797 923 2853 incidenti
953 2795 1229 2869 exposito,
1262 2796 1333 2850 ad
1367 2797 1654 2866 psalmum
1687 2797 1991 2851 redeamus
2026 2814 2038 2851 :

433 2888 560 2944 dico
592 2888 746 2959 quod
776 2904 893 2941 non
920 2890 1005 2940 est
1029 2885 1132 2959 qui
1165 2902 1223 2939 se
1254 2885 1570 2939 abscondat
1599 2903 1632 2939 a
1651 2887 1838 2939 calore
1871 2902 1993 2955 ejus
2026 2902 2038 2938 :

432 2994 536 3050 per
562 2992 733 3048 quem
756 2977 1008 3030 calorem
1037 2973 1267 3028 dabitur
1300 2974 1407 3027 lex.
1432 2973 1500 3026 Et
1533 2973 1614 3026 lex
1650 2973 1874 3027 Domini
1895 2974 2040 3028 scili-

433 3072 523 3120 cet
548 3066 671 3119 Filii
696 3082 797 3135 per
811 3065 1062 3119 calorem
1087 3064 1208 3134 ejus
1233 3064 1364 3117 data
1391 3065 1476 3116 est
1493 3063 2042 3129 immaculata,etboc

434 3153 691 3226 exponit,
743 3154 802 3208 id
829 3156 916 3207 est
944 3158 1253 3207 convertens
1282 3153 1493 3203 animos
1544 3168 1578 3204 a
1624 3152 1891 3220 peccatis,
1923 3168 2040 3205 non

434 3246 620 3298 solum
650 3258 895 3313 corpora
939 3248 1005 3295 ut
1048 3244 1206 3294 vetus
1258 3242 1368 3306 lex,
1425 3256 1553 3310 qua)
1609 3240 1817 3293 timore
1855 3257 2040 3311 pinnae

434 3331 721 3396 membra,
759 3345 876 3383 non
899 3330 1221 3382 voluntates
1249 3344 1283 3380 a
1300 3327 1547 3399 peccatis
1566 3328 1825 3381 retrahat
1848 3343 1861 3381 ε
1885 3328 2042 3399 quod

435 3422 520 3473 est
551 3434 615 3472 ac
641 3418 685 3470 si
717 3418 869 3471 dicat
899 3434 911 3470 :
943 3417 1316 3470 immaculata
1340 3417 1445 3481 est,
1487 3414 1545 3468 id
1590 3416 1675 3468 est
1703 3415 2049 3470 immacula~

436 3512 524 3561 tos
550 3507 783 3574 faciens,
811 3504 1091 3576 adjutrice
1132 3504 1319 3574 gratia
1371 3507 1737 3574 cooperante.
1794 3504 1861 3557 Et
1905 3507 2042 3557 testi-

432 3597 692 3661 monium,
724 3595 780 3649 id
805 3598 890 3648 est
922 3595 1007 3647 lex
1047 3592 1290 3654 Domini,
1331 3596 1415 3646 est
1445 3592 1619 3660 ﬁdele,
1649 3592 1705 3646 id
1729 3596 1813 3646 est
1844 3592 2040 3647 fideles

434 3685 671 3739 faciens.
694 3685 801 3738 Lex
834 3687 1028 3737 autem
1059 3682 1188 3737 ideo
1224 3681 1624 3736 testimonium
1641 3680 1849 3735 dicitur
1872 3698 1885 3735 :
1905 3682 2040 3753 quia

432 3777 576 3827 sicut
605 3772 1003 3827 testimonium
1034 3788 1067 3825 a
1105 3773 1294 3836 Patre,
1331 3770 1470 3824 Filio
1503 3770 1831 3834 dimissum,
1856 3771 2038 3824 luere-

433 3862 626 3916 ditatis
655 3861 865 3933 pignus
886 3863 972 3914 est
997 3862 1054 3913 et
1074 3858 1353 3924 retentio:
1379 3858 1455 3911 sic
1487 3862 1545 3911 et
1571 3859 1657 3911 lex
1686 3875 1718 3911 a
1736 3861 1851 3912 Deo
1874 3858 2041 3911 nobis

432 3950 688 4015 dimissa,
721 3952 953 4003 aeternae
993 3945 1345 4000 haereditatis
1400 3945 1567 3999 nobis
1611 3945 1817 4015 pignus
1871 3948 1954 3998 est
1983 3948 2041 3997 et

431 4039 602 4092 arrba
627 4054 639 4090 :
665 4040 721 4089 et
744 4036 930 4105 ipsum
954 4033 1351 4087 testimonium
1381 4035 1468 4085 est
1490 4040 1756 4101 praestans
1772 4034 2036 4101 parvulis,

431 4127 488 4178 id
535 4128 640 4189 est,
694 4122 1005 4176 humilibus
1060 4122 1395 4190 sapientiam,
1452 4120 1509 4171 id
1558 4123 1644 4172 est
1681 4119 2034 4173 intellectum

432 4212 809 4283 spiritualem,
833 4210 999 4280 juxta
1042 4208 1183 4261 illud
1221 4207 1511 4277 Evangelii
1558 4223 1571 4260 :
1607 4227 1637 4257 ‹‹
1676 4208 2037 4261 Abscondisti

2144 1832 2299 1886 aliud
2326 1833 2520 1887 addat.
2558 1836 2623 1887 Et
2656 1836 2791 1905 quia
2816 1836 3033 1905 judicia
3066 1836 3315 1900 Domini,
3371 1837 3428 1890 id
3488 1841 3571 1890 cst
3609 1854 3758 1908 prae-

2146 1926 2311 1991 cepta
2330 1938 2458 1992 quae
2482 1922 2819 1992 judicantur
2845 1924 3191 1995 complenda
3223 1925 3279 1978 in
3304 1926 3428 1995 lege
3474 1927 3701 1980 Domini
3741 1944 3755 1980 :

2145 2013 2275 2063 sunt
2308 2026 2452 2077 vera,
2486 2014 2543 2063 et
2567 2012 2674 2065 hoc
2698 2015 2781 2065 est
2806 2013 2961 2082 quod
2988 2013 3247 2083 superius
3298 2013 3437 2067 dixit
3462 2030 3475 2067 :
3517 2013 3758 2083 justitim

2145 2101 2347 2151 rectm:
2375 2101 2432 2150 et
2459 2099 2591 2169 quia
2633 2100 3102 2168 Suntjusliﬁcata,
3138 2100 3191 2153 id
3225 2105 3309 2154 est
3323 2101 3510 2171 justos
3540 2102 3757 2156 facien-

2148 2186 2225 2239 tia
2259 2203 2271 2239 :
2315 2186 2498 2239 ethoc
2531 2187 2797 2257 estquod
2847 2187 3108 2257 superius
3154 2189 3364 2258 posuit.
3421 2189 3617 2243 Timor
3645 2192 3757 2244 Do-

2147 2273 2289 2326 mini
2324 2278 2550 2327 sanctus
2581 2291 2594 2328 :
2630 2276 2728 2328 sed
2766 2275 2873 2329 boc
2920 2275 3153 2329 tertium
3181 2276 3335 2346 quod
3362 2278 3620 2347 sequitur
3641 2294 3758 2331 non

2144 2362 2252 2415 fuit
2276 2362 2537 2431 superius
2570 2363 2822 2432 positum
2853 2363 2961 2417 hoc
2986 2364 3218 2429 scilicet,
3266 2368 3325 2418 et
3355 2365 3490 2436 quia
3519 2369 3652 2435 sunt
3696 2367 3755 2419 in

2142 2450 2409 2519 semetipsa
2443 2451 2659 2517 euntia,
2717 2450 2774 2503 id
2814 2454 2900 2503 est
2936 2468 2995 2505 se
3024 2452 3351 2519 concordia,
3382 2470 3497 2507 non
3553 2454 3763 2507 discor-

2143 2538 2341 2591 dantia
2370 2541 2432 2591 ut
2460 2538 2679 2609 judicia
2709 2539 3039 2593 saacularia:
3099 2540 3465 2594 desiderabilia
3518 2546 3651 2595 sunt
3695 2542 3757 2595 in

2142 2630 2227 2680 est
2259 2626 2571 2681 desiderari
2605 2627 2822 2681 debent
2849 2644 3005 2697 super
3029 2646 3223 2681 aurum
3266 2637 3318 2682 et
3367 2629 3593 2699 lapidem
3630 2648 3757 2699 pre-

2145 2717 2333 2768 tiosmn
2356 2715 2607 2776 multum,
2642 2719 2701 2768 et
2733 2731 2836 2785 per
2857 2716 2960 2769 llas
2985 2733 3240 2771 summas
3290 2716 3516 2771 divitias
3567 2719 3759 2772 innuit

2142 2802 2277 2873 quia
2307 2802 2578 2856 omnibus
2612 2802 2819 2857 divitiis
2862 2804 3334 2859 desiderabiliora
3364 2810 3517 2871 sunt,
3545 2809 3604 2859 et
3632 2806 3754 2858 dul-

2142 2891 2286 2942 ciora
2335 2893 2469 2944 sunt
2517 2889 2822 2945 animabus
2868 2891 3125 2946 fidelium
3162 2910 3320 2962 super
3348 2893 3453 2946 mel
3487 2903 3535 2946 et
3562 2895 3753 2963 [avum

2142 2976 2569 3033 intransitivum
2599 2982 2705 3046 est,
2731 2979 2789 3033 id
2828 2983 2913 3035 est
2939 2996 3112 3052 super
3140 2982 3251 3035 mel
3283 2981 3416 3049 favi,
3450 2983 3605 3053 quod
3659 2984 3756 3039 de-

2143 3066 2462 3121 lectabilius
2485 3071 2570 3121 est
2602 3069 2772 3121 melle
2796 3068 2920 3138 jam
2946 3084 3231 3138 expresso.
3254 3070 3350 3123 Vel
3377 3072 3568 3139 potest
3611 3072 3750 3142 legi-

2143 3170 2260 3209 non
2297 3154 2679 3222 intransitive,
2704 3157 2980 3226 quoniam
3011 3161 3322 3229 utrumque
3349 3159 3462 3211 mel
3490 3158 3626 3212 satis
3660 3160 3754 3214 de-

2141 3243 2405 3296 lectabile
2434 3247 2521 3296 est
2555 3260 2567 3297 :
2604 3247 2662 3297 ct
2692 3259 2796 3313 per
2841 3245 2943 3298 has
2973 3245 3117 3299 duas
3165 3245 3417 3311 delicias,
3450 3263 3579 3316 qum
3635 3246 3756 3302 dul-

2141 3330 2378 3384 cissimae
2411 3334 2563 3395 sunt,
2636 3331 2989 3385 denotantur
3046 3332 3314 3387 omnibus
3361 3332 3580 3387 deliciis
3632 3350 3753 3389 esse

2142 3418 2495 3485 dulciora,ut
2521 3418 2656 3473 alibi
2698 3419 2927 3473 Psalmo
2964 3435 2976 3472 :
3032 3441 3059 3469 ‹‹
3091 3420 3275 3483 Quam
3336 3420 3525 3475 dulcia
3573 3422 3753 3476 fauci-

2141 3507 2247 3561 bus
2300 3506 2443 3560 meis
2482 3508 2712 3578 eloquia
2770 3510 2869 3560 tua
2920 3506 3093 3579 (Psal.
3146 3525 3331 3571 cxvm,
3389 3511 3488 3563 £03
3525 3509 3561 3577 ).
3599 3530 3627 3557 ››
3690 3510 3757 3562 Et

2140 3595 2248 3649 hoc
2279 3596 2350 3648 ab
2382 3596 2723 3649 auctoritate
2772 3594 2849 3648 sic
2893 3596 3145 3649 ostendit
3176 3612 3188 3649 :
3224 3612 3355 3649 vere
3407 3596 3757 3651 desiderabi-

2148 3684 2281 3738 bilia
2443 3687 2501 3736 et
2518 3684 2790 3737 dulciora.
2813 3682 3027 3737 Etenim
3045 3702 3221 3736 servus
3257 3692 3378 3737 tuus
3403 3684 3617 3739 scilicet
3637 3702 3755 3739 non

2140 3771 2354 3825 faciens
2382 3787 2439 3824 se
2470 3772 2598 3825 libei
2618 3788 2713 3824 um
2736 3788 2922 3835 suum,
2942 3771 3040 3824 sed
3059 3788 3307 3838 servum,
3338 3775 3399 3826 et
3424 3788 3529 3842 per
3555 3773 3754 3827 omnia

2141 3858 2242 3912 tibi
2276 3858 2665 3913 obedientem.
2691 3857 3006 3912 Custoditea
3028 3876 3039 3913 :
3065 3860 3158 3930 qui
3184 3860 3349 3912 aliter
3373 3876 3489 3913 non
3510 3861 3756 3915 custodi-

2139 3949 2249 4011 ret,
2278 3945 2335 3999 id
2356 3950 2441 4013 est
2467 3962 2583 3999 non
2609 3946 2816 4000 invitus
2843 3947 2941 4000 sed
2970 3946 3299 4015 diligenter,
3333 3951 3390 4000 et
3416 3964 3546 4001 cum
3596 3965 3751 4001 sum-

2143 4049 2239 4086 ma
2258 4034 2515 4088 custodia
2549 4036 2802 4104 complet
2823 4050 2913 4099 ea,
2936 4034 3158 4087 etbono
3189 4050 3289 4086 suo
3320 4035 3586 4088 custodit.
3605 4035 3748 4089 Nam

2140 4124 2195 4175 in
2216 4121 2569 4176 custodiendis
2594 4121 2696 4174 illis
2725 4129 2797 4173 est
2823 4122 3097 4174 retributio
3110 4122 3299 4188 multa,
3330 4126 3387 4175 et
3418 4123 3567 4176 bene
3588 4123 3751 4194 ponit

2139 4209 2525 4263 custodiendis
2555 4226 2567 4262 :
2598 4210 2718 4274 [iam
2746 4210 2903 4262 enim
2934 4210 3236 4263 retributio
3270 4214 3355 4262 est
3378 4211 3745 4264 solummodo

433 4303 553 4355 haec
580 4317 612 4353 a
644 4298 1015 4370 sapientibus,
1044 4300 1101 4350 et
1124 4295 1385 4349 revelasti
1418 4312 1486 4347 ea
1514 4294 1760 4366 parvulis
1792 4294 1947 4363 (Luc.
1980 4313 2033 4363 x,
2058 4305 2111 4363 1)
2138 4312 2266 4366 quae
2299 4314 2404 4367 pro
2438 4298 2551 4352 illis
2581 4296 2881 4352 custoditis
2925 4296 2983 4350 in
3016 4296 3209 4351 futuro
3235 4297 3609 4361 retribuetur,
3646 4296 3749 4349 sed

433 4390 523 4458 '21)
557 4405 627 4442 ε»
659 4390 717 4441 et
756 4388 982 4457 justitiae
1032 4384 1252 4437 Domini
1299 4389 1447 4436 recte
1489 4385 1642 4449 sunt,
1682 4382 1739 4437 id
1769 4386 1855 4435 est
1888 4400 2036 4454 pras-

434 4480 598 4547 cepta
637 4475 788 4529 illius
820 4472 1302 4543 Dominijustitiae
1337 4471 1581 4525 dicenda
1611 4475 1768 4525 recta
1789 4476 1953 4526 sunt:
1981 4476 2039 4526 et

436 4564 567 4619 inde
598 4564 705 4617 hoc
736 4561 1032 4633 probatur,
1057 4558 1192 4631 quia
1224 4559 1469 4629 ipsemet
1495 4561 1695 4613 auctor
1715 4563 2034 4630 pracepto-

431 4669 559 4708 rum
596 4650 752 4723 prius
787 4667 855 4703 ea
885 4648 1194 4718 complevit
1226 4663 1237 4700 :
1270 4651 1331 4700 ut
1373 4646 1430 4700 in
1475 4647 1709 4701 Actibus
1748 4649 2036 4717 apostolo-

431 4759 561 4801 rum
593 4756 610 4796 :
640 4759 671 4791 «
702 4738 838 4802 Quae
869 4738 1044 4806 ccepit
1093 4737 1251 4789 Jesus
1305 4735 1494 4788 facere
1541 4738 1600 4788 et
1647 4734 1853 4789 docere
1883 4735 2033 4797 (Act.

433 4848 471 4899 ι,
504 4830 555 4902 1)
580 4846 592 4887 :
621 4848 650 4881 »
672 4831 731 4882 et
752 4828 884 4880 sunt
904 4825 1225 4892 [leti/icantes
1248 4822 1409 4876 corda
1433 4821 1697 4877 fidelium
1726 4840 1738 4877 :
1766 4838 1882 4877 non
1906 4838 2037 4877 con-

432 4919 722 4973 tristantes
748 4917 810 4969 ut
836 4917 995 4968 vetus
1027 4914 1109 4966 lex
1140 4912 1349 4965 timore
1368 4927 1571 4981 pasam,
1594 4915 1656 4965 ut
1682 4911 1957 4965 Dominus
1978 4912 2035 4964 iu

434 5006 743 5077 Evangelio
777 5021 791 5058 :
824 5022 855 5055 α
898 5003 1109 5072 Iugum
1160 5015 1358 5053 meum
1409 5016 1577 5054 suave
1635 5003 1740 5066 est,
1793 5004 1851 5054 et
1894 5016 2040 5053 onus

433 5111 627 5150 meum
662 5095 780 5148 leve
808 5090 1032 5163 (Matth.
1065 5107 1141 5155 x1,
1170 5091 1297 5156 30);
1331 5106 1361 5138 ν
1383 5091 1441 5141 et
1459 5095 1781 5158 praceptum
1817 5087 2043 5141 Domini

431 5184 722 5238 illiminans
743 5180 916 5235 oculos
943 5178 1131 5233 cordis
1160 5177 1218 5230 in
1243 5176 1572 5229 intellectu:
1598 5177 1703 5230 hoc
1722 5192 1855 5230 vero
1879 5176 2035 5230 idem

429 5277 515 5327 est
544 5270 983 5342 :equipollenter
1005 5266 1163 5338 quod
1214 5281 1387 5335 supra
1434 5264 1659 5333 posuit:
1693 5262 2033 5334 Sapientiam

420 5367 681 5432 prmstans
705 5356 966 5428 parvulis,
1006 5355 1104 5407 sed
1131 5353 1202 5409 ad
1235 5354 1343 5407 hoc
1373 5351 1583 5423 repetit
1607 5354 1670 5404 ut
1698 5367 1927 5406 causam
1955 5353 2036 5405 in-

431 5451 698 5520 terponat
724 5464 735 5499 :
763 5460 940 5515 quare
965 5444 1158 5497 oculos
1182 5440 1494 5494 illuminet:
1516 5439 1643 5492 ideo
1658 5438 2034 5511 scilicet,quia

429 5540 660 5595 lucidum
677 5534 843 5601 e+t,id
867 5535 949 5585 est
967 5530 1335 5584 manifestum
1351 5528 1421 5582 ad
1446 5526 2030 5599 iutelligendum,uon

2136 4389 2245 4442 hoc
2275 4391 2360 4441 est
2388 4386 2543 4458 quod
2565 4403 2598 4439 a
2628 4387 2744 4440 Deo
2776 4385 3047 4439 custodiri
3079 4385 3495 4455 permittuntur
3518 4400 3748 4438 summa

2136 4475 2539 4530 retributione.

2210 4564 2366 4624 Dico.
2398 4561 2532 4634 quia
2556 4566 2686 4616 tuus
2708 4577 2900 4615 servus
2924 4559 3170 4615 custodit
3193 4558 3413 4628 judicia
3436 4562 3534 4613 tua
3568 4576 3581 4614 :
3623 4558 3750 4612 deli-

2136 4659 2221 4706 cta
2250 4668 2381 4707 vero
2407 4653 2525 4723 quis
2555 4649 2802 4719 intelligit
2835 4646 3376 4702 esse‘custodienda?
3389 4647 3584 4701 Nullus
3599 4646 3751 4700 scili-

2137 4744 2246 4806 cet,
2278 4756 2381 4793 nec
2404 4739 2497 4792 ille
2516 4737 2779 4809 quifacit.
2815 4738 2985 4807 Ergo,
3014 4735 3279 4802 Domine,
3330 4734 3532 4788 munda
3564 4752 3644 4789 me
3680 4734 3749 4787 ab

2136 4828 2351 4882 occultis
2375 4830 2503 4879 meis
2543 4825 2784 4891 delictis,
2829 4841 2957 4896 qua:
2984 4824 3055 4878 ab
3097 4825 3320 4878 occulto
3376 4822 3580 4877 fomite
3632 4823 3750 4876 mei

2140 4915 2355 4987 peccati
2382 4914 2671 4968 oriuntur.
2708 4914 2957 4983 Ideoque
2984 4912 3209 4965 occulta
3248 4910 3537 4965 dicuntur.
3571 4908 3649 4962 Et
3678 4909 3748 4962 ab

2138 5002 2323 5056 alienis
2353 5014 2469 5068 (me
2502 5000 2863 5069 auferendo),
2887 5015 3052 5069 parce
3078 5014 3224 5052 servo
3252 5006 3364 5067 tuo,
3385 4998 3442 5052 id
3466 5000 3551 5052 est
3577 5012 3747 5069 parce

2140 5090 2281 5145 mibi
2304 5107 2375 5145 ne
2415 5090 2671 5144 maculer
2695 5089 2767 5142 ab
2801 5088 2888 5140 bis
2914 5103 3042 5157 qua:
3071 5085 3587 5158 asuggestionibus
3611 5085 3752 5139 alio-

2138 5195 2289 5243 rum,
2319 5180 2406 5231 vel
2461 5178 2533 5231 ab
2574 5177 2846 5230 instinctu
2870 5174 3081 5229 diaboli
3130 5178 3463 5228 nascuntur.
3496 5173 3747 5244 Ideoque

2138 5266 2327 5319 aliena
2356 5265 2623 5319 dicuntur
2648 5281 2660 5318 :
2686 5264 2755 5317 de
2773 5262 2978 5334 quibus
3005 5261 3245 5332 Sapiens
3263 5261 3402 5316 dicit
3432 5278 3445 5315 :
3470 5282 3497 5311 ‹‹
3520 5260 3620 5314 Fili
3639 5260 3745 5328 mi,

2134 5354 2179 5407 si
2205 5358 2260 5407 te
2278 5353 2615 5407 lactaverint
2627 5355 3098 5423 peccatores,non
3117 5350 3443 5421 acquiescas
3458 5348 3542 5403 eis
3555 5348 3743 5419 (Prov.

2135 5445 2201 5507 1,1
2215 5440 2326 5511 0).»
2346 5440 2502 5495 Dico:
2528 5440 2744 5493 munda
2758 5443 2814 5491 et
2826 5439 3091 5509 parce.Et
3104 5438 3257 5491 bono
3280 5452 3411 5491 meo
3425 5437 3532 5491 hoc
3546 5436 3739 5491 facies.

2133 5530 2275 5584 Nam
2306 5531 2354 5583 si
2379 5527 2587 5583 delicta
2616 5545 2722 5582 non
2748 5525 3268 5600 fuerintdominata
3294 5524 3492 5580 mei.id
3508 5528 3738 5596 est,non
