3994 6042
214 338 313 393 713

1209 320 1563 391 EXPOSITIO
1606 322 1669 376 IN
1712 314 2050 375 PSALMOS.
2090 352 2156 358 —
2196 316 2389 373 PSAL.
2430 283 2568 371 XIX'

3430 319 3535 370 7M-

210 457 519 513 habuermt
549 470 643 507 me
694 468 748 504 ¹¹¹
785 450 1043 505 dominio
1071 465 1172 502 SUO
1198 453 1258 501 υἱ
1276 446 1517 499 sel‘Viam
1541 444 1646 497 Θίδε
1671 442 1841 495 «0111'
1868 449 2069 509 Atavit
2089 456 2250 524 (Gen.
2278 452 2957 524 xxvu,36).Dico,uomen
2977 449 3533 519 Deilaeobmagniﬁ-

228 547 315 600 nis
331 544 487 598 enim
504 542 599 613 qui
615 541 749 594 facit
769 543 1063 610 peccatum
1077 554 1288 603 ,servus
1306 539 1389 588 est
1403 532 1615 604 peccati
1652 530 1837 602 (Joan.

211 654 327 701 VIII,
364 634 474 703 3’s).
510 655 533 679 υ
559 632 708 684 Tunc
735 629 1224 689 immacululusem,
1258 625 1313 678 id
1333 624 1726 677 estinnoccns.
1759 621 1842 690 Et,

211 730 347 779 tunc
367 722 715 787 emundabor,
743 719 796 772 id
818 720 904 772 est
924 717 1172 770 mundus
1192 732 1290 768 ero
1312 732 1343 765 (ε
1359 713 1546 765 delicto
1560 711 1819 774 nummo,

210 816 265 869 id
286 818 371 868 est
391 812 812 884 superbia,quze
829 807 1101 862 delictum
1117 803 1430 857 maximum
1445 804 1599 854 recte
1618 799 1824 853 dicitur

207 920 277 964 eo
301 901 457 973 quod
489 917 593 972 per
622 899 780 953 illam
810 898 1061 967 primum
1096 911 1130 946 a
1158 895 1272 946 Deo
1304 890 1648 944 recedimus.
1679 886 1821 940 Cum

207 993 366 1046 enim
391 990 788 1045 inobedientes
818 1002 1035 1049 sumus,
1097 985 1298 1035 contra
1359 980 1537 1032 Deum
1570 974 1824 1046 superbi-

206 1098 358 1134 mus.
394 1082 460 1134 Et
480 1096 583 1150 per
608 1077 875 1132 eamdem
901 1072 1062 1126 multi
1097 1071 1167 1123 ad
1199 1069 1462 1122 ultimum
1486 1081 1820 1137 expugnan-

206 1176 460 1237 tur,cum
482 1170 712 1224 calcatis
727 1168 873 1221 vitiis
899 1166 969 1220 de
989 1161 1289 1217 sanctitate
1307 1176 1409 1212 sua
1432 1158 1487 1211 in
1502 1174 1559 1211 se
1573 1156 1822 1228 glorian-

205 1260 491 1313 tur.Unde
515 1273 785 1328 prosper:
810 1279 835 1303 ‹‹
853 1253 985 1307 Sola
998 1248 1263 1321 superbia
1280 1244 1535 1299 cavenda
1560 1247 1645 1297 est
1664 1243 1718 1296 in
1738 1259 1823 1295 re-

203 1349 313 1404 ctis
343 1348 524 1403 factis.
551 1368 579 1395 ››
619 1346 716 1399 Vel
752 1345 828 1398 sic
862 1361 873 1396 :
909 1342 967 1395 Si
1002 1339 1113 1394 mei
1141 1335 1382 1401 inimici,
1415 1333 1472 1387 id
1501 1338 1586 1386 est
1616 1332 1823 1386 delicta

205 1456 339 1511 quae
368 1435 602 1508 praedixi
628 1450 747 1487 non
773 1430 989 1484 fuerint
1020 1424 1301 1482 dominati
1319 1423 1453 1477 mei.
1480 1423 1546 1475 Et
1571 1439 1685 1475 non
1702 1436 1824 1473 mu-

206 1530 425 1581 tantur.
454 1525 611 1578 Tune
636 1538 769 1576 vero
796 1521 1063 1573 dicuntur
1102 1531 1217 1568 non
1249 1510 1536 1567 dominari
1566 1510 1820 1580 peccata,

204 1615 555 1681 cum,solum
574 1610 775 1665 fomite
794 1606 1292 1675 instigante,actus
1315 1617 1430 1654 non
1456 1598 1711 1668 sequitur
1728 1595 1818 1647 vel

204 1720 539 1759 consensus.
568 1701 728 1756 Unde
747 1698 1072 1769 apostolus:
1111 1718 1135 1741 ‹‹
1165 1693 1287 1746 Non
1309 1706 1445 1761 ergo
1476 1690 1823 1759 regnetpec-

202 1798 403 1848 catum
436 1793 491 1845 in
525 1794 712 1844 vestro
744 1785 972 1842 mortali
1005 1798 1268 1853 corpore,
1299 1783 1360 1833 ut.
1389 1775 1670 1831 obediatis
1693 1791 1824 1827 con-

202 1880 571 1953 cupiscentiis
602 1879 723 1948 ejus
754 1876 932 1946 (Rom.
968 1890 1043 1938 v1,
1091 1875 1195 1934 l2).
1230 1890 1254 1915 ››
1298 1866 1465 1930 Quasi
1501 1865 1689 1917 dicat:
1726 1863 1823 1914 Est

202 1973 509 2043 peccatum
543 1968 600 2021 in
638 1965 867 2020 mortali
901 1977 1140 2031 corpore
1172 1961 1389 2021 nostro,
1420 1954 1517 2007 sed
1541 1969 1655 2007 non
1692 1968 1818 2019 reg-

204 2063 328 2115 net.
365 2061 430 2112 Et
458 2075 549 2111 me
592 2054 928 2116 emundato,
963 2053 1133 2103 erunt
1163 2048 1368 2117 eloquia
1401 2046 1505 2095 oris
1534 2043 1653 2107 mei,
1688 2039 1823 2093 talia

202 2154 269 2204 ut
298 2148 659 2217 complaceant
687 2142 810 2202 tibi,
845 2141 897 2193 id
938 2143 1022 2192 est
1052 2137 1268 2199 laudes,
1305 2131 1620 2205 prophetiae
1676 2144 1821 2181 mea!

200 2243 265 2293 et
308 2235 599 2291 orationes
628 2248 770 2286 mem
818 2228 919 2283 tibi
951 2226 1282 2297 placebunt,
1312 2238 1439 2292 qua:
1504 2219 1670 2272 aliter
1702 2232 1817 2269 non

196 2328 518 2400 placerent.
549 2344 574 2371 ((
603 2323 723 2375 Νοη
752 2322 837 2373 est
867 2317 1024 2371 enim
1055 2313 1310 2385 speciosa
1340 2313 1461 2364 laus
1481 2308 1538 2362 in
1566 2324 1664 2361 ore
1688 2321 1818 2376 pec-

198 2396 414 2471 catoris
432 2410 722 2479 (Eccli.xv,
746 2409 818 2477 9).
832 2430 857 2455 ››
883 2408 949 2459 Et
972 2421 1085 2459 non
1104 2402 1225 2456 sola
1241 2398 1468 2469 eloquia
1488 2396 1817 2467 placebunt,

199 2504 306 2558 sed
326 2500 657 2557 etmeditatio
703 2496 873 2551 cordis
904 2494 1031 2559 mei,
1065 2491 1121 2545 id
1148 2492 1232 2543 est
1254 2485 1532 2560 quidquid
1580 2481 1821 2535 medita-

199 2594 314 2647 bor
339 2590 449 2644 erit
479 2592 533 2644 in
562 2591 835 2656 conspectu
892 2590 1001 2646 tuo,
1062 2580 1117 2633 id
1178 2580 1260 2631 est
1294 2576 1349 2628 in
1381 2568 1821 2642 beneplacentia

197 2685 306 2735 tua
335 2697 554 2750 semper,
612 2676 671 2730 id
704 2677 789 2729 est
822 2671 921 2725 tibi
952 2667 1200 2741 placebit
1228 2680 1476 2735 semper,
1511 2678 1544 2715 0
1572 2657 1816 2714 Domine

200 2748 451 2838 adjutor‘
469 2782 649 2831 meus,
680 2763 740 2817 id
771 2763 855 2814 est
876 2758 1216 2828 cooperator
1243 2755 1303 2806 ut
1340 2753 1489 2805 bene
1511 2763 1737 2819 operer,
1762 2748 1821 2799 et

201 2857 548 2926 redemptor
581 2868 744 2906 meus
774 2866 807 2903 a
834 2847 1000 2914 vitiis,
1036 2862 1108 2898 ne
1134 2858 1389 2913 peccem.

729 2939 797 2991 ΙΝ
824 2933 1149 2991 PSALMUM
1172 2930 1298 2984 XIX.

275 3034 491 3088 Titulus
517 3027 725 3085 decimi
747 3025 906 3082 noni.
927 3022 1176 3076 Psalmus
1203 3017 1381 3071 David
1412 3014 1729 3086 prophetas.
1748 3010 1816 3063 In

1884 578 1899 591 -
1925 544 2428 608 candum,utidem
2456 543 2508 595 in
2535 540 2869 609 Evangelio:
2897 540 3051 592 «Non
3074 556 3264 609 quzere
3286 540 3528 609 gloriam

1929 632 2497 701 meamsedejusqui
2521 630 2675 683 misit
2694 629 3064 699 Ine(.loan.vn
3090 631 3146 680 et
3164 629 3299 697 VIII).
3338 652 3361 673 ››
3392 629 3534 682 Cum

1926 727 2117 777 autem
2154 725 2281 774 orat
2314 724 2371 773 ut
2404 736 2667 791 pugnans
2692 734 2794 787 pro
2824 716 2987 769 nobis
3010 718 3366 787 protegatur,
3399 732 3532 769 eum

1927 829 2123 883 regem
2182 809 2402 863 inducit
2438 825 2451 861 :
2486 824 2690 877 regum
2709 806 2865 859 enim
2899 808 2984 857 est
3015 821 3117 874 pro
3146 804 3231 856 sui
3258 803 3422 873 regni
3453 822 3537 857 sa-

1924 902 2042 954 lute
2069 904 2361 970 pugnare.‘
2380 897 2445 948 Et
2488 912 2604 948 non
2630 896 2810 947 solum
2837 896 3137 963 protegat:
3164 893 3262 945 sed
3280 895 3336 944 et
3354 892 3533 945 mittat

1926 990 1982 1042 id
2007 993 2091 1041 est
2124 989 2219 1040 det
2242 986 2348 1040 tibi
2375 983 2824 1045 auxilium.Quod
2850 984 2935 1033 cst
2953 981 3139 1033 dicere
3161 998 3171 1033 :
3195 980 3276 1031 Sit
3303 980 3533 1033 auxilia-

1928 1081 2015 1131 tor
2046 1080 2108 1129 ut
2136 1078 2387 1129 mortem
2409 1076 2466 1126 et
2493 1072 2788 1125 diabolum
2805 1069 3011 1122 vincas.
3048 1071 3111 1121 Et
3144 1070 3247 1120 hoc
3279 1069 3537 1121 (lcsant'lo

1923 1164 2281 1236 procedat,id
2300 1167 2384 1216 est
2397 1166 2634 1232 prOpter
2657 1158 3019 1213 sanctitatem
3048 1161 3363 1228 tuam,qua~.
3376 1160 3538 1210 tanta

1924 1256 2010 1307 est
2043 1256 2101 1306 ut
2125 1256 2181 1306 te
2215 1252 2466 1321 adjuvet.
2495 1249 2570 1301 Et
2599 1254 2811 1301 tueatur
2835 1253 2921 1311 te;
2964 1246 3117 1299 idem
3152 1250 3235 1297 est
3257 1246 3408 1316 quod
3442 1262 3532 1297 su-

1924 1359 2039 1414 pra
2051 1336 2685 1413 posuit,protegat,quod
2700 1335 2908 1407 repetit
2930 1338 2991 1387 ut
3006 1350 3235 1387 causam
3254 1332 3536 1387 addat.De

1923 1429 2057 1484 Sion
2086 1424 2298 1482 scilicet
2330 1428 2557 1480 tueatur
2585 1428 2659 1490 te,
2696 1423 2749 1476 id
2782 1426 2888 1475 est‘
2924 1425 3162 1493 propter
3193 1420 3536 1490 speculatio-

1928 1535 2062 1571 nem
2090 1522 2271 1583 tuam,
2297 1515 2432 1586 quia
2449 1512 2757 1584 specularis
2783 1514 3002 1564 {eterna
3031 1514 3089 1562 et
3105 1509 3536 1579 reparationem

1924 1606 2231 1660 hominum
2262 1605 2538 1656 futuram.
2572 1601 2673 1662 De,
2702 1599 2985 1653 causativa
3022 1598 3298 1667 particula
3334 1600 3436 1650 est.
3473 1598 3539 1649 Et

1926 1712 2123 1747 memor
2145 1694 2219 1746 sit
2251 1696 2310 1744 ut
2338 1692 2407 1743 ad
2440 1690 2704 1742 effectum
2725 1687 3019 1758 perducat.
3043 1686 3235 1739 Omnis
3284 1686 3543 1753 sacri/icti

1851 1814 1902 1871 B
1927 1785 2029 1848 tui,
2057 1782 2113 1834 id
2138 1784 2222 1834 est
2242 1780 2598 1849 singularum
2630 1775 2973 1845 injuriarum
3001 1776 3057 1827 et
3074 1774 3533 1828 obedientiarnm

1926 1888 2065 1942 quas
2092 1887 2194 1940 pro
2222 1867 2555 1922 hominibus
2578 1863 2828 1934 patieris,
2852 1880 2977 1933 qua:
3012 1866 3181 1914 erunt
3202 1864 3316 1915 Deo
3350 1861 3538 1913 dulcia

1924 1957 2219 2011 sacriﬁcia.
2244 1956 2319 2008 Et
2347 1955 2707 2007 holocaustum
2742 1960 2912 2015 tuum,
2952 1950 3006 2003 id
3040 1952 3125 2002 est
3151 1949 3291 2003 illud
3338 1965 3535 2018 supre-

1928 2064 2086 2100 mum
2116 2044 2480 2108 sacrificium,
2505 2042 2657 2112 quod
2691 2044 2743 2092 te
2769 2043 2954 2092 totum
2988 2038 3043 2090 in
3086 2054 3252 2090 cruce
3282 2038 3396 2090 Deo
3424 2054 3528 2107 pro

1926 2134 2090 2187 nobis
2113 2132 2337 2197 oll'ercs,
2362 2132 2570 2201 pingue
2597 2130 2715 2197 ﬁat,
2748 2127 2803 2180 id
2832 2129 2916 2179 est
2947 2125 3280 2179 delectabile
3311 2127 3423 2178 Deo
3458 2141 3470 2176 :
3505 2141 3539 2176 a

1922 2221 2297 2274 similitudine
2327 2218 2650 2289 pinguium,
2674 2232 2801 2286 qua:
2839 2213 3199 2267 delectabilia
3231 2216 3400 2265 erant
3455 2212 3529 2265 ad

1923 2309 2382 2364 sacriﬁcandum.
2417 2308 2483 2359 Et
2508 2307 2654 2359 bene
2688 2303 2851 2374 ponit
2874 2303 3270 2356 holocaustum
3307 2319 3319 2355 :
3354 2300 3536 2353 Holon

1923 2398 2079 2452 enim
2116 2401 2323 2461 totum,
2384 2395 2560 2448 causis
2613 2396 2807 2447 autem
2860 2390 3115 2444 incensio
3170 2392 3382 2444 sonat:
3417 2388 3535 2459 ipse

1922 2503 2056 2560 vero
2084 2485 2190 2539 fuit
2214 2485 2633 2548 holocaustum,
2666 2481 2727 2534 id
2756 2482 2841 2533 est
2868 2482 3019 2533 totus
3046 2482 3101 2531 et
3132 2478 3188 2530 in
3207 2493 3449 2548 corpore
3479 2480 3539 2530 et

1922 2575 1981 2628 in
2015 2575 2211 2629 anima
2240 2574 2374 2643 igne
2405 2570 2683 2644 passionis
2711 2569 2992 2622 incensus.
3029 2567 3127 2621 Hic
3168 2570 3365 2621 autem
3398 2583 3533 2620 eum

1921 2664 2285 2717 sacerdotem
2320 2660 2556 2716 inducit.
2587 2658 2964 2713 Sacerdotum
2996 2656 3155 2709 enim
3191 2658 3275 2708 est
3298 2671 3401 2725 pro
3433 2669 3534 2723 po-

1920 2752 2056 2822 pulo
2088 2751 2426 2804 sacriﬁcare.
2464 2748 2609 2802 Cum
2634 2762 2767 2799 vero
2801 2745 3053 2799 Christus
3083 2743 3159 2796 sic
3199 2745 3314 2796 Deo
3365 2742 3513 2795 sacri

1921 2838 2126 2905 ﬁcavit,
2150 2854 2254 2908 pro
2284 2836 2370 2890 sui
2402 2835 2843 2899 resurrectione,
2887 2832 3405 2901 membrorumque
3437 2846 3525 2883 sa-

1920 2927 2056 2994 lute,
2090 2926 2213 2996 ipsa
2266 2924 2595 2979 obedientia
2641 2924 2869 2975 Patrem
2904 2919 3105 2973 oravit.
3142 2919 3376 2972 Tribuat
3434 2917 3530 2970 tibi

1917 3015 2206 3071 secundum
2232 3030 2320 3067 cor
2353 3020 2525 3079 tuum,
2565 3011 2621 3064 id
2655 3014 2737 3064 est
2763 3007 3043 3079 quidquid
3074 3023 3172 3061 cor
3216 3009 3379 3060 tuum
3432 3005 3527 3058 de-

197 3122 454 3194 ﬁnem,id
476 3124 563 3174 est
587 3119 647 3172 in
665 3115 954 3171 Christum
976 3105 1453 3182 respicientis.Vel
1472 3104 1534 3194 in
1552 3103 1745 3194 ﬁnem.
1760 3099 1818 3153 id
1849 3095 1896 3154 C
1920 3102 2213 3167 siderabit,
2249 3101 2306 3155 id
2336 3104 2421 3155 est
2445 3114 2745 3169 resurgere
2772 3100 2830 3151 et
2870 3095 3137 3150 homines
3187 3095 3426 3149 salvare.
3460 3094 3527 3147 Et

200 3218 292 3268 est
320 3212 381 3265 in
403 3204 966 3265 consummationem
999 3204 1350 3269 temporum,
1381 3197 1443 3247 ut
1468 3192 1528 3245 in
1558 3188 1816 3260 superio-

200 3303 256 3357 ri
282 3301 528 3372 psalmo.
575 3294 863 3366 Propheta
913 3287 1233 3361 praevidens
1272 3282 1559 3339 Christum
1614 3293 1815 3349 regem

203 3366 472 3446 nostrum
504 3402 635 3440 cum
654 3398 759 3456 pro
780 3378 944 3435 nobis
967 3377 1278 3431 bellaturus
1295 3372 1365 3426 sit
1387 3372 1588 3425 contra
1616 3366 1813 3421 diabo-

198 3481 350 3544 lum,
381 3481 438 3532 et
467 3472 827 3529 sacerdotem
860 3466 1037 3522 etiam
1076 3466 1340 3518 nostrum
1374 3474 1498 3513 esse
1529 3457 1812 3520 futurum,

199 3584 337 3622 cum
363 3581 470 3636 pro
509 3560 674 3617 nobis
701 3573 907 3629 corpus
930 3556 987 3608 et
1013 3552 1271 3606 animam
1310 3551 1426 3602 Deo
1457 3545 1529 3599 sit
1558 3545 1615 3597 in
1648 3557 1814 3595 cruce

205 3657 525 3719 oblaturus,
571 3652 697 3705 orat
732 3649 914 3701 Deum
963 3643 1196 3695 Patrem
1223 3654 1328 3708 pro
1355 3652 1446 3702 eo,
1499 3635 1561 3686 ut
1588 3646 1722 3685 eum
1756 3629 1815 3681 in

202 3743 471 3816 passione
492 3755 599 3811 pro
626 3755 683 3792 se
703 3737 968 3791 orantem
1000 3728 1282 3785 exaudiat.
1300 3726 1367 3778 Et
1378 3722 1594 3776 scilicet
1620 3720 1680 3772 ut
1699 3733 1815 3771 non

202 3808 375 3888 cedat
401 3835 458 3884 et
475 3808 756 3897 resurgat.
780 3824 847 3877 Et
876 3837 981 3892 pro
1012 3820 1268 3872 humano
1301 3828 1513 3885 genere
1545 3812 1606 3863 ut
1635 3808 1812 3860 salve-

204 3926 319 3988 tur,
348 3935 483 3974 eum
513 3917 780 3971 orantem
815 3907 1103 3973 exaudiat,
1127 3908 1186 3958 et
1214 3900 1497 3957 desideria
1513 3898 1636 3968 ejus
1661 3910 1815 3949 com-

201 3986 362 4082 pleat
390 4010 449 4060 et
463 4003 700 4060 consilia
729 3999 1053 4055 conﬁrmet.
1078 3994 1147 4047 Et
1172 4008 1287 4046 non
1308 3990 1437 4044 ideo
1472 3986 1688 4051 orat,ut
1709 3999 1812 4054 pro

204 4070 275 4152 eo
308 4110 537 4150 necesse
568 4092 641 4146 sit
669 4085 962 4154 orare,sed
983 4086 1045 4137 ut
1059 4084 1165 4137 hoc
1182 4081 1441 4133 futurum
1460 4070 1818 4128 ostendat.Et

204 4184 281 4239 ad
313 4182 644 4252 exemplum
687 4180 1311 4244 contemporaneorum
1344 4178 1601 4227 suorum,
1633 4175 1815 4232 quan-

205 4276 333 4326 tum
365 4270 598 4340 hujusce
629 4265 713 4320 rei
742 4260 1090 4318 desiderium
1116 4252 1617 4310 habueritinnuat.
1644 4244 1816 4302 Nobis

1918 3193 2027 3246 hoc
2058 3191 2211 3245 idem
2236 3194 2320 3244 est
2348 3189 2407 3242 in
2426 3186 2732 3253 sententia,
2762 3185 2917 3256 quod
2938 3187 2997 3237 et
3025 3182 3283 3252 superius
3299 3181 3521 3253 posuit:

1918 3279 2130 3334 scilicet
2153 3293 2381 3332 memor
2406 3276 2477 3330 sit
2508 3274 2699 3331 omnis
2725 3271 2981 3327 sacriﬁcii
3008 3271 3089 3325 tui
3115 3289 3129 3339 ;
3161 3270 3261 3324 sed
3290 3269 3420 3323 ideo
3447 3269 3525 3322 sic

1918 3367 2173 3438 ponit,ut
2187 3383 2253 3420 ex
2270 3364 2447 3419 nimia
2459 3363 2760 3418 affectione
2784 3360 3049 3416 ostendat
3075 3376 3191 3413 non
3206 3360 3519 3414 solummo-

1919 3456 1993 3510 do
2005 3473 2107 3509 sua
2120 3452 2571 3519 obedientia,sed
2585 3451 2757 3504 etiam
2772 3465 2878 3521 pro
2895 3448 3060 3503 nobis
3070 3448 3224 3501 bona
3239 3447 3429 3500 cordis
3442 3448 3527 3501 af-

1916 3543 2164 3596 fectione
2184 3544 2502 3595 oraturum.
2538 3541 2603 3592 Et
2621 3556 2751 3592 eum
2775 3554 2890 3591 non
2910 3538 3095 3590 solum
3116 3535 3189 3587 sis
3206 3535 3341 3588 inde
3361 3534 3524 3588 habi-

1918 3633 2078 3683 turus
2104 3631 2562 3700 qualemcunque
2594 3624 2781 3679 cordis
2833 3624 3220 3688 affectionem,
3245 3622 3345 3674 sed
3378 3622 3522 3674 affe—

1919 3718 2169 3772 ctionem
2202 3732 2332 3768 cum
2364 3713 2608 3767 summis
2639 3716 2695 3765 et
2724 3710 3106 3764 ineffabilibus
3134 3708 3381 3761 consiliis
3412 3709 3521 3761 dis-

1918 3805 2275 3876 ponendam,
2308 3818 2462 3854 omne
2491 3800 2767 3854 consilium
2826 3805 2976 3850 tuum
3027 3796 3320 3863 conﬁrmet,
3354 3794 3410 3848 id
3436 3800 3519 3849 est

1919 3892 2116 3947 omnia
2134 3891 2368 3945 consilia
2392 3893 2489 3942 tua
2518 3889 2687 3941 ﬁrma
2716 3884 2887 3939 faciat
2914 3888 2971 3938 et
3000 3882 3273 3949 efficacia,
3303 3882 3518 3936 scilicet

1918 3984 1981 4035 ut
2002 3972 2970 4051 contingatcaecitasinlsrael,juxta
2983 3971 3355 4041 Apostolum:
3393 3993 3420 4020 «
3450 3972 3519 4024 Ut

1919 4068 2215 4141 plenitudo
2238 4066 2500 4138 gentium
2522 4064 2695 4117 intret
2739 4061 3111 4134 (Rom.xi,25),
3138 4081 3163 4107 n
3199 4061 3255 4111 ct
3286 4062 3348 4111 ut
3364 4062 3522 4112 vetus

1919 4156 2363 4227 chirographum
2384 4153 2521 4206 Adae
2555 4153 2740 4204 morte
2774 4152 2871 4201 tua
2902 4148 3151 4201 solvatur
3179 4163 3191 4200 :
3222 4149 3277 4199 et
3319 4150 3521 4200 contra

1920 4247 2102 4298 multa
2136 4260 2263 4314 quas
2282 4238 2592 4295 ineffabilia
2616 4240 2767 4291 sunt.
2822 4237 2887 4288 Et
2913 4251 3043 4288 cum
3070 4235 3179 4287 hoc
3200 4233 3518 4305 continget,

206 4359 386 4415 etiam
418 4360 475 4412 in
521 4361 783 4424 tempore
836 4343 1207 4421 plenitudinis
1257 4340 1585 4409 exemplum
1645 4337 1811 4390 home
1839 4372 1893 4430 D
1918 4332 2217 4387 laetabimm-
2232 4346 2338 4399 ego
2354 4333 2412 4382 et
2430 4327 2542 4381 mei
2570 4324 2783 4380 similes
2815 4325 2869 4377 in
2900 4323 3133 4376 salutari
3156 4322 3331 4388 tuo,id
3353 4326 3435 4377 est
3459 4322 3519 4376 in

1980 4423 1992 4430 -
2075 4420 2107 4430 ..
2243 4422 2251 4430 .
2369 4417 2421 4430 η.
2671 4414 2685 4430 ι
2950 4410 3365 4430 “omne-..”
3428 4410 3514 4430 ιε,

205 4445 531 4504 dilectionis
561 4458 699 4513 erga
729 4455 862 4493 eum
889 4433 1169 4491 habendae
1201 4430 1470 4485 dimittat.

280 4534 557 4589 Exaudiat
585 4537 653 4600 te,
682 4547 712 4582 ο
744 4525 971 4592 Christe,
1002 4523 1060 4577 id
1091 4525 1178 4576 est
1207 4520 1285 4574 sic
1316 4520 1377 4573 ut
1406 4517 1682 4586 impetres
1712 4528 1814 4565 au-

207 4625 329 4680 diat
360 4627 415 4677 te
449 4622 732 4685 Dominus,
758 4619 928 4672 Pater
948 4614 1035 4667 vel
1056 4609 1301 4666 Trinitas
1323 4608 1587 4662 orantem
1620 4618 1725 4674 pro
1758 4605 1811 4654 te

209 4713 581 4771 etmembris.
618 4709 686 4763 In
719 4709 804 4762 die
834 4702 1222 4763 tribulationis,
1250 4698 1307 4753 id
1338 4698 1423 4751 est
1458 4695 1517 4748 in
1549 4696 1812 4762 tempore

206 4802 507 4877 passionis,
527 4803 825 4855 oraturum
852 4794 1063 4850 scilicet
1077 4793 1133 4845 et
1145 4786 1445 4843 affectione
1465 4786 1523 4837 et
1546 4779 1731 4835 verbis
1759 4783 1816 4831 et

210 4867 559 4957 bbedientia,
596 4892 659 4941 ut
713 4886 773 4940 in
828 4879 1198 4954 sequentibus
1256 4874 1594 4945 exponetur.
1655 4867 1813 4932 Dico,

208 4980 485 5044 exaudiat,
518 4954 578 5031 in
605 4976 714 5030 hoc
741 4972 971 5027 scilicet.
1008 4968 1263 5035 Protegat
1316 4968 1363 5015 te
1404 4976 1508 5031 pro
1543 4956 1710 5012 nobis
1756 4954 1817 5008 in

211 5070 475 5141 passione
504 5066 917 5137 pugnaturum,
948 5074 1019 5111 ne
1051 5055 1238 5108 cedas.
1286 5052 1351 5104 Et
1380 5065 1568 5102 nomen
1594 5046 1699 5100 Dei
1723 5043 1819 5097 Ja-

211 5132 306 5214 cob
336 5156 407 5211 sit
436 5132 570 5209 inde
588 5132 786 5216 causa,
817 5149 875 5202 id
911 5150 996 5200 est
1022 5146 1132 5198 hoc
1162 5140 1315 5213 quod
1360 5137 1567 5210 quaeris
1593 5132 1821 5204 magni—

214 5248 387 5302 ﬁcare
428 5258 642 5299 nomen
666 5237 867 5305 Patris,
900 5250 1074 5307 quem
1090 5230 1261 5285 Jacob
1284 5230 1462 5282 Deum
1484 5225 1735 5295 reputat,
1761 5220 1821 5275 id

216 5340 301 5391 est
326 5335 503 5389 fortes
533 5332 837 5385 luctatores
1031 5322 1233 5375 contra
1259 5316 1413 5371 vitia.
1459 5314 1553 5367 Vel
1588 5310 1683 5382 qui
1715 5309 1824 5364 erit

218 5441 337 5479 non
368 5422 553 5476 solum
587 5405 1390 5477 Deus]udaeorum,sedetiam
1409 5401 1824 5474 gentium,qua3

220 5516 355 5567 sunt
382 5509 577 5575 Iacob,
601 5506 657 5559 id
684 5506 770 5559 est
802 5500 1235 5573 supplantantes
1262 5489 1750 5556 benedictionem,
1770 5490 1828 5540 et

215 5600 496 5676 juniores,
528 5599 590 5649 ut
606 5588 987 5660 Jacobjubior
1014 5587 1138 5645 fuit.
1169 5585 1264 5658 qui
1297 5586 1356 5639 ct
1387 5581 1532 5634 Esau
1552 5580 1819 5650 supplan-

654 5691 891 5748 Panon.
923 5685 1077 5743 CLII.

1915 4420 2226 4476 salvatione
2239 4417 2432 4471 tua.Et
2458 4432 2572 4469 non
2605 4414 2791 4467 solum
2816 4410 3160 4477 lwtabimur,
3176 4410 3275 4464 sed
3297 4427 3402 4465 nos
3427 4410 3520 4465 hic

1913 4511 2060 4565 bene
2092 4508 2396 4577 operantes
2425 4504 2483 4557 in
2511 4504 2721 4555 nomine
2749 4504 2870 4565 tuo,
2902 4499 2961 4553 id
2992 4502 3076 4551 cst
3096 4498 3154 4570 in
3177 4499 3397 4552 honore
3419 4516 3523 4553 no-

1915 4598 2087 4652 minis
2116 4595 2193 4649 tui
2228 4611 2240 4648 :
2277 4611 2393 4647 non
2438 4592 2511 4645 ad
2558 4591 2845 4644 honorem
2880 4590 3142 4641 nostrum
3172 4588 3523 4655 :magniﬁca-

1918 4684 2180 4751 Ζήνων-,ἰὰ
2204 4686 2287 4735 est
2302 4680 2499 4751 magni
2518 4683 2571 4732 et
2594 4675 2825 4749 gloriosi
2850 4692 2951 4748 per
2966 4678 3018 4729 te
3040 4675 3254 4729 erimus
3270 4675 3325 4727 in
3344 4676 3522 4745 parti-

1915 4773 2201 4845 cipatione
2249 4766 2699 4822 immortalitatis
2743 4769 2801 4819 et
2844 4763 3258 4817 benedictionis
3290 4766 3422 4831 tuas,
3456 4767 3519 4818 ut

1917 4864 1974 4918 in
2018 4858 2321 4929 Evangelio
2355 4856 2664 4910 Dominus:
2701 4852 2888 4906 «Justi
2929 4851 3232 4920 fulgebunt
3261 4849 3403 4903 sicut
3434 4852 3519 4905 sol

1917 4950 2135 5024 (Matth.
2168 4948 2304 5015 xm}.
2329 4967 2356 4993 ››
2390 4945 2455 4997 Et
2484 4942 2774 5013 apostolus
2812 4957 2823 4993 :
2885 4934 3090 5002 (Quos
3115 4938 3353 5003 vocavit,
3392 4938 3520 4994 illos

1921 5035 2309 5110 magniﬁcavit
2359 5032 2477 5095 [al.,
2501 5028 2855 5103 gloriﬁcavit)
2879 5026 3057 5098 (Rom.
3092 5042 3207 5092 Vill,
3233 5027 3339 5092 30),
3359 5047 3386 5074 )›
3413 5026 3523 5081 hoc

1922 5125 2282 5197 interposito,
2316 5121 2618 5175 revertitur
2635 5119 2704 5171 ad
2729 5114 3171 5171 orationemsic:
3208 5112 3364 5181 Dico,
3400 5131 3521 5169 me-

1924 5215 2154 5271 morsit.
2183 5211 2473 5265 Ettrihuat
2495 5207 2589 5260 tibi
2622 5203 2939 5260 secundum
2963 5219 3060 5256 cor
3091 5206 3253 5256 tuum
3285 5218 3296 5254 :
3339 5204 3396 5255 et
3426 5205 3526 5255 im-

1914 5304 2061 5376 pleat
2102 5302 2366 5355 Dominus
2407 5311 2581 5351 omnes
2624 5294 2915 5363 petitiones
2972 5298 3111 5359 tuas,
3152 5291 3251 5344 has
3279 5289 3527 5344 scilicet:

1930 5418 1955 5443 α
1986 5388 2427 5458 Pater,clariﬁca
2446 5382 2655 5439 Filium
2675 5388 2838 5437 tuum
2862 5379 3239 5450 (Joan.xvu).»
3256 5378 3322 5431 Et
3352 5377 3484 5431 alibi
3519 5394 3534 5431 :

1933 5484 2145 5547 «Volo,
2174 5481 2362 5544 Pater,
2397 5478 2458 5529 ut
2499 5469 2597 5523 ubi
2627 5488 2738 5543 ego
2757 5484 2908 5533 sum,
2941 5467 3055 5521 illic
3094 5468 3165 5521 sit
3194 5470 3252 5520 et
3279 5463 3548 5519 minister

1934 5574 2096 5627 meus
2114 5568 2294 5635 (Joan.
2324 5570 2439 5623 xu).
2464 5582 2489 5607 ››
2524 5557 2595 5611 Et
2634 5560 2749 5615 hoc
2778 5555 2966 5626 potuit
2996 5555 3238 5625 intelligi
3294 5551 3570 5621 superius

3273 5652 3351 5709 23
