3994 6042
501 238 606 294 ’715

1109 233 1166 290 S.
1199 229 1544 291 BRUNONIS
1581 228 2224 290 CABTHUSIANORUM
2262 226 2734 288 lNSTlTU'l‘t)RtS
2762 221 2917 285 OPP.
2955 227 3132 285 PARS
3167 228 3208 284 Ι.

3764 231 3918 289 τ’ιὸ

506 355 602 410 ubi
647 354 863 428 posuit:
885 354 1112 408 Tribuat
1125 356 1238 420 tibi,
1275 359 1382 409 etc.
1407 355 1518 409 Sed
1536 354 1609 407 ad
1629 355 1738 408 hoc
1767 352 1929 424 ponit
1951 353 2109 408 utin-
2131 360 2185 419 Α
2206 357 2569 422 mentersuper
2586 351 3004 416 salutarituodd
3016 353 3100 404 est
3116 350 3187 404 de
3200 347 3484 404 salvandis
3495 347 3611 402 tuis
3639 365 3787 420 per
3807 370 3894 408 se
3911 397 3932 410 .

502 447 642 498 nuat
658 462 774 499 non
795 445 980 498 solum
1001 443 1303 509 desiderio,
1336 444 1434 497 sed
1469 443 1576 496 hoc
1615 442 1791 496 etiam
1841 459 1900 496 se
1922 440 2108 496 verbis

503 533 895 587 oraturuu1.Et
907 549 980 585 ne
1008 533 1304 601 putaretur
1328 549 1392 584 ex
1408 531 1697 586 dubietate
1721 530 2016 595 orare,sed
2046 545 2104 583 se

499 622 608 675 hoc
627 621 781 692 quod
812 623 940 675 orat
963 619 1274 674 certissime
1298 620 1440 672 scire
1473 621 1753 680 futurum,
1780 619 1856 672 sic
1897 619 2105 672 contir-

503 713 653 762 mat:
681 707 950 772 Quamvis
975 707 1052 761 sic
1085 724 1267 773 orem,
1311 709 1522 761 tribuat
1553 707 1676 772 tibi,
1746 711 1854 762 etc.
1887 707 2105 760 Tamen

499 815 641 850 nunc
667 795 928 866 cognovi,
984 795 1042 849 id
1070 799 1155 850 est
1175 795 1302 865 jam
1329 799 1515 849 certus
1537 811 1696 859 sum;
1740 810 1859 849 non
1891 795 2108 848 solum-

476 884 675 939 'modo
701 901 831 937 cum
864 885 982 950 lict,
1011 899 1357 954 cognoscam
1381 883 1516 954 quia
1546 883 1754 936 salvum
1782 882 1997 951 fecit,id
2021 883 2107 935 est

497 973 669 1027 faciet
699 971 978 1027 Dominus
996 976 1162 1042 pater
1184 971 1644 1025 C/irislumsuum.
1668 972 1860 1024 Jesum
1875 970 2108 1034 scilicet,

496 1060 659 1114 idest
705 1059 1082 1114 resuscitabit.
1119 1059 1185 1112 Et
1207 1061 1449 1112 erandiet
1495 1058 1650 1112 illum
1695 1061 1961 1112 orantem
2002 1074 2108 1128 pro

497 1147 794 1204 membris.
831 1149 897 1202 Et
927 1148 1035 1202 hoc
1065 1147 1129 1200 de
1157 1148 1278 1201 coelo
1306 1155 1488 1201 sancto
1513 1164 1631 1213 suo,
1666 1147 1723 1200 id
1747 1149 1831 1200 est
1863 1163 1968 1217 pro
2001 1147 2109 1201 hoc

495 1237 630 1307 quia
655 1239 741 1290 est
771 1236 979 1290 coelum
1007 1239 1271 1289 sanctum
1319 1236 1442 1306 ejus
1477 1235 1534 1288 in
1561 1234 1910 1288 sublimitate
1938 1233 2110 1288 virtu-

495 1328 620 1378 tum
645 1340 658 1391 ;
680 1327 738 1377 et
763 1323 856 1377 hic
874 1323 938 1376 de
957 1321 1309 1378 causativum
1333 1326 1438 1376 est.
1471 1323 1571 1376 Vel
1588 1322 1694 1376 hoc
1715 1321 1927 1376 scilicet
1945 1339 2110 1376 exau-

497 1411 648 1478 diet;
675 1411 832 1483 quod
848 1411 1010 1479 salus,
1035 1410 1093 1465 id
1118 1415 1204 1464 est
1236 1409 1436 1465 salvati
1467 1426 1572 1480 per
1601 1427 1731 1464 eum
1765 1409 1992 1464 dicendi
2018 1427 2106 1464 sa-

500 1499 585 1554 lus
617 1499 1606 1569 emphatice,eruntinpotentatibus,
1637 1497 1693 1552 id
1709 1501 1794 1552 est
1821 1497 1882 1551 in
1901 1501 2108 1569 poten-

497 1593 590 1646 tiis
619 1593 847 1647 dexterae
867 1592 1001 1662 ejus,
1033 1592 1090 1647 id
1115 1597 1200 1646 est
1229 1595 1399 1646 erunt
1439 1595 1702 1663 potentes
1724 1591 1782 1645 in
1810 1591 2110 1646 virtutibus

2209 440 2306 494 Vel
2321 441 2624 495 exsultabit
2637 441 3008 494 vehementer
3019 454 3192 509 super
3204 439 3451 492 salutare
3469 439 3648 491 tuum
3676 442 3898 512 respi
3912 473 3941 483 -

2211 528 2386 593 ciens,
2417 529 2474 582 id
2496 533 2580 582 est
2595 529 2964 583 considerans
2978 527 3104 580 illos
3126 543 3271 598 quos
3290 542 3391 598 per
3406 542 3542 579 eum
3559 527 3928 585 salvabis.

2213 617 2280 670 Et
2302 634 2430 671 vere
2454 615 3138 682 lwtabitur,etexsultabit
3168 615 3311 669 Nam
3329 613 3672 669 desiderium
3689 619 3938 673 cordis

2211 705 2324 774 ejus
2364 706 2617 771 tribuisti,
2669 705 2726 759 id
2757 708 2842 759 est
2873 704 3090 758 tribues
3119 706 3186 768 ei,
3219 703 3278 757 id
3307 706 3394 757 est
3437 718 3812 773 resurgere
3857 713 3944 763 et

2215 794 2498 848 mundum
2527 795 2748 848 salvare
2773 810 2785 846 :
2820 792 2895 846 Et
2919 810 3025 845 non
3053 791 3328 861 [ναυάωεὶ
3345 808 3488 856 eum,
3513 789 3571 843 id
3612 795 3736 844 est.
3767 811 3938 850 non

2214 883 2500 938 diminues
2531 899 2664 936 eum
2692 883 2962 937 voluntate
3006 881 3274 934 labiorum
3294 880 3437 950 ejus,
3479 879 3542 934 id.
3571 884 3689 935 est
3720 883 3943 941 bona.

2213 972 2526 1036 voluntate,
2559 988 2734 1042 quam
2761 975 2822 1025 ut
2852 971 3162 1040 compleas,
3197 969 3364 1023 labiis
3389 968 3608 1036 orabit,
3669 969 3750 1024 id
3821 976 3938 1027 est

2211 1077 2512 1130 resurgere
2569 1063 2626 1114 et
2657 1060 2940 1114 mundum
2973 1059 3217 1113 salvare.
3285 1059 3352 1111 Et
3396 1057 3508 1111 hoc
3566 1061 3686 1112 est.
3735 1060 3930 1117 illud

2210 1148 2368 1203 idem
2401 1148 2556 1219 quod
2588 1147 2729 1202 dixit
2758 1165 2770 1201 :
2801 1147 3159 1202 Desiderium
3188 1144 3376 1200 cordis
3423 1145 3549 1215 ejus
3585 1147 3924 1204 tribuisti

2211 1237 2264 1290 ei
2289 1253 2304 1302 ;
2337 1237 2436 1290 sed
2463 1236 2536 1290 ad
2565 1237 2671 1290 hoc
2699 1236 2911 1289 iterum
2937 1235 3016 1289 sic
3046 1234 3229 1306 ponit,
3262 1236 3324 1288 ut
3341 1249 3478 1288 eum
3493 1250 3630 1288 non
3673 1237 3923 1292 solum

2211 1325 2698 1391 desideraturum,
2741 1324 2839 1378 sed
2872 1323 3046 1378 etiam
3080 1326 3382 1378 oraturum
3413 1322 3748 1378 ostendat.
3785 1325 3909 1380 Vel

2211 1431 2330 1468 non
2341 1413 2623 1468 fraudasti
2637 1430 2770 1468 eum
2780 1413 3144 1484 ,denegando
3162 1412 3525 1466 voluntatem
3543 1411 3910 1470 labiorum

2211 1504 2352 1574 ejus.
2374 1505 2442 1560 Et
2473 1520 2603 1558 ecce
2627 1520 2858 1559 causam
2886 1519 3068 1574 quare
3117 1501 3332 1556 tribues
3361 1505 3421 1556 et
3443 1517 3570 1556 non
3603 1501 3902 1560 frauda-

2211 1592 2317 1646 bis.
2348 1591 2614 1658 Quoniam
2636 1593 2946 1664 praevenisti
2969 1609 3109 1657 eum,
3129 1591 3190 1645 id
3201 1594 3288 1645 est
3313 1589 3657 1662 praevenire
3683 1591 3901 1648 facies

497 1697 626 1751 qua:
657 1681 926 1736 dicuntur
960 1681 1196 1736 dextera
1218 1681 1339 1747 Dei,
1373 1697 1441 1735 eo
1477 1680 1631 1752 quod
1680 1679 1949 1752 digniora
1977 1683 2111 1734 sunt
2137 1685 2189 1744 Β
2211 1697 2346 1736 eum
2377 1697 2581 1736 omnes
2602 1682 2744 1736 alios
2773 1699 2787 1736 :
2825 1684 2880 1734 in
2908 1678 3446 1745 benedictionibust
3469 1683 3564 1733 est
3596 1679 3671 1734 in
3701 1683 3883 1736 exal-

491 1769 869 1839 prtesentibus
899 1769 1065 1824 bouis
1087 1771 1148 1822 ut
1178 1768 1414 1823 dextera
1440 1769 1583 1822 laeva
1602 1767 1832 1839 dignior
1844 1769 2108 1822 est.Praa.

493 1857 679 1911 sentia
872 1873 1006 1912 vero
1035 1857 1194 1912 bona
1220 1857 1488 1912 dicuntur
1516 1859 1679 1924 laeva,
1710 1873 1779 1911 eo
1813 1856 1968 1928 quod
1993 1855 2108 1910 sint

493 1945 685 2000 minus
716 1945 913 2015 digna,
949 1948 1011 1998 ut
1037 1945 1094 1997 in
1127 1945 1290 2012 Cant,
1323 1961 1535 2016 sponsa
1561 1945 1632 2000 de
1653 1961 1863 2015 sponso
1891 1961 1948 1998 :«
1983 1944 2105 1998 Lae-

488 2049 558 2085 va
585 2033 708 2102 ejus
734 2033 838 2086 sub
869 2031 1054 2101 capite
1090 2049 1221 2087 meo
1247 2049 1259 2085 :
1289 2036 1346 2087 et
1377 2032 1611 2086 dextera
1650 2033 1772 2101 ejus
1818 2033 2104 2103 amplexa-

487 2119 642 2173 bitur
673 2137 766 2173 me
801 2117 986 2189 (Cant.
1011 2121 1151 2183 11,6).
1181 2141 1207 2167 ››
1241 2119 1374 2173 Dico
1405 2119 1559 2190 quod
1589 2119 1784 2173 salvati
1819 2124 1990 2174 erunt
2008 2137 2104 2192 po-

490 2211 675 2260 tentes
707 2207 762 2260 in
785 2207 1041 2262 dextera.
1069 2207 1194 2261 Non
1213 2207 1412 2261 salvati
1450 2211 1644 2261 autem
1678 2209 1754 2268 lii,
1805 2207 1862 2261 id
1895 2213 1979 2260 est
2007 2208 2103 2262 alii

489 2311 693 2350 eorum
717 2302 952 2364 potentes
979 2298 1035 2348 in
1051 2296 1312 2349 curribus.
1343 2297 1410 2348 Et
1429 2297 1504 2360 lii,
1535 2296 1592 2349 id
1621 2299 1704 2360 est
1729 2296 1824 2350 alii
1853 2299 1907 2348 in
1937 2300 2100 2367 equis.

488 2383 654 2448 Quod
683 2385 767 2436 est
795 2383 1014 2437 dicere:
1035 2383 1568 2453 Eruntpotentesin
1594 2383 1848 2438 saeculari
1868 2402 2099 2455 pompa:

483 2472 580 2526 alii
610 2473 755 2542 plus,
785 2471 880 2526 alii
915 2472 1123 2526 minus.
1176 2473 1284 2526 Per
1319 2488 1520 2526 currus
1588 2471 1778 2542 major
1835 2489 2053 2544 pompa
2085 2491 2101 2542 ;

481 2577 780 2632 perequos
812 2577 945 2616 vero
981 2559 1176 2615 minor
1237 2560 1584 2632 designatur
1641 2578 1654 2615 :
1709 2562 1899 2632 major
1947 2562 2103 2617 enim

479 2649 804 2720 triumphus
825 2652 949 2703 erat
967 2648 1139 2720 quiin
1169 2647 1456 2715 curribus,
1492 2666 1669 2722 quam
1716 2649 1814 2722 qui
1847 2651 2021 2706 ﬁebat
2045 2650 2104 2706 in

481 2737 640 2808 equis
669 2754 680 2790 :
716 2737 850 2792 Dico
876 2737 1032 2808 quod
1054 2736 1133 2792 illi
1164 2740 1434 2808 potentes
1465 2742 1638 2792 erunt
1662 2738 1720 2792 in
1765 2739 2024 2794 curribus
2047 2744 2105 2794 et

479 2825 539 2879 in
571 2824 750 2896 equis.
769 2825 1108 2892 Nosautem,
1131 2825 1752 2894 taliacontcmnentes,
1796 2829 1851 2880 in
1893 2831 2105 2883 nomine

477 2915 704 2970 Domini
719 2915 1006 2970 Deinostri
1034 2915 1183 2969 bene
1216 2919 1523 2987 operantes
1544 2917 2000 2982 invocabimus,id
2015 2920 2102 2972 est

2209 1767 2524 1824 tationibus
2565 1769 2855 1823 dulcedinis
2914 1769 3214 1830 virtutum,
3283 1767 3343 1822 id
3396 1770 3482 1821 est
3548 1769 3878 1823 exaltabis

2208 1873 2344 1912 eum
2406 1873 2522 1929 prae
2565 1857 2832 1911 omnibus
2900 1857 3112 1911 sanctis
3177 1855 3235 1909 in
3299 1854 3614 1910 dulcedine
3671 1856 3875 1912 virtu-

2206 1945 2504 2012 tum,adeo
2522 1945 2733 1999 scilicet
2755 1949 2817 1999 ut
2843 1944 2986 2000 nihil
2999 1943 3299 2015 peccatisit
3317 1943 3376 1998 in
3391 1943 3666 2014 eo,quod
3701 1945 3868 2000 nulli

2207 2033 2634 2104 aliicontinget.
2663 2035 2830 2088 Juxta
2845 2033 3016 2088 illud:
3045 2052 3076 2084 «
3101 2033 3284 2086 Nemo
3309 2031 3568 2086 mundus
3590 2033 3860 2099 asorde,

2207 2137 2311 2175 nec
2335 2121 2525 2176 infans
2541 2122 2700 2191 cujus
2727 2125 2809 2175 est
2844 2121 3014 2174 unius
3061 2119 3172 2174 diei
3222 2120 3338 2174 vita
3375 2135 3554 2190 super
3609 2123 3854 2175 terram

2207 2210 2459 2279 (Job.x1v)
2471 2255 2482 2268 .
2493 2211 2620 2264 nVel
2639 2210 2957 2281 praevenisti
2967 2209 3046 2275 ,id
3059 2214 3144 2263 est
3167 2209 3226 2264 in
3238 2208 3524 2281 principio
3561 2208 3854 2264 incarna—

2207 2299 2380 2354 tionis
2403 2317 2518 2353 suie
2547 2316 2726 2370 pones
2757 2316 2890 2356 eum
2948 2299 3006 2353 in
3037 2297 3539 2352 benedictionibus
3570 2297 3848 2352 dulcedi-

2207 2387 2315 2454 nis,
2343 2387 2401 2442 id
2427 2392 2510 2441 est
2531 2387 2914 2442 immunitatis
2940 2405 2974 2442 a
2999 2391 3258 2459 peccato,
3311 2389 3370 2439 et
3401 2385 3460 2440 in
3491 2386 3840 2452 virtutibus,

2207 2491 2340 2530 cum
2369 2475 2560 2529 cmteri
2590 2476 2746 2547 prius
2767 2477 2989 2531 soleant
3027 2475 3162 2547 poni
3213 2475 3270 2529 in
3318 2474 3839 2528 maledictionibus

2208 2562 2504 2634 originalis
2533 2564 2774 2634 peccati,
2805 2565 2960 2635 quod
2991 2564 3049 2618 in
3071 2563 3357 2635 baptismo
3381 2563 3710 2617 deletm.Et
3721 2578 3835 2632 per

2206 2651 2315 2706 hoc
2350 2650 2556 2721 dignus
2577 2653 2688 2706 erit
2721 2656 2783 2707 ut
2809 2669 2925 2707 non
2957 2652 3361 2707 fraudetur.Et
3379 2649 3827 2721 exponitipsam

2207 2739 2564 2794 voluntatem
2597 2740 2674 2794 sic
2697 2757 2710 2795 :
2739 2744 2798 2793 et
2821 2741 2958 2812 quia
2984 2741 3131 2794 adeo
3159 2740 3366 2811 dignus
3391 2757 3425 2794 a
3449 2741 3508 2792 te
3537 2737 3826 2809 ﬁet,quod

2206 2825 2283 2881 sic
2313 2826 2628 2900 proevenies
2683 2843 2840 2894 eum,
2863 2831 3094 2898 posuisti
3121 2827 3194 2894 ci,
3246 2827 3306 2882 id
3349 2831 3435 2881 est
3483 2825 3648 2880 dabis
3678 2825 3730 2879 ei
3762 2827 3816 2878 in

2206 2916 2396 2986 capite,
2427 2914 2487 2969 id
2516 2918 2603 2968 est
2633 2914 2690 2968 in
2721 2915 2884 2970 initio
2917 2915 3342 2986 prmdicationis
3371 2931 3507 2980 suae,
3539 2929 3808 2977 coronam,

481 3003 775 3058 arabimus
797 3020 930 3058 eum
944 2977 1376 3074 voce,operibus
1397 3008 1455 3058 et
1475 3005 1631 3058 bona
1661 2977 1988 3060 affectione.
2010 3006 2104 3061 Di-
2128 2977 2179 3036 α
2205 2977 2279 3058 ἰὰ,
2295 2977 2800 3058 θειόοιιθοιὶοηθω
2821 2977 3104 3070 ﬁdelium,
3136 3020 3251 3075 qua
3279 2977 3725 3058 circumdabitur
3753 3005 3809 3055 et

477 3091 532 3145 xi
557 3091 712 3162 quod
742 3089 822 3144 illi
845 3093 1108 3161 potentes
1158 3089 1218 3142 in
1251 3089 1510 3144 curribus
1539 3094 1597 3144 et
1621 3090 1679 3145 in
1713 3091 1883 3163 equis
1910 3097 2100 3147 erunt.

480 3179 548 3232 Et
567 3195 670 3249 per
688 3179 797 3231 hoc
825 3180 1032 3248 putant
1057 3193 1116 3231 se
1153 3178 1347 3231 felices
1379 3183 1437 3231 et
1465 3182 1680 3233 stantes
1739 3180 1986 3236 firmiter
2047 3184 2105 3235 et

477 3265 858 3335 expeditosad
884 3265 1083 3320 omnia
1108 3265 1391 3320 facienda.
1429 3265 1538 3336 Ipsi
1583 3271 1780 3322 autem
1833 3285 1939 3339 per
1995 3270 2104 3324 hoc

479 3353 708 3422 obligati
727 3360 870 3419 sunt,
893 3353 952 3406 id
973 3357 1060 3407 est
1089 3353 1353 3424 impediti
1383 3371 1455 3408 ne
1483 3355 1726 3410 salutem
1779 3373 1943 3411 suam
1975 3373 2108 3428 ope-

481 3443 702 3496 rentur.
726 3441 793 3494 Et
824 3441 920 3511 qui
951 3441 1097 3494 bene
1129 3457 1189 3494 se
1221 3444 1370 3494 stare
1392 3442 1656 3508 credunt,
1709 3445 2017 3499 ceciderunt
2045 3445 2106 3502 in

481 3531 734 3583 mortem
761 3527 1172 3583 vitiorum.Nos
1185 3535 1364 3582 autem
1396 3546 1542 3601 quos
1565 3529 1870 3601 depressos
1902 3536 2105 3603 putant

481 3620 825 3684 surreximus,
859 3635 962 3689 per
991 3617 1147 3671 bona
1167 3633 1346 3688 opera
1380 3634 1414 3672 a
1442 3618 1706 3689 peccatis,
1738 3624 1796 3674 et
1838 3638 1952 3678 non
1999 3638 2105 3692 per

483 3725 609 3774 nos,
639 3707 737 3761 sed
759 3708 916 3760 erecti
944 3723 1126 3760 sumus
1157 3710 1289 3759 ate.
1333 3706 1454 3760 Dixi
1488 3708 1643 3778 quod
1671 3709 1997 3764 leetabimur
2043 3711 2103 3764 in

489 3795 722 3850 salutari
756 3794 962 3850 Christi
993 3798 1049 3848 et
1081 3793 1584 3862 magnificabimur
1611 3813 1624 3860 ;
1655 3799 1714 3849 ct
1757 3800 1818 3850 ut
1849 3797 1955 3851 lioc
2012 3798 2103 3866 sit,

490 3883 736 3937 Domine
770 3887 953 3954 pater,
987 3883 1209 3934 salvum
1241 3881 1326 3934 fac
1358 3883 1744 3936 resuscitando
1777 3900 1974 3953 regem
2019 3887 2102 3940 Fi-

492 3970 632 4024 lium
657 3973 821 4023 tuum
847 3986 860 4023 :
887 3973 943 4022 et
973 3972 1035 4022 tu
1069 3985 1168 4021 rex
1195 3968 1717 4035 exauditus,e.ruudi
1736 3990 1848 4038 nos,
1880 3991 1914 4028 a
1939 3975 2103 4030 dam-

495 4057 730 4112 natione
757 4055 1024 4126 originali
1057 4047 1355 4110 e'ducendo
1387 4073 1512 4123 nos,
1547 4057 1605 4112 id
1637 4061 1722 4112 est
1748 4077 1843 4115 me
1883 4065 1942 4118 et
1989 4064 2104 4118 mei

493 4145 842 4208 conformes,
866 4143 929 4196 in
952 4142 1036 4196 die
1073 4159 1178 4214 qua
1201 4145 1621 4200 inrocaverimus
1643 4154 1708 4215 te,
1743 4147 1798 4202 id
1825 4154 1910 4204 est
1929 4167 2104 4222 quam

2208 3091 2508 3146 ornabitur
2536 3094 2599 3144 ut
2627 3093 2799 3162 caput
2815 3107 3052 3147 corona.
3081 3091 3372 3147 Coronam
3398 3089 3520 3145 dico
3549 3092 3800 3144 sanctam

2205 3179 2269 3231 de
2287 3179 2464 3250 lapide
2471 3181 2720 3248 pretioso,
2729 3178 2787 3233 id
2800 3182 2886 3234 est
2902 3179 2974 3234 de
2987 3179 3267 3252 lapidibus
3279 3177 3538 3250 pretiosis
3556 3193 3568 3231 :
3591 3176 3661 3232 de
3672 3191 3802 3248 apo-

2207 3266 2366 3322 stolis
2380 3266 2592 3321 scilicet
2605 3267 2701 3338 qui
2726 3267 3076 3338 fulgidisunt
3089 3267 3148 3322 in
3163 3267 3460 3322 virtutibus
3479 3269 3534 3320 et
3548 3265 3661 3320 Deo
3673 3264 3797 3320 cha-

2207 3355 2286 3410 ri:
2311 3354 2457 3410 sicut
2495 3354 2640 3426 lapis
2652 3354 2936 3425 pretiosus
2958 3355 3208 3426 fulgidus
3229 3359 3288 3410 et
3317 3353 3790 3426 omnibuscharus

2207 3445 2312 3497 est.
2347 3443 2414 3496 Et
2431 3423 2638 3514 postea
2652 3423 3080 3513 ‘vitampetiitﬁd
3096 3446 3182 3498 est
3197 3446 3356 3514 petet
3367 3459 3400 3498 a
3417 3447 3472 3498 te
3628 3445 3683 3496 et
3706 3439 3782 3495 af-

2207 3529 2456 3586 fectione
2467 3533 2527 3585 et
2537 3531 2694 3586 bona
2711 3530 3151 3601 operatione.Et
3161 3533 3235 3584 tri
3238 3531 3476 3594 buisti,id
3488 3536 3564 3585 est
3581 3529 3780 3584 tribues

2205 3619 2255 3672 ei
2259 3620 2410 3690 ,post
2423 3618 2775 3690 completam
2789 3617 3572 3688 obedientiam,longitudinem
3585 3617 3772 3670 dierum

2205 3704 2265 3759 id
2282 3709 2368 3760 est
2383 3705 2781 3776 longissimam
2805 3706 3002 3773 vitam,
3023 3706 3360 3762 duraturam
3389 3707 3442 3761 in
3459 3705 3684 3760 saeculum
3701 3703 3770 3758 is-

2205 3793 2310 3848 tud
2353 3809 2625 3863 praesens,
2657 3801 2707 3848 et
2733 3797 2788 3847 in
2807 3794 3058 3848 saeculum
3084 3794 3270 3850 saeculi
3297 3795 3456 3867 hujus
3485 3791 3762 3848 subsecuti-

2204 3881 2428 3947 vum,id
2440 3883 2528 3935 est
2546 3897 2798 3952 semper,
2831 3885 2894 3936 ut
2911 3882 2991 3936 ait
3005 3883 3210 3938 Paulus
3231 3883 3501 3956 apostolus
3519 3897 3532 3934 :
3552 3905 3574 3928 ‹‹
3595 3877 3757 3934 Chris-

2205 3971 2297 4024 tus
2316 3985 2624 4041 resurgens
2648 3987 2714 4024 ex
2742 3970 2986 4026 mortuis
3017 3971 3146 4041 jam
3193 3989 3312 4026 non
3334 3970 3566 4034 moritur,
3604 3970 3698 4022 etc.
3723 3985 3749 4012 ι»

2206 4056 2380 4120 (Rom.
2399 4073 2474 4124 x1,
2495 4060 2570 4121 9.)
2590 4058 2660 4112 Et
2686 4057 2807 4130 ipse
2831 4059 2988 4113 volet
3012 4058 3225 4114 habere
3255 4073 3504 4129 magnam
3528 4053 3739 4126 gloriam

2207 4143 2264 4198 in
2287 4145 2705 4200 resurrectione
2737 4163 2748 4200 :
2776 4147 2843 4199 Et
2871 4163 3068 4216 magna
3091 4145 3203 4200 erit
3228 4146 3392 4216 gloria
3430 4145 3527 4214 ejus
3551 4145 3596 4196 in
3623 4141 3742 4194 solu-

497 4232 609 4286 cito
634 4235 692 4286 te
725 4230 1019 4286 orabimus
1050 4247 1062 4284 :
1094 4230 1172 4284 illi
1203 4232 1302 4302 qui
1332 4231 1437 4286 vivi
1471 4237 1642 4288 erunt
1663 4253 1836 4307 opere
1855 4242 1910 4292 et
1938 4239 2106 4295 devo-
2129 4222 2181 4281 D
2208 4234 2316 4286 τανί
2355 4235 2478 4299 ιιιο,
2522 4233 2581 4288 id
2610 4237 2695 4288 est
2721 4233 2780 4288 ίῐι
2812 4233 3128 4290 δαινδῐίοηθ
3158 4237 3280 4300 tua:
3310 4231 3510 4305 quando
3537 4228 3732 4284 sum!"

497 4321 684 4388 tione;
706 4319 785 4374 illi
815 4335 950 4374 vero
982 4319 1080 4390 qui
1103 4319 1316 4374 mortui
1347 4319 1651 4377 affectione
1680 4324 1979 4393 spirituali.

1019 4407 1086 4462 IN
1121 4407 1444 4473 PSALMUM
1467 4409 1569 4464 ΧΧ.

563 4495 778 4550 Titulus
809 4495 1098 4565 vcgesimi.
1131 4493 1198 4548 In
1217 4497 1375 4564 ﬁnem
1408 4497 1654 4552 Psalmus
1685 4501 1885 4557 David.
1921 4505 1987 4558 Et
2009 4506 2101 4560 hic

505 4588 564 4640 ut
591 4582 852 4656 superior
877 4583 1202 4653 exponitur.
1235 4583 1328 4637 Hic
1358 4583 1607 4641 intendit
1635 4590 1918 4660 propheta
1947 4595 2104 4664 quod

501 4674 561 4729 in
587 4672 866 4744 superiori
899 4670 1120 4743 psalmo
1147 4673 1349 4740 oravit,
1382 4673 1456 4727 ad
1505 4675 1680 4730 fidem
1736 4683 1992 4736 nostram
2047 4687 2106 4737 et

500 4767 1128 4832 contemporancorum
1159 4778 1396 4816 suorum
1455 4765 1779 4832 enuntiare,
1817 4769 2102 4826 Christum

500 4851 714 4906 scilicet
741 4849 980 4904 viriliter
1007 4853 1292 4916 acturum,
1326 4854 1384 4903 et
1413 4851 1614 4906 orbem
1644 4855 2014 4925 salvaturuin,
2049 4864 2108 4914 et

501 4939 765 4994 inimicos
788 4938 961 5007 juste.
996 4941 1054 4992 ct
1079 4938 1136 4990 in
1165 4937 1274 4991 hoc
1305 4939 1512 4993 six-culo
1545 4943 1602 4992 et
1633 4940 1690 4994 in
1719 4942 1912 4998 futuro
1941 4947 2102 5001 dam-

503 5031 796 5082 natarum.
827 5027 896 5079 Et
923 5027 1031 5080 hoc
1063 5025 1140 5080 sic
1173 5025 1310 5080 dicit
1344 5043 1356 5080 :

572 5116 802 5168 Domine
827 5114 1195 5184 pater,rex,id
1211 5116 1462 5168 estJesus
1478 5116 1646 5170 Filius
1661 5121 1808 5185 tuus,
1837 5118 2108 5178 laetabitur

498 5206 559 5260 in
585 5205 787 5258 virtute
803 5207 918 5270 tua,
948 5202 1006 5256 id
1020 5207 1106 5257 est
1123 5207 1182 5257 tu
1205 5203 1366 5258 dabis
1393 5203 1443 5257 ei
1475 5204 1742 5280 virtutem
1767 5213 2104 5268 constantiae

503 5294 563 5347 in
588 5291 851 5362 passione
876 5309 888 5346 :
920 5295 978 5345 et
1008 5291 1068 5364 in_
1102 5309 1170 5347 ea
1195 5293 1272 5346 sic
1302 5292 1536 5347 viriliter
1565 5298 1698 5365 aget
1728 5297 1884 5368 quod
1916 5301 1989 5355 ad
2015 5301 2106 5357 lae-

503 5379 693 5432 titiam
723 5379 972 5435 victoriae
1027 5381 1383 5449 resurgendo
1421 5383 1736 5452 perveniet.
1767 5386 1834 5440 Et
1864 5405 1980 5444 non
2011 5407 2100 5445 so-

501 5467 625 5521 lum
656 5480 759 5534 pro
789 5469 995 5524 virtute
1044 5472 1142 5522 tua
1179 5467 1486 5538 lmtabitur,
1517 5469 1617 5524 sed
1647 5473 1932 5531 exsultabit
1957 5479 2103 5534 vehe-

347 5729 542 5763 --α-ιιιι.

588 5852 640 5917 1.

651 5971 1216 5990 Ε--φ-ςμκκκκίί-

2207 4319 2292 4374 bis
2322 4336 2455 4374 eum
2488 4337 2522 4375 a
2541 4321 2805 4376 mortuis.
2831 4321 2899 4376 Et
2928 4323 3048 4394 ipse
3077 4322 3230 4376 volet
3249 4321 3442 4378 habere
3461 4317 3670 4389 gloriosa
3684 4317 3731 4368 et

2207 4407 2418 4462 decora
2433 4408 2720 4463 membra.
2735 4409 2804 4464 Et
2817 4412 2878 4463 tu
2888 4409 3243 4482 impones,id
3263 4411 3343 4464 est
3359 4405 3574 4462 fundabis
3585 4417 3726 4473 super

2205 4511 2340 4548 eum
2368 4499 2429 4550 ut
2458 4495 2529 4549 sit
2559 4496 2998 4552 firmamentum
3029 4501 3087 4552 et
3105 4501 3276 4570 caput
3301 4510 3486 4558 eorum,
3513 4491 3718 4560 gloriam,

2204 4580 2264 4635 id
2285 4585 2372 4636 est
2395 4583 2676 4654 gloriosos
2706 4585 2938 4652 scilicet,
2970 4592 3020 4638 et
3049 4600 3304 4654 magnum
3336 4582 3542 4643 decorem,
3567 4577 3613 4631 id
3646 4578 3715 4630 est

2207 4670 2512 4740 magnifice
2547 4673 2786 4727 decoros
2815 4673 2874 4727 in
2905 4673 3112 4727 virtute
3173 4676 3230 4726 et
3276 4669 3538 4725 sanctitate.
3581 4663 3709 4718 Unde

2206 4760 2550 4828 Apostolus:
2587 4780 2617 4812 α
2649 4759 3098 4832 Supertediticati
3140 4776 3311 4831 super
3351 4755 3702 4810 fundamentum

2208 4849 2602 4916 apostolorum
2633 4852 2691 4902 et
2716 4849 3154 4920 prophetarum,
3185 4851 3293 4901 etc.
3323 4867 3344 4894 ››
3367 4843 3537 4914 (Ephes.
3559 4837 3696 4908 11,20.)

2211 4933 2278 4986 Et
2305 4934 2547 5005 dignum
2569 4937 2678 4991 erit
2701 4940 2763 4990 ut
2782 4954 2952 5009 super
2977 4953 3110 4992 eum
3141 4936 3480 5006 imponantur.

2280 5021 2565 5085 Quoniam
2597 5024 2758 5078 dabis
2787 5042 2919 5080 eum
2943 5029 2998 5080 in
3034 5023 3438 5079 benedictionibus
3461 5016 3686 5073 membro-

2208 5126 2338 5165 rum
2364 5129 2620 5184 suorum,
2643 5113 2701 5168 id
2723 5119 2807 5168 est
2838 5115 2895 5168 in
2919 5112 3358 5177 exaltationibus,
3384 5113 3430 5163 ut
3453 5106 3610 5162 exaltet
3635 5102 3681 5156 in

2209 5198 2510 5254 virtutibus
2534 5202 2762 5268 suos,de
2783 5202 3158 5272 generatione
3186 5201 3243 5254 in
3263 5195 3596 5271 generationem
3612 5207 3678 5244 us-

2210 5303 2320 5358 que
2333 5291 2387 5340 in
2399 5289 2648 5342 saeculum
2663 5290 2859 5344 saeculi.
2876 5292 2936 5346 In
2945 5289 3218 5363 terposita
3229 5277 3671 5353 causa,revertiturad

2208 5375 2363 5431 bona
2407 5393 2533 5448 qua:
2596 5377 2832 5433 daturus
2862 5383 2948 5433 est
2985 5379 3038 5432 ei
3069 5379 3253 5444 Pater,
3281 5391 3376 5448 qua
3409 5381 3665 5427 enumerare

2205 5464 2375 5538 coepit
2395 5481 2407 5518 :
2428 5465 2549 5521 Dixi
2579 5467 2714 5541 quia
2753 5467 2929 5522 volet:
2947 5470 3004 5521 et
3032 5465 3284 5538 imponas
3299 5477 3424 5536 super
3444 5473 3543 5514 eum
3568 5470 3659 5510 ma-

3313 5852 3793 5958 ___..J
