3994 6042
220 370 328 426 717

1150 344 1155 348 ’
1224 365 1581 421 ΕΧΡΟΒΙΤΙΟ
1624 367 1703 445 IN.
1732 364 2062 422 rwuos.
2107 399 2172 406 η
2214 364 2409 422 PSAL.
2452 354 2554 420 xiu

3443 369 3547 426 7l8

227 491 417 559 gnum
444 487 808 542 decm‘eln.Et
824 489 973 541 volet
995 486 1168 541 etiam
1188 488 1366 541 lictori
1395 488 1465 541 de
1492 490 1704 559 gaudio
1716 490 1847 543 bea-
1865 504 1918 566 Α
1942 505 2015 553 XI,
2046 490 2156 556 £30).
2190 511 2217 537 ››
2244 490 2310 542 Et
2337 492 2703 557 cogitaverunt
2724 486 2966 551 consilia,
2995 476 3121 558 ψιίὲ
3141 506 3241 541 non
3263 496 3553 557 potuerunt

224 577 491 631 titudinis
518 583 752 630 suorum
796 577 854 629 in
886 576 1100 629 futuro.
1135 576 1200 628 Et
1230 580 1290 629 tu
1325 574 1617 643 lzeti/icabzs
1635 594 1753 631 eum
1786 582 1839 632 in

221 665 425 734 gaudio
453 681 688 719 suorum
709 666 862 737 quod
898 665 1194 719 habebunt
1215 682 1334 718 cum.
1358 666 1506 717 vultu
1535 672 1644 731 tuo,
1674 667 1730 721 id
1756 672 1841 720 est

223 752 459 824 quando
491 756 662 807 erunt
684 753 741 806 in
770 753 1078 823 praesentia
1104 756 1200 805 tua
1231 753 1287 806 in
1315 754 1489 809 caelis.
1510 754 1834 825 UndeApo-

221 844 403 897 stolus
431 859 443 895 :
471 865 498 891 ‹‹
538 841 852 911 Rapiemur
873 843 1100 897 obviam
1128 842 1367 898 domino
1395 843 1451 897 in
1486 860 1639 909 aera,
1674 848 1731 899 et
1761 846 1838 898 sic

221 943 457 1001 semper
479 936 611 984 cum
641 931 891 984 Domino
923 930 1138 984 erimus
1164 930 1254 1000 (II
1281 932 1453 985 Thess.
1489 949 1562 998 IV,
1601 937 1709 993 l7.)
1738 934 1839 987 »Εἰ

220 1019 437 1074 merito
465 1019 703 1074 habebit
735 1035 838 1091 per
864 1021 919 1071 te
953 1020 1073 1072 haec
1100 1019 1299 1074 omnia
1338 1036 1465 1090 quin
1506 1020 1656 1075 dixi:
1693 1016 1835 1087 Quo-

216 1109 371 1160 niam
402 1108 523 1177 ipse
557 1124 651 1160 rex
676 1116 871 1177 sperat,
905 1107 962 1159 id
992 1110 1077 1160 est
1101 1124 1262 1178 spem
1292 1108 1529 1161 habebit
1555 1111 1686 1163 inte
1725 1110 1836 1163 Do-

216 1199 367 1250 mino
398 1214 414 1249 :
449 1212 563 1250 non
600 1197 655 1249 in
686 1196 946 1261 terrenis,
980 1199 1037 1249 et
1066 1196 1195 1249 ideo
1237 1214 1340 1248 non
1378 1198 1840 1253 commovebitura

216 1286 373 1340 bono
420 1285 716 1359 proposito
764 1302 889 1339 suo.
939 1285 1005 1337 In
1056 1286 1418 1339 misericordia
1446 1289 1531 1339 sui
1573 1288 1843 1341 Altissimi

216 1374 590 1439 conﬁdendo,
607 1378 666 1427 ut
680 1373 834 1427 idem
859 1374 916 1426 in
938 1374 1244 1444 Evangelio
1264 1391 1315 1427 :u
1347 1375 1469 1428 Non
1494 1391 1625 1429 mea
1644 1376 1841 1430 volun-

220 1468 330 1528 tas,
363 1462 462 1516 sed
500 1464 599 1515 tua
631 1462 730 1515 ﬁat
771 1460 922 1531 (Luc.
961 1478 1094 1528 xxu,
1136 1464 1250 1533 4-2).
1304 1484 1331 1511 ››
1377 1462 1529 1516 Facit
1577 1467 1838 1534 apostro-

219 1551 402 1621 pham
433 1550 506 1604 ad
534 1550 723 1620 ipsum
761 1566 959 1621 regem
992 1550 1306 1619 satagendo
1335 1551 1405 1604 de
1444 1553 1748 1618 salvandis,
1782 1557 1838 1607 et

220 1639 584 1693 enuntiando
611 1640 682 1693 de
701 1639 1048 1693 damnandis
1072 1639 1149 1692 sic
1169 1656 1179 1692 :
1203 1639 1323 1693 Dixi
1343 1640 1497 1710 quod
1524 1641 1601 1693 sic
1630 1641 1839 1711 glorio-

215 1740 312 1782 sus
337 1727 478 1782 eris:
498 1726 643 1780 sicut
673 1727 997 1781 ostenditur
1025 1727 1344 1797 centinget.
1374 1728 1441 1781 Et
1471 1744 1600 1781 cum
1630 1727 1707 1782 sic
1721 1730 1838 1797 glo-

1939 579 2197 645 stabilire,
2232 578 2286 631 id
2320 582 2405 631 est
2432 594 2524 630 me
2556 578 2611 629 in
2650 580 2836 629 morte.
2865 576 3143 641 detinere,
3177 577 3319 630 sicut
3346 579 3448 648 ipsi
3480 580 3549 633 ad

1942 667 2185 720 Pilatum
2208 667 2473 720 dixerunt
2490 666 2692 720 :«Jube
2714 664 2983 717 custodiri
2999 666 3549 736 sepulcrumlillatth.

1942 773 2108 821 xxv”,
2137 758 2248 826 δι),
2287 778 2312 801 δ)
2348 761 2453 809 etc.
2503 756 2570 808 Et
2608 755 2739 808 inde
2763 755 2882 806 lucc
2902 753 3123 807 caicitas
3153 755 3232 806 eis
3263 755 3561 827 continget

1941 847 2002 897 ut
2032 845 2153 897 hinc
2182 844 2417 898 consilia
2446 843 2717 913 cogitent.
2751 842 3014 907 Quoniam
3040 860 3203 912 pones
3219 861 3302 896 cos
3320 843 3553 913 dorsum,

1939 931 1993 985 id
2027 936 2111 986 est
2142 934 2361 1007 spretos
2378 950 2410 985 a
2440 934 2515 997 te,
2536 934 2596 985 ut
2612 948 2703 985 res
2724 948 2849 1001 quae
2866 935 2993 1002 post
3014 934 3244 1000 tergum
3264 930 3546 1001 adjicitur,

1936 1021 2170 1087 dorsum,
2200 1037 2297 1074 eos
2329 1021 2651 1092 cmphatice
2684 1020 2913 1073 dicit.t£t
2937 1036 3008 1071 ne
3043 1024 3376 1089 putaremus
3397 1023 3552 1092 quod

1940 1110 2146 1163 nullius
2179 1113 2322 1163 esset
2346 1113 2544 1179 postea
2577 1109 2939 1173 miserturus,
2965 1107 3041 1160 sic
3074 1108 3341 1162 addendo
3370 1110 3555 1163 deter-

1941 1198 2124 1252 minat
2159 1216 2170 1252 :
2208 1198 2342 1252 Dico
2375 1198 2509 1269 quia
2532 1213 2698 1268 pones
2732 1213 2814 1249 eos
2839 1197 3149 1263 (lor.mni,ot
3179 1214 3290 1251 non
3328 1214 3550 1251 omnes.

1939 1287 2081 1340 Nam
2104 1287 2436 1357 pra’parabis
2468 1285 2674 1350 adhuc,
2709 1284 2765 1338 id
2791 1287 2876 1337 est
2911 1284 3206 1352 restitues;
3240 1286 3441 1338 mltum
3469 1305 3557 1339 co-

1938 1392 2080 1442 rum,
2121 1375 2175 1429 id
2217 1378 2302 1429 est
2327 1374 2474 1428 visus
2505 1390 2705 1427 eorum
2749 1373 2959 1426 mentis
2991 1374 3085 1443 qui
3121 1374 3426 1428 exstinctus
3470 1381 3554 1429 est

1940 1479 2043 1532 per
2063 1462 2563 1517 inﬁdelitatemEt
2584 1462 2689 1515 hoc
2706 1478 2821 1515 non
2848 1460 2903 1513 in
2924 1462 3210 1527 omnibus,
3238 1462 3334 1515 sed
3355 1465 3410 1515 in
3433 1464 3551 1517 reli-

1938 1552 2168 1623 qm‘is,id
2199 1555 2283 1605 est
2306 1551 2363 1603 in
2386 1550 2496 1604 illis
2536 1566 2680 1620 quos
2721 1548 3029 1620 relinques,
3050 1550 3367 1618 salvandos,
3403 1554 3555 1606 unde

1937 1640 2237 1709 Apostolus
2269 1656 2281 1692 :
2319 1662 2345 1687 ‹‹
2378 1637 2651 1708 Reliquiae
2687 1638 2853 1690 salva:
2887 1636 3027 1689 ﬁent
3055 1638 3233 1706 (Rom.
3270 1656 3342 1705 IX,
3376 1639 3487 1711 ς27).
3524 1661 3555 1693 ››

1937 1726 2033 1780 Vel
2056 1727 2390 1797 praeparabis
2424 1725 2627 1778 vultum
2669 1742 2849 1777 eorum
2885 1727 2938 1776 in
2970 1725 3210 1795 reliquiis
3234 1730 3357 1793 tuis,
3392 1728 3444 1781 id
3469 1734 3553 1783 est

222 1815 412 1869 riosus
440 1815 571 1881 eris,
606 1816 911 1867 inveniatur
938 1831 1148 1880 manus,
1181 1814 1235 1867 id
1264 1818 1348 1867 est
1378 1816 1637 1884 potentia
1662 1816 1837 1870 virlu-
1863 1820 1913 1878 B
1936 1826 2040 1885 per
2073 1814 2249 1869 Eliam
2275 1819 2330 1868 et
2353 1815 2726 1884 Enoch,q’uos
2752 1813 2824 1866 ad
2853 1813 2960 1866 hoc
2992 1830 3134 1883 opus
3148 1815 3297 1868 vivos
3324 1816 3553 1887 reliqui-

222 1904 294 1957 tis
327 1908 437 1957 tute
468 1903 711 1955 omnibus
735 1905 965 1956 inimicis
995 1905 1119 1964 tuis,
1136 1908 1252 1956 tam
1268 1903 1476 1957 Iudaeis
1501 1919 1675 1974 quam
1695 1916 1835 1975 gen-

220 1991 394 2059 tibus,
423 1990 477 2045 id
500 1996 586 2045 est
604 1994 960 2061 cognoscant
980 1995 1035 2043 te
1056 1993 1357 2062 potentem
1396 1993 1453 2044 et
1488 1991 1559 2045 ad
1604 1996 1661 2045 te
1700 2006 1836 2046 con-

219 2082 539 2133 vertantur.
565 2080 793 2133 Manum
815 2079 979 2150 ponit
1003 2095 1106 2149 pro
1124 2078 1402 2153 potentia,
1420 2079 1627 2150 quiain
1650 2082 1834 2134 mani-

218 2168 328 2221 bus
346 2183 658 2239 operemur
674 2171 733 2221 et
751 2167 1021 2220 virtutem
1044 2167 1342 2220 habemus.
1370 2168 1436 2220 Et
1456 2167 1499 2221 si
1518 2183 1622 2238 per
1638 2184 1695 2222 se
1719 2185 1835 2222 non

219 2259 463 2329 possunt
498 2255 755 2309 invenire
786 2270 917 2308 cum
954 2254 1168 2308 debiles
1195 2256 1330 2320 sint,
1372 2256 1587 2309 dextera
1619 2263 1732 2321 tua,
1782 2257 1835 2310 id

219 2348 309 2399 est
326 2343 583 2416 potentia
604 2343 1012 2397 misericordiae
1030 2348 1147 2397 tute
1163 2345 1397 2396 inveniat
1429 2360 1532 2415 per
1559 2345 1837 2414 praedica-

218 2436 377 2491 tores
400 2434 683 2502 omnesqm'
707 2439 756 2484 te
774 2432 1385 2497 oderunt,tam.ludzeos
1411 2448 1586 2502 quam
1612 2436 1833 2503 gentes,

220 2519 325 2574 tibi
349 2520 585 2575 credere
613 2524 670 2573 et
702 2519 938 2574 obedire
973 2521 1255 2573 nolentes.
1291 2520 1414 2574 Non
1448 2520 1585 2573 dicit
1612 2536 1834 2587 omnes,

219 2608 354 2662 ideo
385 2608 541 2678 quod
570 2622 772 2664 omnes
799 2607 1126 2661 inveniendi
1146 2608 1259 2661 sint
1282 2625 1295 2662 :
1319 2609 1419 2662 sed
1446 2612 1643 2661 tamen
1672 2625 1737 2662 ex
1759 2609 1838 2662 af-

218 2696 472 2751 fectione
502 2696 682 2751 nimia
715 2706 818 2767 pro
861 2696 1131 2750 omnibus
1167 2699 1311 2749 orat.
1347 2696 1458 2750 Oro
1492 2699 1555 2749 ut
1584 2696 1838 2751 invenias

220 2800 427 2839 omnes
452 2784 551 2855 qui
582 2789 634 2838 te
666 2785 932 2840 oderunt.
958 2785 1025 2837 Et
1053 2800 1183 2838 vere
1206 2782 1417 2838 multos
1446 2784 1762 2852 inveniens,
1781 2788 1840 2839 et

219 2871 268 2926 si
289 2888 406 2927 non
435 2889 659 2927 omnes.
688 2872 797 2926 Eos
825 2889 955 2926 vero
980 2889 1122 2943 quos
1146 2888 1258 2925 non
1281 2872 1553 2939 invenies,
1579 2889 1744 2943 pones
1779 2879 1839 2925 ut

219 2960 492 3014 clibanum
538 2962 696 3030 ignis,
730 2960 787 3014 id
834 2963 920 3014 est
947 2959 1159 3014 similes
1189 2961 1414 3014 clibano
1447 2961 1651 3031 ignito.
1694 2960 1840 3024 Quia

222 3049 371 3103 sient
396 3050 635 3104 interius
663 3050 923 3104 clibanus
951 3050 1135 3116 ardet,
1164 3049 1244 3102 ita
1271 3049 1375 3120 ipsi
1408 3049 1648 3104 interius
1684 3051 1839 3104 mala

223 3137 578 3192 conscientia
608 3138 931 3203 ardebant;
980 3140 1036 3191 in
1076 3146 1303 3207 tempore
1332 3137 1508 3191 vultus
1535 3139 1633 3200 tui,
1668 3138 1724 3191 id
1754 3142 1839 3193 est

225 3223 329 3279 ira:
360 3229 499 3281 tute:
527 3225 584 3280 in
619 3225 710 3279 die
728 3225 928 3295 judicii
961 3226 1191 3280 scilicet.
1224 3225 1384 3279 Unde
1415 3226 1653 3280 Paulus:
1678 3249 1706 3277 «
1733 3228 1836 3280 Te-

221 3312 568 3368 stimonium
584 3313 865 3368 reddente
899 3314 1251 3370 conscientia
1280 3327 1506 3380 eorum,
1536 3317 1593 3367 et
1621 3314 1837 3385 cogita-

223 3401 452 3457 tionum
480 3401 633 3456 inter
652 3418 710 3456 se
726 3401 971 3456 invicem
990 3403 1379 3457 accusantium
1407 3401 1586 3473 (Rom.
1614 3419 1673 3468 ιι,
1691 3402 1836 3474 15).»

220 3487 370 3552 Quia
396 3498 530 3547 vero
562 3488 625 3543 in
652 3490 810 3544 vultu
845 3489 930 3543 ira
968 3491 1116 3544 solet
1144 3504 1445 3561 apparere,
1479 3489 1701 3542 vultum
1733 3504 1837 3559 pro

217 3574 307 3631 ira
324 3576 491 3647 ponit
511 3592 526 3631 :
545 3576 759 3660 ut'alibi
778 3576 1106 3631 P'salmista:
1136 3599 1164 3626 ς(
1195 3576 1389 3630 Vultus
1415 3575 1840 3646 Domini'super

217 3662 495 3718 facientes
526 3663 864 3737 mala(Psal.
897 3680 986 3731 xx,
1005 3668 1112 3734 l7),
1138 3685 1167 3713 ››
1179 3667 1236 3718 et
1258 3678 1376 3718 non
1406 3664 1593 3718 solum
1613 3674 1837 3733 ponen-

218 3754 317 3807 tur
347 3755 408 3806 ut
437 3752 696 3807 clibanus
732 3769 746 3806 :
794 3753 895 3807 sed
943 3757 1001 3806 et
1047 3753 1328 3807 Dominus
1374 3751 1712 3805 conturbabit
1757 3769 1838 3803 eos

220 3839 451 3913 tristitia
484 3844 546 3895 et
565 3843 727 3895 metu
751 3857 764 3895 :
787 3844 844 3894 in
860 3843 942 3894 ira
967 3858 1091 3907 sua,
1112 3840 1168 3893 id
1190 3845 1276 3895 est
1294 3840 1527 3911 quando
1556 3838 1841 3894 videbitur

221 3928 304 3983 eis
328 3928 505 3982 iratus
526 3928 838 3983 dicendam
856 3928 1136 3983 Discedite
1160 3945 1193 3981 a
1213 3945 1329 3995 me,
1355 3926 1836 3993 maledicti,-netc.

221 4015 448 4088 (Matth.
493 4032 618 4084 xxv,
647 4018 765 4088 4-4.)
798 4018 867 4071 Et
904 4032 1004 4071 eos
1044 4016 1418 4071 conturbatos
1455 4015 1748 4083 devci-abit,
1781 4016 1839 4070 id

220 4108 310 4160 est
339 4104 678 4175 submerget
722 4105 864 4174 ignis
914 4108 1166 4158 aeternus
1213 4119 1226 4156 :
1270 4107 1332 4156 ut
1376 4103 1433 4156 in
1479 4104 1786 4175 Evangelio
1822 4121 1834 4158 :

224 4215 254 4243 ι(
286 4193 456 4247 Ibunt
473 4192 533 4246 hi
554 4192 612 4246 in
632 4193 973 4263 supplicium
995 4190 1508 4264 mternum(Matth.
1538 4206 1664 4259 xxv,
1686 4195 1836 4263 λίνω.»

220 4282 292 4335 Et
322 4296 438 4336 non
472 4281 883 4336 tantummodo
904 4297 1003 4337 eos
1024 4280 1425 4336 conturbabis:
1448 4280 1546 4335 sed
1572 4282 1833 4350 fructum,

1940 1902 2036 1971 sti;
2079 1906 2136 1956 et
2176 1906 2237 1957 ut
2282 1903 2403 1956 hinc
2437 1901 2634 1955 omnia
2678 1902 2839 1966 ﬁant,
2870 1916 2902 1954 0
2934 1902 3180 1967 Domine,
3214 1902 3471 1971 exaltare,
3498 1906 3553 1959 id

1938 1994 2021 2045 est
2054 1994 2256 2062 potens
2290 2006 2502 2062 appare
2528 2008 2541 2056 ;
2569 1991 2631 2044 in.
2664 1991 2859 2042 virtute
2890 1996 3003 2055 tua,
3033 1990 3087 2043 id
3120 1994 3203 2043 est
3232 1994 3551 2048 exercendo

1938 2078 2207 2132 virtutem
2240 2083 2397 2132 tuam
2434 2094 2609 2148 quam
2638 2076 2895 2146 prmdixi,
2919 2076 3131 2130 scilicet
3170 2081 3547 2149 resurgendo,

1937 2167 1994 2217 et
2009 2167 2135 2217 tuos
2156 2163 2893 2234 gloriﬁcando,etinimicos
2908 2164 3550 2234 perdendo.Nosautem

1937 2254 2270 2306 cantabimus
2291 2255 2340 2305 et
2355 2252 2646 2321 psallemus
2671 2254 2890 2304 virtutes
2920 2258 3057 2318 tuas,
3092 2252 3144 2305 id
3179 2258 3261 2307 est
3293 2256 3547 2308 celebra-

1938 2341 2125 2395 bimus
2157 2341 2259 2394 has
2298 2342 2533 2394 virtutes
2567 2344 2711 2407 tuas,
2742 2340 2965 2393 cantico
3008 2341 3171 2393 home
3209 2342 3546 2411 aﬁ'ectioni=,

1938 2435 1991 2484 et
2017 2432 2260 2500 psalmo,
2284 2430 2342 2483 id
2364 2434 2448 2482 est
2466 2431 2619 2483 bona
2636 2430 3001 2500 operatione;
3028 2432 3181 2500 quod
3209 2436 3293 2485 est
3322 2432 3545 2488 dicere:

1936 2519 2021 2572 Ad
2047 2520 2329 2572 honorem
2361 2519 2632 2572 virtutum
2668 2522 2895 2572 tuarum
2920 2519 3066 2571 bene
3089 2520 3467 2589 cogitabimus
3494 2526 3525 2572 ά

1938 2624 1970 2661 0
1978 2608 2328 2678 perahimur.

2460 2696 2527 2749 ΙΝ
2560 2695 2883 2751 PSALMUM
2909 2696 3034 2749 XXI.

2009 2783 2224 2837 Titulus
2249 2783 2505 2853 vigesimi
2539 2783 2733 2853 primi.
2766 2782 2833 2835 In
2873 2784 3029 2851 ﬁnem
3062 2800 3165 2853 pro
3204 2790 3553 2856 assumptione

1938 2871 2458 2941 matutinapsalmus
2468 2870 2845 2933 David.de
2859 2871 2935 2923 sic
2950 2872 3253 2942 exponitur
3271 2876 3551 2928 :Psalmus

1939 2959 2044 3013 iste
2066 2959 2466 3013 attribuendus
2494 2962 2580 3013 est
2612 2959 2810 3027 David,
2832 2959 2891 3013 id
2928 2964 3011 3013 est
3033 2960 3253 3014 Christo
3284 2964 3545 3018 tendenti

1938 3047 1996 3101 in
2028 3048 2227 3113 ﬁnem,
2268 3047 2324 3100 id
2362 3049 2446 3100 est
2474 3047 2533 3100 in
2568 3046 2861 3101 victoriam
2900 3063 3027 3118 quae
3070 3048 3198 3101 ﬁnis
3230 3053 3315 3103 est
3355 3067 3554 3105 cursus

1939 3135 2283 3191 obedientize
2313 3135 2454 3204 ejus.
2473 3134 2578 3189 Ubi
2598 3152 2732 3190 vero
2756 3152 2859 3190 nos
2883 3135 2975 3189 hic
2994 3136 3272 3191 habemus
3285 3140 3338 3191 in
3359 3140 3516 3207 ﬁnem
3534 3157 3551 3192 :

1940 3224 2162 3277 Hebraei
2186 3223 2423 3285 habent,
2456 3223 2665 3277 victori.
2696 3224 2789 3277 Vel
2818 3224 2876 3277 in
2906 3224 3106 3291 ﬁnem,
3136 3224 3194 3279 id
3230 3228 3313 3280 est
3340 3226 3395 3280 in
3428 3244 3559 3298 per-t

1938 3312 2353 3380 severantiam;
2387 3311 2562 3366 David
2606 3312 2733 3365 dico
2767 3312 2961 3383 agenti
3007 3328 3110 3382 pro
3162 3315 3553 3385 assumptione

1939 3400 2243 3466 matutina,
2288 3400 2347 3454 id
2397 3404 2484 3453 est
2532 3416 2634 3472 pro
2677 3400 3094 3455 resurrectione
3138 3419 3266 3473 quae
3316 3405 3557 3475 contigit

1939 3503 2131 3553 mane,
2152 3487 2209 3541 in
2243 3504 2356 3559 qua
2382 3489 2529 3541 Deus
2555 3505 2689 3541 eum
2706 3489 3013 3560 assumpsit
3044 3490 3113 3543 de
3140 3490 3464 3546 humilitate
3483 3494 3551 3547 ad

1939 3575 2217 3645 gloriam;
2251 3576 2321 3629 de
2354 3576 2705 3630 mortalitate
2728 3577 2799 3630 ad
2830 3577 3352 3632 immortalitatem.
3374 3582 3555 3634 Iullo

1938 3663 2131 3716 braica
2152 3654 2283 3717 vero
2316 3663 2691 3716 translatione
2709 3664 2954 3717 habetur
2968 3682 3072 3733 pro
3090 3683 3242 3717 cerva
3266 3672 3551 3734 matutina,

1939 3751 2095 3821 quod
2115 3751 2269 3804 idem
2288 3750 2447 3803 estin
2471 3750 2775 3806 sententia.
2803 3750 2971 3813 Quasi
2998 3752 3149 3804 dicat
3179 3770 3191 3806 :
3224 3756 3429 3823 Agenti
3450 3773 3554 3825 pro

1939 3856 2103 3894 cerva
2136 3841 2440 3907 matutina,
2473 3840 2529 3893 id
2561 3843 2644 3893 est
2674 3856 2778 3910 pro
2809 3840 3005 3894 laetitia
3037 3858 3239 3907 cervae,
3262 3843 3317 3895 id
3348 3848 3430 3896 est
3450 3845 3551 3897 hu-

1940 3929 2236 3982 manitatis
2271 3944 2385 3982 sute
2414 3927 2471 3981 in
2509 3943 2681 3981 mane
2700 3927 2996 3998 gavisurus.
3033 3930 3197 3991 Quod
3221 3934 3303 3983 est
3323 3931 3511 3985 dicere
3535 3949 3546 3985 :

1940 4018 2050 4070 Pro
2084 4017 2281 4071 laetitia
2306 4015 2755 4070 resurrectionis.
2774 4016 2950 4069 Cerva
2969 4032 3100 4070 vero
3118 4016 3323 4071 Christi
3350 4020 3555 4074 huma-

1940 4106 2087 4160 nitas
2119 4123 2220 4177 per
2244 4105 2681 4159 similitudinem
2710 4104 2935 4160 dicitur.
2966 4106 3273 4160 Cervarum
3306 4108 3463 4162 enim
3494 4114 3552 4164 et

1902 4256 1909 4267 ἱ
1938 4194 2114 4248 etiam
2148 4183 2445 4247 ceriorum
2483 4197 2566 4247 est
2595 4209 2770 4246 mane
2800 4210 2904 4263 pro
2942 4193 3051 4247 diei
3086 4195 3334 4249 adventu
3381 4198 3552 4252 nimis

1938 4284 2228 4353 gaudere;
2256 4282 2336 4335 ita
2357 4285 2413 4336 et
2439 4281 2645 4336 Christi
2677 4280 3008 4335 humanitas
3039 4281 3094 4334 in
3131 4284 3417 4339 matutina
3450 4304 3550 4341 sua

222 4368 283 4425 id
295 4373 384 4424 est
396 4369 892 4437 ﬁlios,imitatores
905 4371 1139 4435 scilicet,
1164 4385 1345 4422 eorum
1364 4369 1573 4438 perdes,
1603 4370 1667 4423 de
1697 4377 1837 4423 terra
1859 4374 1910 4432 D
1936 4371 2352 4425 resurrectione
2376 4386 2478 4442 pro
2494 4369 2832 4423 aeternitatis
2844 4370 3093 4423 adventu
3116 4373 3308 4441 gavisa
3330 4378 3432 4427 est.
3453 4376 3549 4429 Be-

221 4458 537 4512 viventium
557 4458 825 4525 dolendo,
844 4462 906 4512 ut
926 4457 1061 4513 alibi
1094 4457 1432 4512 Psalmista:
1466 4479 1494 4506 «
1526 4458 1838 4511 Deleantur

220 4547 296 4603 de
327 4547 474 4601 libro
514 4547 847 4614 viventium,
886 4549 944 4601 et
982 4562 1113 4601 cum
1147 4547 1314 4617 justis
1352 4562 1469 4600 non
1514 4546 1839 4600 scribantur

220 4635 396 4703 (Psal.
427 4650 615 4697 vam,
654 4638 762 4705 29),
808 4656 836 4683 »
868 4639 926 4688 et
963 4652 1082 4689 non
1121 4638 1306 4688 solum
1338 4635 1409 4688 de
1450 4637 1604 4688 terra
1630 4634 1833 4688 'viven-

220 4724 509 4785 tium,sed
528 4724 619 4777 hic
651 4723 825 4777 etiam
854 4723 1058 4793 perdes
1084 4740 1278 4785 semen,
1310 4722 1369 4776 id
1395 4726 1480 4775 est
1506 4723 1739 4777 eosdem
1768 4722 1832 4775 ﬁ-

215 4812 329 4866 lios
357 4828 558 4879 eorum,
582 4829 613 4865 a
633 4811 759 4879 ﬁliis
800 4811 1077 4864 hominum
1116 4809 1476 4881 segregando
1516 4808 1629 4877 hic,
1662 4809 1721 4863 id
1751 4814 1837 4865 est

220 4916 257 4954 a
286 4899 554 4955 ﬁdelibus
585 4898 867 4964 Ecclesiae,
890 4898 988 4969 qui
1012 4901 1145 4953 sunt
1174 4898 1494 4953 imitatores
1522 4898 1830 4970 propheta-

217 5005 353 5043 rum
379 4991 439 5042 et
462 4987 992 5058 apostolorum,qni
1014 4986 1247 5041 fuerunt
1265 4986 1548 5055 homines,
1564 4987 1621 5041 id
1637 4992 1720 5041 est
1741 5004 1830 5042 ra-

217 5075 527 5133 tionabiles
558 5093 572 5129 :
604 5076 725 5130 Dixi
748 5075 903 5147 quod
927 5091 1107 5146 pones
1133 5091 1230 5129 eos
1252 5078 1309 5129 et
1334 5075 1701 5129 conturbabis
1725 5092 1738 5143 ;
1774 5079 1833 5130 et

219 5164 452 5220 merito.
482 5162 749 5229 Quoniam
778 5162 1173 5216 declinaverunt
1222 5164 1277 5215 in
1325 5170 1371 5216 te
1408 5163 1572 5229 mala,
1600 5180 1727 5235 quae
1757 5164 1831 5217 ti-

219 5256 497 5308 muerunt
520 5266 693 5324 super
717 5268 777 5307 se
812 5256 1070 5313 ventura,
1100 5251 1144 5305 si
1178 5254 1230 5305 te
1260 5267 1461 5323 regem
1492 5270 1657 5307 suum
1683 5255 1831 5310 face-

218 5346 373 5410 rent,
406 5342 618 5396 scilicet
647 5341 1017 5396 amissionem
1058 5339 1167 5395 loci
1196 5343 1253 5393 et
1280 5340 1487 5410 gentis.
1520 5340 1831 5398 Voluerunt

218 5432 381 5487 enim
402 5435 457 5486 te
478 5432 632 5486 mala
656 5430 937 5501 passionis
966 5444 1292 5502 passurum,
1311 5446 1382 5483 ne
1402 5431 1592 5491 locum
1616 5436 1673 5484 et
1696 5449 1832 5502 gen-

220 5525 344 5577 tem
376 5520 728 5575 amitterent.
911 5519 1072 5575 Unde
1104 5517 1383 5589 Caiphas:
1419 5541 1447 5568 «
1488 5516 1727 5589 Expedit
1773 5525 1836 5573 ut

224 5627 370 5667 unus
396 5609 675 5663 moriatur
686 5608 957 5675 homo,et
978 5624 1097 5663 non
1120 5610 1240 5662 tota
1267 5623 1409 5679 gens
1431 5610 1628 5677 pereat
1649 5607 1831 5674 (Joan.

1936 4475 2008 4512 ne
2034 4474 2168 4513 vero
2194 4458 2471 4512 feminine
2494 4476 2697 4511 cervam
2724 4458 2904 4529 ponit,
2927 4476 3054 4512 cum
3080 4462 3202 4530 ejus
3224 4463 3551 4519 humanitas

1936 4547 2218 4602 incarnati
2246 4546 2411 4599 Verbi
2445 4562 2655 4616 sponsa
2694 4546 2935 4600 dicatur.
2972 4548 3037 4600 Iit
3077 4552 3162 4602 est
3192 4548 3281 4602 hic
3319 4567 3423 4603 vox
3455 4568 3546 4605 ca-

1937 4636 2088 4705 pitis,
2108 4635 2382 4705 quiddam
2403 4635 2555 4688 unde
2574 4637 2763 4704 posset
2794 4635 3063 4701 dubitari,
3079 4641 3141 4690 ut
3157 4638 3337 4692 solvat
3351 4643 3549 4709 postea

1937 4722 2312 4793 proponentis
2345 4738 2356 4774 :
2391 4738 2567 4792 quare
2601 4721 2813 4775 scilicet
2854 4738 2985 4775 eum
3032 4725 3194 4792 Deus,
3239 4741 3369 4779 cum
3401 4727 3545 4781 adeo

1928 4812 2114 4883 justus
2149 4814 2316 4875 esset,
2342 4809 2397 4863 in
2436 4810 2697 4879 passione
2730 4810 3095 4881 dereliquisse
3130 4812 3274 4867 visus
3300 4816 3384 4865 est
3415 4831 3545 4867 cum

1935 4899 2011 4953 sic
2046 4898 2369 4969 permiserit
2392 4915 2524 4951 eum
2546 4898 2749 4969 affligi.
2768 4898 2903 4951 Orat
2930 4899 3103 4952 etiam
3133 4900 3201 4953 de
3221 4902 3540 4956 constantia

1935 4987 1991 5041 in
2025 4986 2311 5057 passione,
2332 4987 2474 5039 etde
2495 4985 2910 5040 resurrectione
2929 4986 3286 5051 ostendendo
3314 4989 3539 5058 potissi-

1932 5092 2026 5129 mo
2051 5076 2123 5129 ad
2148 5075 2582 5129 instructionem
2609 5074 2740 5128 ﬁdei
2769 5074 3193 5139 nostrae,ctiam
3220 5091 3401 5145 genus
3420 5093 3543 5147 pas-

1930 5165 2104 5218 sionis
2141 5181 2278 5230 suae,
2314 5168 2369 5216 et
2400 5163 2525 5234 quis
2546 5164 2759 5216 fructus
2797 5161 2931 5215 inde
2960 5161 3032 5214 sit
3062 5161 3304 5217 futurus.
3336 5164 3401 5217 Et
3431 5166 3540 5219 hoc

1930 5254 2008 5308 sic
2038 5254 2173 5309 dicit
2206 5270 2218 5307 :

2002 5345 2150 5397 Deus
2175 5340 2272 5412 qui
2297 5340 2561 5394 omnium
2605 5338 2998 5396 communiter
3029 5352 3111 5394 es:
3138 5340 3205 5394 Et
3234 5339 3377 5395 Deus
3403 5360 3548 5397 meus

1933 5430 2272 5501 specialiter,
2300 5429 2453 5482 idest
2479 5425 2618 5479 mihi
2644 5427 3026 5500 personaliter
3041 5428 3227 5483 unitus
3245 5446 3257 5482 :
3278 5430 3551 5497 Vcl,Deus

1934 5536 2096 5585 meus,
2140 5517 2223 5571 cui
2268 5514 2590 5586 specialiter
2627 5534 2751 5588 pra:
2789 5517 3059 5572 omnibus
3085 5517 3325 5585 obedio;
3358 5521 3564 5589 reSpice

1936 5604 2375 5673 me,auxiliando
2400 5619 2474 5658 ne
2504 5602 2838 5675 cedamgct
2868 5608 2930 5659 ut
2958 5620 3273 5677 resurgam,
3292 5623 3469 5680 quem
3492 5609 3578 5662 ,ιιι
