4008 6030
429 375 534 434 7l9

1014 367 1074 428 S.
1113 364 1459 424 BRUNONIS
1500 355 2132 422 CARTHUSIANORUM
2169 361 2638 421 INSTI’I‘UTORIS
2686 364 2839 422 OPP.
2885 359 3059 421 PARS
3095 362 3136 421 l.

3643 357 3750 420 720

433 502 543 557 diei
557 498 884 572 reputando
909 499 1082 552 vilem
1099 497 1488 567 dedignantur
1499 493 1780 564 respicere
1800 495 1866 546 ut
1889 491 2056 546 mise-
2077 497 2132 554 Α
2148 491 2427 556 axuudies;
2441 496 2500 547 et
2519 494 2627 548 hoc
2643 493 2798 565 quod
2811 491 3451 559 nonexaudientur,nan
3472 491 3582 548 erit
3595 493 3668 546 ad
3686 496 3743 548 in

434 595 689 646 reantur.
713 590 780 642 Et
803 590 912 642 hoc
945 587 1096 658 quod
1143 585 1397 640 breviter
1421 585 1597 656 penit,
1635 585 1844 652 respice,
1871 581 1929 636 in
1958 597 2050 634 sc-

2149 585 2450 653 sipientiam
2469 583 2624 649 mihi,
2646 583 2742 636 sed
2763 582 2834 636 ad
2849 582 3082 636 utilitatc
3099 599 3154 636 m
3173 584 3230 635 et
3241 581 3737 636 doctrinam.Nam
3751 624 3766 648 ,

432 679 739 751 quentibus
766 679 879 731 late
907 675 1161 746 exponit.
1193 674 1327 728 Dico
1362 673 1504 726 Deus
1534 689 1708 738 meus;
1739 675 1796 724 et
1822 686 1954 723 cum
1977 669 2052 723 sis
2145 671 2307 741 juxta
2327 671 2725 741 Apostolumm
2739 671 2925 724 Virtus
2947 671 3004 724 in
3033 670 3368 725 inﬁrmitate
3384 669 3729 742 perﬁcituru
3741 669 3778 722 Ι

435 768 582 820 Deus
624 783 804 830 meus,
842 763 1165 836 specialiter
1195 760 1572 833 quaerendum
1622 777 1740 812 esse
1784 759 2048 813 videtur:

435 873 602 926 quare
627 873 708 907 me
729 854 1055 925 dereliquisti
1073 851 1101 906 ?
1132 851 1186 905 id
1216 854 1300 903 est
1331 865 1506 920 quare
1539 849 1684 902 visus
1729 865 1787 901 es
1834 864 1927 901 me
1959 847 2054 900 de-

435 943 728 1014 reliquisse
747 941 775 996 ‘l
807 941 1075 1012 Sequitur
1120 939 1348 992 solutio.
1385 937 1554 990 Verba
1576 935 1886 990 delictorum
1917 951 2052 988 meo-

431 1049 574 1098 rum,
605 1031 1004 1084 membrorum
1047 1029 1398 1092 futurorum,
1437 1025 1493 1079 id
1523 1029 1608 1079 est
1638 1023 2052 1096 postulationes

433 1137 573 1192 quas
604 1119 717 1174 mei
743 1118 920 1172 futuri
947 1117 1186 1184 faciunt,
1203 1132 1306 1186 pro
1339 1113 1561 1168 delictis
1577 1113 1688 1166 suis
1703 1111 2046 1184 purgandis:

431 1211 638 1279 petunt
665 1211 726 1262 ut
749 1207 822 1261 sis
862 1207 1012 1276 longe
1043 1223 1074 1258 a
1104 1205 1274 1258 salute
1298 1221 1412 1256 mea
1439 1201 1746 1273 corporali,
1783 1200 1842 1254 id
1871 1203 1957 1254 est
1989 1203 2051 1253 ut

434 1313 554 1351 non
583 1297 762 1350 salves
795 1312 888 1350 me
913 1312 946 1348 a
967 1297 1154 1348 morte
1186 1291 1460 1364 corporis.
1477 1291 1598 1345 Non
1630 1289 1794 1360 ponit
1812 1289 1966 1342 verba
1983 1305 2052 1343 eo

439 1386 594 1458 quod
611 1385 796 1440 verbis
825 1387 1022 1456 agant,
1053 1383 1152 1436 sed
1186 1381 1322 1452 quia
1351 1381 1493 1434 sicut
1521 1378 1724 1449 aliquis
1751 1377 1936 1431 verbis
1950 1393 2050 1448 po-

432 1476 640 1541 stulat;
674 1473 756 1526 ita
801 1476 858 1526 et
889 1470 1134 1525 miseriis
1166 1469 1508 1524 delictorum
1541 1483 1774 1522 suorum
1807 1465 1880 1519 ad
1918 1481 2052 1518 eum

437 1561 790 1628 clamabant,
825 1559 969 1613 sicut
997 1559 1066 1612 de
1095 1556 1376 1628 sanguine
1393 1556 1532 1609 Abel
1551 1554 1623 1608 ad
1640 1553 1776 1607 Cain
1807 1570 1842 1606 a
1862 1551 2054 1607 Domi-

435 1667 512 1704 no
531 1649 748 1704 dictum
770 1651 854 1702 est
878 1665 890 1702 :
918 1671 945 1695 «
973 1649 1110 1700 Ecce
1141 1663 1247 1699 vox
1281 1644 1577 1716 sanguinis
1601 1642 1795 1696 fratris
1814 1642 1896 1696 tui
1912 1642 2051 1696 Abel

435 1740 649 1791 clamat
675 1737 744 1791 ad
779 1753 873 1790 me
1065 1735 1134 1788 de
1162 1737 1317 1788 terra
1349 1732 1509 1804 (Gen.
1563 1749 1635 1798 1v,
1685 1730 1788 1800 10).
1825 1752 1852 1778 ››
1885 1730 2054 1793 Quasi

2153 758 2281 821 Cor,
2305 777 2400 827 xu,
2431 761 2507 832 9).
2555 782 2580 808 »
2609 761 2674 814 Et
2720 760 2855 814 alibi
2889 759 3191 814 Psalmista
3222 777 3234 812 :
3267 783 3293 808 «
3329 759 3639 830 Disciplina
3666 762 3769 813 tua

2153 848 2398 902 correxit
2429 865 2544 914 me,
2570 871 2594 896 ››
2627 853 2735 902 etc.
2775 849 2948 904 (Psal.
2983 865 3152 910 xxvn,
3184 851 3300 912 37).
3332 848 3465 902 Dico
3497 849 3631 920 quia
3661 865 3772 901 non

2151 937 2419 994 exaudies.
2449 938 2505 990 et
2538 937 2668 991 ideo
2693 937 2972 991 videberis
3002 937 3322 1008 elongatus.
3358 937 3440 990 Tu
3467 945 3644 990 autem
3670 938 3771 990 ha-

2154 1025 2313 1092 bitas,
2337 1025 2398 1078 id
2425 1030 2528 1091 est,
2549 1027 2745 1079 tamen
2767 1041 2882 1079 non
2902 1025 3282 1091 exaudiendo,
3298 1026 3354 1078 in
3377 1031 3582 1091 sancto,
3603 1025 3661 1079 id
3684 1029 3776 1079 est

2151 1113 2209 1167 in
2235 1117 2434 1167 sancta
2461 1113 2799 1168 collectione
2839 1114 3237 1168 membrorum
3269 1129 3556 1168 meorum.
3607 1113 3772 1168 Unde

2150 1201 2434 1272 propheta
2488 1218 2501 1255 :
2559 1223 2586 1249 «
2622 1201 2962 1256 lnhabitabo
3006 1201 3066 1255 in
3107 1201 3238 1268 illis,
3281 1205 3340 1255 et
3386 1219 3488 1258 ero
3537 1201 3768 1256 illorum

2151 1291 2299 1344 Deus
2328 1288 2417 1350 (II
2440 1288 2565 1346 Cor.
2596 1307 2672 1351 v1,
2714 1293 2815 1354 l6;
2841 1289 2968 1344 Lev.
2997 1307 3144 1353 xxvr,
3171 1290 3278 1361 l2).
3316 1312 3342 1338 ››

2223 1378 2464 1433 Ostensa
2491 1379 2744 1450 quadam
2758 1396 2948 1445 causa,
2961 1395 3140 1450 quare
3157 1379 3418 1434 videatur
3438 1379 3768 1448 derelictus,

2152 1465 2416 1536 adjungit
2455 1467 2628 1522 aliam
2674 1467 3192 1535 vehementiorem,
3237 1468 3361 1523 sic:
3404 1468 3771 1541 Dereliquisti.

2152 1555 2219 1608 Et
2241 1571 2372 1608 vere
2397 1554 2602 1609 videris
2625 1555 3014 1626 dereliquisse,
3049 1573 3082 1610 ο
3116 1560 3194 1623 tu,
3230 1557 3345 1610 laus
3373 1555 3562 1622 Israel,
3596 1574 3772 1629 quem

2151 1643 2531 1698 laudaverunt
2550 1643 3016 1698 bonadevotione
3038 1649 3097 1698 et
3108 1645 3445 1716 operatione
3461 1649 3655 1716 patres
3667 1663 3771 1700 an-

2157 1729 2298 1802 tiqui
2314 1731 2384 1785 de
2399 1747 2612 1802 genere
2635 1732 2824 1785 Israel.
2848 1731 2946 1786 Vel
2967 1731 3064 1803 qui
3091 1733 3317 1787 futurus
3341 1749 3401 1787 es
3419 1749 3526 1804 per
3538 1751 3632 1788 me
3651 1735 3774 1788 laus

437 1825 620 1879 dicat:
647 1824 1065 1879 Postulationes
1080 1838 1345 1876 meorum
1371 1837 1475 1891 pro
1495 1819 1792 1874 ablutione
1817 1818 2054 1872 delicto-
2074 1817 2126 1874 B
2159 1835 2425 1872 meorum
2445 1819 2974 1886 lsraelfuturorum,
2989 1821 3046 1874 id
3067 1826 3171 1888 est,
3184 1821 3314 1876 tein
3328 1821 3773 1892 contemplatio-

435 1931 564 1967 rum
593 1929 851 1979 suorum,
868 1915 1001 1966 sunt
1021 1927 1190 1964 causa
1213 1925 1390 1982 quare
1416 1926 1450 1963 a
1480 1911 1536 1962 te
1565 1908 1642 1961 sic
1664 1907 2053 1978 derelinquar.

435 2001 533 2055 Vel
567 2003 755 2073 potest
785 2017 904 2054 esse
926 1999 1176 2053 remotio
1206 1998 1308 2051 sub
1340 1995 1816 2067 interrogatione,
1847 1994 2062 2049 siczni-

435 2107 523 2156 co,
571 2106 736 2160 quare
760 2105 841 2141 me
867 2088 1232 2158 dereliquisti?
1263 2088 1347 2139 An
1387 2085 1541 2138 verba
1574 2084 1882 2137 delictorum
1921 2099 2061 2136 meo—

437 2195 578 2243 rum,
631 2177 689 2230 id
733 2181 818 2230 est
865 2176 1172 2246 petitiones
1220 2177 1588 2246 peccatorum
1643 2189 1770 2242 qua:
1825 2171 2063 2224 fecerim

440 2268 622 2336 agunt
650 2266 758 2318 hoc
791 2269 852 2318 ut
883 2264 956 2317 sis
987 2265 1142 2331 lange
1171 2281 1202 2315 a
1222 2262 1393 2315 salute
1422 2279 1536 2314 mea
1558 2260 1866 2330 corporali.
1901 2259 2063 2322 Quod

441 2358 527 2409 est
558 2353 748 2407 dicere
773 2369 785 2405 :
807 2353 1092 2423 Expetunt
1111 2351 1221 2404 hoc
1237 2349 1445 2403 delicta
1466 2365 1595 2402 mea
1627 2365 1697 2401 ne
1731 2365 1822 2401 me
1842 2347 2065 2402 salves‘.’

441 2444 568 2497 Non
599 2440 828 2496 scilicet.
875 2441 941 2493 Et
971 2438 1207 2510 exponit
1247 2437 1306 2491 in
1350 2455 1464 2509 quo
1502 2437 1762 2490 videatur
1809 2453 1930 2490 esse
1964 2436 2060 2489 de-

443 2531 696 2597 relictus,
720 2529 798 2582 sic
828 2549 839 2583 :
866 2527 1023 2594 Dico,
1061 2527 1418 2598 dereliquisti.
1447 2527 1514 2580 Et
1543 2543 1671 2579 vere
1695 2525 1842 2579 visus
1875 2542 1934 2578 es
1965 2524 2060 2578 de-

442 2618 756 2690 reliquisse,
790 2634 823 2672 ο
850 2618 998 2670 Deus
1031 2632 1212 2682 meus,
1245 2614 1587 2687 specialiter.
1620 2615 1766 2668 Nam
1810 2629 1919 2683 ego
1952 2612 2060 2666 cla-

438 2709 615 2774 mabo,
643 2707 701 2761 id
733 2709 817 2760 est
845 2705 1084 2760 videbor
1113 2721 1148 2758 a
1171 2703 1381 2758 Iudaeis
1410 2703 1662 2756 clamare
1696 2702 1904 2755 mentis
1932 2700 2065 2754 atie-

441 2797 652 2862 etione,
686 2811 791 2867 per
817 2793 972 2847 diem
1002 2795 1191 2846 totum
1223 2791 1506 2864 passionis
1535 2807 1681 2845 meae
1706 2793 1768 2844 ut
1799 2789 2060 2844 evadam.

439 2885 516 2940 Et
537 2902 646 2939 non
675 2882 946 2948 exaudies,
979 2881 1035 2935 id
1068 2885 1154 2934 est
1179 2880 1461 2934 videberis
1488 2896 1582 2934 me
1609 2895 1726 2934 non
1754 2878 2022 2932 exaudire
2047 2894 2060 2944 ;

438 2975 739 3029 velrevera
763 2971 1028 3026 clamabo
1061 2973 1120 3023 et
1151 2985 1287 3024 voce
1320 2972 1377 3022 et
1407 2967 2062 3033 aﬂ'ectione,utliberer,

441 3063 648 3118 nolens
675 3063 874 3115 tamen
905 3057 1190 3126 exaudiri;
1219 3057 1320 3113 sed
1345 3057 1417 3110 ad
1445 3055 1938 3111 confortationem
1966 3053 2063 3107 de-

442 3149 680 3205 bilitatis
711 3163 980 3202 meorum
1011 3145 1107 3216 qui
1153 3145 1426 3199 timentes
1459 3144 1516 3198 in
1547 3141 1857 3198 tormentis
1889 3141 2067 3196 futuri

442 3240 595 3304 sunt,
611 3253 686 3290 ne
701 3241 901 3307 postea
914 3234 984 3288 de
1007 3233 1252 3306 praemio
1275 3231 1880 3302 desperentclamabo:
1900 3237 2067 3283 etnon

443 3324 690 3380 exautlics
719 3325 782 3376 ut
810 3322 1043 3388 liberer,
1074 3320 1215 3375 utin
1237 3319 1543 3390 Evangelia
1565 3336 1577 3373 :
1599 3342 1624 3368 ε(
1650 3321 1840 3384 Pater,
1869 3317 1913 3371 si
1938 3333 2066 3388 pos-

445 3412 608 3468 sibile
639 3414 744 3478 est,
773 3410 1023 3464 transfer
1063 3409 1300 3462 calicem
1352 3409 1506 3462 hunc
1546 3425 1580 3463 a
1610 3425 1704 3461 me
1735 3424 1748 3462 :
1779 3410 2067 3461 verumta-

447 3518 584 3556 men
614 3517 730 3554 non
759 3498 913 3570 quod
947 3514 1054 3569 ego
1083 3499 1232 3563 volo,
1263 3497 1363 3550 sed
1390 3497 1547 3569 quod
1575 3499 1638 3550 tu
1656 3496 1882 3566 (Matth.
1919 3511 2066 3562 xxvr,

447 3595 556 3659 39).
595 3612 622 3638 ››
647 3587 720 3641 Et
749 3593 918 3648 nocte,
953 3587 1008 3640 id
1039 3589 1143 3653 est,
1177 3585 1238 3639 in
1271 3602 1442 3640 mane
1477 3585 1911 3640 resurrectionis
1937 3600 2067 3638 cum

452 3679 641 3734 adhuc
694 3677 949 3730 tenebrae
999 3675 1182 3730 noctis
1213 3677 1422 3741 erunt;
1455 3675 1694 3728 clamabo
1741 3673 1814 3728 ad
1844 3677 1920 3738 te,
1953 3688 2072 3727 non

451 3766 659 3832 verbis,
688 3765 786 3818 sed
809 3765 932 3836 ipsa
965 3762 1298 3818 obedientia
1319 3762 1541 3826 mortis,
1557 3762 1614 3816 id
1635 3766 1722 3816 est
1740 3763 1960 3816 clamor
1978 3760 2072 3814 ille

449 3873 569 3910 non
587 3854 750 3908 cedet
765 3854 864 3906 bad
879 3854 1275 3922 inszpientz'tiam
1288 3852 1422 3905 mihi
1425 3851 1504 3916 ,id
1515 3853 1599 3905 est
1612 3867 1727 3904 non
1742 3849 1874 3904 inde
1894 3855 2076 3904 atere-

451 3943 697 4013 putabor
714 3940 987 4012 insipiens
1015 3943 1072 3993 et
1090 3939 1362 4009 indignus
1378 3938 1916 4010 impetratione,sed
1941 3942 2074 3991 ttinc

454 4031 702 4084 exaudies
731 4046 824 4082 me
856 4027 1266 4082 resuscitando.
1285 4028 1344 4080 In
1380 4027 1489 4080 alia
1513 4026 1886 4080 translatione
1899 4026 2073 4080 liabe-

457 4124 551 4172 tur
574 4135 587 4172 :
616 4118 690 4170 Et
703 4135 808 4172 non
825 4116 1093 4183 silebis,id
1121 4115 1596 4185 estrespondebis
1616 4131 1760 4168 mete
1787 4114 2073 4184 petitioni,

455 4223 575 4260 non
594 4203 882 4276 loquendo
907 4203 1006 4256 sed
1024 4202 1540 4256 resuscitando.Vel
1563 4203 1641 4256 sic
1658 4219 1670 4256 :
1687 4203 1754 4256 Et
1772 4218 1888 4256 non
1911 4201 2078 4256 silen-

457 4295 604 4348 tium
631 4292 774 4346 mihi
797 4309 830 4346 a
852 4296 905 4346 te
920 4291 1050 4358 erit,
1067 4291 1165 4344 sed
1187 4289 1504 4362 responsio.
1529 4291 1597 4344 Et
1614 4290 1704 4345 hic
1722 4291 1928 4346 eadem
1947 4308 2074 4345 sen-

2159 1923 2232 1960 ne
2262 1907 2602 1962 visurorum.
2633 1908 2775 1962 Nam
2811 1909 2866 1961 in
2905 1914 2956 1961 te
2989 1916 3332 1978 speraverant
3361 1917 3547 1980 patres
3579 1912 3772 1976 nostri,

2161 1995 2257 2066 qui
2274 1996 2467 2050 minus
2479 1995 2636 2065 digni
2651 2013 2824 2067 quam
2843 2013 2951 2068 ego
2968 1997 3387 2064 fuerunt.Dico,
3400 2005 3774 2068 speraverant;

2162 2086 2220 2136 et
2243 2083 2372 2138 ideo
2391 2084 2633 2138 liberasti
2655 2101 2737 2137 eos
2766 2101 2798 2137 a
2830 2085 3315 2140 tribulationibus.
3331 2087 3399 2139 Et
3423 2103 3538 2141 non
3563 2087 3778 2160 solum-

2163 2171 2340 2225 modo
2381 2179 2744 2242 speraverant,
2775 2172 2875 2226 sed
2907 2190 2972 2226 ex
3005 2189 3104 2226 ore
3134 2173 3205 2226 ad
3245 2180 3294 2226 te
3315 2173 3681 2228 clamauerunt
3726 2183 3777 2227 et

2162 2261 2300 2313 salvi
2324 2262 2463 2330 facti
2489 2266 2630 2314 sunt.
2667 2261 2733 2314 Et
2761 2261 2870 2314 hoc
2891 2261 3029 2315 illud
3050 2263 3203 2316 idem
3233 2265 3318 2316 est
3338 2263 3492 2334 quod
3514 2264 3778 2333 superius

2163 2349 2381 2420 posuit:
2403 2348 2667 2402 Liberasti
2693 2365 2816 2412 eos;
2847 2349 2947 2402 sed
2976 2351 3049 2404 ob
3077 2349 3250 2403 aliam
3277 2367 3507 2404 causam
3541 2351 3774 2422 repetit,

2161 2437 2376 2490 scilicet
2404 2438 2537 2508 quia
2567 2437 2788 2491 dixerat
2811 2454 2823 2491 :
2849 2437 2944 2490 Ad
2975 2444 3022 2490 te
3047 2437 3428 2492 clamauerunt.
3464 2439 3532 2493 Et
3558 2455 3674 2493 non
3687 2455 3780 2492 so-

2162 2527 2464 2581 lummodo
2494 2527 2632 2580 salvi
2665 2528 2806 2596 facti
2846 2533 2992 2589 sunt,
3023 2527 3125 2582 sed
3155 2531 3212 2582 in
3243 2535 3292 2582 te
3313 2535 3677 2598 speraverant,
3721 2536 3774 2582 et

2162 2631 2268 2668 non
2305 2621 2430 2668 sunt
2456 2616 2692 2685 confusi,
2713 2616 2770 2670 id
2797 2619 2881 2669 est
2901 2617 3151 2686 superati
3183 2617 3254 2672 ab
3281 2616 3559 2684 hostibus,
3581 2616 3680 2671 sed
3695 2617 3779 2670 vi-

2162 2706 2348 2757 ctores
2369 2704 2602 2758 fuerunt
2633 2708 2694 2758 ut
2725 2704 2826 2758 filii
2849 2706 3018 2760 Israel
3040 2705 3480 2778 subMoyse.Hic
3500 2722 3606 2776 per
3625 2706 3776 2760 litte-

2162 2808 2289 2846 ram
2319 2791 2511 2846 minus
2537 2792 2764 2855 dicitur,
2798 2797 2855 2847 et
2877 2793 3060 2865 magis
3087 2794 3442 2866 intelligitur.
3478 2793 3621 2848 Nam
3641 2811 3776 2848 cum

2163 2879 2321 2948 dicit,
2344 2887 2584 2934 nonsunt
2615 2881 2846 2951 con/usi,
2864 2880 3372 2954 intelligiturquod
3401 2883 3644 2938 victores
3657 2883 3781 2938 fue-

2163 2971 2320 3024 runt.
2351 2969 2486 3023 Dico
2517 2970 2672 3040 quod
2693 2969 2774 3024 illi
2802 2969 2939 3023 salvi
2955 2971 3096 3040 facti
3119 2977 3262 3025 sunt.
3293 2970 3413 3042 Ego
3439 2971 3780 3026 autemadeo

2157 3056 2363 3128 justus,
2395 3073 2513 3110 sum
2541 3058 2736 3112 vermis
2767 3063 2818 3111 et
2854 3074 2961 3111 non
2990 3059 3162 3126 homo,
3194 3058 3254 3113 id
3279 3061 3382 3126 est,
3404 3059 3604 3114 videor
3633 3059 3779 3114 adeo

2164 3145 2286 3200 vilis
2305 3146 2378 3200 ad
2399 3145 2862 3200 interﬁciendum
2884 3149 2946 3200 ut
2971 3146 3200 3214 vermis,
3233 3147 3330 3219 qui
3367 3147 3492 3202 sine
3522 3147 3782 3220 quolibet

2164 3235 2430 3304 respectu
2443 3233 2643 3287 damni
2650 3225 3049 3303 perimitur.Et
3061 3251 3166 3288 nec
3181 3218 3357 3290 etiam
3370 3218 3552 3290 homo
3562 3235 3635 3290 ab

2167 3319 2249 3374 eis
2277 3337 2398 3374 esse
2417 3323 2676 3391 reputor,
2701 3319 2758 3374 id
2779 3324 2866 3376 est
2882 3321 2963 3376 ita
2981 3339 3076 3376 me
3091 3322 3464 3390 interﬁciunt,
3479 3324 3638 3395 quasi
3657 3339 3777 3378 non

2169 3425 2352 3462 essem
2370 3408 2568 3463 homo.
2591 3409 2690 3463 Vel
2722 3409 2803 3463 ita
2839 3426 2851 3462 :
2884 3407 3005 3478 Ego
3029 3427 3147 3464 sum.
3173 3413 3382 3478 vermis,
3410 3411 3468 3465 id
3489 3414 3576 3466 est
3599 3411 3784 3466 vermi

2170 3495 2388 3551 similis.
2421 3496 2564 3550 Nam
2595 3497 2741 3552 sicut
2786 3498 2997 3553 vermis
3033 3498 3104 3553 de
3145 3515 3291 3553 nuce
3328 3499 3415 3554 vel
3467 3499 3539 3554 de
3585 3499 3778 3572 aliquo

2168 3584 2356 3639 fructu
2399 3584 2522 3639 sine
2569 3585 2790 3640 semine
2823 3585 3094 3654 nascitur,
3117 3587 3196 3642 sic
3226 3591 3283 3642 et
3308 3603 3416 3662 ego
3445 3587 3517 3642 de
3545 3588 3779 3659 Virgine

2169 3671 2294 3726 sine
2318 3671 2540 3728 semine
2570 3676 2738 3728 natus
2762 3691 2888 3729 sum
2905 3691 2920 3729 :
2935 3682 2984 3729 et
3008 3692 3114 3729 non
3143 3677 3296 3730 homo
3310 3676 3665 3750 simpliciter,
3681 3676 3779 3730 sed

2171 3761 2350 3815 etiam
2381 3763 2547 3829 Deus,
2588 3766 2646 3816 et
2683 3778 2817 3816 cum
2848 3766 3076 3818 tantum
3103 3765 3312 3836 dignus
3337 3765 3444 3820 sim
3478 3769 3540 3820 ut
3569 3763 3782 3820 vermis

2171 3848 2280 3903 sim
2305 3851 2364 3902 et
2391 3867 2508 3906 non
2539 3850 2738 3917 homo,
2760 3853 2959 3906 tamen
2985 3869 3112 3908 sum
3132 3854 3471 3924 opprobrium
3483 3855 3778 3919 hominum,

2173 3936 2232 3991 id
2261 3939 2348 3992 est
2373 3939 2602 3992 tantum
2633 3939 2830 3994 videor
2853 3940 2935 3995 eis
2963 3941 3102 3999 vilis.
3119 3942 3275 4012 quod
3295 3943 3566 3998 omnibus
3592 3941 3780 3996 homi-

2174 4025 2360 4093 nibus,
2384 4043 2630 4098 quorum
2657 4045 2784 4083 sum
2809 4029 3094 4103 particeps
3107 4034 3368 4099 .naturae,
3402 4030 3780 4105 opprobrium

2175 4129 2296 4167 esse
2328 4113 2540 4170 videar.
2576 4115 2663 4183 Et,
2717 4120 2780 4171 ut
2828 4118 3224 4173 vehementius
3253 4119 3474 4174 dicam:
3509 4136 3638 4174 sum
3690 4119 3787 4172 ab-

2164 4201 2329 4271 jectio
2348 4201 2538 4272 plebis,
2569 4203 2627 4257 id
2655 4207 2741 4258 est
2765 4209 3218 4277 purgamentum
3237 4207 3426 4262 omnis
3455 4206 3638 4278 plebis
3651 4223 3784 4262 cum

2175 4289 2477 4357 interﬁcio,
2509 4291 2652 4346 sicut
2687 4293 2882 4348 sordes
2912 4311 3042 4348 cum
3070 4313 3104 4349 a
3133 4295 3401 4350 domibus
3436 4295 3785 4367 adjiciuntur

458 4381 641 4436 tentia
652 4384 738 4434 est
757 4397 769 4434 :
789 4380 946 4447 Dico,
968 4379 1116 4432 visus
1137 4396 1196 4432 es
1217 4377 1608 4450 dereliquisse,
1632 4383 1690 4433 et
1713 4395 1834 4434 esse
1855 4380 2077 4450 longea
2101 4387 2152 4445 D
2175 4394 2271 4433 eas
2301 4383 2571 4450 purgant.
2599 4381 2668 4434 Et
2695 4381 2832 4452 quia
2859 4399 2987 4437 sum
3018 4384 3395 4456 opprobrium
3422 4387 3482 4440 et
3515 4385 3782 4456 abjectio,

457 4470 640 4524 salute
681 4485 846 4536 mea;
871 4475 919 4522 et
949 4485 1055 4522 non
1096 4468 1368 4522 exaudies.
1415 4468 1495 4524 Tu
1537 4477 1736 4531 autem,
1769 4468 1829 4522 id
1860 4471 1948 4523 est
1973 4471 2070 4536 tu;

459 4557 720 4630 quamvis
740 4559 849 4612 hoc
869 4559 965 4624 sit,
991 4558 1220 4623 habitas,
1251 4557 1308 4611 id
1335 4561 1420 4614 est
1435 4557 1829 4614 indesinenter
1849 4573 2069 4623 manes,

458 4647 593 4700 licet
609 4645 852 4700 videaris
873 4647 1194 4716 elongatus.
1227 4647 1290 4699 In
1330 4662 1423 4700 me
1466 4645 1672 4700 Sancto
1712 4649 2065 4713 sanctorum,

458 4735 938 4799 antonomastice,
969 4735 1058 4788 vel
1090 4734 1224 4805 quia
1241 4733 1461 4788 dixerat
1489 4751 1548 4788 se
1580 4734 1916 4788 derelictum
1947 4749 2069 4789 esse

459 4822 518 4876 in
551 4825 739 4878 morte
778 4825 1018 4895 propter
1047 4823 1245 4888 verba,
1279 4822 1336 4876 id
1365 4824 1464 4892 est,
1492 4825 1730 4894 propter
1763 4822 2070 4894 petitiones

457 4911 801 4966 delictorum
816 4927 1051 4965 suorum
1077 4910 1478 4965 membrorum
1494 4911 2067 4980 utcompleantur,ne

456 5003 756 5070 putaretur
776 5000 930 5071 quod
965 4999 1230 5053 similiter
1263 5015 1368 5070 per
1393 4999 1592 5054 omnia
1621 4998 2066 5065 exaudirentur;

455 5087 564 5142 hoc
585 5092 775 5142 totum
806 5089 1051 5142 remotio
1067 5087 1145 5140 sic
1169 5102 1289 5140 esse
1315 5089 1504 5158 potest
1528 5103 1540 5140 :
1567 5085 1701 5142 Dico
1723 5085 1878 5157 quod
1900 5086 2072 5139 verba

457 5176 800 5230 delictorum
836 5175 1067 5230 illorum
1095 5175 1390 5246 postulant
1424 5177 1483 5227 ut
1514 5174 1589 5228 sis
1619 5175 1792 5244 longe
1832 5190 1865 5226 a
1891 5174 2072 5227 salute

456 5282 616 5334 mea;
640 5270 698 5320 et
718 5266 778 5319 in
802 5266 906 5319 hos
928 5264 1332 5330 exaudiuntur,
1359 5266 1416 5316 et
1431 5265 1628 5316 tamen
1647 5277 1764 5316 non
1788 5264 1992 5333 putent
2012 5277 2071 5315 se

452 5370 558 5426 per
587 5354 786 5408 omnia
831 5352 1222 5407 exaudiendus
1267 5367 1411 5417 esse,
1460 5367 1493 5404 o
1540 5349 1684 5403 Deus
1729 5366 1892 5406 meus.
1927 5350 2072 5404 Nam

452 5459 560 5514 ego
605 5442 865 5507 clamabo,
903 5441 961 5494 id
997 5444 1072 5494 est
1111 5439 1225 5493 mei
1255 5439 1589 5492 clamabunt
1613 5438 1684 5492 ad
1713 5441 1766 5492 te
1785 5456 1884 5508 per
1911 5439 2069 5505 diem,

449 5528 508 5582 id
535 5533 620 5582 est
631 5547 735 5600 per
755 5528 1228 5600 prosperitatem,
1248 5545 1319 5580 ne
1334 5526 1584 5593 deﬁciat,
1608 5534 1774 5580 etnon
1798 5527 2068 5582 exaudies.

449 5615 524 5670 Et
545 5624 713 5679 nocte,
743 5617 799 5670 id
819 5619 903 5669 est
924 5631 1026 5686 per
1045 5615 1470 5688 adversitatem,
1497 5619 1556 5670 ut
1587 5614 1836 5672 deficiat.
1861 5615 1937 5670 Et
1963 5633 2067 5670 non

2171 4484 2348 4522 omnes
2375 4469 2606 4524 videntes
2641 4487 2744 4537 me,
2769 4469 2827 4524 id
2856 4472 2960 4538 est,
2989 4471 3419 4528 considerantes
3447 4489 3543 4528 me
3583 4473 3783 4538 talem,

2171 4555 2229 4610 id
2255 4559 2341 4611 est
2365 4558 2742 4630 opprobrium
2790 4561 2850 4612 et
2893 4558 3301 4629 abjectionem,
3344 4578 3462 4616 non
3508 4563 3694 4616 Deum
3727 4565 3784 4615 et

2168 4645 2798 4714 hominem,deriserunt
2818 4665 2920 4716 me,
2935 4649 3306 4720 conspuendo
3327 4654 3384 4704 et
3417 4650 3782 4720 colaphizan-

2169 4733 2340 4790 do.Et
2354 4751 2470 4789 non
2493 4736 2680 4790 solum
2697 4736 2774 4790 sic
2792 4753 2885 4790 me
2903 4737 3248 4804 deriserunt,
3272 4739 3372 4793 sed
3403 4739 3579 4792 etiam
3622 4738 3794 4812 locuti

2166 4828 2290 4874 sunt
2319 4821 2492 4890 labiis,
2526 4839 2643 4878 non
2685 4825 2859 4879 corde
2898 4826 3053 4894 solo;
3085 4830 3143 4880 et
3187 4828 3476 4898 loquendo
3508 4837 3786 4883 nioverunt

2167 4915 2327 4978 caput
2358 4909 2824 4978 derisorie.Dico,
2857 4911 3022 4966 locuti
3039 4921 3184 4976 sunt,
3219 4915 3510 4970 dicentes:
3535 4915 3792 4987 Speravit

2169 4999 2226 5052 in
2252 4997 2510 5061 Domino,
2545 4997 2605 5053 id
2627 5003 2718 5053 est
2756 4999 2896 5055 dicit
2917 5018 2978 5055 se
3005 5017 3260 5072 sperasse
3289 5004 3350 5057 in
3379 5004 3585 5059 Domin
3603 5021 3665 5073 o;
3693 5010 3794 5060 eri-

2160 5087 2280 5155 piat
2300 5103 2418 5138 eum
2448 5086 2518 5141 de
2548 5089 2832 5156 potestate
2863 5091 3078 5144 nostra.
3128 5089 3355 5145 Salvum
3389 5093 3566 5161 faciat
3611 5110 3730 5147 cum
3758 5111 3792 5148 a

2170 5176 2380 5236 morte,
2407 5177 2660 5245 quoniam
2680 5175 2792 5229 vult
2819 5193 2960 5239 eum,
2982 5176 3041 5231 id
3071 5181 3155 5232 est
3179 5179 3367 5251 diligit
3391 5196 3522 5234 eum
3545 5180 3691 5234 sicut
3709 5181 3794 5254 ip~

2171 5276 2230 5314 se
2253 5261 2472 5328 asserit,
2494 5266 2554 5316 ut
2570 5261 2630 5316 in
2659 5263 2996 5335 Evangelio:
3022 5287 3050 5316 «
3073 5265 3322 5321 Confldit
3340 5267 3397 5322 in
3423 5269 3560 5334 Deo,
3580 5269 3790 5323 liberet

2171 5365 2325 5402 nunc
2353 5365 2488 5403 eum
2509 5350 2552 5403 si
2577 5351 2716 5417 vult,
2747 5354 2904 5406 sete.
2935 5351 3116 5424 (Matt.
3145 5369 3292 5422 xxnx,
3329 5355 3443 5427 43).
3477 5356 3543 5409 Et
3568 5355 3680 5411 hoc
3696 5361 3788 5412 to-

2171 5439 2294 5492 tum
2326 5441 2504 5505 est.ac
2534 5438 2579 5492 si
2611 5439 2790 5494 dicat:
2811 5440 2940 5496 Haec
2967 5445 3051 5496 est
3082 5459 3251 5497 causa
3275 5459 3454 5515 quare
3475 5443 3787 5500 derelictus

2171 5529 2384 5583 videor.
2400 5529 2543 5582 Nam
2563 5532 2756 5600 patres
2769 5535 2996 5586 nostros
3021 5533 3119 5604 qui
3150 5534 3340 5588 minus
3363 5525 3456 5588 me
3476 5532 3640 5606 digni
3657 5535 3781 5589 fue-

2169 5619 2324 5686 runt,
2347 5617 2642 5673 exauditos
2657 5618 2728 5673 de
2749 5619 3210 5677 tribulationibus
3234 5623 3508 5679 liberasti.
3527 5623 3611 5678 Me
3643 5640 3782 5682 vero
