4008 6030
261 331 361 387 721

1274 333 1628 391 EXPOSI’I‘IO
1667 336 1736 390 IN
1775 334 2109 392 PSALMOS.
2144 367 2213 376 —
2243 335 2436 392 PSAL.
2471 332 2579 391 XXI

3478 334 3585 394 722

278 452 376 522 qui
403 467 581 524 usque
611 451 756 506 adeo
787 450 995 523 dignus
1020 468 1169 520 sum,
1191 456 1251 507 ut
1270 453 1491 509 tibisim
1510 456 1880 511 consubstan-
1897 461 1951 520 Α
1984 457 2265 528 liquescens
2291 458 2345 510 in
2378 458 2572 520 medio,
2601 456 2659 511 id
2695 458 2781 509 est
2826 454 2884 509 in
2929 454 3353 511 communitate
3390 458 3586 512 ventris

267 541 444 607 tialis,
468 540 549 595 ita
568 540 736 595 vilem
750 543 813 594 ut
840 557 1119 607 vermem,
1146 544 1202 596 et
1221 543 1619 613 opprobrium,
1640 546 1697 598 et
1718 545 1875 615 abje-

262 631 544 697 ctionem,
577 633 632 685 et
663 630 914 684 derisum
966 647 1087 685 esse
1129 630 1457 703 permisisti.
1494 632 1691 687 Soluto
1721 634 1875 705 quod

271 719 591 793 proposuit,
615 718 1072 773 etincidentibus
1100 719 1281 775 causis
1317 721 1605 791 expositis,
1644 724 1772 776 orat
1800 739 1874 776 ne

259 826 321 865 se
357 811 506 865 Deus
537 808 862 879 inadjutum
893 808 1184 879 relinquat
1213 825 1278 863 ex
1306 809 1873 881 toto,praemittendo

273 914 508 971 quoque
541 896 811 952 meritum
846 913 948 969 per
973 897 1126 968 quod
1156 897 1364 968 dignus
1393 897 1465 951 sit
1493 898 1768 953 exaudiri.
1807 900 1873 952 Et

272 988 382 1043 hoc
401 986 478 1040 sic
496 986 631 1041 dicit
656 1002 667 1039 :
687 985 798 1058 Ipsi
819 985 896 1040 sic
917 1003 1092 1040 omnes
1119 986 1415 1041 deriserunt
1435 1004 1535 1053 me,
1555 989 1822 1058 putantes
1838 1006 1872 1042 a

255 1080 312 1132 te
352 1074 692 1132 derelictum
718 1092 859 1129 esse.
890 1075 970 1129 Tu
994 1091 1130 1129 vero
1154 1092 1226 1129 ne
1254 1074 1573 1130 discesseris
1595 1093 1629 1130 a
1658 1092 1775 1141 me,
1796 1092 1869 1130 ne

266 1165 499 1230 cedam,
534 1167 592 1218 et
622 1166 684 1217 ut
708 1179 1028 1234 resurgam.
1062 1164 1129 1217 Et
1152 1179 1283 1218 vere
1312 1163 1427 1218 scio
1451 1165 1606 1235 quod
1634 1181 1753 1219 non
1785 1164 1868 1218 di-

275 1253 493 1319 scedes,
522 1254 775 1324 quoniam
805 1259 864 1306 tu
893 1269 943 1305 es
972 1254 1069 1323 qui
1089 1253 1366 1305 extruxisti
1392 1270 1473 1305 me
1499 1252 1564 1307 de
1588 1260 1783 1319 ventre,
1813 1253 1871 1307 id

260 1343 370 1407 est,
398 1343 459 1395 tu
486 1343 637 1395 solus
666 1357 834 1395 causa
862 1340 1017 1395 fuisti
1063 1358 1240 1412 quare
1285 1358 1570 1395 nascerer.
1612 1341 1871 1397 Aliorum

263 1446 405 1484 vero
453 1429 886 1500 quodammodo
922 1431 1114 1501 patres
1147 1432 1492 1501 generantes
1534 1446 1704 1485 causa
1740 1433 1874 1484 sunt

268 1532 448 1591 quare
469 1517 577 1589 ipsi
608 1517 679 1572 de
709 1520 907 1573 ventre
935 1519 1308 1573 extrahantur
1347 1522 1405 1573 et
1442 1521 1771 1573 nascantur.
1805 1520 1874 1573 Et

255 1612 321 1662 tu
357 1624 418 1661 es
444 1625 556 1678 spes
582 1623 700 1661 mea
724 1607 791 1661 ab
822 1608 1071 1662 uberibus
1108 1611 1295 1661 matris
1320 1625 1468 1674 mea),
1496 1608 1553 1662 id
1585 1610 1688 1675 est,
1723 1608 1780 1661 in
1816 1611 1873 1662 te

259 1712 496 1767 semper
526 1696 768 1767 speravi,
800 1713 866 1750 ex
896 1713 1010 1768 quo
1038 1696 1238 1750 matris
1262 1696 1442 1750 ubera
1471 1713 1674 1767 sugere
1704 1696 1867 1767 coepi.

1977 548 2097 612 mei,
2132 546 2189 600 id
2216 549 2302 600 est
2331 547 2747 617 apostolorum,
2767 545 2884 617 qui,
2901 561 3032 599 cum
3054 545 3209 616 prius
3229 564 3353 600 ossa
3371 549 3580 614 essent,

1977 635 2032 689 id
2070 639 2173 701 est,
2201 636 2378 690 fortes
2411 635 2467 688 in
2499 636 2632 701 ﬁde,
2667 634 2801 688 facti
2841 637 2974 687 sunt
3007 635 3222 688 debiles
3258 638 3319 688 ut
3360 640 3578 690 venter.

1975 725 2139 788 Quod
2177 729 2261 778 est
2292 725 2480 778 dicere
2516 741 2528 778 :
2567 723 2723 777 Sicut
2752 739 2884 777 cera
2914 723 2985 777 ad
3019 726 3313 794 aspectum
3340 723 3486 793 ignis
3514 724 3582 779 li-

1973 813 2211 884 quescit,
2249 813 2329 867 ita
2360 816 2417 866 et
2448 812 2579 867 ﬁdei
2602 812 2867 866 doctrina
2889 811 2960 865 ad
2986 814 3279 881 aspectum
3305 811 3586 882 passionis

1972 918 2117 955 meas
2148 902 2202 955 in
2234 900 2370 971 ipsis
2403 900 2615 965 deﬁcit,
2640 903 2697 954 et
2726 916 2842 954 non
2878 899 2934 952 in
2960 901 3173 970 paucis,
3194 899 3292 952 sed
3318 899 3374 953 in
3395 899 3581 953 omni-

1968 991 2073 1044 bus
2102 989 2512 1044 communiter.
2539 990 2605 1043 Et
2630 988 2759 1042 ideo
2793 1006 2883 1041 cor
2912 1005 3084 1041 meum
3123 989 3329 1057 factum
3362 994 3434 1041 est
3468 993 3583 1040 tanv

1969 1094 2130 1150 quam
2156 1096 2274 1131 cera
2316 1077 2631 1149 liquescens;
2678 1075 2812 1147 quia
2852 1075 2911 1129 in
2947 1076 3027 1130 eis
3073 1079 3218 1129 aruit
3244 1079 3414 1131 virtus
3444 1094 3582 1137 mea,

1970 1184 2096 1238 quae
2127 1167 2284 1239 prius
2309 1166 2580 1220 floruitin
2611 1164 2917 1231 miraculis,
2945 1164 3001 1218 id
3024 1168 3127 1223 est.
3158 1164 3427 1218 defecisse
3469 1165 3586 1219 visa

1968 1258 2054 1309 est
2083 1254 2343 1328 potentia
2375 1271 2529 1320 mea,
2563 1254 2785 1326 fragilis
2814 1256 3085 1323 reputata
3111 1254 3181 1306 ab
3210 1253 3289 1307 eis
3321 1260 3582 1324 tanquam

1972 1350 2122 1411 testa,
2157 1361 2282 1414 qua:
2318 1343 2429 1397 cito
2458 1343 2647 1413 frangi
2672 1345 2878 1413 potest.
2904 1341 3063 1395 Unde
3079 1341 3250 1411 etipsi
3277 1341 3577 1396 dixerunt:

1975 1456 2002 1483 ‹‹
2034 1433 2144 1486 Nos
2155 1432 2530 1503 Sperabamus
2543 1431 2697 1501 quod
2720 1429 2809 1483 hic
2828 1430 3237 1499 redempturus
3253 1431 3399 1483 esset
3414 1431 3585 1484 Israel

1976 1521 2123 1584 (Luc.
2144 1537 2291 1587 XXIV,
2308 1520 2419 1589 2i).
2446 1519 2702 1573 nEtideo
2727 1518 2947 1572 aruitin
2972 1518 3051 1571 eis
3074 1519 3246 1571 virtus
3274 1534 3423 1572 mea:
3451 1517 3585 1589 quia

1974 1609 2155 1677 lingua
2184 1625 2299 1661 mea
2324 1608 2545 1660 adhaesit
2571 1607 2826 1675 faucibus
2856 1607 2981 1659 meis
3005 1609 3065 1658 ut
3094 1622 3211 1659 non
3231 1607 3583 1676 loqueretur,

1974 1698 2033 1753 id
2064 1700 2169 1761 est,
2189 1696 2322 1769 quia
2345 1696 2611 1751 viderunt
2630 1712 2723 1749 me
2744 1698 3031 1750 tacentem
3054 1697 3114 1748 ut
3132 1700 3320 1748 reum.
3362 1696 3430 1748 Et
3453 1695 3582 1749 ideo

271 1787 339 1839 Et
369 1803 432 1839 ex
460 1793 609 1840 utero
626 1785 895 1856 projectus
921 1802 1038 1838 sum
1077 1787 1133 1838 in
1164 1792 1231 1851 te,
1264 1784 1319 1838 id
1365 1787 1469 1850 est,
1501 1787 1564 1838 ut
1595 1783 1692 1837 tibi
1742 1801 1863 1854 per-
1904 1784 1954 1842 B
1973 1787 2158 1840 adhuc
2190 1786 2323 1857 quia
2363 1784 2630 1837 deduxisti
2654 1801 2735 1836 me
2774 1786 2829 1835 in
2853 1783 3125 1856 pulverem
3152 1785 3354 1848 mortis,
3388 1782 3445 1836 id
3477 1786 3582 1848 est,

259 1874 542 1929 sonaliter
572 1873 790 1939 unirer,
813 1890 943 1927 cum
975 1890 1178 1928 omnes
1221 1873 1313 1927 alii
1360 1874 1417 1927 in
1460 1872 1647 1943 prima
1678 1872 1875 1926 nativi—

258 1966 378 2017 tate
409 1963 473 2017 in
495 1963 680 2017 Adam
709 1962 1106 2033 projiciantur,
1137 1964 1199 2015 ut
1231 1962 1343 2016 sint
1367 1961 1420 2015 ei
1438 1961 1494 2014 in
1512 1963 1745 2034 peccato
1763 1960 1874 2015 ori-

259 2051 445 2125 ginali
465 2050 812 2106 conformes.
834 2051 955 2105 Dixi
977 2050 1111 2123 quia
1127 2054 1212 2103 est
1231 2068 1341 2121 spes
1357 2068 1471 2103 mea
1497 2050 1564 2102 ab
1588 2050 1870 2115 uberibus;

257 2145 318 2196 et
352 2144 417 2195 ut
442 2139 762 2211 expressius
793 2139 981 2194 dicam
1011 2156 1023 2192 :
1066 2140 1212 2193 Deus
1251 2157 1394 2192 meus
1422 2158 1472 2191 es
1509 2147 1564 2191 tu
1598 2139 1661 2191 de
1696 2144 1874 2191 ventre

260 2231 435 2283 natris
478 2245 625 2293 meae,
673 2227 733 2281 id
759 2230 843 2281 est
869 2228 1051 2281 habeo
1091 2231 1144 2280 te
1188 2229 1366 2281 Deum
1413 2244 1478 2281 ex
1530 2243 1643 2298 quo
1692 2225 1772 2279 fui
1810 2225 1871 2279 in

258 2323 480 2384 ventre,
520 2318 764 2388 ideoque
797 2334 869 2371 ne
900 2317 1189 2371 discesseris
1219 2336 1251 2369 a
1281 2334 1383 2378 me,
1416 2316 1470 2370 id
1502 2318 1587 2368 est
1626 2333 1742 2369 non
1774 2332 1867 2368 me

262 2407 521 2461 dimittas
552 2406 900 2475 inadjutum.
940 2406 1003 2458 Et
1052 2422 1280 2459 necesse
1320 2408 1404 2458 est
1454 2408 1514 2459 ut
1544 2406 1652 2458 hoc
1686 2420 1868 2458 orem.

332 2496 600 2560 Quoniam
634 2495 908 2548 tribulatio
936 2495 1189 2564 proxima
1243 2502 1337 2555 est,
1369 2494 1425 2547 id
1473 2496 1580 2557 est,
1612 2492 1668 2546 in
1701 2510 1872 2547 carne

262 2601 395 2639 mea
423 2583 612 2641 nonin
641 2582 938 2649 membris,
958 2600 1144 2653 neque
1166 2583 1224 2637 in
1247 2582 1783 2637 amissionererum.
1808 2583 1876 2635 Et

260 2691 368 2726 non
393 2678 467 2727 est
489 2674 584 2744 qui
607 2672 845 2742 adjuvet,
871 2671 977 2725 nisi
996 2674 1078 2725 tu.
1100 2673 1165 2724 Et
1186 2670 1419 2742 exponit
1440 2670 1873 2725 tribulationem

262 2762 342 2816 sic
376 2760 901 2816 :Circumdederunt
940 2776 1041 2827 me,
1067 2762 1128 2814 ut
1159 2763 1453 2829 caperent,
1498 2759 1659 2814 vituli
1694 2759 1869 2825 multi,

262 2849 323 2904 id
354 2854 459 2916 est,
491 2850 654 2904 multi
686 2851 756 2905 de
789 2850 953 2919 plebe
976 2849 1164 2903 lascivi
1199 2851 1258 2901 ut
1288 2847 1465 2913 vituli,
1494 2849 1651 2901 nulla
1684 2864 1872 2912 causa,

262 2938 361 2992 sed
394 2939 516 2993 sola
544 2938 774 2992 lascivia
798 2954 899 2992 sua
931 2954 1025 2991 me
1057 2937 1367 3008 capientes.
1402 2937 1469 2989 Et
1519 2953 1601 2989 me
1640 2938 1873 3005 captum

263 3029 597 3096 obsederunt,
626 3028 685 3082 id
716 3032 820 3094 est,
854 3026 1309 3083 accusationibus
1335 3027 1449 3080 suis
1478 3026 1873 3081 circumvalla-

263 3120 475 3171 verunt
502 3134 574 3171 ne
606 3116 930 3171 evaderem.
969 3116 1143 3169 Tauri
1164 3116 1410 3185 pingues,
1444 3114 1501 3167 id
1519 3118 1623 3180 est,
1648 3112 1874 3167 Judan-

260 3222 393 3260 rum
418 3204 707 3276 principes
736 3203 1003 3258 cervicosi
1024 3207 1081 3257 et
1111 3203 1339 3274 superbi
1361 3207 1422 3257 ut
1438 3202 1583 3256 tauri
1608 3201 1870 3273 pingues.

262 3295 332 3348 Et
366 3310 485 3348 non
510 3310 577 3347 ex
608 3292 827 3347 meritis
855 3292 997 3346 meis
1024 3292 1208 3359 malis,
1232 3292 1329 3346 sed
1353 3292 1472 3345 sola
1499 3290 1871 3363 pinguedine,

262 3383 323 3438 id
352 3386 458 3448 est,
477 3381 747 3452 superbia
778 3398 899 3435 sua.
936 3382 1001 3435 Et
1035 3381 1164 3452 ipsi,
1193 3384 1251 3434 et
1276 3380 1433 3434 vituli
1462 3383 1520 3433 et
1546 3379 1714 3446 tauri,
1749 3397 1871 3450 ape-

262 3477 492 3524 ruerunt
505 3487 560 3524 os
572 3487 728 3523 suum
746 3486 905 3540 super
916 3486 996 3523 me
1018 3469 1347 3534 existentes,
1368 3468 1425 3522 id
1438 3470 1522 3521 est
1542 3484 1599 3520 se
1621 3467 1873 3538 superio-

260 3578 353 3615 res
379 3576 473 3614 me
495 3561 851 3631 reputantes,
878 3558 1166 3612 dicentes:
1191 3582 1216 3607 ‹‹
1241 3556 1521 3629 Crueiﬁge
1545 3557 1697 3627 (Luc.
1718 3573 1869 3622 xxm,

260 3648 371 3717 2i).
402 3669 430 3694 »
458 3646 773 3701 Existentes
801 3648 936 3700 sicut
984 3648 1080 3712 leo,
1124 3645 1182 3701 id
1233 3648 1337 3710 est,
1389 3645 1647 3699 crudeles
1692 3647 1755 3697 ut
1783 3645 1871 3697 leo

261 3738 471 3806 rapiens
503 3737 783 3806 quantum
812 3735 884 3789 ad
924 3735 1149 3801 vitulos,
1185 3734 1281 3805 qui
1318 3750 1411 3787 me
1447 3734 1782 3804 rapuerunt,
1814 3731 1873 3785 id

259 3827 366 3889 est,
397 3823 872 3877 irrationabiliter
897 3826 1193 3894 ceperunt.
1230 3821 1308 3875 Et
1340 3822 1570 3890 rugiens,
1594 3821 1648 3874 id
1671 3824 1774 3884 est,
1795 3819 1871 3872 ir-

261 3911 687 3966 rationabiliter
712 3912 770 3964 in
800 3928 893 3965 me
926 3912 1257 3975 frementes,
1292 3910 1364 3964 ad
1398 3909 1635 3963 modum
1669 3907 1869 3961 leonis.

262 4002 329 4053 Et
361 4001 467 4054 hoc
497 4002 778 4071 quantum
802 4001 873 4055 ad
901 4016 1104 4054 omnes
1134 4002 1192 4054 et
1216 3999 1420 4052 vitulos
1461 4002 1517 4051 et
1564 4001 1773 4051 tauros.
1810 3996 1876 4049 Et

262 4104 381 4143 non
409 4089 596 4142 solum
619 4089 728 4142 hoc
759 4089 1040 4154 fecerunt,
1074 4088 1173 4141 sed
1204 4090 1260 4141 et
1286 4090 1483 4157 effusus
1506 4104 1642 4151 sum,
1678 4085 1733 4138 id
1792 4086 1877 4138 est

264 4176 466 4231 anima
493 4176 671 4230 etfusa
702 4179 786 4230 est
815 4177 884 4230 de
918 4192 1177 4247 corpore.
1217 4176 1349 4230 Dico
1381 4178 1577 4245 e/[usus
1604 4192 1719 4226 sum
1742 4190 1872 4243 ego,

267 4266 397 4319 dico
430 4264 676 4320 existens
701 4266 836 4318 sicut
862 4282 1024 4335 aqua,
1064 4264 1119 4317 id
1166 4266 1269 4329 est,
1302 4262 1505 4317 similis
1530 4279 1715 4333 aquae,
1749 4278 1874 4331 quae

1972 1875 2107 1947 quia
2137 1876 2482 1945 putaverunt
2508 1876 2571 1925 ut
2599 1872 2677 1926 sic
2693 1889 2785 1925 me
2816 1871 3167 1941 permisisses
3191 1871 3318 1925 duci
3344 1871 3400 1924 in
3433 1886 3586 1924 mor-

1973 1967 2115 2031 tem,
2138 1965 2199 2016 ut
2220 1961 2401 2035 pulvis
2429 1961 2691 2015 efﬁcerer
2712 1959 2854 2014 sicut
2885 1959 2977 2013 alii
3013 1959 3244 2013 mortui.
3270 1960 3477 2013 Etideo
3502 1958 3583 2013 vi-

1971 2070 2063 2106 sus
2094 2068 2221 2105 sum
2264 2051 2543 2105 deductus
2600 2052 2653 2103 in
2690 2049 2969 2120 pulverem
3020 2050 3248 2111 mortis;
3304 2047 3582 2119 quoniam

1972 2140 2303 2212 turpissima
2360 2148 2549 2196 morte
2602 2138 3024 2193 condemnatus
3055 2154 3203 2191 sum.
3258 2137 3322 2191 Et
3352 2134 3588 2209 exponit

1972 2246 2085 2299 qua
2118 2233 2325 2283 morte.

2044 2317 2309 2382 Quoniam
2354 2316 2812 2370 circumdederunt
2858 2333 2938 2368 me
2981 2316 3045 2368 ut
3089 2317 3363 2385 caperent
3406 2331 3579 2379 canes,

1974 2406 2029 2459 id
2062 2408 2146 2458 est
2180 2404 2422 2459 ministri
2459 2405 2633 2470 multi,
2678 2403 3149 2458 irrationabiliter
3189 2402 3246 2455 in
3294 2419 3388 2455 me
3431 2402 3585 2455 obla-

1975 2497 2193 2547 trantes
2222 2509 2235 2546 :
2268 2492 2361 2564 qui
2388 2493 2459 2546 ad
2494 2510 2697 2547 eorum
2721 2494 2963 2546 salutem
2996 2508 3288 2556 veneram,
3319 2491 3462 2544 sicut
3491 2508 3582 2544 ca-

1975 2601 2077 2637 nes
2094 2598 2245 2652 saepe
2268 2581 2373 2635 sibi
2392 2581 2794 2635 auxiliantibus
2817 2581 3127 2638 oblatrant.
3148 2582 3214 2634 Et
3236 2597 3329 2634 me
3351 2582 3583 2650 captum

1973 2671 2260 2725 concilium
2283 2669 2722 2739 malignantium,
2756 2668 2811 2723 id
2844 2671 2949 2731 est,
2981 2669 3303 2740 principum
3334 2668 3585 2739 maligne

1975 2759 2033 2813 in
2064 2775 2158 2812 me
2192 2757 2513 2829 agentium,
2538 2757 2755 2821 obsedit,
2778 2756 2830 2810 id
2851 2760 2936 2810 est
2955 2755 3403 2810 circumvallavit
3427 2771 3587 2808 accu-

1973 2846 2289 2901 sationibus
2320 2864 2393 2901 ne
2422 2846 2748 2900 evaderem.
2780 2846 2843 2898 Et
2875 2847 3074 2916 postea
3108 2862 3120 2898 :
3161 2844 3436 2898 Foderunt
3466 2862 3583 2897 ma-

1976 2953 2075 2988 nus
2093 2952 2234 2988 meas
2266 2942 2314 2987 et
2326 2934 2484 3005 pedes
2497 2952 2633 2987 meos
2652 2934 2709 2987 in
2729 2950 2917 2988 cruce.
2942 2934 3007 2985 Et
3020 2934 3161 2987 adeo
3177 2933 3581 2999 extenderunt,

1976 3024 2131 3094 quod
2150 3024 2622 3077 dinumeraverunt
2653 3024 2829 3075 omnia
2863 3039 2976 3075 ossa
3006 3039 3139 3087 mea,
3184 3021 3240 3074 id
3273 3024 3377 3082 est,
3417 3021 3583 3074 dinu-

1977 3128 2284 3166 numerare
2308 3111 2715 3183 potuerunt.Et
2736 3110 2844 3163 hoc
2858 3110 3070 3163 scelere
3085 3111 3331 3178 patrato,
3354 3126 3469 3163 non
3486 3109 3583 3162 do-

1974 3202 2231 3267 luerunt;
2255 3201 2355 3255 sed
2382 3199 2485 3270 ipsi
2509 3216 2651 3271 quos
2681 3200 2898 3253 salvare
2934 3214 3227 3261 veneram,
3247 3196 3451 3267 quibus
3475 3196 3581 3249 mi-

1975 3292 2171 3344 racula
2189 3289 2466 3355 feceram,
2504 3288 2986 3351 consideraverunt,
3013 3289 3069 3339 et
3098 3286 3114 3349 (
3113 3302 3215 3355 pro
3245 3284 3475 3345 scilicet)
3506 3287 3585 3338 in-

1971 3383 2273 3448 spexerunt,
2305 3376 2362 3430 id
2394 3379 2480 3429 est
2510 3376 2567 3429 in
2600 3376 2985 3430 delectatione
3017 3375 3362 3444 aspexerunt
3398 3390 3492 3426 me
3524 3372 3581 3426 in

1973 3483 2139 3520 cruce
2172 3464 2445 3536 positum.
2479 3465 2545 3518 Et
2574 3469 2773 3535 postea
2807 3464 3101 3517 diviserunt
3130 3462 3233 3515 sibi
3279 3464 3583 3515 vestimenta

1974 3573 2109 3620 mea,
2142 3561 2190 3607 et
2221 3572 2377 3625 super
2422 3560 2610 3607 vestem
2642 3571 2833 3618 meam,
2867 3570 2994 3623 qum
3036 3550 3393 3605 inconsutilis
3437 3554 3580 3617 erat,

1972 3644 2227 3695 miserunt
2252 3648 2443 3695 sortem
2466 3640 2555 3694 cui
2578 3640 2829 3706 cederet,
2849 3664 2875 3689 ‹‹
2896 3642 3155 3693 nolentes
3170 3657 3296 3692 eam
3325 3639 3583 3693 scindere

1973 3729 2153 3799 (Joan.
2186 3746 2329 3794 χχιχ,
2366 3731 2477 3798 2i),
2518 3750 2542 3775 ››
2577 3728 2710 3798 quia
2739 3728 2986 3798 pretiosa
3016 3730 3158 3780 erat.
3194 3728 3252 3779 In
3311 3726 3585 3780 divisione

1972 3834 2106 3871 vero
2122 3818 2831 3883 vestimentorum,eorum
2853 3815 3151 3869 avaritiam
3168 3814 3586 3882 ostenditque:-

1974 3905 2169 3960 dicens
2195 3905 2371 3959 etiam
2404 3906 2511 3958 hoc
2544 3904 2875 3975 prophetico
2899 3904 2966 3957 ad
2990 3903 3424 3956 instructionem
3450 3901 3581 3954 ﬁdei

1974 4010 2386 4047 successorum.
2426 3995 2620 4045 Potest
2647 3991 2821 4044 etiam
2856 3991 2913 4044 in
2948 3991 3055 4043 hoc
3086 3990 3271 4057 ﬁgura
3298 3988 3580 4041 denotari.

1985 4081 2303 4135 Vestimmtu
2358 4080 2511 4132 cnim
2563 4077 2815 4141 discissa,
2880 4075 3202 4145 Scripturas
3257 4073 3581 4144 designant,

1973 4187 2103 4242 qua:
2132 4172 2462 4235 vestimenta,
2492 4168 2550 4222 id
2576 4169 2681 4233 est,
2717 4166 3085 4220 munimenta
3127 4162 3385 4217 Ecclesia:
3431 4166 3582 4227 sunt,

1976 4276 2103 4329 qua:
2116 4259 2217 4313 Dei
2234 4275 2444 4329 corpus
2475 4259 2580 4322 est,
2599 4273 2727 4327 qua:
2742 4255 2812 4309 ab
2826 4253 3110 4309 haereticis
3132 4254 3283 4305 male
3300 4266 3588 4322 exponen-

266 4353 449 4408 eﬂ'usa
476 4353 705 4407 ruinam
733 4368 938 4423 parare
970 4353 1115 4406 solet
1133 4370 1147 4419 ;
1165 4351 1243 4404 sic
1263 4355 1439 4422 etego
1467 4351 1674 4403 etfusus
1699 4349 1875 4403 hcsti-
1902 4352 1954 4411 D
1977 4346 2049 4400 do
2065 4346 2490 4411 scinduntur,ut
2504 4344 2638 4397 alibi
2655 4343 2980 4397 Psalmista:
3005 4365 3031 4390 «
3049 4341 3184 4404 QlltB
3203 4343 3259 4393 tu
3276 4337 3584 4408 perfecisti,

266 4442 374 4495 bus
394 4442 537 4496 meis
556 4441 785 4495 ruinam
801 4440 1101 4512 parabo,id
1119 4443 1203 4493 est
1222 4438 1691 4493 destructionem.
1714 4436 1877 4490 Unde

270 4530 328 4583 in
354 4528 662 4600 Evangelia
689 4546 701 4582 :
735 4552 762 4578 ‹‹
787 4530 926 4582 Ecce
944 4527 1158 4598 positus
1183 4530 1269 4581 est
1284 4527 1451 4581 liicin
1475 4526 1726 4591 ruinam,
1746 4524 1876 4577 etin

266 4617 756 4672 resurrectionem
788 4618 1107 4671 multorum
1141 4616 1200 4669 in
1232 4616 1400 4669 Israel
1435 4615 1589 4684 (Luc.
1627 4631 1685 4679 ιι,
1715 4614 1821 4673 34).
1849 4634 1877 4660 ››

269 4706 368 4759 Vel
403 4705 481 4759 sic
511 4723 522 4759 :
554 4705 777 4774 E/fusus
803 4722 926 4762 sum
962 4705 1018 4759 in
1053 4707 1303 4758 mortem
1332 4706 1469 4757 sicut
1509 4721 1670 4774 aqua,
1704 4701 1763 4754 id
1796 4703 1881 4753 est

269 4811 403 4848 cum
420 4797 584 4848 tanta
740 4794 831 4848 vili
839 4810 947 4864 pen
956 4793 1134 4858 sione,
1154 4796 1369 4864 quanta
1383 4808 1531 4861 aqua
1543 4789 1875 4845 effunditur.

270 4881 523 4953 Ideoque
548 4882 790 4952 dispersa
822 4888 945 4935 sunt
989 4882 1047 4935 in
1074 4875 1275 4952 fugam
1304 4881 1491 4934 omnia
1511 4896 1624 4933 ossa
1653 4892 1788 4943 mea,
1822 4876 1881 4930 id

272 4973 360 5025 est
387 4969 587 5042 populi
609 4970 705 5041 qui
733 4974 865 5024 sunt
880 4969 1229 5024 robustiores
1254 4968 1309 5021 in
1329 4966 1743 5034 Ecclesia,sicut
1758 4980 1884 5018 ossa

272 5058 626 5114 robustiores
644 5062 835 5129 partes
851 5057 1107 5128 corporis
1124 5056 1445 5111 sunt.Unde
1459 5055 1735 5126 scriptum
1758 5056 1843 5107 est
1866 5070 1879 5108 :

277 5169 305 5195 «
324 5147 484 5201 Tunc
507 5146 766 5218 discipuli
789 5163 1015 5213 omnes,
1032 5144 1230 5199 relicto
1253 5162 1343 5212 eo,
1369 5142 1880 5215 fugerunt(Matth.

272 5253 421 5301 xxvn,
449 5235 560 5305 56).
591 5256 617 5283 ››
656 5236 721 5288 Et
744 5235 1028 5306 propheta
1058 5251 1069 5287 :
1093 5258 1119 5283 «
1143 5232 1467 5287 Percutiam
1492 5236 1805 5303 pastorem,
1829 5232 1887 5284 et

273 5326 682 5398 dispergentur
712 5341 843 5379 oves
874 5323 1069 5399 (Zaeh.
1108 5340 1225 5390 xm,
1256 5328 1330 5387 7).
1366 5344 1392 5370 ››
1429 5322 1495 5375 Et
1537 5338 1654 5374 non
1699 5322 1885 5373 solum

273 5415 507 5485 dispersa
534 5420 692 5477 sunt;
717 5413 816 5467 sed
848 5412 1025 5467 etiam
1057 5430 1146 5465 cor
1172 5429 1364 5475 meum,
1414 5410 1471 5464 id
1511 5413 1595 5463 est
1627 5408 1891 5463 doctrina

279 5518 407 5573 qum
430 5505 788 5571 processerat
803 5501 874 5554 de
895 5500 1066 5555 corde
1088 5516 1218 5553 meo
1248 5516 1420 5570 quam
1444 5515 1539 5573 eos
1553 5499 1885 5563 docueram,

275 5591 333 5646 id
363 5594 470 5657 est,
502 5607 593 5644 me
622 5592 1101 5651 resurrecturum,
1129 5603 1200 5641 est
1230 5590 1437 5657 factum
1465 5570 1741 5655 tamquam
1770 5603 1889 5637 cera

1979 4436 2379 4489 dcstruxerunt
2412 4432 2639 4503 (Psalm.
2679 4449 2731 4497 Χ,
2760 4431 2836 4501 3).
2868 4452 2894 4478 n
2930 4430 3106 4483 Vestis
3132 4430 3325 4482 autem
3349 4444 3476 4497 qua:
3499 4426 3585 4479 in-

1979 4523 2173 4589 divisa,
2196 4526 2348 4576 sorte
2370 4522 2505 4575 data
2523 4520 2621 4573 fuil
2636 4562 2648 4585 ,
2666 4520 2841 4573 ﬁdem
2858 4518 3253 4587 incorruptam
3283 4514 3585 4586 signiﬁcat;

1978 4627 2106 4681 quae
2136 4609 2304 4664 vestis
2320 4613 2405 4663 est
2429 4608 2708 4674 ﬁdelium,
2730 4623 2859 4677 qum
2878 4605 3060 4659 scindi
3083 4605 3152 4658 ab
3175 4603 3458 4657 haereticis
3472 4619 3588 4655 non

1980 4703 2348 4770 potest;qnzn
2377 4697 2553 4750 etiam
2584 4696 2835 4761 sorte,id
2869 4698 2974 4761 est,
3008 4694 3108 4749 Dei
3132 4693 3414 4747 electione
3446 4691 3588 4745 ﬁde-

1980 4786 2344 4844 libusfuturis
2367 4786 2555 4851 datur,
2573 4800 2689 4838 non
2710 4800 2915 4838 eorum
2941 4781 3180 4837 meritis.
3197 4782 3295 4835 Vel
3313 4781 3392 4833 ita
3406 4780 3592 4850 potest

1980 4877 2093 4948 legi
2119 4876 2190 4930 ab
2218 4875 2314 4928 illo
2341 4875 2465 4928 loco
2493 4873 2589 4927 ubi
2625 4872 2764 4927 dixit
2797 4889 2810 4927 :
2849 4871 3004 4927 Sicut
3043 4888 3185 4941 aqua
3227 4872 3425 4939 e/fusus
3451 4885 3588 4933 sum,

1982 4969 2089 5019 etc.
2120 4964 2254 5018 Dico
2280 4962 2415 5034 quia
2433 4970 2924 5034 aperueruntsuper
2951 4977 3096 5013 meos
3118 4975 3293 5011 suum.
3322 4958 3386 5009 Et
3416 4954 3589 5009 etiam

1983 5054 2183 5123 effusus
2206 5068 2321 5104 sum
2352 5051 2423 5104 ab
2461 5050 2542 5104 eis
2574 5050 2633 5103 in
2666 5051 2920 5103 mortem
2973 5048 3110 5099 sicut
3156 5062 3296 5114 aqua
3324 5042 3590 5109 existens,

1985 5142 2043 5196 id
2069 5144 2154 5196 est
2178 5140 2585 5210 comparabilis
2627 5154 2810 5208 aquae.
2848 5137 3013 5201 Nam,
3053 5134 3198 5187 sicut
3248 5150 3397 5203 aqua
3445 5132 3596 5185 lavat

1986 5247 2249 5302 corpora,
2280 5230 2356 5283 sic
2373 5233 2430 5283 et
2443 5246 2550 5298 ego
2574 5229 2761 5280 morte
2783 5242 2916 5278 mea
2939 5223 3162 5277 animas
3184 5220 3450 5289 originali
3469 5220 3595 5274 labe

1989 5320 2160 5373 ablui.
2188 5319 2322 5374 Dico
2356 5316 2490 5388 quia
2523 5317 2719 5385 effusus
2740 5331 2857 5367 sum
2879 5313 2951 5365 ad
2984 5311 3091 5364 hoc
3126 5313 3185 5363 ut
3219 5326 3402 5362 essem
3434 5326 3595 5379 aqua,

1991 5409 2047 5462 id
2072 5410 2158 5461 est
2188 5406 2476 5478 purgatio.
2513 5405 2579 5457 Et
2601 5403 2676 5456 sic
2707 5401 2918 5456 scilicet
2944 5397 3304 5470 fuipurgatio
3333 5397 3600 5466 :dispersa

1989 5503 2112 5547 sunt
2132 5494 2342 5548 scilicet
2373 5492 2445 5546 ad
2480 5490 2766 5561 prandii-an
2790 5489 2910 5542 lum
2960 5505 3062 5559 per
3096 5491 3280 5542 totum
3315 5484 3599 5539 mundum

1992 5587 2118 5655 post.
2150 5585 2402 5636 mortem
2432 5580 2841 5647 meam,omnia
2868 5596 2980 5631 ossa
3000 5596 3134 5641 nam,
3162 5576 3215 5630 id
3233 5579 3317 5629 est
3344 5573 3603 5645 discipuli
