3994 6042
392 260 497 316 723

996 254 1056 313 S.
1100 258 1445 317 BRITNONIS
1486 256 2117 335 CABTWlSIANORUM
2152 254 2621 313 INSTITUTORIS
2660 256 2815 312 OPP.
2858 253 3033 311 PARS
3074 256 3092 311 l

3587 249 3714 321 72$

387 381 527 447 mei,
553 382 716 455 juxta
737 381 877 437 illud
909 382 1201 453 Evangelii
1228 399 1240 436 :
1280 406 1306 432 «
1353 381 1437 435 llli
1492 383 1685 435 autem
1726 379 1991 453 profecti,
2014 385 2068 443 Α
2092 378 2151 435 id
2179 380 2264 434 est
2294 396 2327 434 a
2347 376 2606 452 superbis
2634 376 3097 449 persuasionibus
3125 375 3476 440 Iudaeorum,
3509 389 3580 429 ne
3606 371 3711 428 eis

388 472 846 543 prtedicaverunt
880 472 1232 544 ubique,etc.
1253 472 1450 533 (Marc.
1482 488 1592 537 xw,
1616 472 1726 539 20).
1760 492 1786 518 ››
1812 471 1993 541 Etper

387 561 484 616 illa
516 578 662 625 ossa,
694 579 783 615 cor
812 579 1007 627 meum,
1042 561 1098 614 id
1143 564 1245 627 est,
1275 559 1534 614 doctrina
1573 559 1989 631 prophetarum

388 666 677 713 meorum,
708 667 834 721 quze
863 651 1219 720 processerat
1248 648 1318 703 de
1349 648 1519 702 corde
1541 664 1692 712 meo,
1722 647 1778 701 id
1801 646 1992 712 est,de

390 741 683 793 voluntate
718 755 867 804 mea,
899 737 1053 809 quod
1082 754 1181 792 cor
1226 737 1383 808 prius
1420 740 1543 791 erat
1584 737 1792 789 durum
1827 735 1992 789 intel-

388 829 558 894 lectu,
590 829 798 896 factum
841 833 915 879 est
948 834 1203 898 tanquam
1259 844 1377 879 cera
1432 826 1733 897 (ignescens,
1780 824 1837 879 id
1888 828 1992 889 est,

390 918 565 971 molle
617 919 673 969 et
724 915 1093 986 perceptibile
1126 915 1438 980 intellectu,
1474 913 1617 967 sicut
1670 930 1801 968 cera
1840 912 1995 983 prius

394 1004 537 1057 dura
566 1004 802 1057 admoto
831 1004 962 1073 igne
992 1003 1053 1058 fit
1086 1002 1321 1074 liquida.
1363 1001 1471 1055 Cor
1516 1020 1687 1055 meum
1719 1001 1844 1055 dico
1878 1000 1994 1061 exi-

393 1095 549 1145 stens
578 1095 631 1145 in
666 1092 858 1157 medio,
890 1091 946 1144 id
969 1095 1071 1159 est,
1108 1096 1164 1150 in
1199 1091 1616 1145 communitate
1648 1091 1842 1143 ventris
1874 1091 1994 1155 mei,

390 1179 445 1234 id
468 1179 829 1241 esl,exislens
855 1181 1242 1234 communiter
1265 1180 1318 1233 in
1354 1178 1660 1251 discipulis,
1678 1178 1771 1249 qui
1799 1177 1995 1232 dicun-

389 1271 483 1322 tur
670 1272 1147 1335 ventermeus,eo
1163 1267 1318 1340 quod
1342 1268 1995 1321 meiretineantmemo-

389 1355 709 1422 riam,sicut
740 1357 796 1409 in
826 1360 1023 1410 ventre
1051 1355 1337 1410 memoria
1359 1358 1443 1409 est
1470 1354 1741 1419 hominis,
1776 1370 1906 1407 cum
1941 1352 1997 1407 in

390 1448 593 1498 ventre
625 1444 693 1497 sit
727 1461 843 1498 cor.
880 1446 945 1497 Et
971 1461 1075 1514 per
1101 1444 1221 1516 ipsa
1250 1462 1363 1497 assa
1396 1445 1561 1496 virtus
1612 1461 1745 1508 inea,
1782 1459 1907 1512 quae
1940 1441 1999 1497 in

396 1538 581 1589 morte
608 1535 721 1587 visa
744 1536 827 1586 est
861 1534 1147 1606 impotens
1178 1538 1236 1587 et
1269 1532 1485 1604 fragili;
1513 1551 1527 1599 ;
1563 1534 1708 1585 aruit
1745 1539 2003 1604 tanquam

396 1631 545 1690 lcvltt,
578 1624 745 1677 idest
776 1626 1001 1677 ostensa
1031 1626 1115 1676 est
1147 1626 1348 1693 potens
1379 1626 1434 1676 et
1466 1621 1648 1687 fortis,
1673 1622 2001 1677 admodum

394 1717 553 1767 testze
590 1730 602 1766 :

397 1800 622 1864 Quanto
651 1818 783 1855 vero
818 1800 1003 1869 magis
1033 1799 1268 1866 aruerit,
1320 1802 1478 1854 tanto
1532 1798 1823 1853 robustior
1870 1797 1998 1859 erit.

398 1880 464 1942 Et
493 1906 596 1960 per
625 1890 733 1943 hoc
765 1888 953 1959 arguit
984 1891 1151 1942 virtus
1182 1906 1317 1954 utea,
1359 1887 1494 1959 quia
1544 1888 1731 1957 lingua
1777 1902 1912 1953 olea,
1949 1884 2005 1938 id

396 1983 501 2041 est,
526 1978 856 2050 praulicatio
883 1994 1170 2044 meorum,
1218 1977 1440 2029 adhaesit
1479 1976 1736 2046 faucibus
1767 1977 1913 2040 meis,
1950 1973 2007 2026 id

398 2070 483 2122 est
509 2067 826 2138 prmccptis,
860 2085 986 2138 qua?
1018 2067 1087 2119 de
1123 2065 1380 2119 faucibus
1408 2064 1552 2118 meis
1580 2065 2003 2136 processerunt.

401 2156 565 2219 Quod
619 2158 703 2208 est
734 2155 961 2209 dicere:
1014 2155 1135 2207 Non
1196 2153 1512 2207 secundum
1570 2149 2008 2205 adinventiones

398 2243 664 2309 suas,sed
686 2244 999 2296 secundum
1020 2243 1175 2313 quod
1191 2258 1287 2295 eos
1310 2240 1498 2308 docui,
1528 2239 2005 2310 praadicaverunt.

398 2332 466 2385 Et
495 2348 597 2401 per
628 2331 749 2402 ipsa
773 2349 885 2383 ossa
910 2331 1179 2383 deduxisti
1198 2345 1298 2394 me,
1333 2329 1391 2383 id
1419 2331 1522 2392 est,
1557 2327 1669 2382 mei
1698 2326 1965 2382 notitiam
1991 2344 2004 2392 ;

402 2422 463 2475 in
493 2421 757 2491 pulverem
785 2422 986 2485 mortis,
1016 2419 1072 2472 id
1103 2421 1207 2485 est,
1252 2418 1310 2471 in
1343 2417 1604 2471 inﬁdeles
1630 2417 1748 2488 qui,
1784 2433 1916 2470 cum
1948 2416 2008 2470 in

403 2508 647 2580 peccatis
679 2507 889 2561 mortui
923 2511 1130 2571 essent,
1166 2506 1347 2577 pulvis
1378 2508 1564 2569 erant,
1622 2505 1828 2571 idest,
1862 2503 2006 2557 aridi

402 2596 666 2650 doctrina
709 2599 765 2649 et
806 2596 952 2648 leves
993 2596 1065 2649 ad
1120 2593 1529 2664 impulsionem
1585 2593 1817 2659 diaboli,
1866 2592 2010 2647 sicut

402 2684 589 2756 pulvis,
610 2683 800 2737 aridus
831 2687 915 2737 est
948 2686 1004 2735 et
1029 2701 1061 2736 a
1091 2686 1260 2736 vento
1293 2683 1457 2737 facile
1490 2682 1735 2737 mobilis.

475 2774 783 2843 Postquam
814 2771 1063 2826 ostendit
1085 2772 1330 2842 qualiter
1358 2790 1499 2842 aqua
1530 2771 1621 2837 sit,
1656 2771 1774 2824 vult
1816 2774 2007 2825 osten-

404 2862 541 2919 dere
568 2861 813 2932 qualiter
841 2864 1038 2932 e/fusus
1081 2860 1189 2915 fuit
1235 2860 1293 2914 in
1348 2863 1619 2926 mortem,
1654 2859 1733 2914 sic
1774 2859 1970 2914 dicens

406 2948 525 3004 Dixi
543 2949 676 3022 quia
690 2950 898 3004 effusus
912 2967 1034 3004 sum
1046 2992 1057 3002 .
1082 2950 1147 3003 Et
1158 2950 1266 3004 hoc
1280 2949 1455 3003 modo
1477 2948 1693 3003 scilicet
1711 2965 1723 3001 :
1740 2947 2009 3014 Quoniam

404 3038 865 3093 circumdederunt
910 3057 989 3091 me
1030 3056 1183 3091 canes
1225 3038 1400 3100 multi,
1430 3039 1564 3103 etc.,
1614 3054 1790 3108 usque
1850 3036 1922 3091 ad
1954 3042 2011 3087 tu

406 3133 605 3194 autem,
634 3127 882 3194 Domine,
919 3144 1035 3181 non
1072 3130 1388 3180 mutantur.
1416 3127 1481 3179 Et
1508 3127 1614 3179 hoc
1644 3128 1829 3179 totum
1858 3124 2012 3194 quod

411 3215 667 3286 agilitate
689 3216 1008 3287 prOphetize
1026 3215 1383 3286 prieteritum
1403 3213 1558 3277 dicit,
1576 3214 1833 3267 futurum
1852 3212 2015 3265 intel-

412 3302 707 3373 ligendum
743 3308 844 3357 est.
895 3305 1131 3357 Ostensa
1166 3303 1425 3374 passione
1474 3320 1576 3356 sua
1610 3300 1913 3356 revertitur
1943 3302 2015 3355 ad

416 3389 739 3444 orationem
788 3408 986 3457 suam;
1018 3392 1151 3461 quia
1197 3390 1447 3443 breviter
1490 3393 1754 3443 oraverat
1795 3392 1855 3442 ut
1884 3404 2014 3459 pro-

418 3478 579 3532 lixius
612 3482 756 3543 oret,
801 3484 857 3532 ct
888 3498 991 3533 nos
1022 3496 1187 3533 orare
1222 3479 1484 3544 instruat,
1535 3482 1591 3532 et
1646 3477 2016 3548 postmodum

419 3566 669 3621 fructum
704 3568 977 3638 passionis
1009 3571 1065 3621 ct
1096 3586 1210 3621 sum
1250 3565 1685 3621 resurrectionis
1733 3565 2017 3620 ostendat.

422 3656 485 3708 Et
516 3656 625 3709 hoc
646 3656 721 3709 sic
749 3656 886 3710 dicit
918 3674 929 3710 :
967 3656 1071 3729 Ipsi
1106 3674 1198 3711 me
1240 3655 1320 3711 ita
1361 3655 1802 3710 circumdabunt
1832 3658 1890 3707 et
1936 3654 2020 3711 fo-

420 3743 581 3798 dient
606 3745 960 3816 etputabunt
980 3762 1073 3799 me
1090 3744 1449 3811 derelictum,
1474 3751 1529 3798 tu
1546 3750 1743 3810 autem,
1767 3742 2021 3807 Domine,

421 3851 486 3887 ne
510 3834 832 3904 elongaveris
861 3835 1123 3887 auxilium
1154 3843 1304 3888 tuum
1335 3852 1366 3887 α
1398 3852 1498 3900 me,
1532 3833 1589 3887 id
1634 3836 1719 3887 est
1744 3849 1861 3887 non
1890 3847 2022 3903 pro-

424 3922 748 3992 longaveris
779 3922 1050 3977 auxilium
1092 3921 1525 3976 resurrectionis
1558 3938 1734 3991 usque
1776 3920 1832 3974 in
1874 3936 2028 3974 com-

428 4027 663 4063 munem
688 4010 1305 4075 resnrrectionem,sed
1332 4014 1461 4079 post
1478 4013 1592 4062 tres
1617 4009 1737 4063 dies
1758 4007 2028 4062 resuscita

427 4112 542 4150 me.
567 4098 634 4150 Et
651 4099 806 4167 prius
825 4099 894 4150 ml
912 4098 1262 4167 defensionem
1280 4115 1451 4150 ηιθαιη
1471 4099 1723 4166 conspice,
1741 4113 1811 4149 ne
1824 4095 2027 4148 cedam

430 4183 486 4237 in
514 4184 794 4256 passione.
832 4186 896 4238 Et
920 4187 1041 4239 lucc
1071 4186 1183 4239 duo
1213 4185 1291 4239 sic
1319 4185 1554 4255 exponit
1578 4183 1802 4255 singula
1840 4183 2029 4255 singu-

2093 468 2455 537 consentiam
2478 484 2491 534 ;
2520 465 2618 538 qui
2644 466 2911 522 dicuntur
2926 465 3251 533 unicornes,
3272 463 3329 519 id
3359 466 3445 518 est
3466 461 3714 519 unicam

2094 556 2423 628 superbiam
2470 556 2771 619 habentes,
2803 557 2861 609 et
2895 555 3268 609 excellentem
3314 569 3433 623 prae
3476 551 3720 615 caeteris

2092 645 2363 701 omnibus
2396 662 2412 697 :
2444 644 2587 698 sicut
2616 643 2905 698 unicornis
2930 643 3163 697 unicum
3194 643 3369 697 habet
3411 657 3607 706 cornu,
3646 641 3722 696 et.

2095 736 2243 789 bene
2275 750 2477 789 eorum
2504 733 2765 803 superba:
2807 731 3205 805 persuasiones
3251 746 3468 786 cornua
3505 729 3726 785 dicun-

2096 831 2207 891 tur,
2236 841 2340 898 per
2387 842 2527 897 quas
2571 840 2704 879 eum
2745 840 3076 896 expugnare
3113 823 3514 890 intendebant,
3557 821 3726 877 sicut

2096 914 2371 971 animalia
2406 917 2647 969 cornuta
2677 912 2949 968 cornibus
2989 914 3339 984 expugnant.
3372 912 3541 967 Facta
3576 927 3727 965 ora-

2095 1005 2276 1073 tione,
2318 1003 2571 1059 ostendit
2622 1002 3056 1058 resurrectionis
3108 1019 3221 1065 suaa
3270 1000 3657 1067 fructumsic
3696 1016 3720 1055 ;

2099 1093 2265 1153 Oravi
2292 1096 2353 1147 ut
2376 1109 2544 1153 eruas
2567 1108 2660 1147 me
2683 1095 2741 1147 et
2754 1092 2951 1147 salvas.
2974 1091 3141 1157 Quod
3163 1091 3209 1145 si
3228 1090 3453 1159 feceris,
3472 1090 3727 1153 narrabo

2098 1201 2289 1237 nomen
2320 1188 2471 1235 tuum
2499 1181 2768 1251 fratribus
2795 1183 2943 1245 meis,
2978 1182 3039 1235 ut
3074 1180 3229 1243 idem
3264 1180 3322 1239 in
3356 1178 3674 1251 Evangelia
3703 1194 3724 1232 :

2102 1269 2687 1337 «Pater,manifestavi
2704 1286 2917 1324 nomen
2934 1271 3097 1324 tuum
3110 1268 3443 1331 hominibus
3454 1284 3597 1340 quos
3606 1268 3733 1327 de-

2100 1359 2227 1415 disti
2244 1359 2384 1413 mihi
2402 1359 2582 1425 (Joau.
2603 1364 2817 1429 xvn,6),
2842 1379 2868 1404 ››
2891 1357 2948 1411 id
2962 1357 3223 1424 est,dabo
3234 1357 3498 1422 notitiam
3511 1356 3732 1413 nomi-

2103 1448 2190 1504 nis
2210 1446 2288 1502 tui
2308 1447 2597 1519 apostolis,
2615 1447 2875 1502 docendo
2897 1464 2996 1501 eos
3024 1449 3078 1500 te
3102 1448 3281 1501 Deum
3301 1462 3422 1503 esse
3434 1449 3492 1500 et
3511 1445 3728 1509 Domi-

2102 1553 2276 1603 num;
2301 1536 2396 1608 qui
2419 1536 2770 1591 suntfratres
2786 1534 2985 1601 mei,id
3018 1538 3103 1588 est
3127 1534 3454 1591 cohaeredes
3474 1536 3735 1588 aeternae.

2102 1624 2520 1683 benedictionis
2546 1624 2976 1679 mecum.Unde
3000 1624 3304 1695 Apostolus
3331 1640 3343 1676 :
3380 1643 3410 1675 α
3446 1622 3737 1677 Ηεθτθᾶθδ

658 1730 784 1784 qua?
816 1730 945 1765 cum
1005 1712 1159 1783 prius
1220 1711 1409 1765 multis
1473 1711 1565 1777 sit,
1624 1709 1840 1781 fragilis
1894 1708 3730 1786 est-BquidemDei,c0hmredesautemChristi(ﬂom.vni,l7).n

2106 1804 2171 1857 Et
2184 1820 2286 1876 per
2299 1803 2721 1867 illosfratres,in
2735 1802 2903 1856 medio
2916 1801 3165 1857 Ecclesiae
3179 1818 3281 1872 per
3295 1817 3394 1865 eos
3408 1798 3624 1857 creditu
3632 1814 3740 1859 re.

2107 1892 2335 1945 laudabo
2359 1891 2491 1957 te,id
2508 1894 2593 1944 est
2607 1890 2817 1945 faciam
2838 1894 2896 1943 te
2921 1889 3142 1945 laudari
3159 1892 3218 1944 et
3234 1904 3408 1958 opere
3445 1890 3501 1942 et
3532 1885 3735 1953 devo-

2106 1980 2267 2034 tione
2298 1980 2371 2033 ab
2394 1979 2504 2033 illis
2535 1978 2631 2050 qui
2655 1996 2758 2050 per
2783 1994 2880 2032 eos
2906 1982 3038 2031 sunt
3069 1976 3361 2031 credituri.
3380 1975 3536 2030 Unde
3554 1974 3732 2029 idem

2108 2066 2391 2123 Dominus
2414 2067 2472 2121 in
2507 2067 2814 2137 Evangelio
2847 2084 2859 2120 ε
2897 2088 2924 2115 ‹‹
2950 2068 3157 2122 Luceat
3184 2068 3282 2121 lux
3306 2067 3489 2120 vestra
3512 2080 3739 2129 coram

2108 2155 2459 2221 hominibus,
2482 2159 2543 2209 ut
2564 2156 2796 2209 videant
2818 2172 2996 2225 opera
3016 2158 3201 2209 vestra
3223 2156 3407 2221 bona,
3428 2152 3740 2224 etgloriﬁ-

2109 2247 2241 2299 cent
2270 2245 2503 2298 Patrem
2529 2246 2777 2298 vestrum
2793 2243 2889 2314 qui
2908 2243 2965 2297 in
2992 2243 3145 2298 caelis
3158 2247 3244 2297 est
3263 2242 3450 2309 (Matt.
3468 2258 3520 2307 v,
3547 2242 3660 2307 10).
3696 2258 3741 2291 »

2183 2332 2335 2387 Facit
2363 2334 2557 2386 autem
2598 2333 3007 2403 apostropham
3052 2332 3125 2386 ad
3166 2333 3292 2387 illos
3317 2331 3413 2401 qui
3444 2327 3743 2393 credituri

2110 2423 2270 2487 sunt;
2288 2421 2524 2474 hortans
2544 2421 3002 2476 ntlaudenteum
3021 2423 3073 2474 et
3100 2436 3275 2491 opere
3298 2422 3359 2472 et
3387 2417 3737 2483 atiecuone,

2108 2508 2185 2563 sic
2211 2525 2222 2561 :
2249 2508 2490 2572 Quando
2510 2508 2743 2579 quidem
2767 2508 2900 2580 quia
2914 2509 3313 2562 circumdabor
3334 2510 3393 2573 et
3408 2505 3591 2561 fodiar
3606 2521 3740 2576 pro

2108 2597 2297 2664 vobis;
2343 2614 2447 2669 per
2476 2598 2584 2652 hoc
2614 2598 2836 2669 pariam
2886 2615 2984 2657 vos
3015 2615 3176 2653 veros
3205 2597 3531 2665 laudatores
3564 2612 3578 2648 :
3617 2612 3743 2655 vos

2109 2687 2203 2757 qui
2220 2686 2419 2740 timetis
2447 2685 2765 2754 Dominum,
2803 2686 2859 2739 id
2896 2688 2980 2739 est
3005 2685 3101 2757 qui
3132 2685 3311 2740 futuri
3343 2685 3476 2739 estis
3501 2683 3740 2744 timen-

2112 2776 2196 2830 tes
2226 2776 2429 2840 Deum,
2462 2774 2675 2829 laudate
2703 2791 2821 2827 eum.
2852 2773 3035 2829 verbis
3064 2776 3121 2827 et
3174 2773 3462 2843 operibus.
3504 2772 3571 2826 Et
3603 2771 3745 2825 hoc

2110 2861 2286 2916 etiam
2304 2862 2440 2917 dicit
2453 2879 2554 2934 per
2563 2861 3022 2934 partes,sic:Dico
3037 2878 3240 2916 omnes
3397 2861 3741 2934 quilimetz's,

2063 2996 2075 3017 ,
2113 2950 2326 3006 scilicet
2345 2954 2649 3005 universum
2675 2968 2847 3004 semen
2873 2950 3040 3004 Jacob
3058 2950 3354 3021 glori/irate
3375 2968 3512 3019 eum,
3538 2948 3599 3015 id
3625 2949 3749 3005 est.

2113 3056 2209 3097 vos
2222 3055 2425 3094 omnes
2445 3039 2540 3111 qui
2557 3038 2827 3093 credituri
2851 3039 2986 3094 estis
3007 3039 3077 3092 de
3102 3037 3322 3101 semine
3353 3038 3542 3103 Iacob,
3559 3036 3614 3095 id
3627 3038 3750 3099 est.

2113 3128 2183 3181 de
2204 3127 2436 3184 Judaico
2459 3128 2795 3199 populo,qui
2821 3126 3127 3181 luctatores
3141 3126 3299 3185 eritis
3332 3129 3531 3181 contra
3545 3124 3691 3185 vitia
3719 3141 3740 3178 :

2114 3216 2257 3271 sicut
2270 3215 2389 3286 ipse
2402 3217 2645 3270 luctatus
2657 3219 2740 3271 est
2754 3214 3521 3286 (Gmsxmrﬂhgloriosum
3536 3216 3758 3277 osten-

2116 3304 2233 3363 dite
2246 3321 2377 3359 eum
2393 3304 2558 3358 bonis
2571 3304 2840 3375 operibus
2861 3308 2918 3357 et
2939 3303 3338 3358 alfectiouibns
3352 3307 3409 3357 et
3428 3301 3628 3365 verbis.
3644 3300 3758 3354 Et

2120 3394 2301 3446 timeat
2328 3409 2447 3445 eum
2473 3395 2627 3445 casto
2672 3392 2882 3446 timore
2929 3410 3081 3444 cuine
3127 3408 3297 3444 semen
3347 3389 3526 3457 Israel,
3558 3388 3617 3443 id
3636 3392 3761 3444 est

2120 3480 2197 3534 illi
2226 3479 2344 3551 qui,
2369 3497 2498 3533 cum
2522 3478 2636 3533 sint
2663 3481 2732 3534 de
2761 3480 2982 3534 semine
3015 3480 3135 3551 ejus
3164 3480 3358 3546 Jacob,
3400 3478 3565 3535 visuri
3592 3482 3762 3532 sunt.

2124 3570 2303 3623 Deum
2330 3567 2387 3621 in
2414 3568 2922 3638 contemplatione,
2946 3567 3190 3640 ideoque
3215 3566 3442 3637 dicendi
3457 3565 3763 3622 Israel.Et

2123 3656 2277 3712 bono
2294 3672 2394 3710 suo
2414 3656 2729 3711 laudabunt
2746 3660 2801 3709 et
2820 3656 3126 3721 timebunt,
3141 3656 3287 3710 sicut
3301 3672 3408 3727 ego
3429 3656 3577 3719 bono
3592 3670 3759 3717 meo

2125 3760 2257 3799 eum
2288 3744 2513 3799 laudavi
2535 3748 2594 3798 et
2620 3743 2805 3798 timui.
2832 3745 2901 3797 Et
2927 3760 3059 3798 vere
3088 3744 3242 3801 bono
3273 3760 3424 3798 meo.
3457 3742 3759 3808 Quanta»;

2125 3831 2254 3887 ideo
2282 3849 2389 3885 non
2424 3833 2623 3902 sprevit
2655 3849 2820 3903 neque
2846 3831 3079 3902 despexit
3117 3832 3526 3903 deprecationem
3555 3848 3761 3891 means

2114 3922 2367 3999 pauperis
2383 3919 2515 3974 facti
2531 3924 2766 3991 pr0pter
2786 3937 2902 3985 vos,
2923 3925 2985 3974 ut
3001 3920 3394 3991 aitApostolus
3414 3937 3425 3975 :
3453 3943 3480 3970 «ι
3494 3919 3633 3973 Cum
3647 3918 3764 3973 cli-

2126 4025 2220 4062 ves
2235 4011 2630 4080 esset,paaper
2652 4026 2755 4078 pro
2772 4008 2937 4063 nobis
2948 4008 3132 4063 factus
3149 4011 3323 4074 est,ut
3337 4007 3395 4065 in
3415 4007 3510 4073 illo
3529 4006 3763 4075 divites

2127 4111 2376 4150 essemus
2398 4095 2485 4165 (II
2507 4095 2634 4150 Cor.
2663 4114 2745 4163 ιιι,
2764 4099 2845 4161 9).
2871 4118 2895 4143 ι)
2928 4096 3092 4161 Quod
3113 4099 3198 4151 est
3219 4096 3408 4151 dicere
3436 4112 3448 4148 :
3474 4094 3617 4165 Quia
3632 4111 3759 4152 me

2128 4185 2393 4239 orantem
2410 4183 2469 4239 in
2488 4185 2750 4253 passione
2765 4201 2878 4238 non
2896 4184 3145 4255 despexit
3158 4200 3362 4256 ,neque
3376 4183 3761 4247 vosimitato—

427 4271 494 4326 lis
524 4272 841 4327 reddendo.
878 4274 998 4328 Dixi
1034 4291 1046 4328 :
1070 4273 1158 4327 Ne
1187 4274 1509 4343 elongaveris
1534 4272 1795 4327 auxilium
1822 4280 1971 4327 tuum
1995 4291 2027 4328 α
2050 4281 2101 4338 1)
2126 4288 2215 4327 res
2233 4272 2347 4327 mei
2368 4273 2547 4329 factos
2560 4272 3030 4345 despiciet.Quod
3054 4272 3213 4337 dicit,
3234 4274 3450 4345 sprevit,
3474 4271 3759 4343 despecta,

428 4379 529 4427 me,
555 4363 610 4416 id
634 4364 721 4415 est
752 4379 763 4416 :
791 4362 939 4417 Erue
968 4382 999 4415 α
1030 4364 1262 4433 framea,
1286 4363 1451 4429 Deus,
1471 4364 1709 4416 animam
1736 4380 1928 4429 meum,
1954 4380 2026 4418 ne

429 4450 754 4505 detineatur
782 4450 840 4505 in
876 4456 1082 4507 morte.
1121 4453 1188 4507 Et
1218 4452 1368 4507 istud
1390 4453 1542 4508 idem
1581 4452 1719 4507 dicit
1746 4451 1871 4506 aliis
1902 4468 2025 4505 ver-

428 4538 514 4593 bis
544 4556 610 4593 ex
642 4539 817 4593 nimia
860 4541 1181 4607 affectione,
1215 4542 1431 4596 addens
1460 4540 1635 4596 etiam
1656 4557 1885 4595 causam
1912 4540 2018 4595 sic:

425 4625 502 4681 Et
519 4627 582 4682 de
610 4646 773 4682 manu
804 4632 969 4695 canis,
1011 4630 1070 4684 id
1099 4634 1187 4684 est
1242 4630 1312 4685 de
1357 4633 1635 4702 potestate
1678 4630 1897 4686 Judaici
1922 4647 2022 4701 po-

426 4715 568 4789 puli,
621 4716 1092 4772 lrrationabiliter
1148 4717 1505 4784 oblatrantis,
1538 4735 1610 4772 ne
1664 4734 1758 4774 me
1809 4718 2028 4789 possint

426 4805 685 4861 detinere
718 4805 775 4860 in
811 4809 996 4861 morte
1030 4810 1092 4860 ut
1120 4806 1358 4879 cupiunt
1389 4824 1403 4875 ;
1432 4823 1567 4862 erue
1600 4809 1811 4862 unicam
1831 4824 2024 4874 meam,

422 4892 482 4948 id
513 4898 597 4949 est
617 4894 873 4949 animam
910 4910 1124 4961 meam,
1157 4893 1291 4966 quia
1340 4895 1507 4950 unica
1538 4899 1642 4961 est,
1691 4895 1751 4949 id
1787 4899 1871 4950 est
1911 4895 2023 4949 sin-

423 4981 636 5050 gularis
660 4982 933 5036 bonitatis
959 4998 1078 5052 pra:
1106 4981 1376 5037 omnibus
1403 4982 1546 5037 aliis.
1582 4983 1648 5036 Et
1674 4982 1807 5049 dixi,
1840 4982 1912 5037 ad
1941 4983 2026 5038 (le-

418 5070 709 5139 fensionem
738 5088 907 5124 meam
941 5071 1200 5141 conspice,
1231 5070 1289 5124 id
1316 5073 1400 5125 est
1427 5070 1573 5124 salva
1614 5089 1695 5126 me
1718 5089 1781 5125 ex
1804 5089 1893 5125 ore
1926 5072 2025 5126 lea-

418 5160 521 5225 nis,
550 5157 605 5212 id
635 5163 720 5213 est
751 5158 964 5212 Judaici
996 5159 1212 5230 populi,
1239 5176 1428 5213 meam
1457 5159 1820 5214 sanctitatem
1850 5160 2020 5214 devo-

418 5263 548 5299 rare
576 5246 876 5317 cupientis,
908 5251 968 5300 ut
997 5249 1140 5301 solet
1170 5249 1282 5313 leo,
1314 5265 1385 5300 ne
1419 5246 1499 5301 eis
1528 5247 1749 5301 cedam.
1788 5248 1852 5300 Et
1885 5247 2021 5302 illud

417 5334 572 5386 idem
599 5351 663 5387 ex
696 5335 875 5388 nimia
924 5334 1226 5389 all‘oclione
1272 5334 1395 5389 aliis
1454 5335 1637 5388 verbis
1668 5335 1895 5405 repetit,
1928 5335 2022 5399 ad-

414 5421 603 5476 dendo
635 5440 863 5478 causam
897 5423 972 5475 sic
999 5441 1011 5477 :
1047 5423 1111 5477 Et
1134 5424 1286 5478 salva
1337 5423 1695 5477 humilitatem
1736 5441 1927 5491 meam,
1959 5423 2013 5477 id

411 5510 498 5559 est
530 5525 619 5562 me
646 5527 658 5575 ;
694 5512 826 5587 quia
847 5511 1081 5571 humilis
1113 5527 1236 5564 sum
1263 5530 1276 5578 ;
1310 5530 1341 5564 (ι
1379 5512 1622 5565 cornibus
1654 5513 2008 5575 mu'cornium,

2126 4377 2189 4416 ex
2220 4361 2399 4416 nimia
2416 4361 2720 4416 aifectione
2741 4363 2895 4429 facit,
2914 4362 3000 4417 bis
3021 4361 3176 4416 idem
3191 4361 3434 4417 dicendo
3455 4360 3761 4432 asquipol-

2126 4452 2330 4505 lenter.
2350 4451 2464 4505 Nec
2486 4453 2677 4506 avertit
2695 4452 2890 4520 faciem
2926 4469 3075 4504 suam
3114 4469 3145 4504 a
3183 4468 3281 4517 me,
3301 4450 3360 4505 id
3379 4453 3466 4506 est
3484 4465 3599 4507 non
3624 4448 3764 4503 fuit

2125 4537 2302 4593 iratus
2328 4538 2472 4594 mihi
2503 4557 2538 4593 a
2559 4538 2936 4594 similitudine
2965 4539 3268 4603 iratorum,
3299 4538 3395 4609 qui
3430 4536 3634 4605 faciem
3657 4538 3758 4602 ab

2124 4626 2194 4682 iis
2226 4643 2368 4699 quos
2401 4627 2534 4681 odio
2569 4627 2786 4682 habent
2817 4628 3106 4693 avertunt,
3136 4626 3295 4697 quasi
3324 4624 3760 4695 dicat:Dilex.it

2126 4733 2240 4771 me.
2268 4715 2345 4769 Et
2367 4715 2496 4771 ideo
2514 4733 2633 4769 cum
2660 4716 2942 4769 clamarem
2976 4715 3047 4779 ad
3076 4733 3214 4782 eum,
3235 4717 3292 4769 et
3321 4730 3493 4789 opere
3521 4717 3577 4769 et
3605 4730 3756 4777 ver-

2125 4802 2211 4856 bis
2234 4806 2291 4857 et
2321 4802 2650 4868 devotione,
2685 4802 2960 4857 exaudivit
2990 4820 3071 4856 me
3112 4807 3173 4857 ut
3212 4802 3607 4875 impetrarem,
3652 4801 3759 4858 fa-

2125 4891 2331 4947 ciendo
2362 4908 2453 4946 me
2478 4893 2843 4946 constantem
2862 4893 2919 4945 et
2946 4907 3248 4959 resurgere
3272 4909 3285 4960 ;
3321 4892 3457 4963 quia
3476 4890 3758 4961 superius

2125 4979 2459 5035 ostenderat
2485 4996 2542 5033 se
2573 4996 2895 5051 passurum,
2930 4996 3002 5033 ne
3025 4979 3236 5034 idcirco
3259 4982 3426 5037 Patre
3453 4978 3648 5033 minor
3663 4994 3753 5035 ex

2125 5071 2248 5124 toto
2278 5068 2628 5136 crederetur,
2664 5066 2916 5121 ostendit
2946 5067 3113 5148 se.sic
3131 5069 3417 5140 mqualem
3431 5083 3551 5122 esse
3574 5083 3587 5119 :
3613 5066 3749 5123 dixi

2123 5156 2276 5228 quod
2299 5155 2527 5209 laudabo
2556 5162 2620 5219 te,
2638 5155 2694 5208 id
2718 5159 2801 5209 est
2817 5154 3025 5208 faciam
3048 5155 3267 5209 laudari
3286 5154 3343 5209 in
3363 5153 3627 5211 Ecclesia.
3666 5154 3749 5211 Et

2124 5261 2239 5299 non
2259 5246 2445 5299 solum
2463 5247 2518 5297 tu
2536 5244 2859 5301 laudaberis
2882 5244 3284 5314 personaliter,
3308 5244 3407 5300 sed
3423 5243 3565 5315 apud
3582 5249 3653 5307 te,
3670 5242 3741 5315 id

2123 5336 2206 5387 est
2239 5337 2424 5387 tecum
2455 5333 2565 5387 erit
2591 5332 2706 5385 laus
2726 5350 2839 5386 mea
2863 5349 3057 5401 magna
3072 5334 3127 5384 in
3153 5330 3410 5399 Ecclesia,
3433 5330 3491 5386 id
3513 5332 3598 5385 est
3624 5331 3735 5395 Ec-

2120 5421 2291 5477 clesia
2313 5420 2601 5475 laudando
2625 5423 2681 5475 te
2703 5420 2956 5476 laudabit
2978 5424 3035 5474 et
3062 5438 3174 5475 me.
3197 5442 3223 5469 ‹‹
3246 5421 3363 5493 Ego
3386 5419 3541 5491 enim
3559 5421 3620 5475 et
3640 5423 3732 5495 tu,

2115 5513 2302 5577 Pater,
2325 5525 2501 5563 unum
2523 5509 2904 5580 sumusploan.
2933 5510 3137 5581 x,3U).»
3160 5511 3226 5563 Et
3243 5510 3375 5564 alibi
3396 5509 3454 5563 in
3475 5510 3736 5580 Evange-
