3994 6042
278 269 389 324 725
1283 271 1644 328 EXPOSITIO
1682 271 1751 328 ΙΝ
1787 271 1883 330 PS.

1988 271 2126 332 ωε.
2160 306 2228 318 -
2259 274 2454 336 PSAL.
2492 277 2598 335 XXI
3383 313 3398 319 -
3493 286 3599 344 726

275 387 359 445 lio
398 405 410 442 :
451 409 480 438 ι(
507 387 616 453 Qui
635 386 1132 478 imnrbonoﬁﬁcat
1149 388 1382 458 Filium,
1406 409 1523 448 non
1557 393 1902 450 honoriﬁcat
1919 395 2087 456 Ahoc
2113 415 2147 452 a
2181 399 2448 455 ﬁdelibus
2477 401 3007 474 accipitur,signum
3033 405 3118 459 est
3147 419 3392 478 corpora
3407 409 3604 464 nostra

283 477 646 568 Patrem,qui
661 475 816 568 misit
837 475 999 568 illum
1025 477 1306 548 (Joan.1n,
1328 481 1441 553 23).
1461 502 1491 530 ν
1507 483 1574 536 Et
1592 483 1670 538 sic
1687 483 1902 539 scilicet
2001 489 2290 556 mortalia,
2319 506 2428 562 per
2472 491 2675 547 Christi
2726 494 3053 564 passionem
3101 513 3220 550 esse
3248 475 3601 568 reparanda.

282 565 582 639 perveniet
619 566 692 621 ad
725 566 957 621 laudem
989 583 1202 632 meam,
1225 569 1361 640 quia
1381 586 1519 641 ergo
1541 573 1756 625 reddam
1776 581 1896 627 vota
1998 575 2107 630 Per
2123 579 2418 648 sanguinis
2430 583 2625 634 autem
2639 565 3387 654 acreptionem,animaruim
3404 585 3609 640 intelli-

275 654 593 720 πιθα.ουοά
625 657 710 709 est
738 654 928 709 dicere
963 671 975 709 :
1013 656 1152 726 Ego,
1181 657 1277 728 qui
1302 659 1373 712 ab
1398 658 1562 712 initio
1591 659 1786 716 devovi
1817 662 1897 716 eis
1997 663 2186 734 gimus
2205 669 2652 738 reparationem.
2679 670 2839 724 Circa
2871 672 3215 742 sanguinem
3237 689 3488 744 namque
3509 690 3610 745 po-

281 745 357 800 ad
391 746 639 800 salutem
669 759 872 798 eorum
899 757 992 799 me
1025 761 1231 816 coers
1257 748 1671 818 etsanguinem
1697 767 1894 805 meum
1994 753 2106 806 tius
2132 755 2328 810 anima
2364 761 2777 814 commoratur.
2814 759 3108 830 Siquidem
3141 761 3400 832 quamvis
3420 778 3605 816 sacra-

277 835 578 899 datnrum,
610 833 831 887 mddam
857 837 914 887 et
936 833 1026 888 hic
1056 834 1118 888 in
1140 842 1412 906 compertu
1434 837 1734 892 timentium
1753 856 1894 907 mm,
1995 847 2263 900 mentum
2295 845 2400 899 hoc
2427 847 2503 900 sic
2536 846 2594 900 in
2621 851 2814 918 partes
2849 848 3114 914 divisum,
3163 852 3351 903 totum
3395 849 3606 921 ubique

277 923 338 979 id
367 926 459 977 est
484 921 564 976 ita
583 921 742 993 quod
769 921 1040 976 timentes
1069 937 1204 976 eum
1233 924 1486 990 Patrem,
1519 942 1553 980 ο
1585 926 1893 994 auditores,
1994 935 2191 988 tamen
2225 938 2309 988 est
2357 935 2674 1006 integrum,
2725 937 2956 992 Andrea
2996 939 3255 1008 apostolo
3307 942 3551 993 testante
3589 955 3604 993 :

276 1027 428 1083 pura
455 1010 570 1066 fide
599 1009 967 1099 conspiciant
986 1010 1084 1064 illa
1138 1019 1289 1078 vota,
1335 1013 1638 1068 credentes
1684 1015 1898 1072 scilicet
1999 1042 2027 1070 ι(
2060 1023 2232 1094 Cujus
2259 1040 2460 1079 carnes
2479 1041 2611 1078 cum
2641 1030 2909 1080 comestae
2938 1027 3052 1080 sint
3079 1045 3111 1081 ει
3141 1029 3376 1099 populo,
3406 1031 3462 1081 et
3483 1045 3610 1082 san-

279 1102 649 1156 sacramenta
665 1098 1016 1154 veraciterin
1039 1115 1244 1171 corpus
1259 1102 1674 1172 etsanguinem
1697 1117 1894 1158 meum
1995 1111 2121 1182 guis
2141 1112 2264 1183 ejus
2301 1112 2374 1167 sit
2412 1113 2651 1168 bibitus:
2674 1130 2858 1185 agnus
2894 1119 3092 1170 tamen
3129 1098 3234 1188 qui
3263 1116 3608 1170 sacriﬁcatus

275 1191 717 1249 translataﬁon
735 1189 1078 1261 imaginaria
1101 1193 1348 1259 tantum,
1369 1195 1434 1246 ut
1455 1193 1692 1265 quidam
1717 1195 1896 1250 hiare-

280 1281 380 1336 tici
393 1281 536 1336 false
550 1281 830 1345 asserunt,
854 1278 993 1334 illud
1005 1280 1293 1350 Evangelii
1309 1283 1650 1352 exponendo
1664 1299 1893 1354 perver-

279 1385 344 1425 se
369 1386 433 1424 τε
458 1369 576 1425 [ioc
601 1368 772 1424 facite
791 1367 848 1422 in
873 1383 1066 1423 meam
1085 1369 1708 1425 commemorationem
1735 1371 1890 1444 (Luc.

1995 1202 2082 1253 est
2112 1199 2338 1272 integer
2368 1207 2694 1273 perseverat
2721 1206 2778 1256 et
2803 1203 2955 1256 vivit.
2991 1225 3017 1252 ››
3053 1203 3321 1275 Sequitur
3355 1221 3368 1257 :

2065 1287 2244 1342 Edent
2261 1307 2540 1360 pauperes,
2565 1293 2674 1344 etc.
2709 1291 2872 1354 Quod
2902 1291 2979 1345 sic
3009 1293 3378 1346 continuatur
3425 1309 3436 1346 :
3470 1292 3604 1346 Dico

1995 1377 2131 1449 quia
2158 1378 2376 1431 reddam
2408 1387 2528 1432 vota
2567 1396 2681 1434 mea
2729 1379 2784 1432 in
2827 1387 3100 1450 conspectu
3143 1381 3462 1435 timentium.
3495 1379 3605 1451 Ipsi

279 1475 418 1524 ΠΗ,
457 1459 559 1521 19).
588 1478 615 1506 η
651 1456 847 1512 5018!!!
899 1455 1056 1511 enim
1096 1457 1352 1529 corporis
1393 1459 1674 1514 Dominici
1721 1464 1894 1532 atque
1993 1481 2128 1520 vero
2175 1466 2446 1520 timentes
2471 1483 2541 1522 eo
2567 1469 3056 1539 conspecto,edent
3082 1469 3218 1523 illud
3243 1486 3502 1540 pauperes
3522 1469 3605 1524 ef-

281 1545 582 1619 sanguinis
605 1544 954 1601 memoriam
1003 1545 1058 1598 in
1103 1547 1480 1602 sacramentis
1520 1547 1632 1602 illis
1679 1549 1894 1620 absque
1991 1553 3609 1630 fectispiritu,idestseinanimahumiliantes,nonsuper-

279 1635 551 1690 realitate
585 1651 706 1689 esse
733 1633 1084 1704 intelligunt,
1117 1635 1364 1689 Domino
1398 1635 1479 1689 eis
1512 1636 1848 1691 inclimante
1878 1653 1891 1692 :
1915 1706 1964 1717 _
1994 1641 2240 1696 bientes.
2261 1643 2341 1698 De
2363 1643 2569 1715 quibus
2591 1644 2646 1698 in
2670 1645 2976 1717 Evangelio
3001 1645 3283 1700 Dominus
3298 1648 3378 1701 ait
3399 1645 3605 1700 «Beati

279 1745 308 1773 (ι
348 1725 465 1779 Hoc
494 1726 581 1778 est
611 1739 819 1794 corpus
847 1737 1068 1788 meum,
1097 1723 1250 1793 quod
1282 1740 1387 1795 pro
1439 1723 1596 1779 vobis
1637 1706 1967 1780 tradeturB
1993 1743 2278 1800 pauperes
2301 1706 2504 1802 spiritu
2532 1731 2716 1786 (Matt.
2743 1706 2918 1802 111:3).
2943 1751 2972 1785 »
2995 1735 3062 1786 Et
3104 1734 3238 1804 quia
3261 1751 3375 1788 non
3399 1733 3606 1788 sufﬁcit

277 1812 502 1885 (Ibid.).
533 1835 560 1861 »
583 1813 652 1866 Et
678 1813 846 1884 paulo
878 1813 1007 1883 post
1033 1827 1043 1864 :
1065 1833 1093 1860 ει
1117 1811 1216 1865 Hic
1238 1815 1322 1866 est
1342 1812 1575 1882 sanguis
1592 1829 1774 1879 meus,
1793 1813 1894 1884 qui
1992 1819 2488 1886 comedere,addit
2505 1837 2516 1874 :
2533 1820 2609 1874 Et
2619 1822 3087 1888 saturabuntur,id
3103 1826 3189 1876 est
3207 1823 3601 1892 replebuntur,

279 1918 388 1974 pro
423 1901 585 1957 vobis
611 1901 889 1956 fundatur
915 1899 1133 1970 (1bid.).
1167 1918 1198 1952 »
1231 1901 1354 1954 Non
1402 1900 1577 1971 igitur
1615 1902 1740 1955 huic
1765 1919 1890 1956 cor-
1991 1921 2076 1970 re,
2101 1905 2160 1960 id
2186 1909 2272 1960 est
2290 1907 2612 1978 signiﬁcato
2630 1912 3127 1964 sacramentorum
3151 1910 3364 1964 scilicet
3382 1909 3601 1963 unitate

278 1991 439 2062 poris
469 1991 554 2046 sui
587 1993 646 2045 et
669 1989 965 2061 sanguinis
998 2003 1119 2042 esse
1150 1990 1772 2045 commemorationem
1805 1993 1890 2046 vel
1993 1993 2151 2061 ﬁdei,
2185 1995 2305 2066 spei
2336 2001 2394 2051 et
2419 1997 2759 2064 dilectionis,
2795 2015 2920 2070 quin
2957 2015 3058 2072 per
3109 2001 3472 2053 sacramenta
3501 1998 3600 2052 de-

277 2077 515 2150 signum
546 2078 804 2134 asseruit.
835 2077 945 2132 Sed
975 2100 1002 2128 ‹‹
1033 2078 1142 2131 hoc
1172 2079 1257 2131 est
1285 2091 1493 2149 corpus
1518 2095 1748 2146 meum;
1774 2100 1800 2128 »
1835 2083 1894 2134 et
1993 2083 2318 2154 signantur,
2353 2101 2480 2140 cum
2517 2103 2584 2140 ex
2608 2088 2804 2141 multis
2830 2087 3024 2158 granis
3049 2091 3106 2141 et
3135 2087 3335 2153 acinis,
3371 2090 3432 2140 ut
3457 2085 3600 2140 dixi-

279 2185 311 2218 α
344 2167 438 2222 hic
463 2170 552 2222 est
579 2166 811 2238 sanguis
847 2182 1031 2232 meus,
1065 2186 1093 2214 »
1127 2165 1487 2238 apertissime
1519 2170 1752 2222 testatus
1782 2171 1886 2222 est.
1992 2187 2142 2236 mus,
2163 2173 2836 2246 unumquodque,unnm
2862 2175 3001 2247 quid
3018 2175 3316 2230 efﬁciatur.
3335 2171 3398 2228 Et
3424 2175 3520 2240 sic,
3541 2174 3600 2229 id

275 2257 458 2328 Hujus
489 2273 621 2311 vero
651 2255 953 2310 sententia!
981 2272 1107 2326 qua:
1139 2255 1508 2327 subjungitur
1541 2273 1552 2310 :
1583 2279 1610 2305 ‹‹
1661 2257 1774 2311 Hoc
1803 2258 1888 2312 fa-
1988 2263 2076 2314 est
2106 2261 2332 2316 edendo
2380 2266 2438 2316 et
2479 2263 2814 2329 saturando,
2843 2263 3139 2316 laudabunt
3183 2262 3475 2316 Dominum
3517 2259 3598 2315 illi

277 2346 390 2401 cite
441 2345 502 2400 in
559 2361 754 2399 meam
813 2346 1459 2411 commemorationem,
1519 2366 1546 2393 ››
1606 2345 1888 2400 dubitatio
1989 2351 2084 2422 qui
2108 2352 2386 2421 requirunt
2419 2369 2532 2406 eum
2559 2351 2658 2406 tali
2690 2353 3023 2416 laude,non
3048 2354 3291 2406 terrena.
3327 2352 3486 2416 Quod
3513 2353 3600 2406 est

279 2435 440 2490 nulla
477 2432 846 2504 relinquitur,
873 2431 920 2486 si
966 2432 1222 2502 Apostoli
1278 2434 1567 2488 sententia
1609 2434 1887 2490 catholica
1988 2438 2177 2493 dicere
2215 2441 2544 2495 :Comestio
2575 2440 2672 2494 illa
2703 2443 2759 2494 et
2795 2440 3092 2507 saturatio,
3147 2442 3266 2494 laus
3307 2439 3406 2494 Dei
3465 2439 3592 2493 erit.

277 2522 699 2578 consideratur.
725 2520 822 2574 Ait
847 2520 1003 2575 enim
1033 2537 1045 2574 :
1083 2542 1110 2570 ι(
1144 2520 1606 2592 Quotiescunque
1636 2522 1885 2577 mandu-
1987 2527 2122 2581 Dico
2153 2529 2309 2598 quod
2338 2532 2617 2599 requirunt
2637 2547 2778 2597 eum,
2803 2534 2861 2585 et
2882 2531 3035 2586 bono
3085 2547 3206 2588 suo.
3236 2531 3379 2584 Nam
3422 2531 3596 2582 vivent

274 2611 478 2668 cabith
507 2627 718 2683 panem
752 2611 904 2664 hunc
961 2613 1018 2663 et
1061 2609 1296 2664 calicem
1355 2611 1580 2677 bibetis,
1635 2614 1884 2668 mortem
1985 2615 2165 2681 corda,
2189 2615 2247 2670 id
2267 2619 2353 2672 est
2373 2617 2586 2673 animus
2607 2635 2788 2673 eorum
2807 2621 2863 2673 in
2877 2619 3126 2674 saeculum
3142 2619 3334 2684 saeculi,
3355 2618 3413 2672 id
3431 2616 3593 2672 estin

275 2699 512 2756 Domini
543 2697 956 2755 annuntiabitis
980 2697 1032 2768 (Ι
1055 2697 1181 2752 Cor.
1214 2715 1268 2764 x,
1298 2698 1404 2758 26).
1441 2717 1471 2749 ν

1988 2706 2653 2772 reternum,utDominus
2675 2706 2731 2760 in
2755 2707 3088 2778 Evangelio:
3111 2729 3136 2756 ‹‹
3156 2705 3260 2770 Qui
3280 2705 3595 2759 manducet

349 2791 446 2844 Est
473 2789 650 2860 igitur
669 2786 985 2843 Dominicaa
1003 2786 1282 2858 passionis
1299 2790 1724 2840 sacramentum
1751 2787 1881 2854 hoc,
1985 2791 2242 2856 me,vivit
2258 2798 2496 2866 propter
2509 2794 3029 2866 me(Joan.vi,57).s
3043 2795 3165 2850 Non
3180 2793 3333 2866 quod
3348 2805 3594 2864 corpora

274 2893 396 2932 non
429 2875 514 2930 sui
546 2875 721 2946 ipsius
751 2875 1056 2930 memoria.
1083 2873 1232 2928 Nihil
1263 2874 1420 2928 enim
1452 2874 1537 2928 sui
1563 2874 1738 2944 ipsius
1763 2890 1883 2929 esse
1983 2877 2042 2932 in
2062 2880 2252 2935 futuro
2273 2881 2330 2936 in
2355 2886 2636 2938 aeternum
2669 2901 2784 2939 non
2813 2885 3021 2950 vivant,
3049 2883 3149 2937 sed
3171 2886 3382 2954 aparte
3401 2885 3589 2936 totum

273 2963 562 3020 memoria
575 2961 959 3035 potest.Panis
973 2965 1167 3017 autem
1181 2965 1239 3016 et
1253 2962 1446 3016 vinum
1463 2979 1582 3018 non
1599 2965 1882 3034 quantum
1908 2988 1956 3050 ο
1983 2967 2268 3040 designat.
2298 2971 2441 3036 Quia
2464 2989 2595 3028 vero
2625 2973 2821 3027 anima
2836 2973 3026 3043 potius
3050 2973 3111 3027 in
3133 2972 3305 3026 corde
3326 2970 3592 3025 domina-

271 3053 347 3108 ad
381 3051 778 3118 naturam,sed
793 3053 1076 3123 quantum
1098 3051 1172 3106 ad
1189 3051 1438 3124 speciem
1463 3056 1521 3106 et
1551 3053 1816 3119 odorem,
1847 3069 1883 3106 a
1984 3059 2094 3122 tur,
2114 3059 2291 3114 corda
2310 3059 2474 3129 ponit
2495 3077 2599 3132 pro
2617 3060 2936 3115 animabus.
2963 3061 3201 3114 Ostensa
3217 3058 3589 3114 conversione

270 3140 598 3196 Christiana
627 3139 867 3193 veritate
897 3139 1184 3194 dicuntur.
1231 3140 1314 3194 llli
1346 3157 1599 3212 namque
1629 3140 1726 3212 qui
1757 3156 1879 3194 car-

271 3245 412 3286 nem
443 3229 504 3284 in
537 3232 698 3284 utero
735 3228 974 3300 Virginis
1003 3232 1380 3300 assumptum,
1415 3229 1597 3283 Verbo
1624 3245 1724 3283 suo
1751 3245 1878 3300 per-

265 3317 546 3375 sonaliter
585 3321 646 3372 et
691 3316 1060 3372 ineit'abiliter
1101 3318 1264 3372 unire
1315 3319 1519 3389 potuit,
1562 3317 1658 3390 qui
1702 3317 1878 3372 etiam

269 3407 544 3464 mortalia
574 3421 820 3478 corpora
842 3409 1036 3460 nostra
1057 3406 1284 3476 imperii
1310 3407 1394 3460 sui
1429 3407 1689 3476 potentia
1709 3407 1879 3460 faciet

267 3495 666 3563 immortalia;
691 3495 856 3566 panis
886 3498 942 3548 et
977 3495 1088 3549 vini
1116 3495 1417 3549 materiam
1439 3497 1495 3550 in
1517 3495 1599 3548 sui
1622 3495 1878 3568 corporis

265 3590 328 3642 et
357 3585 656 3656 sanguinis
677 3587 944 3639 naturam
971 3585 1284 3639 transferre
1306 3585 1570 3655 possibile
1589 3583 1879 3654 est.Signa

265 3676 447 3731 etiam
463 3677 828 3729 sacramenta
847 3675 970 3728 hinc
994 3676 1052 3727 et
1079 3673 1317 3745 mystica
1341 3673 1654 3727 rectissime
1675 3688 1878 3726 voean-

263 3768 364 3820 ιω·
387 3782 399 3818 :
427 3781 545 3820 non
572 3763 655 3817 sui
673 3762 936 3818 videlicet
950 3762 1136 3834 signa,
1154 3763 1253 3816 sed
1272 3762 1472 3817 nostri.
1503 3760 1876 3832 Magnaenim

263 3853 326 3909 in
357 3852 442 3908 eis
471 3851 635 3923 signa
663 3854 722 3905 et
748 3851 989 3922 mystica
1015 3851 1405 3906 continentur.
1439 3852 1582 3904 Nam
1634 3848 1879 3904 materia

265 3943 386 4008 illa,
405 3939 570 4011 panis
599 3938 814 3993 scilicet
841 3955 908 3992 ex
940 3956 1054 4010 qua
1080 3955 1286 4010 corpus
1313 3939 1679 3994 Dominicum
1711 3935 1875 4009 spiri-

265 4029 369 4084 tali
389 4027 794 4084 benedictione
807 4026 1128 4092 conficitur,
1150 4045 1216 4081 ex
1232 4027 1428 4098 granis
1443 4025 1704 4098 plurimis
1721 4027 1878 4080 mola

265 4117 499 4183 attritis,
557 4115 966 4188 conspersione
1019 4132 1183 4187 aquae
1233 4114 1621 4186 coniungitur.
1667 4114 1875 4168 Vinum

267 4207 470 4273 etiam,
505 4204 662 4277 quod
691 4205 750 4259 in
777 4204 1124 4276 sanguinem
1155 4206 1551 4270 transfertum,
1585 4219 1650 4258 ex
1701 4199 1878 4257 acinis

1977 3148 2308 3203 Iudaeorum
2341 3148 2435 3204 ubi
2480 3148 2620 3203 dixit
2651 3166 2668 3202 :
2703 3149 2911 3204 Timent
2941 3165 3060 3204 eum
3112 3165 3265 3202 omne
3303 3162 3474 3201 semen
3502 3145 3584 3199 Is-

1977 3238 2113 3305 rael,
2130 3241 2262 3306 etc.,
2287 3239 2538 3294 ostendit
2553 3243 2610 3294 et
2621 3239 2881 3310 gentium
2904 3237 3339 3294 conversionem
3361 3235 3584 3300 sic,non

1979 3327 2344 3383 solummodo
2359 3346 2530 3381 semen
2549 3328 2733 3395 Israel,
2757 3329 3001 3383 etJacob
3023 3321 3584 3389 timebunteum,sed

1979 3419 2213 3469 universi
2234 3417 2363 3484 ﬁnes
2386 3424 2558 3480 terrae,
2589 3416 2646 3470 id
2684 3421 2768 3471 est
2799 3419 2993 3471 multa:
3027 3420 3227 3487 gentes
3253 3415 3322 3469 de
3357 3411 3582 3466 univer-

1977 3503 2051 3557 sis
2103 3503 2312 3557 finibus
2341 3506 2512 3558 terrae
2556 3505 3004 3559 reminiscentur
3032 3503 3282 3568 Domini,
3315 3517 3486 3573 quem
3523 3498 3580 3551 in

1976 3591 2159 3644 Adam
2175 3594 2653 3660 cognoverunt,et
2665 3595 2864 3661 postea
2878 3609 2980 3661 per
2995 3591 3335 3658 originalem
3354 3589 3580 3658 culpam

1978 3680 2035 3730 et
2053 3677 2453 3731 infidelitatem
2473 3679 2745 3732 oblivioni
2771 3679 3151 3732 tradiderunt.
3181 3679 3245 3730 Et
3265 3676 3340 3728 sic
3361 3691 3578 3729 conver-

1979 3771 2156 3818 tentur
2174 3763 2245 3818 ad
2262 3766 2556 3820 Dominum
2583 3765 2695 3820 [ide
2725 3769 2784 3820 at
2803 3765 3161 3836 pwnitentia.
3195 3765 3258 3816 Et
3287 3765 3414 3834 post
3455 3763 3575 3813 uni-

1975 3869 2135 3908 versae
2161 3854 2394 3922 familia,
2429 3856 2688 3924 gentium,
2718 3853 2775 3908 id
2821 3856 2907 3907 est
2962 3851 3124 3906 multi
3181 3853 3250 3906 de
3304 3847 3578 3904 universis

1975 3941 2210 3997 familiis
2237 3942 2496 4012 gentium
2521 3959 2535 4008 ;
2571 3943 2642 3997 de
2673 3943 2960 3996 nobilibus
2983 3941 3194 3995 scilicet
3219 3943 3276 3994 et
3303 3937 3573 3993 innobili-

1976 4030 2407 4097 bus,adorabu;.i
2441 4032 2751 4096 Dominum,
2783 4030 2840 4084 id
2869 4032 2955 4084 est
2983 4028 3411 4082 venerabuntur
3456 4027 3576 4080 lau-

1977 4120 2047 4174 de
2071 4121 2128 4172 et
2149 4133 2409 4190 opere,se
2423 4119 2822 4190 cognoscendo
2848 4115 3360 4183 creaturam,illum
3384 4117 3576 4168 autem

1977 4223 2098 4262 esse
2117 4207 2472 4262 Creatorem.
2510 4207 2644 4262 Dico
2676 4205 2977 4259 adorabunt
3017 4203 3311 4259 existendo
3356 4205 3412 4256 in
3456 4220 3578 4256 con-

269 4266 488 4359 multis,
513 4266 814 4347 torcularis
827 4266 926 4347 aut
947 4292 1184 4363 alicujus
1201 4293 1472 4364 ponderis
1499 4266 1878 4365 impressione
1899 4266 1955 4328 D
1975 4301 2150 4366 specta
2167 4296 2299 4366 ejus,
2320 4295 2378 4348 id
2400 4297 2486 4348 est
2510 4311 2741 4364 semper
2767 4294 2838 4348 de
2869 4310 2938 4348 eo
2967 4297 3339 4364 conspectum
3371 4291 3584 4345 haben-

268 4381 594 4436 conflcitur.
638 4381 828 4436 Grana
870 4397 1004 4434 vero
1047 4383 1103 4434 et
1147 4381 1312 4436 acina
1350 4383 1634 4435 cultorum
1681 4381 1878 4435 labore

271 4471 625 4542 cooperante
657 4471 1072 4540 procreantur;
1105 4468 1184 4523 ita
1214 4473 1272 4523 et
1303 4485 1408 4523 nos
1436 4468 1880 4540 praedicatorum

273 4559 503 4614 cultura
523 4557 581 4611 in
603 4556 717 4613 fide
740 4556 982 4611 recreati
1007 4575 1020 4624 ;
1044 4560 1244 4628 postea
1265 4573 1398 4611 vero
1410 4556 1647 4628 jeiuniis
1668 4558 1728 4610 et
1747 4555 1884 4627 vigi-

275 4647 367 4703 liis
557 4644 738 4700 attriti
770 4661 950 4699 unum
979 4645 1320 4700 conﬁcimur
1345 4661 1572 4715 corpus,
1621 4643 1884 4698 videlicet

279 4734 510 4802 Christi,
546 4734 954 4804 conspersione
983 4733 1255 4804 baptismi
1297 4736 1645 4804 cooperante
1674 4749 1689 4800 ;
1729 4733 1882 4788 unde

277 4825 586 4896 Apostolus
618 4839 632 4878 :
663 4842 694 4875 «
725 4824 808 4878 Ita
861 4823 1026 4877 multi
1075 4839 1256 4876 unum
1322 4837 1527 4892 corpus
1583 4837 1782 4877 sumus
1822 4822 1884 4878 in

283 4913 512 4969 Christo
527 4910 700 4982 (Rom.
715 4912 930 4981 xn,5).»
944 4910 1122 4982 Signa
1134 4910 1311 4965 etiam
1327 4909 1490 4966 nobis
1503 4914 1560 4965 et
1575 4911 1748 4965 arrha
1763 4911 1885 4966 hinc

279 5001 646 5055 sacramenta
661 5003 794 5053 sunt
806 4998 1172 5054 beatitudinis
1187 5002 1551 5070 mternaa,per
1565 5015 1632 5054 ea
1649 4999 1692 5053 si
1712 4999 1885 5071 digne

283 5086 679 5160 acceperimus
709 5087 1127 5158 adipiscendae;
1165 5087 1320 5142 unde
1349 5104 1578 5160 quoque
1617 5087 1887 5143 viaticum

282 5177 572 5233 dicuntur.
603 5177 767 5248 Aqua
788 5193 920 5230 vero
960 5177 1033 5230 ad
1072 5176 1178 5230 hoc
1232 5181 1659 5232 sacramentum
1709 5177 1891 5232 conﬂ-

284 5267 560 5322 ciendum
579 5267 652 5322 ad
668 5267 913 5338 figuram
941 5267 1120 5320 nostri
1145 5266 1274 5321 vino
1297 5267 1687 5338 conjungitur.
1709 5267 1791 5320 lta
1811 5270 1892 5321 et-

283 5355 443 5411 enim
461 5369 566 5410 nos
582 5354 656 5409 ad
669 5354 908 5410 modum
923 5371 1086 5427 aqua;
1101 5353 1352 5409 ﬂuxusin
1368 5359 1618 5410 mortem
1633 5355 1892 5410 defluen-

290 5447 398 5511 tes,
433 5443 716 5514 passionis
746 5443 1058 5499 Dominicis
1095 5444 1368 5514 mysterio
1400 5443 1708 5510 efficiente,
1741 5443 1898 5498 Chri-

295 5537 385 5588 sto
414 5534 618 5602 gratim.
651 5532 962 5603 adaptione
989 5534 1346 5604 copulamur.
1371 5533 1512 5585 Cum
1539 5549 1670 5588 vero
1692 5548 1898 5602 corpus

1976 4388 2083 4450 tes,
2111 4386 2169 4436 et
2195 4399 2491 4454 nunquam
2515 4385 2944 4453 postponentes.
2979 4382 3076 4434 Vel
3125 4380 3426 4434 adorabunt
3463 4396 3583 4433 eum

1981 4475 2036 4526 in
2066 4478 2340 4542 conspectu
2378 4471 2512 4540 ejus,
2546 4470 2603 4524 id
2633 4473 2721 4524 est
2749 4470 2806 4524 in
2839 4470 3037 4524 anima
3068 4485 3242 4541 quam
3288 4469 3407 4539 ipse
3433 4469 3586 4523 solus

1981 4559 2259 4631 conspicit
2292 4576 2304 4613 :
2340 4561 2399 4612 et
2423 4557 2469 4612 si
2511 4574 2742 4630 semper
2778 4557 2836 4613 in
2884 4557 3155 4630 operibus
3195 4557 3437 4612 adorare
3483 4573 3583 4611 ne-

1983 4651 2222 4720 queunt.
2257 4647 2324 4701 Et
2354 4648 2564 4702 merito
2595 4647 2919 4709 adorabunt,
2946 4649 3203 4720 quoniam
3244 4645 3472 4700 Domini
3513 4653 3586 4700 est

1983 4753 2206 4806 regnum
2227 4754 2244 4789 :
2264 4738 2524 4806 gentium,
2545 4735 2758 4790 scilicet
2792 4735 2948 4807 quod
2977 4735 3135 4806 prius
3181 4735 3304 4789 erat
3351 4734 3584 4788 diaboli.

1989 4827 2052 4879 Et
2073 4828 2202 4897 post
2231 4825 2384 4880 idem
2413 4825 2541 4896 ipse,
2562 4823 2620 4879 id
2645 4828 2730 4878 est
2759 4824 3042 4891 Dominus,
3075 4823 3439 4877 dominabitur
3465 4819 3591 4891 gen-

1987 4917 2140 4981 tium,
2183 4931 2300 4967 non
2330 4912 2607 4978 diabolus,
2647 4912 2743 4984 qui
2791 4912 2947 4984 prius
2995 4910 3425 4965 dominabatur.
3457 4909 3589 4963 Dico

1987 5001 2142 5074 quod
2161 5005 2570 5056 convertentur
2592 5005 2649 5056 et
2671 5001 3014 5056 adorabunt.
3047 5000 3112 5052 Et
3131 4999 3208 5052 sic
3234 4998 3590 5055 manducare-

1988 5097 2136 5157 runt,
2158 5090 2218 5144 id
2245 5093 2330 5144 est
2351 5089 2804 5155 manducabunt,
2821 5091 2953 5142 vota
2974 5102 3106 5141 mea
3132 5086 3364 5153 scilicet,
3389 5089 3446 5140 et
3464 5089 3592 5156 post

1989 5179 2364 5245 adoraverunt,
2385 5177 2447 5232 id
2475 5181 2560 5232 est
2591 5177 2934 5232 adorabunt.

2066 5268 2179 5322 Hoc
2210 5283 2342 5320 vero
2370 5267 2522 5320 idem
2551 5270 2639 5319 est
2665 5282 2792 5319 cum
2827 5265 2935 5318 hoc
2963 5265 3118 5335 quod
3147 5263 3405 5334 superius
3435 5262 3596 5332 dixit,

1994 5356 2406 5410 saturabuntur.
2432 5355 2598 5418 Quod
2627 5359 2712 5410 est
2748 5353 2960 5420 dicere,
3009 5353 3354 5418 adorabunt,
3411 5351 3469 5404 id
3515 5358 3602 5407 est

1995 5444 2431 5499 venerabuntnr
2459 5459 2472 5496 :
2501 5443 2714 5512 repleti
2737 5458 2796 5495 ro
2815 5441 3180 5506 sacramenti,
3208 5439 3263 5493 id
3284 5443 3369 5493 est
3390 5437 3607 5493 unitate

2001 5533 2156 5600 ﬁdei,
2190 5535 2246 5585 et
2275 5534 2415 5602 spei,
2447 5534 2506 5583 et
2532 5529 2886 5596 dilectionis,
2910 5547 3034 5602 qua.
3060 5547 3158 5604 per
3188 5529 3610 5582 sacramentum
