3994 6042
473 283 578 340 ’727

1085 275 1148 335 S.
1196 274 1543 334 BRUNONIS
1583 269 2213 330 CARTHUSIANORUM
2248 266 2716 326 INSTI'I‘UTOBIS
2756 267 2912 324 OPP.
2954 263 3133 322 PARS
3176 265 3201 322 Ι

3708 263 3795 323 728

478 410 543 465 ut
573 406 839 472 diximus,
876 404 1241 477 designatur.
1273 404 1407 459 Dico
1446 403 1881 459 manducabunt
1910 403 1967 454 et
1993 400 2160 464 8(1-Α
2185 402 2459 457 reficitur.
2509 402 2799 475 Baptisma
2851 418 3079 474 quoque
3134 400 3505 455 eaeterorum
3540 396 3796 455 bonorum

478 498 727 552 orabunt
739 514 914 549 omnes
923 497 1147 565 pingues
1161 493 1393 556 terrae,id
1408 496 1493 547 est
1508 509 1711 546 omnes
1723 489 1912 546 omnis
1924 488 2084 543 modi

477 586 677 641 divites
703 586 759 639 in
812 584 1077 649 terrenis,
1124 600 1239 637 non
1282 581 1648 637 solummodo
1694 596 1992 653 pauperes.
2026 576 2084 631 Si

478 674 632 729 enim
668 674 769 727 soli
804 688 1085 744 pauperes
1137 671 1430 726 adoraturi
1478 674 1535 723 et
1573 668 1825 723 salvandi
1873 669 2080 733 essent,

478 780 594 818 non
624 762 820 832 utique
854 761 1057 815 Paulus
1084 761 1374 830 apostolus
1404 759 1477 812 ad
1523 756 1922 811 instruendum
1963 771 2082 822 eos,

479 850 821 920 discipulum
845 866 1012 903 suum
1036 848 1111 902 sic
1134 840 1533 902 attmoneretzu
1554 844 1802 916 Praecipe
1819 843 2087 898 divitibus

476 938 645 1009 hujus
667 938 877 1003 smculi,
898 954 1015 991 non
1035 937 1279 1006 superbe
1301 952 1500 1005 sapere
1520 934 1578 1005 (Ι
1599 934 1819 998 Tim.vi,
1842 933 1946 1002 t7).
1974 954 1999 980 »
2021 933 2087 985 Et

478 1028 624 1081 bene
638 1027 771 1080 dixit
779 1028 1003 1096 pingues
1018 1032 1315 1090 terrae,non
1328 1023 1803 1095 spiritu.Pingues
1816 1020 2085 1075 etdivites

477 1115 675 1186 spiritu
701 1112 955 1184 sunt,qui
987 1111 1747 1182 deterrenissuperbiunt,et
1766 1111 1821 1164 in
1845 1110 1926 1163 eis
1944 1114 2003 1164 ut
2024 1110 2080 1163 in

477 1219 612 1256 vero
638 1204 788 1256 bono
958 1220 1118 1273 spem
1146 1203 1684 1273 ponunt.Pauperes
1700 1203 1891 1253 autem
1924 1198 2083 1269 spiri-

476 1294 557 1357 tu,
588 1292 684 1363 qui
709 1292 809 1347 etsi
832 1292 1075 1345 terrenis
1098 1290 1398 1345 abundant
1428 1306 1545 1343 non
1568 1290 1704 1343 inde
1722 1288 2079 1359 superbiunt,

474 1397 662 1452 neque
688 1397 847 1450 spem
870 1382 1095 1451 ponunt
1125 1396 1137 1431 :
1163 1379 1261 1432 sed
1286 1377 1675 1449 indigentibus
1697 1395 1762 1430 ea
1784 1378 1942 1447 large
1969 1376 2086 1430 dis-

472 1468 895 1522 tribuunt.Dico
919 1468 1072 1539 quod
1083 1469 1311 1537 pingues
1332 1465 1875 1526 adorabunt.0mne.s
1889 1467 2079 1517 autem

474 1559 568 1629 qui
594 1556 910 1609 descendunt
936 1558 990 1608 in
1011 1563 1225 1619 terram,
1253 1555 1309 1607 id
1351 1558 1434 1608 est
1466 1554 1523 1607 in
1552 1558 1783 1607 terrena
1804 1552 2086 1606 desideria

474 1648 723 1710 tantum,
757 1645 965 1699 cadent
995 1644 1051 1698 in
1086 1648 1338 1698 mortem
1371 1643 1601 1697 scilicet.
1634 1644 1699 1695 Et
1724 1642 1811 1696 hic
1833 1646 1917 1695 est
1954 1658 2086 1695 con-

2186 490 2631 545 fundamentum
2665 493 2749 545 est
2780 493 2837 545 et
2867 490 3115 545 initium.
3145 490 3219 543 Et
3240 505 3367 543 non
3396 488 3584 543 solum
3606 488 3797 544 colloca-

2186 581 2281 646 vit,
2327 580 2590 641 educavit,
2640 583 2698 633 et
2739 582 3034 643 convertit;
3088 579 3198 633 sed
3251 577 3439 631 etiam
3493 576 3701 630 deduxit
3740 578 3795 632 de

2187 667 2394 721 virtute
2426 668 2482 721 in
2513 668 2806 734 virtutem,
2840 668 2910 722 de
2937 668 3091 723 bona
3121 665 3488 738 operatione
3513 663 3586 719 ad
3612 665 3793 720 bonam

2188 757 2613 827 operationem.
2644 757 2742 811 Vel
2766 757 2982 810 deduxit
3012 773 3084 810 ne
3115 755 3403 811 deficiam
3439 769 3539 807 me
3556 753 3795 808 constitu-

2190 847 2314 899 tum
2346 861 2521 916 super
2556 845 2825 900 semitam
2840 845 3101 916 justitia’,
3137 845 3203 900 id
3237 847 3329 898 est
3381 858 3560 914 super
3594 842 3796 898 virtutes

2187 939 2243 989 et
2271 952 2449 1007 opera
2470 937 2628 990 bona
2657 953 2783 1007 qum
2810 938 2944 989 sunt
2967 938 3141 990 arcta),
3158 934 3275 989 viae
3290 934 3369 988 ad
3386 933 3660 988 vitam.Et
3672 934 3795 987 bene

2187 1023 2546 1096 ponitsuper.
2578 1025 2721 1079 Nam
2754 1040 2884 1078 cum
2913 1024 2971 1078 in
3004 1024 3214 1096 primis
3246 1023 3337 1077 eis
3361 1021 3625 1077 difﬁciles
3653 1019 3795 1075 nimis

2186 1116 2371 1179 erant,
2404 1116 2541 1167 tunc
2581 1114 2779 1167 subtus
2825 1130 2945 1168 esse
2997 1113 3106 1168 dici
3160 1114 3476 1185 poterant,
3508 1111 3565 1165 id
3612 1113 3689 1165 est
3737 1110 3792 1163 ab

2184 1202 2457 1257 exercitio
2511 1220 2716 1257 eorum
2769 1203 3150 1273 corporaliter
3204 1201 3402 1272 afﬂigi
3453 1203 3513 1254 et
3555 1198 3789 1269 deprimi.

2185 1291 2326 1345 Cum
2359 1309 2493 1346 vero
2511 1292 2636 1361 jam
2668 1292 2727 1346 in
2757 1309 2859 1345 usu
2890 1288 3205 1357 habentur,
3228 1293 3292 1344 et
3311 1307 3435 1345 non
3455 1290 3599 1344 adeo
3626 1288 3790 1343 difﬁci-

2182 1380 2263 1433 les
2285 1384 2445 1449 sunt;
2481 1385 2616 1435 tunc
2655 1381 2852 1435 ﬁieles
2887 1398 3060 1452 super
3097 1398 3201 1434 eas
3252 1396 3384 1434 esse
3429 1379 3708 1443 dieuntur,
3745 1376 3789 1431 id

2183 1471 2269 1522 est
2298 1469 2356 1522 in
2384 1486 2485 1523 suo
2508 1470 2640 1539 jure
2669 1472 2968 1540 promptas
2997 1470 3245 1537 habere,
3290 1467 3579 1538 adjutrice
3620 1470 3784 1519 tamen

2187 1557 2373 1627 gratia
2393 1557 2909 1628 cooperante.Dico
2930 1559 3085 1629 quod
3104 1575 3192 1610 me
3217 1556 3552 1610 deduxit.Et
3572 1555 3673 1608 hoc
3693 1570 3785 1607 non

2186 1650 2422 1717 propter
2466 1646 2671 1700 merita
2705 1663 2857 1713 mea,
2897 1647 2995 1700 sed
3016 1654 3247 1717 propter
3273 1661 3471 1699 nomen
3502 1661 3651 1697 suum
3685 1658 3783 1695 ma-

474 1737 630 1789 stans
657 1737 709 1787 in
737 1739 1009 1804 conspectu
1034 1734 1178 1803 ejus;
1213 1732 1531 1804 cuicunque
1554 1748 1669 1786 non
1703 1732 1773 1784 sit
1794 1735 2078 1785 constans.
2112 1730 2163 1787 B
2190 1734 2605 1805 gniﬁcandum.
2642 1737 2707 1788 Et
2738 1753 2854 1789 non
2882 1737 3065 1789 solum
3098 1736 3352 1801 deduxit,
3387 1733 3490 1787 sed
3513 1732 3688 1786 adhuc
3713 1729 3787 1783 de-

474 1822 610 1877 Dico
628 1823 783 1893 quod
808 1823 885 1876 illi
909 1821 1131 1883 cadent;
1155 1829 1206 1877 et
1233 1824 1415 1874 animo
1439 1839 1574 1884 mea,
1595 1821 1651 1873 id
1679 1822 1764 1873 est
1796 1834 2082 1885 meorum,

473 1909 553 1964 illi
586 1911 935 1965 adhaerendo
970 1912 1125 1965 vivet.
1158 1909 1302 1973 Quia
1348 1910 1679 1963 Judteorum
1723 1912 1780 1963 et
1824 1906 2083 1977 gentium

476 2000 909 2053 conversionem
926 1998 1357 2058 ostenderat.ne
1370 2001 1706 2068 putaremus
1723 1997 1877 2067 quod
1891 1996 1946 2049 in
1971 2012 2085 2049 uno

475 2089 623 2139 statu
658 2090 881 2140 tantum
908 2089 1098 2140 essent
1129 2104 1145 2138 :
1174 2087 1282 2139 1100
1315 2086 1568 2139 ostendit
1606 2085 1683 2138 sic
1726 2095 1827 2153 per
1876 2085 2086 2137 multas

480 2174 884 2243 generationes
906 2176 1053 2229 hanc
1084 2174 1520 2227 conversionem
1543 2174 1795 2227 futuram
1829 2188 2003 2242 usque
2027 2172 2085 2225 in

478 2262 656 2315 finem
684 2262 884 2315 mundi
913 2263 983 2315 de
1004 2262 1379 2331 generatione
1403 2263 1459 2315 in
1484 2260 2085 2332 generationem.Dico

478 2350 633 2421 quod
655 2352 835 2403 anima
857 2366 1121 2404 meorum
1144 2354 1280 2403 vivet
1308 2350 1402 2403 illi.
1436 2350 1510 2403 Et
1542 2366 1645 2421 per
1667 2349 1894 2403 illorum
1926 2365 2084 2402 meo-

482 2455 610 2492 rum
634 2438 1127 2508 pruzdicationem,
1167 2457 1333 2492 semen
1362 2456 1535 2492 meum
1557 2440 1748 2492 serviet
1769 2439 1885 2507 ipsi,
1920 2437 1972 2490 id
2005 2440 2090 2489 est

480 2526 580 2579 ﬁlii
605 2543 807 2580 eorum
840 2526 1160 2581 imitatores
1178 2527 1450 2581 bonitatis
1471 2543 1694 2593 eorum,
1718 2526 2088 2597 peripsorum

480 2614 953 2686 praedicationem
985 2614 1234 2669 servient
1259 2614 1385 2687 ipsi,
1424 2619 1485 2668 ut
1517 2614 1726 2668 vivant.
1764 2615 1829 2667 Et
1884 2612 2090 2667 iterum

481 2704 738 2776 perillud
753 2720 949 2757 semen
985 2705 1397 2757 annuntiabitur
1424 2704 1654 2757 Domino
1675 2705 1944 2772 generatio
1971 2719 2093 2754 ven-

483 2798 626 2846 tura.
664 2792 800 2855 Quae
829 2792 1241 2862 compendiosa
1290 2792 1473 2847 oratio
1506 2792 1582 2845 sic
1614 2791 1914 2845 resolvitur
1947 2808 1958 2845 :
1990 2793 2096 2844 Per

487 2880 994 2934 annuutiationem
1023 2879 1448 2951 praedicationis
1495 2880 1642 2933 illius
1679 2879 1915 2934 seminis
1959 2897 2093 2933 con-

481 2972 743 3024 vertetur
772 2968 843 3022 ad
877 2968 1187 3023 Dominum
1218 2968 1328 3022 alia
1351 2970 1649 3039 generatio
1695 2971 1936 3022 ventura
1967 2971 2096 3038 post

2190 1823 2365 1877 ducit.
2403 1824 2466 1877 Et
2489 1824 2598 1877 hoc
2631 1824 2764 1877 inde
2801 1840 2815 1878 :
2846 1823 2993 1877 Nam
3023 1841 3131 1892 ego
3164 1841 3281 1877 non
3333 1822 3527 1876 timebo
3569 1818 3718 1881 male,
3741 1817 3783 1870 id

2189 1916 2274 1966 est
2296 1914 2559 1982 exempla
2592 1915 2649 1965 et
2678 1913 3077 1983 persuasiones
3106 1911 3616 1975 inimicorum,vel
3641 1907 3786 1962 tribu-

2189 2000 2432 2055 lationes
2462 2002 2534 2054 ab
2566 2001 2648 2053 eis
2675 2001 2878 2054 illatas.
2921 2001 2996 2055 Et
3027 2003 3074 2053 si
3115 2001 3474 2054 ambulavero
3507 1997 3647 2052 viam
3682 1998 3783 2048 vitae

2189 2087 2378 2157 hujus,
2412 2087 2470 2141 id
2503 2090 2590 2141 est
2640 2087 2901 2159 quamvis
2945 2105 3258 2142 converser
3300 2105 3360 2140 ιη
3413 2086 3582 2140 medio
3616 2082 3784 2136 umbra

2191 2175 2477 2243 mortis,id
2509 2177 2594 2229 est
2616 2176 2767 2229 inter
2793 2176 3041 2246 iniquos,
3064 2177 3161 2247 qui
3186 2179 3331 2230 sunt
3361 2175 3571 2229 umbra
3593 2169 3781 2231 mortis,

2189 2263 2248 2317 id
2281 2267 2365 2317 est
2394 2263 2588 2335 frigidi
2638 2281 2672 2317 a
2718 2265 2908 2318 calore
2965 2265 3143 2319 sancti
3181 2264 3461 2337 Spiritus,
3490 2266 3547 2317 et
3594 2254 3781 2315 obscuri

2191 2350 2249 2404 in
2285 2351 2595 2412 intellectu,
2628 2351 2771 2406 sicut
2798 2353 3003 2406 umbra
3043 2352 3262 2424 frigida
3303 2355 3393 2406 est
3435 2354 3493 2405 et
3540 2350 3779 2409 obscura;

2190 2444 2249 2494 et
2279 2439 2420 2493 alios
2445 2440 2516 2493 ad
2540 2443 2788 2494 mortem
2808 2440 3410 2511 teternam,exemplis
3425 2441 3484 2493 et
3499 2433 3777 2508 persuasio-

2193 2527 2357 2582 nibus
2374 2528 2486 2581 suis
2673 2529 3043 2595 deducentes,
3061 2530 3209 2584 sicut
3237 2525 3659 2583 umbraberbas
3677 2536 3779 2591 qum

2195 2617 2299 2670 sub
2316 2633 2372 2669 se
2396 2616 2493 2670 diu
2507 2621 2639 2671 sunt
2653 2617 3033 2671 interimit.Et
3052 2619 3181 2672 ideo
3198 2636 3311 2671 non
3335 2616 3529 2670 timebo
3542 2611 3775 2668 111811580-

2197 2721 2326 2757 rum
2350 2703 2787 2776 flecti,quonimn
2815 2713 2870 2759 tu
2893 2707 2988 2777 qui
3013 2706 3399 2778 omnipotens
3413 2707 3514 2771 est,
3538 2716 3719 2754 mecum
3739 2713 3779 2749 es

2197 2796 2257 2845 ut
2286 2794 2642 2848 corrobores.
2680 2795 2848 2858 Quasi
2884 2794 3032 2849 dicat
3068 2812 3080 2849 :
3114 2796 3244 2850 Non
3279 2811 3348 2848 ex
3381 2809 3476 2848 me
3506 2789 3598 2845 sed
3636 2803 3691 2840 ex
3731 2787 3774 2837 te

2200 2880 2488 2951 contingit
2517 2882 2789 2936 securitas
2816 2883 2941 2937 ista.
2978 2884 3205 2938 Diceret
3241 2880 3453 2953 aliquis
3488 2896 3501 2933 :
3534 2878 3637 2932 Cur
3664 2871 3776 2928 dicis

2198 2971 2255 3022 te
2287 2985 2405 3023 non
2436 2969 2645 3024 timere
2678 2973 2829 3025 mala
2854 2972 2881 3025 ?
2911 2971 3127 3026 Saltem
3168 2968 3573 3025 tribulationes
3616 2963 3772 3023 times,

481 3056 623 3111 illud
657 3074 876 3110 semen.
912 3056 987 3109 Et
1013 3057 1251 3127 quidam
1286 3029 1484 3111 devilla
1530 3056 1909 3126 generatione
1960 3029 2091 3109 facti
2118 3029 2164 3087 Ο
2195 3074 2322 3127 quae
2354 3059 2507 3112 mala
2535 3062 2703 3125 sunt;
2732 3060 3043 3129 respondet
3072 3076 3085 3112 :
3119 3060 3272 3117 Non.

484 3145 615 3207 cazli,
646 3144 704 3199 id
734 3148 819 3199 est
862 3147 1248 3216 complutores
1288 3149 1345 3197 et
1378 3144 1782 3215 praedicatores
1824 3144 2093 3209 aliorum,

485 3233 889 3288 annuntiabunt
899 3234 1171 3302 justitiam
1184 3234 1234 3303 ej
1239 3233 1382 3300 us,id
1392 3238 1476 3286 est
1481 3233 1636 3302 justa
1650 3237 1939 3303 preecepta
1954 3233 2002 3303 ej
2014 3248 2095 3286 us:

489 3321 584 3375 alii
601 3322 799 3391 populo
816 3324 910 3391 qui
928 3325 1055 3391 post
1076 3339 1173 3375 eos
1194 3328 1456 3387 nascetur,
1475 3339 1629 3392 quem
1648 3322 1776 3390 fecit
1810 3321 2097 3388 Dominus,

488 3409 546 3463 id
575 3414 661 3465 est
684 3426 856 3479 quem
894 3409 1172 3480 disposuit
1196 3410 1321 3479 jam
1353 3426 1475 3463 esse
1506 3409 1864 3464 salvandum.

990 3499 1055 3551 IN
1088 3498 1411 3554 PSALMUM
1452 3499 1602 3552 XXII.

561 3588 778 3643 Titulus
806 3586 1067 3659 vigesimi
1110 3587 1365 3643 secundi.
1398 3587 1647 3642 Psalmus
1694 3588 1895 3655 David,
1929 3588 1987 3641 id
2020 3591 2105 3643 est

492 3677 771 3747 fidelium,
801 3678 871 3731 de
911 3678 1116 3749 quibus
1170 3677 1539 3732 enuntiatum
1594 3679 1679 3732 est
1718 3677 1775 3732 in
1823 3676 2103 3747 superiori

492 3768 714 3837 psalmo
739 3767 895 3838 quod
919 3766 1190 3820 credituri
1221 3768 1410 3821 essent
1450 3770 1507 3819 et
1553 3765 1866 3820 adoraturi.
1915 3766 1981 3818 Et
2030 3764 2101 3817 ad

492 3855 931 3909 instructionem
956 3872 1345 3909 successorum
1374 3855 1624 3909 ostendit
1644 3854 1925 3909 beneficia
1945 3852 2047 3906 sibi
2069 3869 2103 3904 a

494 3945 609 3998 Deo
642 3946 868 4008 collata,
904 3947 965 4007 ut
995 3947 1052 3996 et
1077 3944 1181 4013 ipsi
1212 3944 1285 3997 ad
1307 3945 1429 3997 haec
1458 3944 1605 3996 bene
1638 3942 1877 3995 vivendo
1912 3940 2099 3993 nitan-

494 4035 604 4085 tur.
641 4034 844 4085 Postea
870 4049 1002 4085 vero
1053 4032 1463 4101 apostropham
1507 4030 1724 4083 faciunt
1774 4030 1843 4083 ad
1896 4030 2099 4095 Deum,

493 4118 807 4188 gratiarum
842 4120 1127 4172 actionem
1160 4122 1397 4187 agentes
1426 4117 1496 4170 de
1543 4115 1834 4170 beneficiis
1876 4115 2099 4187 impen-

487 4205 580 4273 sis,
614 4207 765 4260 unde
797 4206 995 4260 dicunt
1022 4223 1034 4259 :

2269 3145 2412 3199 Nam
2444 3148 2594 3215 virga
2622 3154 2734 3213 tua,
2769 3149 2821 3201 id
2854 3152 2938 3201 est
2979 3148 3171 3202 minor
3218 3145 3538 3209 tribulatio,
3570 3156 3683 3213 quae
3709 3134 3774 3190 di-

2198 3226 2441 3302 sciplina
2469 3236 2665 3287 tuaest
2698 3252 2800 3306 per
2825 3253 2997 3307 quam
3019 3236 3265 3304 corrigis
3291 3239 3352 3289 et
3376 3234 3543 3287 doces
3562 3248 3574 3296 ;
3594 3235 3639 3281 et
3655 3226 3777 3278 bacu-

2202 3320 2281 3373 lus
2316 3327 2457 3387 tuus,
2493 3321 2549 3375 id
2580 3326 2664 3377 est
2693 3324 2882 3393 major
2920 3324 3234 3390 tribulatio,
3270 3338 3379 3393 per
3404 3334 3576 3392 quam
3604 3315 3776 3369 iterum

2205 3424 2298 3462 me
2326 3408 2672 3479 ﬂagellando
2704 3412 2983 3481 castigas;
3013 3416 3124 3482 ipsa
3168 3428 3303 3482 quae
3347 3407 3666 3463 viderentur
3704 3411 3776 3452 me

2203 3498 2564 3566 perturbare,
2593 3498 2780 3569 potius
2810 3518 2891 3553 me
2928 3500 3195 3554 consolata
3227 3506 3376 3565 sunt,
3421 3512 3548 3550 cum
3600 3505 3690 3562 per
3726 3499 3778 3537 εει

2203 3583 2527 3656 intelligam
2560 3604 2652 3641 me
2678 3604 2711 3641 a
2743 3588 2969 3641 delictis
2990 3588 3134 3642 meis
3164 3587 3428 3659 purgari,
3460 3587 3517 3639 et
3540 3586 3774 3635 coronam

2206 3689 2400 3727 meam
2435 3673 2783 3746 virtutesque
2818 3676 3198 3746 magnificari,
3224 3680 3283 3730 et
3337 3693 3371 3729 a
3420 3666 3672 3743 superbia
3709 3676 3776 3713 ca-

2202 3762 2316 3815 veri
2328 3763 2447 3832 ,jux
2456 3766 2513 3817 ta
2527 3766 2863 3834 Apostolum
2883 3782 2933 3818 :«
2952 3766 3029 3819 Ne
3044 3765 3389 3835 magnitudo
3403 3755 3771 3817 revelatiouum

2203 3852 2437 3905 extollat
2458 3870 2551 3905 me
2587 3868 2598 3905 :
2636 3852 2800 3906 datus
2830 3857 2916 3906 est
2946 3853 3082 3907 1111111
3121 3855 3390 3908 stimulus
3439 3844 3618 3904 carnis
3657 3852 3771 3893 mea

2205 3938 2291 4009 (ΙΙ
2311 3938 2437 3994 Cor.
2472 3958 2568 4008 xu,
2596 3946 2670 4007 7).
2706 3962 2732 3989 ››
2770 3942 2836 3994 Et
2884 3942 3012 3995 ideo
3063 3962 3143 3995 me
3172 3940 3447 3997 consolati:
3491 3939 3634 3993 sunt;
3663 3923 3770 3997 (Ιυίδ

2202 4032 2261 4081 tu
2282 4032 2515 4098 parasti,
2572 4030 2627 4083 id
2679 4034 2764 4085 est
2797 4030 3037 4086 statuisti
3084 4031 3245 4095 mihi,
3279 4030 3526 4082 adversus
3578 4035 3653 4073 eos
3698 4026 3770 4083 ’1‘“

2202 4117 2490 4171 tribulante
2508 4136 2688 4183 me,ne
2702 4137 2804 4191 per
2820 4120 3220 4174 tribulationes
3235 4117 3528 4179 deﬁciam;
3552 4118 3766 4191 metuant,

2199 4201 2257 4258 id
2289 4208 2373 4259 est
2402 4209 2658 4278 corporis
2687 4212 2745 4262 et
2768 4208 3062 4279 sanguinis
3089 4208 3167 4261 tui
3191 4188 3765 4279 refectionem,quaiin

562 4294 823 4347 Dominus
850 4297 984 4363 regit
1014 4311 1096 4347 me
1121 4297 1175 4347 in
1203 4294 1310 4347 loco
1346 4311 1580 4364 pascua,
1608 4293 1667 4347 id
1719 4297 1802 4346 est
1846 4293 1965 4363 ipse
2016 4295 2101 4346 est
2125 4289 2177 4347 D
2201 4293 2396 4347 altaris
2428 4276 2630 4349 mensa
2655 4276 2977 4368 suscipitur.
3009 4296 3253 4350 Mensam
3289 4296 3418 4350 dico
3460 4286 3685 4362 positam
3721 4276 3764 4368 ξπ

492 4385 681 4436 rector
710 4399 890 4448 meus,
928 4400 1000 4436 ne
1033 4384 1301 4437 oberrem
1328 4382 1385 4436 in
1415 4381 1719 4453 Scripturis
1740 4380 2097 4451 divinis,quae

490 4475 623 4526 sunt
646 4472 802 4525 locus
820 4471 878 4524 in
904 4472 1108 4542 quibus
1126 4474 1440 4542 pascuntur
1470 4470 1680 4524 animai
1702 4469 1958 4524 fidelium
1978 4469 2098 4522 dul-

488 4560 689 4614 cediue
723 4560 997 4614 doctrinae
1029 4577 1041 4613 :
1072 4561 1137 4613 Et
1178 4551 1311 4631 quia
1344 4561 1521 4613 talem
1570 4559 1754 4612 habeo
1784 4561 2091 4624 rectorem,

485 4648 773 4703 ni/iilmi/ii
786 4648 950 4701 deerit
989 4650 1042 4699 in
1067 4647 1174 4701 loco
1198 4664 1433 4717 pascua},
1475 4646 1533 4700 id
1573 4649 1658 4699 est
1692 4646 1878 4700 nullus
1922 4644 2090 4699 intel-

484 4738 663 4792 lectus
689 4736 831 4791 mihi
866 4736 1050 4790 deerit
1100 4736 1157 4789 in
1207 4735 1316 4789 illis
1347 4735 1672 4805 Scripturis,
1707 4734 1803 4805 qui
1865 4750 1958 4787 me
2008 4732 2092 4786 in-

482 4828 703 4880 Struere
744 4825 970 4880 debeat.
1003 4825 1069 4878 Et
1098 4840 1229 4877 vere
1266 4823 1406 4878 nihil
1430 4823 1563 4876 mihi
1589 4823 1752 4876 deerit
1778 4824 1831 4875 in
1862 4822 1969 4876 loco
1989 4838 2089 4891 pa-

478 4930 634 4968 scuae.
657 4915 799 4968 Nam
829 4915 906 4968 ibi
922 4931 1003 4967 me
1027 4911 1388 4973 collocavit,id
1412 4915 1497 4965 est
1511 4912 1846 4983 frequenter
1859 4911 2086 4965 studere

476 5001 705 5057 fecit.Et
728 5020 845 5057 non
874 5004 1061 5057 solum
1086 5002 1194 5056 hoc
1224 4988 1571 5055 beneficium
1620 5000 1763 5054 mihi
1807 5001 2081 5067 contulit;

474 5091 574 5145 sed
595 5092 770 5146 etiam
803 5091 959 5160 prius
995 5108 1151 5161 super
1178 5108 1375 5162 aquam
1423 5089 1738 5159 refectionis,
1774 5089 1830 5143 id
1864 5093 1948 5143 est
1999 5106 2085 5145 su-

470 5196 576 5250 per
605 5196 817 5252 aquam
851 5180 1210 5251 baptismatis
1233 5179 1542 5233 fundatum
1560 5179 1798 5231 educavit
1821 5178 1985 5245 me,id
1999 5183 2083 5233 est

471 5260 913 5323 enutrivitlacte
959 5268 1254 5334 doctrinae,
1309 5271 1367 5322 et
1416 5267 1575 5337 prius
1623 5268 1858 5319 animum
1909 5283 2081 5319 meum

468 5358 724 5410 convertit
742 5357 813 5410 de
845 5356 1186 5409 infidelitate
1209 5356 1280 5409 ad
1298 5354 1700 5410 ﬁdem.Merito
1718 5358 1912 5408 autem
1930 5372 2080 5426 aqua

468 5442 831 5514 baptismatis
859 5461 1009 5514 aqua
1041 5444 1366 5498 refectionis
1398 5444 1630 5509 dicitur;
1670 5442 1803 5514 quia
1824 5460 1926 5513 per
1946 5460 2073 5497 eam

459 5530 687 5599 justitia
713 5534 769 5584 et
797 5531 1129 5585 innocentia
1160 5536 1374 5595 nostra,
1397 5549 1523 5602 quer
1555 5531 1761 5585 defecit.
1787 5531 1843 5585 in
1867 5532 2070 5586 Adam.

2199 4391 2471 4452 conspectu
2500 4402 2636 4453 meo,
2670 4402 2845 4457 quam
2875 4385 3162 4457 conspicio
3193 4402 3317 4439 esse
3344 4382 3565 4451 signum
3594 4366 3764 4423 mortls

2198 4472 2310 4525 tuae
2326 4457 2431 4524 i'ut
2456 4473 2513 4525 et
2535 4488 2644 4541 ego
2668 4488 2771 4542 pro
2789 4474 2844 4524 te
2867 4471 3126 4526 tribulari
3155 4469 3374 4525 etmori
3401 4482 3513 4520 non
3534 4460 3761 4545 timeam...

2197 4559 2265 4611 Et
2291 4559 2426 4629 quia
2453 4560 2604 4613 solus
2630 4564 2965 4631 conspectus
2993 4578 3108 4615 non
3140 4541 3757 4622 sufﬁceret,impinguasti

2195 4649 2250 4700 in
2280 4649 2389 4702 oleo
2420 4654 2579 4719 caput
2622 4667 2815 4716 meum,
2844 4649 2903 4703 id
2933 4653 3019 4703 est
3068 4649 3273 4704 mitem
3313 4643 3490 4702 fecisti
3532 4633 3755 4693 mentem

2193 4752 2407 4804 meam,
2437 4754 2551 4791 non
2582 4738 2857 4791 rebellem
2877 4738 2934 4791 in
2959 4738 3144 4809 gratia
3174 4736 3353 4791 sancti
3381 4728 3626 4802 Spiritus.
3647 4728 3752 4809 qua?

2190 4799 2637 4891 oleum'dicitur,
2671 4842 2739 4879 eo
2780 4826 2934 4896 quod
2959 4799 3222 4879 ‘mentem
3258 4799 3458 4879 mitem
3504 4812 3657 4870 faciat-

2185 4912 2544 4984 patiendum,
2559 4913 2701 4967 sicut
2721 4894 2913 4967 oleum
2930 4917 3100 4985 caput
3122 4915 3277 4985 quod
3300 4902 3607 4980 impinguat
3625 4894 3749 4985 initi-

2186 5003 2304 5072 gat.
2332 4999 2403 5053 Et
2423 5000 2552 5055 ideo
2579 5001 2719 5054 calix
2750 5018 2913 5067 meus,
2947 4984 3115 5056 idest
3140 5002 3332 5056 oleum
3363 4995 3495 5052 illud
3521 4984 3747 5044 inebriat”

2186 5106 2302 5155 me,
2342 5106 2413 5143 ne
2440 5089 2839 5144 tribulationes
2877 5090 3126 5160 graviter
3158 5090 3328 5145 nimis
3358 5080 3738 5144 sentiamlttuam

2173 5178 2469 5249 praeclarus
2499 5181 2585 5232 est
2609 5176 2621 5230 l
2658 5178 2714 5231 id
2741 5182 2825 5232 est
2853 5180 3099 5232 multum
3122 5181 3423 5248 prteclarus
3448 5164 3577 5225 mihi
3598 5168 3741 5228 aPPa'

2182 5269 2289 5319 ret.
2324 5266 2539 5321 Dicitur
2565 5268 2777 5339 autem,
2806 5267 3020 5333 oleum,
3070 5267 3127 5319 id
3177 5270 3262 5321 est
3296 5261 3474 5336 gratia
3514 5249 3733 5339 calix,‘60

2181 5354 2356 5424 quod,
2384 5357 2445 5407 ut
2473 5353 2689 5407 dictum
2712 5338 2816 5419 est,
2851 5332 3045 5408 ﬁdeles
3072 5332 3380 5418 iuebriat,a
3403 5332 3731 5429 similitudine

2178 5444 2367 5498 calicis
2396 5443 2529 5507 vini,
2557 5442 2652 5513 qui
2686 5443 2949 5497 bibentes
2982 5443 3244 5497 inebriat.
3283 5443 3341 5495 Et
3376 5452 3462 5492 me
3503 5431 3615 5499 jam
3641 5431 3726 5472 ’ω’

2165 5532 2529 5604 pinguatum,
2552 5532 2952 5597 misericordia,
2971 5532 3027 5585 id
3056 5536 3139 5586 est
3166 5531 3345 5599 gratia
3372 5515 3723 5583 t.ila,ﬂlb5"7""
