4008 6030
316 248 426 304 729

1304 245 1659 303 EXPOSI’I‘IO
1699 245 1766 301 IN
1806 243 2247 302 PSALMOS.~—
2289 245 2482 301 PSAL.
2524 244 2677 301 XXIII

3551 240 3657 301 730

324 371 439 434 tur,
474 364 532 421 id
549 364 634 421 est
656 380 748 421 me
774 364 1145 422 comitabitur
1164 368 1404 422 omnibus
1423 367 1623 422 diebus
1639 368 1761 421 vitae
1785 382 1931 433 mea",
1961 382 2016 443 Α
2042 368 2295 438 putaret,
2327 367 2537 438 quaerit
2564 366 2690 439 quis
2706 365 2980 421 dicendus
2995 365 3067 421 sit
3088 364 3373 432 habitans,
3399 362 3480 431 ut,
3497 366 3654 437 post-

320 458 386 509 ut
415 455 487 510 de
507 455 664 510 bono
695 456 979 527 provehat
1007 455 1065 510 in
1098 456 1319 510 melius.
1348 456 1415 509 Et
1444 454 1590 509 adeo
1615 456 1932 526 subseque-

318 547 436 611 tur,
470 552 527 598 ut
552 560 656 614 per
675 561 803 599 eam
827 545 884 598 in
909 545 1101 599 futuro
1125 546 1414 599 inhabilem
1431 546 1485 597 in
1511 544 1663 597 domo
1687 545 1929 609 Domini,

318 632 382 686 in
404 633 669 704 paradiso
701 632 934 699 scilicet,
970 633 1160 688 eundo
1193 635 1249 686 in
1280 632 1663 704 longitudian
1693 632 1929 698 dierum,

318 720 380 777 id
406 724 492 777 est
528 721 587 776 in
620 721 1029 777 aeternitatem.

822 810 887 863 IN
919 810 1242 865 PSALMUM
1258 811 1428 864 XXIII.

389 897 605 952 Titulus
636 897 886 952 vicesimi
916 898 1091 952 tertii.
1117 899 1370 955 Psatmas
1391 899 1591 965 David,
1617 899 1669 953 id
1693 902 1779 954 est
1807 902 1939 954 Pro-

318 987 532 1060 phetas,
572 988 627 1039 in
648 988 832 1056 prima
857 985 1104 1054 Sabbati,
1135 987 1193 1041 id
1224 991 1307 1042 est
1337 987 1564 1058 agentis
1590 987 1649 1042 in
1680 988 1941 1043 conside-

317 1075 546 1130 ratione
574 1073 825 1130 victoriaa
850 1074 1079 1142 Christi,
1103 1093 1230 1147 quae
1248 1076 1493 1147 contigit
1517 1075 1577 1129 in
1598 1076 1789 1148 prima
1805 1076 1941 1131 Sab-

320 1163 461 1228 bati,
508 1162 725 1217 scilicet
769 1163 825 1217 in
873 1164 964 1217 die
1014 1164 1339 1232 Dominica,
1391 1181 1517 1237 quae
1574 1169 1941 1235 nuncupatur

318 1253 510 1324 prima
539 1252 796 1318 Sabbati,
830 1252 887 1307 id
916 1255 1002 1307 est
1030 1253 1222 1324 prima
1248 1257 1375 1325 post
1403 1254 1740 1308 Sabbatum.
1758 1254 1938 1308 Judaei

320 1342 479 1397 enim
510 1342 628 1396 dies
658 1341 736 1396 ita
768 1343 1186 1413 computabant
1204 1343 1392 1415 prima
1417 1343 1670 1409 Sabbati,
1690 1344 1941 1399 secunda

321 1430 582 1498 Sabbati,
595 1429 1038 1503 etc.Septimam
1052 1448 1185 1485 vero
1204 1431 1356 1486 diem
1383 1432 1579 1485 dicunt
1595 1431 1936 1486 Sabbatiim.

316 1520 674 1574 Adhortatur
710 1519 802 1574 hic
844 1520 1134 1591 Propheta
1170 1520 1391 1587 ﬁdeles,
1453 1523 1582 1591 post
1626 1520 1936 1575 adventum

321 1608 531 1663 Christi
553 1608 881 1673 existentes,
902 1611 964 1662 ut
980 1608 1053 1662 ad
1077 1608 1365 1662 Christum
1394 1625 1593 1679 regem
1617 1625 1783 1662 suum
1806 1624 1938 1662 cum

319 1695 618 1766 triumpho
638 1695 1033 1766 recipiendum
1055 1713 1114 1750 se
1140 1698 1287 1751 bene
1310 1701 1669 1770 praeparent;
1690 1696 1748 1750 in
1771 1696 1941 1750 virtu-
1968 1693 2017 1751 B

319 1783 474 1838 tibus
500 1787 559 1838 et
582 1784 750 1838 bonis
783 1786 1050 1857 operibus
1078 1786 1261 1856 magis
1302 1786 1602 1858 magisque
1629 1786 1937 1839 crescendo

318 1874 379 1927 et
408 1871 545 1927 vitia
573 1874 950 1940 removendo,
982 1891 1015 1928 a
1046 1874 1421 1929 similitudine
1454 1874 1684 1929 illorum
1718 1874 1813 1945 qui
1864 1873 1937 1927 ad

316 1976 521 2031 regem
548 1977 715 2015 suum
739 1978 868 2015 cum
895 1962 1190 2034 triumpho
1214 1962 1609 2032 recipiendum
1633 1980 1690 2016 se
1714 1978 1935 2034 praepa—

318 2053 475 2115 rant,
504 2066 634 2103 cum
655 2049 918 2104 alicunde
938 2050 1118 2105 victor
1139 2051 1681 2122 redeat.Portasque
1697 2050 1937 2104 civitatis

317 2138 548 2191 elevant
573 2140 629 2191 et
658 2137 925 2205 dilatant,
957 2142 1020 2193 ut
1046 2138 1215 2193 facile
1252 2140 1450 2210 praeda
1488 2142 1545 2193 et
1577 2138 1937 2209 triumphan-

318 2224 465 2279 tium
495 2226 701 2280 chorus
722 2226 992 2281 introeat.
1011 2226 1267 2282 Christus
1281 2229 1440 2283 enim
1454 2228 1634 2282 victor
1648 2229 1719 2282 ab
1738 2228 1936 2282 inferis

314 2313 565 2379 rediens,
592 2331 837 2384 regnum
861 2315 1016 2386 quod
1047 2315 1307 2370 diabolus
1339 2319 1729 2387 usurpaverat,
1747 2317 1934 2370 Eccle-

314 2401 461 2456 siam
492 2402 725 2468 scilicet,
742 2402 1011 2460 obtinuit.
1028 2404 1288 2459 Ostendit
1305 2405 1477 2458 etiam
1497 2405 1785 2473 Propheta
1809 2421 1935 2476 quae

314 2489 431 2543 sint
461 2490 724 2545 Ecclesiae
752 2492 1040 2559 membra,
1093 2509 1165 2546 ne
1208 2493 1449 2563 quilibet
1487 2493 1758 2564 indignus
1788 2493 1934 2547 istud

317 2578 424 2633 sibi
456 2579 817 2635 attribueret.
859 2581 924 2633 Et
952 2581 1061 2635 hoc
1092 2580 1170 2633 sic
1201 2581 1338 2635 dicit
1366 2599 1378 2635 :
1531 2650 1535 2654 ἡ

388 2667 617 2721 Domini
649 2667 853 2723 Christi
882 2675 958 2722 est
989 2669 1226 2737 terra,id
1258 2673 1342 2723 est
1368 2670 1634 2735 Ecclesia,
1661 2668 1749 2723 cui
1782 2670 1938 2741 prius

316 2754 578 2809 diabolus
609 2755 1058 2824 dominabatur;
1091 2774 1218 2829 qua:
1252 2757 1458 2811 dicitur
1479 2761 1653 2823 terra,
1686 2774 1754 2812 eo
1782 2758 1939 2827 quod

316 2842 537 2897 stabilis
562 2843 633 2897 sit
648 2847 707 2898 et
732 2845 1024 2899 bonorum
1056 2862 1300 2916 operum
1322 2846 1503 2912 ferax,
1528 2849 1586 2899 et
1612 2844 1937 2917 aprtedica-

316 2931 537 2986 toribus
565 2933 805 2998 exculta,
826 2932 967 2986 sicut
997 2936 1152 2987 terra
1173 2933 1376 2988 stabile
1399 2934 1753 2988 elementum
1772 2937 1857 2988 est
1883 2936 1935 2987 et

316 3019 497 3087 ferax,
532 3023 589 3074 et
614 3038 647 3074 a
678 3022 992 3076 cultoribus
1021 3023 1246 3077 colitur.
1284 3023 1350 3076 Et
1379 3023 1477 3077 illa
1505 3026 1662 3077 terra
1704 3040 1820 3077 non
1855 3026 1939 3076 est

313 3125 511 3180 parva,
539 3110 639 3164 sed
670 3110 949 3180 plenaria.
988 3111 1066 3165 Et
1098 3112 1384 3182 plenitudo
1421 3114 1534 3183 ejus
1562 3115 1731 3167 terra:
1766 3116 1850 3167 est
1879 3112 1940 3165 il-

313 3198 426 3252 lius
457 3198 708 3265 Domini,
751 3216 869 3253 non
902 3200 1060 3270 quod
1094 3204 1228 3255 ante
1254 3201 1430 3272 ipsius
1462 3218 1578 3256 non
1617 3204 1782 3258 esset.
1820 3201 1937 3255 Sed

316 3287 395 3340 sic
428 3287 602 3343 modo
640 3287 849 3342 dicitur
885 3288 1062 3359 ipsius
1093 3292 1155 3343 ut
1197 3290 1321 3361 ejus
1361 3291 1641 3345 voluntati
1682 3290 1935 3357 obediat,

315 3375 474 3447 quod
510 3374 666 3445 prius
698 3392 813 3431 non
863 3377 1129 3432 facebiat.
1168 3379 1234 3431 Et
1276 3379 1415 3432 orbis
1450 3386 1735 3445 terrarum,
1762 3378 1819 3432 id
1855 3380 1941 3433 est

314 3464 564 3517 Ecclesia
594 3482 661 3517 ex
694 3465 964 3519 omnibus
993 3466 1160 3521 terris
1208 3468 1408 3533 electa,
1454 3469 1539 3521 est
1584 3466 1838 3521 Domini.
1872 3467 1939 3519 Et

313 3551 425 3605 hoc
458 3550 610 3605 idem
643 3555 730 3606 est
765 3553 920 3624 quod
951 3554 1212 3623 superius
1236 3554 1396 3621 dixit,
1422 3554 1649 3608 Domini
1669 3561 1743 3608 est
1766 3561 1934 3618 terra;

317 3638 417 3692 sed
449 3656 514 3693 ex
547 3639 732 3693 nimia
756 3640 957 3695 laetitia
985 3641 1211 3712 repetit,
1232 3646 1295 3696 ut
1321 3643 1589 3697 ostendat
1618 3644 1936 3713 perfectam

317 3743 462 3791 esse,
491 3744 595 3781 nec
626 3727 773 3781 vitiis
802 3728 1123 3796 sordidam,
1157 3748 1192 3784 a
1217 3731 1596 3786 similitudine
1618 3731 1701 3785 rei
1733 3734 1936 3785 rotun-

319 3816 431 3882 dae,
461 3833 588 3887 quae
611 3820 669 3869 et
698 3817 853 3871 orbis
884 3818 1110 3886 dicitur,
1133 3836 1262 3890 quae
1286 3820 1594 3891 perfectior
1608 3824 1693 3875 est
1713 3838 1774 3875 re
1796 3839 1935 3892 qua-

319 3904 487 3958 drata
503 3906 587 3958 vel
610 3904 981 3975 triangulata,
1004 3909 1231 3961 nullum
1261 3909 1475 3963 scilicet
1492 3910 1712 3963 habens
1732 3909 1938 3980 princi-

323 3992 483 4064 pium
515 3997 573 4046 ct
602 3994 804 4060 finem,
828 3995 927 4049 sed
958 4012 1188 4066 semper
1211 3996 1269 4050 in
1300 4014 1358 4050 se
1386 4001 1755 4069 retorquetur

319 4081 516 4152 Neque
539 4081 837 4151 possuntei
858 4082 1054 4136 sordes
1075 4084 1241 4137 facile
1262 4085 1334 4139 ad
1355 4085 1679 4140 haerereJEt
1701 4088 1938 4141 universi

319 4171 416 4241 qui
451 4169 695 4221 habitant
740 4171 795 4222 in
834 4187 912 4237 eo,
947 4170 1161 4226 scilicet
1190 4174 1351 4237 orbe,
1386 4173 1442 4227 id
1485 4177 1570 4227 est
1606 4175 1665 4228 in
1717 4175 1936 4230 unitate

1965 2975 2013 3035 C

2044 455 2283 509 modum
2318 456 2612 521 solvendo,
2637 473 2742 510 nos
2769 459 2830 510 ut
2852 454 2999 511 efﬁci
3024 455 3347 510 habitantes
3376 454 3653 519 nitamur,

2044 543 2375 598 exhortetur
2424 544 2502 597 sic
2545 562 2558 599 :
2603 544 2738 599 Dico
2782 544 2916 618 quia
2952 542 3277 598 habitantes
3322 541 3380 597 in
3416 558 3484 597 eo
3523 543 3657 598 sunt

2046 632 2298 686 Domini.

2111 721 2180 774 Et
2198 723 2315 792 quis
2337 722 2588 777 ascendet
2608 724 2661 776 in
2679 729 2907 777 montem
2925 723 3167 789 Domini,
3182 721 3240 777 id
3262 723 3347 776 est
3372 721 3431 775 in
3464 720 3653 774 Eccle-

2038 809 2207 877 siam,
2233 828 2362 882 quas
2395 814 2481 865 est
2514 812 2774 867 sublimis
2803 811 3105 867 virtutibus
3134 828 3167 863 a
3196 808 3441 865 Domino
3472 808 3655 862 facta?

2038 899 2151 952 Aut
2182 899 2372 969 potius
2400 902 2538 971 quis,
2572 903 2879 973 postquam
2910 899 3252 965 ascenderit,
3269 896 3455 962 stabit,
3492 895 3549 950 id
3573 899 3658 950 est

2040 987 2309 1041 habitabit
2340 990 2395 1042 in
2427 990 2534 1043 loco
2572 996 2754 1043 sancto
2793 990 2927 1060 ejus,
2957 989 3014 1043 id
3044 991 3130 1042 est
3151 988 3206 1041 in
3241 985 3508 1052 Ecclesia,
3527 999 3655 1056 qua:

2040 1078 2125 1129 est
2152 1076 2308 1131 locus
2338 1084 2564 1132 sanctus
2601 1078 2660 1132 in
2690 1094 2803 1150 quo
2850 1077 2967 1149 ipse
3000 1079 3149 1131 Deus
3186 1074 3408 1130 habitat
3435 1074 3463 1127 ?
3500 1070 3656 1127 Multi

2041 1180 2294 1236 namque
2315 1167 2448 1219 sunt
2465 1166 2860 1233 ascendentes,
2875 1166 2972 1238 qui
2985 1167 3183 1236 postea
3198 1162 3518 1218 deﬁcieudo
3533 1177 3650 1216 non

2041 1255 2174 1305 sunt
2211 1253 2558 1309 habitantes.
2603 1255 3050 1326 Respondetur:
3100 1252 3358 1306 Innocens
3404 1250 3651 1304 manibus

2038 1339 2321 1408 habitabit,
2349 1343 2406 1397 id
2432 1347 2517 1398 est
2549 1346 2793 1397 innocens
2815 1343 3083 1414 operibus
3108 1344 3389 1414 quantum
3423 1340 3494 1395 ad
3524 1355 3654 1409 pro-

2040 1427 2282 1485 ximum.
2310 1433 2376 1485 Et
2408 1433 2539 1504 quia
2560 1433 2667 1487 hoc
2692 1450 2807 1487 non
2824 1433 3133 1498 sufﬁceret,
3152 1431 3313 1485 addit
3333 1429 3435 1484 :Et
3455 1428 3652 1482 mundo

2040 1518 2196 1572 corde
2242 1521 2507 1587 existens,
2541 1524 2598 1577 id
2639 1525 2725 1575 est
2767 1523 2984 1576 nullam
3026 1521 3245 1574 habens
3286 1517 3651 1573 immundam

2040 1607 2457 1677 cogitationem
2491 1611 2761 1665 adversus
2775 1609 3201 1681 proximum.Et
3220 1608 3316 1679 qui
3330 1622 3437 1660 non
3455 1605 3653 1674 accepit

2040 1706 2096 1759 in
2132 1718 2268 1756 vano
2309 1704 2547 1754 animum
2588 1717 2763 1760 suam,
2805 1702 3045 1769 qualum
3092 1698 3165 1751 ad
3206 1712 3287 1762 se,
3337 1695 3395 1749 id
3436 1697 3521 1748 est
3554 1691 3652 1765 qui

2042 1809 2159 1847 non
2189 1789 2391 1845 habuit
2417 1787 2830 1859 acceptabilem
2843 1786 3100 1840 animam
3119 1801 3278 1839 suam
3304 1783 3361 1837 in
3378 1781 3650 1836 vanitate.

2045 1879 2207 1944 Quod
2240 1881 2325 1932 est
2356 1875 2649 1931 dicere:Si
2682 1875 2878 1929 anima
2904 1874 3027 1945 ejus
3044 1873 3259 1944 aliquid
3291 1869 3559 1925 vanitatis
3586 1885 3652 1923 ex

2040 1968 2354 2041 fragilitate
2375 1964 2583 2031 carnis,
2602 1967 2684 2019 vel
2712 1981 2814 2036 per
2834 1963 3266 2035 suggestionem
3296 1960 3542 2032 impulsa
3556 1973 3651 2012 co-

2040 2056 2259 2129 gitavit,
2275 2055 2332 2109 in
2353 2056 2461 2109 hoc
2484 2070 2601 2107 non
2620 2052 2790 2107 fuitei
2808 2050 3172 2122 acccptabilis
3197 2052 3259 2103 ut
3277 2046 3650 2112 consentiret,

2039 2145 2137 2199 sed
2171 2143 2410 2199 omnino
2443 2143 2583 2197 illud
2608 2139 2845 2209 respuit.
2879 2140 2946 2192 Et
2985 2155 3101 2192 non
3144 2138 3327 2192 solum
3368 2136 3478 2189 fuit
3502 2137 3653 2188 inno-

2037 2251 2153 2287 cens
2205 2233 2448 2286 manibus
2480 2237 2528 2283 et
2559 2229 2755 2282 nnmdo
2798 2228 2971 2293 corde,
3014 2228 3295 2298 quantum
3336 2224 3409 2278 ad
3461 2221 3652 2296 proxi-

2040 2338 2225 2387 mum,
2256 2320 2355 2375 sed
2387 2336 2478 2372 nec
2499 2319 2713 2387 juravit
2742 2319 2797 2369 in
2818 2316 2936 2369 dolo
2949 2317 3195 2386 proximo
3222 2330 3337 2375 suo,
3360 2312 3415 2367 id
3432 2315 3517 2366 est
3535 2327 3651 2365 non

2037 2410 2285 2463 ﬁrmiter
2314 2407 2597 2477 promisit,
2631 2406 2708 2459 sic
2741 2407 2803 2459 nt
2828 2421 2961 2458 eum
2984 2403 3296 2475 deciperet.
3327 2402 3394 2455 Et
3421 2416 3524 2472 per
3542 2400 3651 2453 hoc

2039 2514 2222 2569 genus
2252 2494 2574 2560 locutionis,
2607 2493 2820 2548 scilicet
2852 2510 2954 2565 per
2982 2493 3240 2547 dolosam
3278 2488 3651 2553 locutionem,

2039 2587 2299 2640 removet
2334 2584 2539 2638 omnia
2565 2600 2783 2654 genera
2812 2583 2980 2636 malae
3014 2578 3320 2635 locutionis
3350 2577 3408 2632 in
3461 2574 3651 2649 proxi-

2042 2690 2225 2729 mum.
2250 2674 2315 2726 Et
2341 2689 2412 2735 ne
2433 2676 2771 2747 putaremus
2791 2670 2947 2742 quod
2958 2668 3052 2723 hic
3074 2686 3176 2740 per
3192 2685 3251 2723 se
3278 2668 3457 2721 staret
3470 2667 3525 2717 in
3545 2664 3654 2718 loco

2001 2769 2221 2816 'sancto
2261 2760 2514 2821 Domini,
2548 2759 2707 2813 addit
2749 2776 2761 2812 :
2806 2758 2917 2811 Hic
2974 2756 3071 2828 qui
3119 2756 3249 2810 talis
3289 2757 3395 2820 est,
3435 2753 3655 2822 accipiet

2040 2852 2190 2905 hanc
2223 2850 2629 2911 benedictionem
2673 2867 2705 2900 a
2750 2847 3000 2911 Domino,
3034 2845 3091 2899 id
3122 2847 3207 2899 est
3247 2845 3396 2897 hanc
3443 2841 3655 2895 exalta-

2041 2940 2284 3006 tionem,
2319 2942 2380 2992 ut
2414 2940 2525 2991 stet
2556 2939 2609 2989 in
2651 2943 2830 2989 sancto
2871 2935 2987 2988 loco
3024 2934 3155 3003 ejus.
3190 2934 3257 2985 Et
3285 2933 3395 2985 hoc
3421 2946 3539 2985 non
3570 2946 3657 2983 so-

2039 3029 2159 3081 lum
2191 3028 2410 3097 accipiet
2436 3028 2674 3097 propter
2709 3023 2920 3077 merita
2936 3040 3057 3088 sua,
3077 3021 3176 3075 sed
3193 3021 3340 3074 hanc
3362 3018 3656 3072 misericor-

2037 3116 2179 3168 diam
2204 3116 2422 3185 accipiet
2442 3133 2473 3166 a
2502 3113 2614 3167 Deo
2646 3112 2899 3178 salutari,
2932 3111 2989 3165 id
3017 3109 3407 3165 estSalvatore
3437 3123 3562 3162 suo.
3590 3106 3656 3159 Et

2041 3204 2249 3258 merito
2279 3204 2501 3274 accipiet
2541 3203 2690 3256 hanc
2714 3198 3141 3254 misericordiam
3164 3216 3197 3251 a
3222 3197 3355 3251 Deo.
3374 3196 3513 3249 Nam
3542 3194 3653 3248 haec

2039 3292 2335 3364 generatio
2389 3298 2463 3345 est
2512 3292 2781 3360 generatio
2831 3288 3179 3360 quaerentium
3235 3284 3548 3348 Dominum,
3603 3288 3655 3336 et

2041 3381 2166 3451 (pro
2198 3366 2427 3449 scilicet)
2458 3380 2814 3451 quaerentium
2842 3378 3058 3447 faciem,
3092 3375 3151 3428 id
3183 3377 3268 3429 est
3290 3371 3557 3428 notitiam
3591 3369 3650 3424 in

2038 3470 2254 3535 futuro,
2286 3469 2393 3523 Dei
2412 3469 2603 3534 Jacob,
2638 3468 2693 3521 id
2717 3470 2802 3521 est
2817 3466 3054 3521 fortium
3083 3466 3450 3519 luctatorum.
3480 3458 3651 3525 Quasi

2040 3557 2191 3611 dicat
2223 3574 2235 3611 :
2270 3558 2393 3611 Non
2413 3558 2483 3611 ad
2509 3558 2619 3610 hoc
2657 3556 2997 3609 innocentes
3017 3556 3149 3606 sunt
3173 3570 3187 3607 :
3209 3555 3267 3606 et
3298 3552 3436 3606 tales
3458 3548 3655 3620 quales

2040 3645 2280 3698 dixerim
2316 3649 2378 3698 ut
2406 3644 2560 3698 aliud
2581 3643 2900 3713 acquirant,
2918 3640 3024 3695 nisi
3054 3637 3436 3711 gloriosamin
3458 3637 3652 3691 futuro

2040 3732 2307 3786 notitiam
2340 3736 2711 3802 tuam,quam
2739 3732 2831 3785 hic
2864 3727 3121 3802 plenarie
3146 3743 3262 3781 non
3293 3727 3530 3797 possunt
3556 3725 3656 3778 ha-

2037 3821 2193 3874 bere.
2228 3821 2389 3873 Unde
2440 3820 2744 3891 Apostolus
2778 3836 2791 3872 :
2824 3842 2849 3868 ‹‹
2886 3818 3156 3871 Videmus
3195 3832 3347 3869 nunc
3385 3829 3488 3883 per
3522 3828 3650 3883 spe-

2039 3910 2391 3975 culum,tunc
2415 3910 2608 3961 autem
2633 3907 2776 3961 facie
2800 3908 2873 3961 ad
2892 3907 3099 3961 faciem
3115 3904 3169 3975 (Ι
3197 3902 3325 3957 Cor.
3342 3918 3458 3967 xm,
3492 3902 3598 3972 l2).
3624 3922 3650 3947 ››

2038 3998 2107 4050 Et
2132 3980 2280 4051 bene
2314 3996 2496 4067 ponit,
2528 3998 2817 4072 generatio,
2852 4014 2926 4050 ne
2963 3997 3298 4066 putaremus
3339 4006 3520 4044 unum
3557 4006 3647 4043 so-

2038 4086 2158 4138 lum
2190 4102 2331 4152 esse,
2363 4083 2498 4156 quia
2528 4083 2896 4155 singulariter
2941 4084 3211 4156 posuerat
3251 4081 3502 4135 innocens
3541 4096 3651 4132 ma-

2036 4174 2217 4228 nibus.

320 4254 455 4309 ﬁdei
485 4259 541 4309 et
572 4256 895 4311 dilectionis
929 4258 1050 4329 ejus
1081 4258 1251 4314 orbis
1277 4264 1411 4316 sunt
1440 4261 1685 4316 Domini.
1734 4264 1799 4316 Et
1827 4265 1938 4317 hoc
1959 4244 2012 4304 Ῑ)
2110 4262 2224 4316 Hoc
2254 4260 2511 4333 exposito
2545 4261 2619 4315 ad
2647 4260 3091 4316 instructionem
3112 4262 3391 4322 nostram,
3419 4254 3652 4310 reverti-

318 4343 475 4397 idem
501 4348 585 4398 est
611 4345 767 4415 quod
797 4345 889 4400 hic
920 4346 1060 4401 dixit
1087 4349 1232 4403 orbis
1264 4356 1527 4403 terrarum
1575 4354 1659 4403 est
1688 4351 1931 4406 Domini.

316 4431 432 4485 Sed
464 4433 537 4487 ad
565 4433 674 4487 hoc
707 4434 831 4487 aliis
860 4434 1044 4489 verbis
1072 4437 1305 4507 repetit,
1340 4437 1420 4505 ut,
1452 4439 1588 4510 quia
1634 4440 1935 4495 indeﬁnite

316 4519 539 4574 dixerat
566 4521 725 4586 orbis,
768 4522 1169 4601 universaliter
1199 4526 1370 4581 dicat.
1407 4527 1541 4581 Dico
1582 4529 1737 4599 quod
1780 4529 1934 4583 orbis

314 4613 401 4662 est
430 4608 678 4662 Domini.
714 4611 781 4662 Et
803 4610 939 4664 inde
970 4611 1080 4665 hoc
1108 4613 1283 4668 videri
1316 4618 1523 4684 potest,
1548 4618 1675 4686 quia
1688 4618 1798 4685 ipse
1807 4618 1933 4685 fun-

310 4695 463 4749 davit
491 4713 611 4749 eum
639 4714 795 4768 super
822 4700 1019 4761 maria,
1052 4699 1110 4754 id
1151 4704 1237 4754 est
1266 4702 1500 4757 ﬁrmum
1532 4704 1676 4757 adeo
1707 4704 1841 4757 fecit
1872 4708 1933 4758 ut

311 4798 431 4836 non
465 4783 715 4850 timeret,
739 4785 840 4839 sed
867 4790 1270 4843 contemneret
1288 4792 1492 4858 maria,
1516 4791 1728 4845 scilicet
1748 4807 1928 4861 popu-

309 4870 397 4924 los
427 4886 656 4925 amaros
708 4872 814 4926 sibi
870 4872 928 4927 in
998 4874 1481 4945 tribulationibus,
1540 4878 1683 4933 sicut
1745 4879 1931 4933 maria

306 4974 510 5013 amara
529 4959 773 5013 sunt.Et
797 4961 973 5015 etiam
1001 4980 1156 5032 super
1183 4966 1759 5038 ﬂuminapreeparavit
1781 4985 1923 5029 eum,

306 5046 365 5100 id
402 5050 487 5101 est
515 5047 756 5103 ﬁrmum
788 5052 844 5103 et
871 5051 1157 5105 excelsum
1188 5052 1249 5107 in
1282 5053 1584 5109 virtutibus
1610 5057 1807 5110 statuit
1838 5073 1926 5110 su-

306 5150 413 5205 per
466 5132 773 5207 principes,
805 5141 866 5191 nt
913 5156 1118 5193 eorum
1160 5141 1564 5198 tribulationes
1604 5150 1920 5216 sperneret.

305 5222 599 5295 Principes
630 5241 763 5280 vero
820 5226 1065 5281 tlumina
1096 5228 1384 5297 dicuntur,
1418 5248 1486 5285 eo
1517 5233 1672 5303 quod
1719 5249 1922 5287 eorum

303 5324 444 5365 cura
474 5313 692 5367 deﬂuat
713 5314 773 5368 in
788 5315 1346 5386 plebemsubditam,
1370 5320 1516 5375 sicut
1544 5321 1602 5374 in
1633 5339 1794 5375 mare
1819 5325 1925 5377 ilu-

2036 4352 2130 4402 tur
2162 4350 2234 4403 ad
2284 4350 2395 4403 hoc
2422 4349 2578 4419 quod
2629 4349 2927 4420 inceperat
2973 4347 3052 4401 sic
3084 4363 3097 4401 :
3124 4345 3243 4401 Dixi
3278 4362 3291 4399 :
3319 4344 3542 4397 Domini
3579 4348 3651 4396 est

2037 4444 2178 4490 terra
2210 4444 2259 4491 et
2285 4438 2443 4491 orbis.
2488 4437 2658 4507 Ergo,
2688 4455 2720 4491 ο
2742 4438 3030 4507 principes,
3052 4436 3107 4490 id
3140 4438 3225 4490 est
3258 4434 3476 4497 ﬁdeles,
3498 4431 3653 4505 prius

2037 4525 2255 4596 peccati
2281 4525 2447 4591 servi,
2491 4526 2666 4579 modo
2698 4542 2831 4579 vero
2877 4541 2980 4596 per
3021 4524 3333 4578 Dominum
3366 4521 3651 4592 principes

2033 4618 2090 4668 et
2108 4614 2272 4669 liberi
2306 4614 2727 4679 facti,attoltite,
2756 4615 2813 4669 id
2836 4618 2921 4668 est
2966 4615 3207 4679 elevate,
3220 4619 3408 4682 portas
3432 4619 3647 4665 vestras.

2030 4702 2107 4757 Et
2137 4707 2286 4775 post,
2320 4703 2379 4757 id
2410 4706 2493 4757 est
2514 4720 2613 4757 vos
2638 4704 2964 4775 cmphatice
2978 4702 3135 4769 dicti,
3158 4708 3332 4772 portae
3355 4700 3647 4765 eternales,

2031 4791 2091 4851 id
2116 4794 2201 4845 est
2230 4792 2510 4845 habentes
2541 4791 2597 4846 in
2631 4793 2791 4848 vobis
2804 4793 3059 4857 virtutes,
3085 4807 3211 4862 quae
3233 4792 3367 4843 sunt
3383 4790 3564 4859 porta:
3577 4788 3649 4842 ad

2029 4884 2268 4945 (eterna,
2302 4880 2582 4934 elevamini
2607 4882 2679 4935 de
2706 4882 2859 4935 bono
2890 4880 2950 4934 in
2973 4879 3199 4934 melius.
3216 4877 3315 4929 Vel
3334 4876 3412 4930 sic
3442 4874 3650 4929 :Attol-

2029 4967 2137 5034 lite,
2170 4968 2229 5022 id
2254 4973 2340 5022 est
2383 4968 2605 5023 auferte
2625 4976 2814 5039 portas
2850 4975 3062 5033 vestras,
3110 4982 3229 5020 non
3272 4963 3392 5030 Dei,
3433 4962 3647 5017 scilicet

2025 5056 2162 5110 vitia
2194 5074 2321 5127 qua:
2360 5061 2493 5111 sunt
2539 5060 2719 5129 portae
2750 5058 2976 5117 clausae,
3010 5071 3126 5108 non
3160 5052 3537 5108 admittentes
3561 5052 3645 5105 iu-

2025 5145 2264 5199 troitum
2295 5145 2414 5199 Dei.
2444 5146 2606 5199 Unde
2632 5143 2991 5215 Sapiensait:
3014 5165 3041 5191 ‹‹
3068 5145 3126 5196 In
3151 5142 3495 5196 malevolam
3515 5139 3639 5193 ani-

2027 5250 2184 5287 mam
2225 5250 2343 5288 non
2380 5233 2644 5288 introibit
2682 5232 2966 5304 sapientia
2997 5230 3151 5303 (Sap.
3190 5249 3225 5296 I,
3258 5233 3334 5299 4).
3381 5252 3407 5276 ››
3440 5231 3507 5293 Et
3532 5227 3640 5282 illis

2023 5322 2247 5388 ablatis,
2282 5323 2589 5387 elevavnini,
2623 5321 2679 5375 id
2705 5324 2790 5375 est
2822 5321 3055 5375 crescite
3086 5321 3143 5373 in
3170 5319 3455 5384 ﬁdelibus,
3470 5323 3640 5388 portae

304 5398 465 5454 mina
506 5401 839 5457 decurrunt.
888 5405 1171 5467 Quoniam
1206 5411 1401 5463 autem
1434 5409 1654 5463 dixerat
1694 5413 1926 5465 universi
2019 5411 2312 5477 aternales,
2347 5411 2406 5464 id
2443 5413 2528 5465 est
2559 5410 2814 5471 virtutes,
2844 5416 2893 5462 et
2925 5410 2998 5464 sic
3028 5408 3271 5463 introibit
3305 5424 3419 5469 rex,
3454 5407 3639 5476 gloriae

301 5490 398 5562 qui
432 5490 677 5543 habitant
729 5494 784 5543 in
819 5509 898 5558 eo,
936 5510 1006 5546 ne
1056 5495 1296 5563 quilibet
1334 5497 1508 5550 falsus
1560 5515 1617 5550 se
1661 5498 1919 5552 habitare
2022 5500 2210 5563 dator,
2247 5500 2303 5552 id
2339 5504 2421 5552 est
2451 5497 2723 5561 Christus,
2762 5502 2815 5552 ut
2850 5498 3003 5553 idem
3039 5498 3096 5551 in
3128 5496 3436 5569 Evangelia
3472 5511 3539 5548 ;‹‹
3574 5494 3640 5550 Et
