3994 6042
380 262 485 322 ’131

996 265 1054 321 S.
1099 264 1443 323 BRUNONIS
1488 257 2118 320 CARTHUSIANORUM
2159 257 2628 315 lNSTlTUTORlS
2669 258 2823 316 OPP.
2869 258 3045 315 PARS
3083 260 3105 315 Ι

3598 262 3715 319 732

389 387 464 443 ad
476 403 611 444 eum
629 385 1398 455 veniemus,etmansionem
1412 389 1709 463 apudeum
1721 384 1999 440 faciemus
2027 393 2080 452 Α
2107 385 2225 436 tem
2255 383 2492 449 habere,
2524 384 2974 451 confundentur,
3006 384 3141 457 quia
3168 385 3224 439 te
3253 401 3371 439 non
3400 383 3708 439 sustinent.

388 475 577 548 (Joan.
603 493 713 543 xxv,
742 479 850 543 23).
891 499 918 525 »
942 479 1062 541 Vel,
1096 496 1195 535 vos
1218 482 1484 551 principes
1518 477 1911 539 tenebrarum,
1942 473 1998 527 id

391 564 805 629 estdtemones,
840 566 1090 634 attollite,
1111 570 1212 621 etc.
1239 566 1365 621 Alia
1387 583 1503 621 non
1531 552 1849 628 mutantur,
1866 560 2000 631 quia

390 637 725 722 dixerat7l
769 653 885 707 Rex
920 655 1126 724 gloriae,
1160 672 1232 709 ne
1269 656 1565 727 putaretur
1587 651 1999 723 qualiscunque

390 740 594 807 rex,sic
625 757 758 796 eum
792 743 1171 814 magnificare
1199 743 1478 797 intendit:
1505 743 1639 796 Dico
1662 740 1777 794 Rea:
1793 739 1996 807 gloria.

390 827 458 881 Et
486 827 631 900 quis,
661 828 718 883 id
754 833 838 883 est
870 835 1137 901 quantus,
1175 838 1248 886 est
1294 831 1397 885 iste
1436 829 1551 884 Rex
1588 830 1776 899 gloriae
1797 829 1826 880 ?
1858 827 2001 879 Vere

390 931 637 986 magnus
667 918 771 971 est.
805 918 949 972 Nam
980 919 1101 991 ipse
1132 922 1216 974 est
1239 919 1506 974 Dominus
1538 918 1595 971 in
1625 918 1815 977 rebus,
1845 915 2000 985 fortis

389 1001 450 1057 in
481 1005 872 1060 resuscitando
905 1023 1139 1062 carnem
1167 1009 1455 1079 suam,qui
1475 1006 1533 1060 in
1567 1005 1828 1079 passione
1852 1002 2002 1056 vide-

388 1090 560 1146 batur
586 1092 868 1161 infirmus,
903 1097 961 1149 et
993 1100 1197 1167 potens
1222 1095 1319 1168 qui
1349 1095 1651 1150 videbatur
1687 1092 1996 1162 impotens.

391 1178 459 1233 Et
488 1196 619 1235 vere
650 1181 910 1236 Dominus
943 1187 1028 1239 est
1046 1192 1256 1255 potens,
1289 1188 1347 1239 et
1372 1185 1480 1239 hoc
1519 1186 1573 1237 in
1594 1182 1806 1254 prelio,
1830 1179 1887 1233 id
1918 1180 2003 1232 est

390 1270 630 1338 propter
649 1270 911 1339 praelium
945 1273 1101 1343 quod
1122 1272 1399 1328 obediens
1422 1271 1557 1326 fecit
1589 1286 1721 1324 cum
1748 1268 1997 1331 diabolo,

390 1356 449 1408 et
478 1357 777 1426 praevaluit
815 1359 890 1425 ei,
930 1360 1065 1413 fecit
1107 1377 1239 1415 eum
1283 1362 1430 1415 Deus
1471 1361 1640 1414 Pater
1684 1356 1864 1412 videri
1896 1371 1997 1427 po-

395 1443 616 1498 tentem
671 1444 730 1498 in
782 1445 957 1518 ipsius
1019 1448 1374 1503 ascensione.
1429 1447 1590 1502 Unde
1635 1446 1937 1517 Apostolus
1982 1459 1993 1495 :

396 1553 423 1580 ‹‹
459 1532 702 1603 Propter
726 1536 880 1606 quod
897 1539 956 1590 et
972 1538 1118 1591 Deus
1148 1536 1416 1591 exaltavit
1445 1537 1751 1601 illum,etc.
1772 1532 1996 1605 (Philip.

394 1635 455 1686 ιι,
488 1619 560 1689 9).
598 1642 625 1669 »
642 1622 760 1694 Ego
792 1623 926 1695 quia
954 1626 1113 1693 fortis
1141 1633 1190 1680 et
1206 1632 1397 1696 potens
1417 1628 1521 1691 est,
1550 1624 1772 1677 attollite
1790 1628 1997 1692 portas,

394 1709 503 1795 etc.
539 1709 606 1762 Et
634 1710 741 1765 hoc
784 1716 846 1766 ut
889 1712 1150 1784 superius
1194 1714 1482 1785 exprimit.
1528 1714 1595 1767 Et
1632 1714 1747 1783 quis
1787 1717 1860 1765 est
1908 1711 2002 1762 iste
2028 1738 2080 1795 B

391 1794 508 1850 Rex
531 1797 770 1866 gloriae?
811 1802 1015 1856 eodem
1045 1804 1218 1857 modo
1251 1806 1313 1856 ut
1344 1801 1604 1874 superius
1631 1797 2003 1871 conjungitur

391 1886 451 1936 et
478 1887 802 1956 exponitur.
837 1888 948 1943 Sed
975 1890 1127 1944 aliud
1156 1889 1247 1944 hic
1279 1890 1576 1962 quiddam,
1608 1891 1669 1942 ut
1695 1888 2000 1941 vehemen-

392 1970 504 2025 tius
533 1989 665 2029 eum
712 1977 1067 2047 magniﬁcet,
1114 1978 1191 2032 sic
1232 1979 1369 2032 dicit
1400 1996 1413 2032 :
1446 1979 1709 2032 Dominus
1743 1978 2004 2028 virtutum

391 2076 795 2131 supernarum,
834 2065 889 2119 id
930 2070 1013 2120 est
1048 2066 1351 2138 spirituum
1382 2066 1719 2130 caelestium,
1753 2080 1868 2117 non
1900 2063 2003 2115 ho-

392 2149 618 2204 minum
660 2154 906 2213 tantum,
935 2156 1040 2223 ipse
1059 2154 1271 2209 scilicet
1308 2172 1479 2226 quem
1510 2154 1601 2208 hic
1640 2150 1853 2221 accepi,
1886 2166 2005 2204 non

394 2238 557 2304 alius,
590 2238 649 2293 id
683 2244 767 2295 est
807 2240 1063 2296 Christus
1101 2246 1187 2297 est
1225 2243 1341 2297 Rex
1380 2245 1589 2313 gloriae.
1635 2243 1701 2295 Et
1739 2256 1868 2294 vere
1899 2240 2006 2293 Do-

394 2325 589 2381 minus
616 2331 701 2381 est
732 2328 1005 2384 virtutum
1032 2348 1435 2403 supernarum.
1465 2333 1625 2386 Unde
1652 2329 1955 2400 Apostolus
1987 2347 1999 2382 :

397 2436 423 2461 ‹‹
467 2416 528 2468 In
558 2417 794 2472 nomine
819 2419 948 2472 Jesu
978 2435 1153 2473 omne
1192 2437 1347 2490 genu
1378 2422 1642 2475 ﬂectatur
1664 2417 2001 2481 caelestium,

391 2503 749 2559 terrestrium
775 2509 833 2560 et
860 2504 1220 2562 infernorum
1253 2507 1463 2580 (Ibid.).
1503 2530 1530 2557 ››
1553 2508 1737 2572 Quam
1770 2522 1902 2559 vero
1925 2504 2005 2558 di-

393 2590 473 2644 cit
501 2591 590 2647 bis
620 2593 863 2660 attollite,
897 2598 953 2648 et
981 2598 1099 2666 quis
1123 2602 1197 2650 est
1228 2598 1321 2650 iste
1351 2597 1465 2651 Rex
1486 2597 1690 2666 gloriae,
1720 2595 1791 2649 ad
1825 2591 2002 2646 nostri

392 2676 528 2734 facit
551 2681 1009 2737 exhortationem
1025 2688 1083 2737 et
1099 2685 1300 2739 Christi
1318 2685 1847 2756 magnificationem
1859 2724 1872 2748 ,
1886 2680 2003 2735 sive

394 2766 479 2822 bis
509 2768 646 2823 dicit
668 2770 778 2823 hoc
809 2775 1047 2843 propter
1075 2773 1362 2845 duplicem
1398 2773 1653 2829 Ecclesite
1698 2772 2001 2844 parietem,

394 2854 621 2912 Iudaeos
652 2857 867 2912 scilicet
895 2862 953 2913 et
982 2864 1202 2930 gentes.

878 3002 945 3055 ΙΝ
1000 3002 1322 3058 PSALMUM
1352 3004 1522 3088 ΧΧιν.

463 3122 680 3178 Titulus
721 3124 971 3179 vicesimi
1028 3126 1238 3197 quarti.
1268 3125 1517 3180 Psalmus
1564 3125 1764 3189 David,
1814 3124 1869 3177 id
1921 3125 2006 3176 est

396 3210 587 3265 minus
616 3212 1025 3283 perfectorium
1057 3213 1315 3267 fidelium
1346 3213 1637 3267 orantium
1661 3216 1789 3284 post
1808 3212 2007 3265 relicta

398 3303 655 3368 peccata,
685 3304 747 3355 ut
767 3302 906 3355 deus
944 3301 1115 3356 faciat
1153 3318 1250 3355 eos
1281 3318 1644 3372 perseverare
1678 3317 1749 3353 ne
1775 3300 2002 3366 cedant,

405 3389 462 3439 et
491 3405 562 3442 ne
589 3389 667 3442 sic
710 3390 1069 3443 erubescant.
1130 3390 1442 3443 Prmtendit
1497 3389 1671 3444 etiam
1733 3389 2004 3443 meritum

397 3491 575 3546 quare
591 3478 800 3531 debeat
825 3478 1101 3533 exaudiri.
1119 3479 1257 3533 Orat
1281 3494 1510 3549 quoque
1527 3495 1596 3531 ne
1614 3480 1760 3532 Deus
1779 3478 1859 3531 eis
1879 3494 2007 3549 gra-

399 3563 540 3618 tiam
572 3565 870 3620 subtrahat
901 3582 1004 3637 pro
1036 3565 1256 3621 delictis
1295 3571 1351 3621 et
1398 3566 1741 3637 ignorantiis
1776 3582 2002 3620 eorum.

400 3652 661 3708 Ostendit
686 3654 921 3727 insuper
942 3656 1015 3709 ad
1044 3655 1484 3711 instructionem
1512 3658 1770 3709 nostram
1802 3656 2004 3722 Deum,

400 3757 530 3796 cum
562 3743 741 3798 dulcis
765 3744 837 3798 sit
851 3744 1202 3811 miserando,
1227 3748 1448 3799 rectum
1474 3743 1650 3799 etiam
1673 3760 1793 3798 esse
1826 3744 2008 3797 malos

390 3829 545 3901 juste
574 3831 890 3902 puniendo.
925 3834 992 3887 Et
1022 3835 1077 3886 in
1101 3835 1261 3902 ﬁnem
1291 3835 1438 3901 orat,
1471 3836 1528 3886 et
1552 3848 1657 3903 pro
1693 3830 2009 3886 inimiciset

397 3934 504 3990 pro
533 3919 718 3976 bonis.
752 3922 914 3976 Unde
945 3922 1080 3976 dicit
1109 3939 1123 3976 :

474 4006 569 4061 Ad
624 4016 690 4075 te,
751 4009 999 4076 Domine,
1032 4009 1504 4081 amplexandum,
1553 4008 1725 4062 levavi
1771 4010 2008 4062 animam

402 4113 596 4162 meam,
630 4114 663 4150 a
692 4098 934 4152 terrenis
977 4098 1273 4153 desideriis
1316 4099 1665 4168 exemptam,
1696 4097 2009 4167 chavique

404 4184 553 4238 bene
574 4185 892 4256 operando,
911 4202 944 4240 o
974 4186 1119 4240 Deus
1148 4204 1291 4239 meus
1323 4186 1558 4240 Creator
1585 4203 1765 4251 meus,
1786 4185 1872 4239 cui
1892 4201 2008 4239 non

2100 473 2169 526 Et.
2197 471 2333 542 quia
2373 473 2481 526 hoc
2522 474 2687 528 video
2718 474 2998 540 futurum,
3032 473 3285 529 concedo
3329 490 3447 528 non
3497 474 3713 547 impre-

2100 560 2305 615 cando.
2347 559 2788 630 Confundantur,
2831 562 2888 616 id
2936 564 3021 615 est
3067 562 3425 629 erubescant,
3472 562 3531 616 in
3579 579 3714 617 con-

2100 647 2339 703 scientia
2365 665 2465 702 sua
2499 653 2554 703 et
2575 650 2634 704 in
2664 652 2772 705 hoc
2800 650 3019 705 mundo
3036 654 3093 705 et
3114 650 3171 704 in
3188 651 3591 716 futuro,omnes
3606 651 3716 705 ini-

2099 753 2203 806 qua
2256 744 2464 804 agentes
2501 755 2840 808 supervacue,
2873 738 3007 809 quia
3044 739 3233 793 nullus
3270 738 3415 793 adeo
3458 737 3714 810 iniquus,

2100 823 2196 895 qui
2229 823 2287 878 in
2319 825 2671 879 conscientia
2701 843 2801 879 sua
2833 827 2904 880 de
2942 826 3247 899 iniquitate
3293 843 3393 880 sua
3428 842 3546 880 non
3579 842 3715 880 eru-

2100 911 2309 966 bescat.
2355 914 2421 966 Et
2448 914 2595 967 hanc
2619 914 3047 969 concessionem
3079 914 3210 969 ideo
3236 913 3372 969 facit
3395 916 3455 968 ut
3486 913 3717 985 iniquos

2100 1002 2171 1055 de
2215 1001 2613 1073 iniquitatibus
2650 1004 2763 1058 suis
2812 1004 3119 1059 deterreat.
3161 1005 3365 1058 Postea
3408 1003 3719 1058 revertitur

2101 1090 2174 1143 ad
2192 1091 2515 1145 orationem
2549 1092 2627 1145 sic
2658 1110 2672 1146 :
2710 1093 2844 1146 Dico
2867 1108 2984 1147 non
3016 1093 3353 1147 erubescam
3383 1108 3395 1145 :
3430 1095 3489 1146 et
3519 1095 3581 1145 ut
3604 1091 3716 1145 hoc

2102 1177 2172 1231 sit
2196 1198 2208 1232 :
2235 1178 2553 1233 Demonstra
2584 1181 2719 1233 mihi
2760 1183 2875 1236 vias
2909 1186 3044 1246 tuas,
3079 1180 3138 1234 id
3177 1182 3261 1234 est
3299 1179 3395 1234 illa
3426 1182 3719 1251 praecepta

2099 1269 2200 1320 tua
2227 1284 2355 1337 qua:
2396 1272 2527 1322 sunt
2579 1268 2681 1323 vite
2738 1285 3080 1324 communes
3124 1268 3397 1323 omnibus
3426 1267 3717 1322 salvandis

2101 1355 2175 1408 ad
2204 1356 2400 1419 vitam,
2446 1358 2567 1412 sine
2613 1374 2859 1429 quorum
2893 1357 3280 1430 completione
3331 1370 3503 1410 nemo
3532 1356 3715 1409 salva-

2100 1443 2274 1498 bitur.
2340 1447 2461 1501 Non
2515 1447 2654 1501 dicit
2704 1448 3005 1501 demonstra
3061 1446 3215 1518 quod
3274 1445 3527 1516 ignoret,
3578 1460 3717 1497 cum

2100 1532 2359 1604 superius
2398 1534 2604 1589 dixerit
2638 1554 2650 1590 :
2691 1537 2761 1589 ad
2801 1543 2848 1590 te
2889 1537 3075 1601 levavi,
3107 1536 3216 1589 etc.
3252 1533 3363 1588 Sed
3386 1533 3716 1597 demonstra,

2100 1621 2159 1675 id
2204 1625 2289 1676 cst
2317 1622 2405 1676 fac
2436 1623 2650 1677 habere
2701 1624 2761 1677 in
2809 1624 3114 1689 memoria,
3149 1625 3211 1677 ut
3250 1622 3599 1694 compleam.
3638 1618 3720 1673 Et

2100 1713 2309 1764 semitas
2357 1718 2474 1765 tuas
2521 1713 2646 1767 doce
2674 1730 2774 1779 me,
2809 1713 3076 1767 similiter
3105 1714 3169 1766 ut
3213 1711 3573 1782 compleam;
3623 1725 3718 1761 58¢

2103 1797 2273 1852 mitas
2302 1800 2485 1865 vocat,
2515 1804 2803 1872 praecepta
2830 1801 2925 1855 illa
2957 1800 3180 1870 majora
3205 1816 3331 1871 quas
3367 1798 3529 1870 pauci
3562 1813 3723 1851 com-

2104 1888 2285 1957 plent,
2312 1888 2455 1942 sicut
2480 1906 2581 1961 per
2609 1888 2877 1943 semitam
3070 1888 3366 1960 pauciores
3408 1903 3583 1958 quam
3614 1901 3725 1956 per

2104 1974 2254 2029 viam
2304 1977 2668 2046 gradiuntur,
2711 1976 2923 2031 scilicet
2952 1976 3203 2031 vendere
3244 1975 3443 2031 omnia
3477 1976 3536 2028 et
3578 1973 3722 2028 dare

2107 2065 2473 2136 pauperibus,
2522 2070 2581 2121 et
2621 2070 2830 2121 caetera
2872 2066 3082 2121 similia
3112 2082 3240 2137 quae
3283 2062 3720 2136 perfectissimis

2104 2152 2237 2206 solis
2263 2154 2633 2209 conveniunt.
2668 2156 2733 2209 Et
2755 2171 2857 2226 per
2886 2154 3010 2209 illas
3038 2154 3156 2208 vias
3182 2157 3240 2207 et
3270 2153 3505 2207 semitas
3539 2151 3722 2219 dirige

2104 2258 2204 2307 me,
2240 2241 2387 2296 bene
2421 2244 2741 2313 operando.
2774 2244 2841 2297 Et
2878 2244 2987 2297 hoc
3017 2243 3079 2297 in
3108 2242 3274 2297 verite
3314 2247 3425 2306 tua,
3457 2239 3515 2294 id
3544 2242 3627 2293 est
3659 2238 3721 2292 in

2105 2329 2514 2384 conformitate
2544 2330 2753 2385 Christi
2793 2330 3061 2401 positam,
3105 2330 3199 2401 qui
3240 2332 3325 2384 est
3356 2327 3565 2382 veritas
3594 2345 3628 2381 a
3662 2331 3724 2382 te

2105 2416 2426 2485 egrediens,
2461 2422 2523 2473 ut
2558 2419 2713 2473 idem
2746 2419 2804 2472 in
2838 2418 3143 2489 Evangelia
3177 2434 3189 2471 :
3226 2440 3252 2466 «
3294 2417 3413 2488 Ego
3453 2432 3581 2470 sum
3604 2416 3719 2482 via,

2103 2504 2309 2558 veritas
2347 2510 2406 2558 et
2434 2506 2547 2561 vita
2579 2508 2758 2577 (Joan.
2795 2525 2902 2573 xiv,
2932 2508 3007 2577 6).
3044 2529 3072 2555 »
3105 2506 3358 2562 Christus
3390 2504 3597 2559 dicitur
3619 2521 3719 2558 ve-

2103 2591 2241 2646 ritas
2275 2596 2624 2667 emphatice,
2667 2613 2798 2651 cum
2835 2597 2906 2651 ab
2939 2611 3007 2651 eo
3036 2595 3225 2650 omnis
3262 2593 3470 2649 veritas
3512 2608 3720 2664 proce-

2104 2680 2223 2734 dat.
2252 2681 2318 2734 Et
2348 2686 2409 2736 ut
2439 2698 2542 2753 per
2567 2684 2683 2737 vias
2710 2686 2767 2738 et
2797 2683 3032 2737 semitas
3076 2682 3307 2754 dirigat,
3347 2681 3473 2735 doce
3507 2697 3611 2741 me,
3656 2679 3723 2733 id

2103 2768 2419 2825 estinstrue
2438 2771 2495 2826 in
2524 2773 3005 2828 illisintellectum
3036 2786 3346 2837 meum,ne
3364 2768 3423 2823 in
3450 2768 3531 2822 eis
3548 2767 3720 2822 ober-

2105 2872 2253 2912 rem.
2286 2860 2352 2914 Et
2381 2864 2442 2914 tu
2472 2865 2676 2931 potens
2698 2878 2759 2916 es
2779 2864 2841 2916 ut
2866 2862 2972 2916 hoc
3002 2860 3198 2926 facias,
3221 2860 3347 2930 quia
3383 2865 3440 2911 tu
3468 2873 3519 2911 es
3549 2855 3718 2920 Deus,

2108 2946 2166 3001 id
2197 2950 2281 3001 est
2312 2949 2568 3017 Creator,
2602 2954 2659 3004 et
2686 2950 2964 3018 Salvator,
2997 2948 3053 3004 id
3084 2951 3169 3003 est
3194 2949 3495 3019 reparator
3531 2960 3719 3000 meus.

2043 3022 2089 3084 C
2182 3038 2247 3092 Et
2278 3039 2518 3109 dignum
2553 3041 2638 3095 est
2668 3043 2730 3093 ut
2758 3041 2867 3094 hoc
2905 3038 3100 3094 facias.
3134 3038 3277 3091 Nam
3304 3042 3353 3090 te
3379 3035 3628 3098 sustinui,
3658 3031 3723 3085 id

2109 3130 2195 3180 est
2225 3129 2509 3198 patienter
2539 3130 2888 3201 exspectavi;
2914 3130 2996 3183 vel
3011 3127 3300 3199 patienter
3322 3124 3724 3199 preeceptatue.

2107 3217 2411 3286 complevi,
2444 3224 2549 3270 tota
2580 3218 2683 3283 die,
2704 3217 2763 3271 id
2783 3219 2868 3271 est
2884 3219 3004 3271 toto
3023 3218 3283 3287 tempore
3302 3227 3493 3284 exquo
3507 3209 3719 3281 incepi.

2106 3304 2248 3358 Cum
2275 3303 2438 3375 ponit
2465 3305 2791 3376 die,aparte
2826 3306 3009 3359 totum
3036 3306 3265 3374 tempus
3288 3299 3718 3372 designat.0ro,

2104 3392 2293 3459 dirige,
2327 3395 2382 3445 et
2415 3394 2475 3446 ut
2505 3392 2736 3461 dirigas,
2778 3393 2839 3446 tu
2878 3393 2972 3463 qui
3006 3391 3153 3446 visus
3196 3408 3256 3445 es
3299 3405 3395 3442 me
3442 3386 3721 3443 oblivioni

2107 3480 2349 3544 dedisse,
2374 3496 2504 3534 cum
2536 3482 2670 3534 ante
2699 3480 2986 3551 baptisma
3023 3484 3078 3534 te
3110 3478 3433 3551 ignorando
3465 3474 3717 3547 peccavi,

2107 3571 2440 3624 reminiscere
2466 3570 2861 3623 miserationum
2888 3575 3123 3633 tuarum,
3158 3568 3411 3632 Domine,
3442 3572 3491 3619 et
3514 3566 3723 3620 miseri-

2106 3658 2413 3712 cordiarum
2440 3664 2649 3711 tuorum
2680 3674 2798 3728 qua:
2826 3675 2857 3709 a
2887 3658 3075 3711 steculo
3098 3663 3223 3709 sunt
3246 3655 3305 3709 in
3342 3658 3420 3721 te,
3452 3654 3508 3708 id
3531 3655 3617 3707 est
3646 3653 3720 3706 ab

2107 3750 2347 3801 aeterno.
2363 3746 2524 3809 Quod
2539 3747 2623 3799 est
2644 3745 2862 3799 dicere:
2882 3744 3270 3799 Reminiscere
3288 3745 3534 3815 quantas
3546 3740 3718 3795 mise-

2108 3835 2358 3890 rationes
2386 3834 2720 3888 hominibus
2750 3833 3080 3906 impendisti
3115 3850 3149 3887 a
3173 3831 3375 3886 mundi
3407 3830 3717 3903 principio,

2108 3926 2167 3979 et
2180 3920 2532 3993 quantumin
2557 3925 2761 3978 natura
2775 3922 2849 3976 sis
2869 3921 3213 3988 misericors,
3238 3922 3295 3974 et
3320 3919 3398 3973 sic
3418 3917 3532 3973 mei
3551 3918 3720 3971 mise-

2110 4029 2235 4067 rere
2267 4011 2409 4065 sicut
2439 4010 2683 4064 aliorum
2718 4010 2982 4063 misertus
2999 4006 3473 4062 es.Misericordia
3486 4005 3717 4065 dicitur,

2110 4117 2237 4172 quae
2266 4099 2323 4153 in
2363 4101 2479 4153 lico
2519 4102 2603 4152 est
2629 4097 2988 4152 naturaliter.
3021 4095 3410 4152 Miserationes
3437 4109 3592 4159 vero,
3615 4093 3714 4147 be-

2111 4188 2453 4260 neﬁciaque:
2470 4203 2573 4260 per
2590 4185 3043 4240 misericordiam
3059 4182 3717 4255 impenduntur.0uam-

337 4324 343 4330 .
408 4271 610 4326 aufero
644 4273 831 4327 locum
869 4273 1185 4329 divinitatis
1212 4273 1268 4327 in
1302 4290 1416 4327 me.
1458 4273 1527 4326 1n
1558 4279 1606 4327 te
1634 4273 1856 4342 conﬁdo,
1892 4289 2010 4327 non
2036 4279 2090 4339 1)
2113 4279 2192 4333 vis
2214 4280 2407 4332 autem
2437 4276 2737 4347 pluraliter
2766 4277 2945 4345 ponat
2970 4272 3471 4338 misericordiarum,
3504 4269 3564 4323 in
3599 4271 3719 4324 Deo

404 4360 464 4416 in
498 4377 611 4428 me,
645 4362 778 4433 quia
803 4363 987 4419 adhuc
1017 4363 1202 4436 magis
1231 4365 1289 4417 et
1318 4362 1502 4435 magis
1532 4362 1751 4418 levabo.
1787 4363 1853 4416 Et
1883 4361 2016 4434 quia

407 4450 580 4505 levavi
621 4454 679 4506 et
734 4453 959 4522 con/ida,
992 4470 1097 4508 non
1132 4454 1451 4516 erubescam,
1484 4453 1542 4507 id
1573 4457 1657 4507 est
1696 4469 1812 4507 non
1872 4452 2013 4507 deﬂ-

407 4538 577 4607 ciam,
612 4543 669 4595 et
703 4541 780 4595 sic
814 4559 920 4597 non
951 4544 1268 4597 erubescam.
1305 4543 1711 4598 Erubescerem
1758 4541 1935 4606 enim,
1967 4539 2013 4593 si

411 4628 738 4685 deficerem.
769 4631 879 4686 Oro
921 4648 991 4686 ne
1034 4632 1388 4687 erubescam.
1428 4632 1615 4702 Neque
1644 4630 1901 4684 irrideant
1935 4647 2017 4684 me

410 4716 774 4773 deficientem
808 4721 1013 4774 inimici
1052 4723 1174 4788 mei,
1210 4725 1268 4774 et
1306 4720 1549 4774 visibiles
1590 4722 1647 4773 et
1686 4718 2013 4786 invisibiles,

409 4806 469 4862 id
492 4810 577 4862 est
602 4824 720 4862 non
747 4808 1041 4880 gaudeant
1071 4811 1140 4864 de
1168 4808 1394 4863 defectu
1407 4807 1852 4878 meo,quoniam
1877 4824 2017 4879 gau-

412 4896 619 4951 derent
648 4896 693 4950 si
717 4913 810 4950 me
842 4896 1208 4953 deﬁcientem
1243 4896 1522 4963 viderent,
1542 4911 1682 4966 rogo
1702 4914 1807 4949 non
1836 4897 2017 4951 erube-

407 5001 549 5038 scam
580 5002 745 5055 negue
771 4986 1045 5041 irrideant.
1080 4987 1145 5040 Et
1175 4986 1283 5039 hoc
1314 4986 1468 5040 bona
1501 4985 1707 5039 ﬁducia
1759 5001 1879 5039 oro.
1923 4984 2021 5039 Et-

411 5076 550 5127 enim
576 5076 809 5128 universi
829 5076 925 5145 qui
962 5074 1252 5128 substinent
1286 5079 1352 5135 te,
1385 5073 1445 5127 id
1483 5075 1568 5126 est
1601 5073 1697 5145 qui
1735 5073 2021 5144 patienter

414 5164 749 5233 exspectant
776 5165 829 5215 te
856 5162 1260 5217 auxiliaturum
1288 5165 1344 5216 et
1365 5163 2019 5229 remuneraturum,vel,

411 5252 506 5321 qui
519 5252 776 5305 sustinent
807 5258 875 5312 te,
890 5250 948 5304 id
979 5254 1063 5305 est
1089 5251 1184 5322 qui
1217 5252 1503 5324 patienter
1532 5250 2025 5322 feruntpriecepta

412 5342 532 5404 tua,
548 5338 894 5409 complendo
916 5354 1004 5405 ea,
1020 5356 1125 5392 non
1145 5338 1623 5409 eonfundentur,id
1646 5342 1729 5391 est
1748 5354 1865 5391 non
1894 5353 2021 5391 eru-

415 5425 670 5481 bescant.
701 5428 768 5481 Et
794 5426 926 5482 ideo
958 5427 1093 5499 quia
1122 5429 1177 5481 te
1207 5427 1480 5491 sustineo,
1522 5443 1639 5479 non
1679 5425 2022 5493 confundar,

419 5511 518 5562 sed
576 5515 771 5583 iniqua
824 5523 1034 5581 agentes
1087 5530 1423 5581 supervacue.
1474 5512 1525 5564 id
1579 5515 1661 5564 cst
1704 5512 1826 5565 sine
1876 5512 2026 5566 utili-

426 5598 677 5669 tate,qui
708 5600 766 5653 in
802 5602 910 5654 illis
939 5599 1149 5671 iniquis
1177 5618 1305 5672 quae
1326 5604 1574 5672 aguntsc
1595 5605 1802 5673 putant
1820 5602 2028 5657 utilita-

2114 4371 2311 4422 tamen
2352 4364 2593 4434 simplex
2618 4362 2995 4434 intelligenda
3038 4365 3123 4415 est
3160 4358 3587 4426 misericordia;
3620 4356 3725 4411 sed

2115 4453 2431 4508 secundum
2470 4452 2683 4506 multos
2709 4450 2967 4515 eﬂ‘ectus,
2991 4448 3292 4521 pluraliter
3319 4446 3483 4521 ponit
3505 4444 3724 4502 miseri-

2114 4542 2435 4596 cordiarum.
2470 4539 2604 4594 Dico
2636 4541 2962 4595 reminiscere
2992 4537 3395 4591 miserationum
3437 4541 3487 4589 et
3526 4535 3729 4588 miseri-

2116 4631 2438 4685 cordiarum.
2466 4630 2530 4682 Et
2556 4644 2629 4682 ne
2660 4628 2766 4682 sim
2806 4625 3088 4681 immunis
3118 4642 3151 4679 a
3179 4623 3596 4690 misericordia,
3619 4623 3730 4676 Do-

2117 4719 2298 4785 mine,
2318 4735 2390 4772 ne
2421 4719 2720 4771 memineris
2732 4719 2793 4770 ut
2819 4715 3023 4788 punias
3037 4713 3225 4768 delicta
3245 4714 3546 4785 juventutis
3575 4725 3726 4774 meas,

2118 4808 2174 4863 id
2207 4810 2291 4861 est
2323 4809 2556 4878 peccata
2580 4804 2844 4870 venialia,
2879 4820 3007 4875 quae
3038 4800 3301 4857 commisi
3324 4803 3632 4873 postquam
3667 4797 3728 4851 in

2121 4895 2410 4965 baptismo
2443 4898 2699 4948 veterem
2717 4892 3014 4947 hominem
3045 4890 3328 4956 exuendo,
3338 4886 3568 4960 juvenis
3590 4886 3649 4940 in
3669 4884 3733 4938 ﬂ-

2122 4984 2193 5037 de
2215 4983 2396 5037 factus
2412 4980 2641 5035 sum.Et
2668 4982 2993 5051 ignorantias
3006 4978 3235 5040 meas,id
3258 4981 3341 5031 est
3353 4978 3586 5049 peccata
3600 4989 3731 5046 qua:

2122 5072 2462 5143 ignoranter
2484 5073 2616 5124 ante
2626 5069 2976 5140 baptismum
2992 5065 3379 5122 commisi.Vel
3402 5064 3479 5119 sic
3495 5063 3733 5119 :Delicta

2112 5162 2431 5231 juventutis,
2454 5159 2509 5212 id
2530 5162 2614 5212 est
2632 5156 2975 5212 temeritatis
3003 5156 3422 5211 mezeJuvenes
3433 5152 3593 5209 enim
3617 5168 3739 5206 ma-

2126 5250 2209 5321 gis
2236 5251 2455 5303 temere
2480 5250 2719 5317 peccant
2741 5242 2915 5317 quam
2946 5243 3739 5317 senes,ideoquejuventutcm

2128 5355 2230 5409 pro
2258 5338 2546 5390 temeritate
2574 5334 2757 5406 ponit.
2773 5333 2943 5398 Quasi
2975 5332 3372 5403 dicatzMagna
3388 5330 3596 5385 delicta
3608 5345 3737 5401 quae

2128 5431 2348 5481 temere
2382 5440 2513 5493 ago,
2539 5440 2655 5476 non
2674 5422 3014 5488 necessario,
3045 5438 3109 5475 ne
3132 5421 3449 5475 memineris.
3464 5417 3543 5472 Et
3571 5418 3742 5486 igna-

2129 5514 2330 5567 rantias
2355 5528 2515 5569 meas.
2539 5510 2592 5563 id
2619 5513 2705 5564 est
2733 5509 2978 5565 venialia
2997 5525 3123 5580 quae
3150 5507 3489 5579 ignoranter
3512 5522 3645 5576 ago.
3676 5505 3743 5559 ει

2138 5618 2256 5657 non
2300 5600 2758 5655 meminiscendo
2796 5598 3024 5661 delicta,
3063 5602 3319 5652 memento
3347 5596 3451 5650 mei
3477 5597 3541 5650 ut
3566 5593 3740 5648 mise-
