4008 6030
259 248 376 307 733

1250 245 1604 302 EXPOSITIO
1647 246 1712 302 IN
1753 245 2088 303 PSAIMOS.
2132 280 2195 289 -—
2242 249 2433 305 PSAL.
2476 251 2626 306 XXIV

3480 261 3588 320 734

260 365 475 435 rearis,
491 364 592 440 qui
615 364 764 423 visus
781 383 842 422 es
860 366 1073 429 oblitus
1088 384 1232 434 esse,
1260 367 1401 423 dum
1418 367 1663 425 inﬁdelis
1683 386 1894 439 essem,
1910 373 1969 447 ,ᾼ
1988 369 2161 440 illud,
2193 374 2293 429 sed
2326 375 2516 445 potius
2547 391 2747 433 accuso
2780 376 3295 450 multipendendo;
3346 378 3590 456 ideoque

262 467 349 528 tu,
380 478 416 517 ο
444 462 695 527 Domine,
739 461 835 533 qui
867 463 1033 516 solus
1053 465 1215 533 potes
1249 461 1327 518 sic
1375 462 1655 519 misereri.
1682 466 1750 520 Et
1774 465 1883 522 hoc

252 556 483 622 prapter
515 551 799 607 bonitatem
827 556 993 617 tuam,
1030 551 1087 606 id
1102 554 1187 606 est
1218 551 1673 608 misericordiam
1705 571 1882 625 quam

267 641 613 701 naturaliter
672 641 848 697 habes
894 659 1013 696 non
1055 644 1291 712 propter
1333 642 1539 699 merita
1593 659 1725 697 mea
1754 647 1881 698 tan‘

265 732 421 785 tum.
453 731 517 783 Et
533 746 652 785 non
673 746 882 801 parum
911 730 1259 797 miserearis,
1286 732 1387 786 sed
1409 732 1697 786 secundum
1729 736 1880 787 mis-e-

264 819 557 873 ricordiam
578 819 823 886 tuam,id
855 822 940 874 est
962 836 1027 874 ac
1057 819 1294 874 modum
1332 819 1742 877 misericordias
1772 824 1884 877 tute

267 906 417 963 sicut
442 909 691 962 multum
720 924 782 962 es
813 906 1158 974 misericors,
1200 907 1277 962 sic
1308 910 1365 962 et
1417 909 1671 964 multum
1708 908 1884 963 mise-

268 995 476 1053 rearis.
626 1060 632 1065 θ

331 1083 619 1150 Quoniam
638 1101 771 1140 vero
786 1084 886 1141 Dei
905 1084 1178 1141 bonitatis
1192 1084 1557 1141 mentionem
1571 1084 1887 1151 fecerat,ne

269 1173 513 1245 quilibet
540 1172 712 1228 nimis
738 1172 797 1228 in
824 1174 1082 1229 bonitate
1115 1174 1211 1231 illa
1237 1173 1532 1230 conﬁdens
1552 1174 1609 1228 in
1642 1173 1888 1245 peccatis

270 1266 690 1343 perseveraret.
719 1261 862 1318 Dicit
889 1263 1066 1321 etiam
1088 1279 1223 1319 eum
1254 1265 1481 1319 rectum
1503 1280 1623 1319 esse
1652 1264 1725 1318 ad
1754 1262 1887 1317 ulci-

274 1350 557 1407 scendum
581 1352 816 1423 peccata
844 1350 1360 1422 perseverantium,
1392 1352 1489 1407 sic.
1512 1352 1647 1406 Dico
1671 1357 1889 1422 propter

275 1439 592 1505 bonitatem,
625 1442 683 1494 et
706 1456 835 1494 vere
856 1440 1024 1493 dulcis
1055 1443 1139 1495 est
1161 1440 1443 1507 Dominus,
1476 1440 1533 1496 id
1570 1443 1654 1495 est
1680 1441 1886 1505 bonus,

276 1536 328 1585 et
359 1531 555 1584 tamen
578 1528 834 1595 rectus,id
855 1531 940 1584 est
954 1528 1141 1598 justus
1157 1530 1229 1583 ad
1246 1529 1658 1595 ulciscendum;
1677 1532 1733 1583 et
1755 1527 1888 1583 inde

279 1617 390 1672 hoc
420 1619 609 1688 potest
653 1617 833 1672 videri
887 1618 1042 1689 quod
1072 1617 1240 1672 dulcis
1267 1620 1351 1671 est
1409 1624 1456 1672 et
1519 1625 1705 1672 rectus.
1746 1618 1887 1671 Nam

1989 460 2221 517 veniam
2259 480 2508 521 mereor:
2539 466 2607 521 Et
2636 465 2772 538 quia
2802 467 3022 523 dixerat
3050 469 3156 524 sibi
3188 471 3437 527 multum
3466 487 3590 527 esse

1988 553 2287 621 peccatum
2317 569 2506 620 suum,
2534 557 2594 608 ut
2624 556 2681 609 et
2701 555 2810 610 hoc
2853 557 3018 613 nobis
3076 558 3351 625 insinuet,
3379 558 3593 616 scilicet

1990 639 2414 709 multipendere
2445 646 2767 711 peccatum,
2802 647 2859 698 et
2884 645 2963 701 sic
2991 646 3217 703 veniam
3242 646 3589 719 promereri,

1987 727 2308 798 subjungit:
2346 729 2467 783 Dixi
2497 732 2727 785 multum
2754 738 2866 787 est:
2898 738 2956 789 et
2982 735 3203 791 bonum
3233 738 3321 793 est
3341 736 3590 793 multum

1988 818 2289 873 esse.Nam
2325 819 2413 873 cui
2440 822 2689 876 multum
2713 827 2817 891 est,
2851 824 2945 879 ille
2974 827 3155 880 Deum
3188 824 3376 881 timet.

2062 906 2129 960 Et
2157 909 2273 978 quis
2303 912 2376 963 est
2406 910 2581 975 homo,
2606 910 2665 965 id
2707 915 2791 966 est
2821 928 2995 983 quam
3043 929 3294 984 magnus
3323 916 3382 968 et
3413 929 3599 984 quam

1988 993 2118 1049 felix
2145 999 2230 1050 est
2252 996 2430 1053 homo
2460 999 2557 1070 qui
2579 1002 2733 1054 timet
2755 998 3070 1066 Dominum,
3108 1004 3167 1054 et
3196 1001 3332 1057 inde
3362 1001 3471 1055 hoc
3497 1016 3596 1072 ap.-

1990 1086 2173 1154 paret.
2213 1084 2356 1140 Nam
2386 1088 2574 1140 statuit
2613 1088 2665 1140 ei
2691 1086 2789 1159 qui
2819 1104 2949 1145 cum
2996 1087 3166 1145 timet
3201 1089 3384 1158 legem,
3417 1087 3476 1144 id
3507 1090 3594 1147 est

1990 1169 2430 1240 ﬁrmitatem,ne
2448 1173 2677 1231 deﬁciat
2698 1178 2753 1229 in
2778 1178 2862 1230 via
2874 1178 3161 1235 bonorum
3186 1193 3414 1235 morum
3432 1192 3594 1249 quam

1989 1259 2160 1329 elegit.
2192 1261 2404 1332 Legem
2438 1262 2602 1332 ponit
2625 1280 2731 1335 pro
2766 1264 3038 1326 ﬁrmitate
3064 1283 3077 1333 ;
3112 1265 3247 1337 quia
3276 1265 3416 1323 illud
3444 1281 3591 1336 pra?-

1990 1352 2221 1418 ceptum
2248 1350 2403 1420 quod
2426 1350 2664 1407 ﬁrmum
2696 1355 2755 1405 et
2777 1352 2979 1409 stabile
3005 1357 3112 1419 est,
3143 1356 3233 1410 lex
3281 1352 3393 1409 dici
3422 1354 3589 1408 solet.

1992 1436 2057 1488 Et
2086 1453 2190 1508 per
2218 1436 2379 1492 illam
2410 1439 2600 1510 legem
2628 1442 2808 1494 anima
2840 1441 2951 1510 ejus
2980 1442 3052 1497 de
3105 1457 3347 1514 corpore
3374 1442 3589 1506 exiens.

1989 1524 2369 1592 demorabitur,
2400 1526 2457 1581 id
2505 1532 2590 1580 est
2619 1528 2899 1584 habitavit
2944 1528 3002 1583 in
3055 1529 3221 1587 bouis
3252 1528 3590 1585 caelestibus.

1990 1613 2057 1666 Et
2087 1613 2146 1668 in
2172 1614 2364 1669 futuro
2417 1632 2589 1670 semen
2650 1617 2762 1685 ejus
2809 1618 3141 1675 heeredilabit
3169 1625 3384 1683 terram,
3417 1616 3476 1672 id
3507 1619 3594 1675 est

265 1714 489 1777 propter
516 1708 612 1761 hoc
638 1706 789 1769 dabit
806 1706 991 1776 legem,
1017 1707 1075 1761 id
1102 1710 1189 1760 est
1233 1706 1559 1762 doctrinam
1585 1707 1890 1777 delinguen-
1918 1690 1968 1751 Β
1991 1702 2145 1758 bona
2170 1720 2346 1774 opera
2360 1721 2486 1774 qua:
2516 1704 2607 1759 hic
2626 1705 3005 1773 seminantur,
3035 1708 3207 1764 erunt
3234 1722 3403 1761 causa
3415 1718 3594 1776 quare

276 1795 417 1859 tibus
446 1794 645 1867 positis
674 1796 831 1853 invia
849 1811 1100 1863 morum,
1120 1795 1178 1849 id
1199 1798 1285 1850 est
1318 1794 1787 1867 delinquentibus
1802 1810 1891 1849 ve-

276 1882 525 1938 nialiter.
551 1884 695 1939 Nam
724 1884 820 1956 qui
851 1883 1233 1938 criminaliter
1264 1888 1522 1956 peccant,
1557 1887 1717 1940 extra
1737 1882 1889 1937 viam

276 1987 513 2035 morum
529 1976 680 2029 sunt.
708 1972 872 2036 Quod
895 1971 1183 2026 estdicere
1198 1990 1215 2025 :
1237 1972 1407 2026 Dabit
1437 1972 1517 2027 eis
1540 1972 1886 2037 doctrinam,

277 2077 350 2115 ne
375 2059 755 2117 criminaliter
776 2059 1067 2132 peccando
1094 2063 1420 2130 pereant,et
1440 2061 1498 2115 in
1522 2061 1629 2114 hoc
1654 2060 1820 2113 dulcis
1841 2066 1890 2114 et

278 2152 451 2205 rectus
466 2164 586 2203 esse
603 2148 1188 2219 comprobatur.Nam
1206 2147 1251 2203 si
1266 2151 1494 2204 tantum
1511 2149 1541 2203 d
1553 2148 1687 2203 ulcis
1709 2152 1876 2211 esset,

279 2236 573 2307 superﬂuo
596 2237 784 2307 legem
798 2236 981 2303 daret,
1006 2253 1135 2291 cum
1159 2238 1359 2293 omnia
1378 2238 1749 2310 epccantibus
1766 2255 1888 2294 om-

278 2322 451 2391 nibus
470 2322 805 2385 dimissurus
833 2328 983 2380 esset
1034 2325 1093 2381 Si
1110 2326 1253 2381 Vero
1285 2328 1512 2381 tantum
1521 2326 1725 2396 justus,
1745 2343 1890 2380 nun-

281 2428 457 2484 quam
491 2412 900 2470 misericordiae
920 2416 1110 2486 legem
1141 2415 1326 2482 daret,
1359 2416 1459 2471 sed
1507 2432 1710 2471 omnes
1731 2416 1887 2486 juste

280 2500 605 2559 damnaret.
639 2501 738 2557 Vel
770 2502 929 2571 legem
983 2505 1146 2557 vocat
1175 2503 1535 2574 disciplinam
1568 2503 1887 2559 tribulatio-

282 2604 447 2656 num,
468 2605 643 2661 quam
666 2590 882 2655 adsuos
895 2591 1271 2663 corrigendos
1296 2595 1353 2645 et
1382 2592 1672 2647 docendos
1690 2592 1886 2647 infert.

283 2676 448 2733 Unde
473 2677 609 2743 alibi
629 2678 930 2743 Psalmista
958 2696 970 2733 :
1005 2701 1031 2730 «
1056 2679 1364 2753 Disciplina
1389 2684 1488 2735 tua
1513 2680 1759 2737 correxit
1792 2697 1888 2734 me

284 2764 452 2835 (Psal.
482 2782 615 2835 xvu,
647 2766 757 2839 37).
783 2788 812 2819 ›)
844 2767 901 2822 id
932 2771 1018 2822 est
1039 2768 1324 2825 edocebit.
1357 2770 1423 2823 Et
1481 2770 1536 2822 in
1574 2768 1804 2839 judicio,
1832 2768 1889 2823 id

282 2858 368 2913 est
394 2854 453 2910 in
478 2856 603 2927 lege
633 2855 730 2919 illa
756 2872 859 2927 per
876 2874 1053 2929 quam
1070 2858 1253 2912 scient
1268 2857 1527 2928 judicare
1544 2856 1681 2929 quid
1694 2860 1893 2912 tenen-

1992 1791 2049 1845 in
2077 1791 2267 1846 futuro
2290 1808 2496 1862 corpus
2528 1796 2583 1848 et
2615 1793 2809 1849 anima
2840 1794 3006 1850 simul
3033 1794 3456 1852 haereditabunt
3482 1795 3591 1847 ter-

1986 1896 2113 1937 ram
2148 1879 2722 1937 viventium.Semiua
2747 1883 3014 1939 dicuntur
3044 1901 3221 1956 Opera
3273 1883 3449 1947 bona,
3503 1896 3572 1936 eo

1990 1969 2145 2040 quod
2224 1986 2406 2025 causa:
2469 1973 2602 2024 sunt
2698 1972 3096 2041 praemiorum,
3162 1971 3307 2027 sicut
3363 1968 3589 2025 semina

1989 2073 2174 2111 causes
2212 2061 2345 2112 sunt
2400 2057 2694 2113 messium.
2756 2059 2899 2122 Quia
2929 2076 3061 2114 vero
3118 2059 3360 2125 dixerat,
3418 2056 3589 2112 statui

1989 2147 2171 2215 legem,
2221 2146 2491 2217 exprimit
2532 2146 2717 2218 ipsam
2749 2148 2937 2218 legem
2975 2148 3093 2203 sic:
3141 2146 3275 2203 Dico
3316 2145 3596 2203 Dominus

1986 2236 2177 2288 statuit
2217 2234 2400 2302 legem,
2450 2234 2508 2288 id
2538 2237 2624 2288 est
2649 2235 2912 2289 Dominus
2970 2241 3046 2290 est
3098 2236 3493 2304 ﬁrmamentum
3523 2233 3592 2287 ti.-

1987 2323 2247 2381 mentibus
2274 2340 2414 2388 eum,
2455 2340 2529 2378 ne
2587 2323 2814 2378 cedant.
2870 2324 2937 2377 Et
2985 2322 3119 2394 ipsis
3150 2323 3395 2379 ﬁrmatis
3432 2327 3591 2375 testa-

1988 2420 2243 2478 mentum,
2279 2411 2332 2465 id
2377 2415 2462 2466 est
2496 2410 2799 2482 promissio
2818 2411 2970 2467 illius
3011 2413 3181 2467 datur
3207 2428 3218 2466 :
3248 2412 3357 2467 hoc
3380 2409 3595 2475 scilicet

1990 2508 2049 2554 ut
2071 2501 2443 2570 mani/‘estetur
2484 2501 2605 2567 illis,
2634 2499 2689 2555 in
2717 2500 2912 2557 futuro
2945 2505 3006 2555 ut
3048 2501 3205 2556 idem
3237 2500 3295 2555 in
3334 2501 3590 2571 Evange-

1993 2588 2099 2643 lio:
2164 2588 2581 2645 «Manifestabo
2641 2588 2692 2642 ei
2747 2589 3033 2660 meipsum
3076 2589 3261 2656 (Joan.
3316 2605 3422 2643 xlv.
3480 2588 3590 2657 2t).

1992 2676 2137 2733 Nulli
2167 2676 2325 2732 enim
2343 2676 2397 2730 in
2426 2676 2694 2748 praesenti
2726 2678 2834 2732 hoc
2848 2680 3111 2750 tempore
3134 2680 3279 2733 Deus
3303 2676 3381 2730 sic
3410 2674 3598 2731 mani-

1992 2765 2251 2830 festatur,
2278 2769 2339 2818 ut
2369 2764 2423 2818 in
2460 2766 2650 2820 futuro
2683 2766 3139 2820 manifestandus
3169 2769 3269 2821 est.
3295 2766 3595 2819 Testamenr

1995 2859 2105 2905 tum
2124 2852 2287 2924 ponit
2320 2869 2422 2923 pro
2456 2853 2858 2925 promissione,
2894 2870 2962 2907 eo
2985 2854 3139 2926 quod
3172 2856 3588 2908 testamentum

282 2943 421 3009 dum
447 2944 519 3005 sit
548 2947 605 2999 et
634 2944 774 3017 quid
801 2945 1167 3017 fugiendum,
1202 2947 1446 3018 ideoque
1460 2946 1742 3017 judicium
1760 2945 1893 3000 dici-
1915 2969 1963 3028 ο
1994 2940 2391 3000 hazreditatem
2424 2942 2728 3014 promittit.
2763 2943 2831 2997 Et
2861 2943 2995 3013 quia
3008 2943 3271 2997 Dominus
3285 2943 3590 3012 ﬁrmamen-

282 3036 403 3099 tur:
431 3033 585 3099 Dicit
634 3042 933 3093 mansuetos
964 3035 1034 3090 de
1066 3036 1220 3090 bono
1277 3036 1332 3089 in
1364 3035 1587 3101 melius,
1634 3051 1749 3088 non
1800 3051 1890 3088 re-

283 3121 553 3185 belles.Et
569 3124 630 3177 ut
646 3123 795 3181 bene
807 3122 1152 3196 dirigantur,
1176 3124 1379 3178 docebit
1399 3123 1727 3194 specialiter
1742 3123 1895 3193 ipsos

284 3211 435 3263 mites
460 3213 569 3264 vias
595 3229 736 3280 suas,
758 3228 862 3284 per
886 3229 1026 3283 quas
1040 3212 1113 3266 ad
1134 3228 1268 3266 eum
1293 3213 1646 3284 pervenient.
1662 3214 1726 3266 Et
1752 3212 1887 3284 quia

287 3303 478 3370 posset
489 3300 688 3370 quaeri:
707 3317 835 3373 quae
850 3302 982 3355 sunt
1002 3301 1114 3357 illte
1134 3300 1234 3355 vice
1250 3301 1277 3355 ‘l
1290 3318 1354 3355 ex
1362 3300 1446 3373 pri
1457 3302 1561 3356 mit
1588 3318 1601 3355 :
1623 3302 1894 3357 Universa'

286 3387 389 3451 uiae
412 3387 640 3443 Domini
669 3392 802 3444 sunt
832 3388 954 3442 has:
1004 3387 1382 3445 Misericordia
1410 3395 1458 3443 et
1479 3392 1690 3443 veritas.
1725 3390 1890 3445 Mise-

289 3476 526 3533 ricordia
553 3476 789 3542 scilicet,
805 3459 1001 3546 73ut
1016 3474 1100 3530 sui
1119 3476 1506 3548 unusquisque
1526 3476 1888 3546 misereatur,

284 3580 356 3629 ne
390 3567 590 3635 peccet
606 3568 663 3623 et
677 3565 968 3636 peccando
996 3567 1215 3635 pereat,
1243 3566 1379 3619 etut
1398 3580 1502 3636 pro
1538 3565 1704 3621 malis
1736 3567 1890 3621 bona

282 3651 578 3709 retribuat.
620 3652 853 3720 Veritas,
886 3652 943 3707 id
991 3655 1075 3709 est
1117 3651 1339 3723 justitia
1368 3652 1604 3720 scilicet,
1647 3657 1707 3707 ut
1734 3652 1884 3725 quod

274 3739 496 3809 justum
519 3744 623 3806 est,
659 3742 839 3803 Deum
866 3756 1037 3811 super
1060 3740 1259 3797 omnia
1279 3740 1501 3812 diligat,
1517 3744 1575 3796 et
1602 3757 1706 3812 pro
1720 3741 1886 3796 bouis

282 3827 439 3889 bona
458 3827 1139 3889 retribuatﬂisericordia
1163 3835 1212 3882 et
1234 3828 1432 3884 veritas
1453 3830 1578 3885 dico
1602 3829 1836 3884 inventa
1851 3848 1887 3884 a

285 3916 682 3987 requirentibus
710 3921 1081 3973 testamentum
1106 3917 1239 3987 ejus,
1299 3924 1349 3971 et
1407 3918 1709 3972 testimonia
1755 3919 1889 3989 ejus.

286 4004 451 4072 Quod
479 4007 563 4061 est
587 4003 814 4063 dicere:
848 4004 906 4060 Si
939 4004 1066 4076 quis
1110 4003 1463 4075 requirendo
1499 4009 1889 4077 perscrutetur

287 4108 499 4149 novam
537 4093 728 4162 legem
750 4095 808 4148 et
834 4095 1107 4157 veterem,
1127 4108 1244 4147 non
1272 4091 1528 4149 inveniet
1559 4095 1751 4165 plures
1778 4094 1896 4149 vias

285 4179 425 4239 istis.
458 4180 525 4234 Et
535 4180 683 4241 bene
697 4183 949 4240 veterem
973 4182 1163 4252 legem
1190 4182 1489 4237 testimonia
1513 4182 1649 4237 dicit
1661 4182 1895 4254 plurali-

1998 3036 2109 3084 lum
2138 3036 2215 3086 est
2238 3031 2557 3096 timentibus,
2588 3031 2729 3085 oculi
2764 3032 2890 3097 mei,
2922 3030 2981 3086 id
3011 3034 3096 3086 est
3120 3031 3452 3086 affectiones
3476 3030 3597 3102 qui.—

1995 3119 2098 3173 bus
2131 3136 2264 3173 eum
2296 3118 2505 3191 aspicio
2521 3119 2592 3176 ad
2627 3120 2865 3179 modum
2900 3121 3220 3187 oculorum,
3252 3122 3597 3191 suntsemper

1994 3208 2064 3261 ad
2079 3207 2388 3262 Dominum.
2426 3208 2591 3272 Quod
2634 3208 2957 3263 estdicere:
2982 3209 3049 3263 Et
3078 3212 3140 3263 ut
3171 3226 3368 3263 meum
3399 3208 3594 3263 ﬁrma-

1997 3300 2261 3353 mentum
2290 3297 2382 3364 sit,
2420 3314 2719 3368 nunquam
2747 3297 2820 3352 ab
2850 3313 2918 3352 eo
2952 3297 3171 3353 diverto
3221 3299 3416 3353 oculos
3446 3315 3481 3351 a
3522 3296 3595 3351 si-

1994 3384 2318 3441 militudine
2339 3384 2475 3440 boni
2507 3386 2673 3451 servi,
2692 3386 2851 3457 cuius
2880 3386 3029 3441 oculi
3050 3404 3279 3460 semper
3298 3388 3369 3441 ad
3400 3384 3595 3442 Domi-

1994 3490 2133 3528 num
2166 3491 2332 3529 suum
2361 3478 2512 3539 sunt,
2544 3477 2605 3528 ut
2634 3475 2810 3529 etiam
2844 3475 2917 3529 ad
2954 3478 3156 3530 nutum
3194 3475 3298 3547 ipsi
3334 3475 3595 3548 protinus

1994 3561 2243 3616 obediat.
2271 3563 2430 3616 Unde
2452 3563 2585 3617 alibi
2619 3563 2952 3617 Psalmista:
3009 3586 3037 3614 «
3059 3564 3209 3618 Sicut
3243 3564 3386 3618 oculi
3408 3581 3597 3618 servo-

1994 3666 2124 3704 rum
2148 3650 2206 3704 in
2232 3650 2501 3705 manlbus
2531 3651 2908 3705 dominorum
2957 3652 3133 3716 (Psal.
3165 3669 3328 3718 CXXII,
3362 3651 3438 3722 2).
3465 3675 3493 3699 α
3529 3652 3599 3704 Et

1994 3737 2201 3792 merito
2231 3738 2372 3792 oculi
2434 3740 2538 3793 mei
2559 3742 2691 3793 sunt
2749 3738 2820 3791 ad
2861 3737 3174 3807 Dominum,
3206 3739 3463 3810 quoniam
3494 3740 3601 3809 ipse

1991 3826 2170 3881 evellet
2236 3826 2584 3898 quandoque
2624 3826 2686 3879 de
2744 3826 2930 3897 laqueo
2974 3827 3133 3896 pedes
3183 3844 3341 3893 meos,
3398 3826 3459 3880 id
3513 3827 3601 3880 est

1994 3919 2157 3969 eruet
2182 3915 2253 3970 de
2275 3916 2482 3986 laqueo
2501 3913 2865 3970 mortalitatis
2885 3916 2942 3969 et
2955 3914 3364 3987 passibilitatis,
3393 3914 3603 3987 quibus

1996 4004 2171 4073 modo
2204 4004 2578 4058 vehementer
2598 4002 2908 4074 impedior.
2930 4003 3095 4067 Quod
3112 4006 3305 4058 autem
3330 4002 3492 4075 ponit
3504 4019 3602 4074 pe-

1995 4093 2082 4147 des
2138 4108 2295 4159 meos,
2356 4108 2390 4146 a
2443 4090 2820 4147 similitudine
2875 4090 3012 4145 dicit
3070 4107 3272 4147 eorum
3346 4091 3445 4162 qui
3501 4108 3605 4163 per

1998 4181 2171 4254 pedes
2189 4181 2595 4250 illaqueantur.
2634 4181 2702 4235 Et
2730 4179 2865 4250 quia
2890 4180 3033 4234 acidi
3059 4182 3166 4235 mei
3194 4181 3265 4235 ad
3289 4183 3343 4235 te
3368 4195 3599 4252 semper

285 4270 394 4333 ter,
423 4284 555 4329 cum
577 4285 611 4323 a
642 4268 834 4325 multis
866 4248 1103 4329 testibus
1126 4268 1404 4325 adventus
1437 4248 1678 4338 Christi,
1701 4289 1734 4326 a
1754 4288 1888 4343 pro-
1921 4248 1974 4313 D
1998 4248 2148 4333 sunt,
2180 4248 2374 4339 respice
2407 4270 2462 4323 in
2498 4286 2598 4334 me,
2658 4267 2715 4321 id
2746 4248 2852 4322 est
2911 4270 3032 4322 esto
3075 4269 3214 4323 mihi
3269 4248 3600 4323 benevolus.

283 4356 471 4428 phetis
523 4356 738 4420 scilicet
789 4355 1117 4415 ministrata
1166 4356 1359 4412 fuerit.
1391 4359 1547 4413 Nova
1579 4362 1778 4414 autem
1809 4361 1895 4414 lex

283 4444 654 4516 singulariter
672 4448 1083 4501 testamentum
1109 4449 1497 4516 nuncupatur,
1530 4463 1598 4501 eo
1633 4448 1791 4519 quod
1821 4449 1894 4503 ab

283 4550 400 4589 uno
432 4536 553 4589 solo
571 4537 713 4597 teste
741 4534 869 4591 vitee
900 4536 1134 4596 aeternas
1149 4534 1283 4589 data
1302 4535 1392 4602 sit,
1417 4534 1476 4591 id
1490 4540 1575 4591 est
1591 4553 1625 4591 a
1650 4537 1890 4592 Christo.

281 4622 539 4692 Apostoli
590 4623 826 4695 quidem
858 4625 917 4677 et
945 4623 1140 4679 caeteri
1195 4623 1459 4679 doctores
1495 4640 1610 4679 non
1663 4624 1895 4679 fuerunt

282 4709 424 4779 legis
475 4710 724 4775 datores,
757 4711 860 4766 sed
901 4710 1272 4782 expositores.
1318 4711 1557 4771 Ostenso
1597 4714 1706 4769 hoc
1738 4714 1894 4784 quod

285 4797 568 4864 Dominus
596 4798 777 4863 dulcis
801 4801 886 4857 est
917 4802 974 4855 et
994 4802 1181 4855 rectus
1212 4801 1285 4856 ad
1315 4800 1755 4857 instructionem
1789 4819 1892 4857 no-

281 4888 492 4941 stram:
521 4887 656 4959 quia
685 4892 946 4947 oraverat
967 4888 1230 4959 superius
1262 4905 1327 4944 ex
1356 4890 1509 4944 bona
1543 4890 1893 4945 conﬁdentia

281 4990 340 5029 se
370 4973 820 5045 impetraturum
839 4976 1232 5047 annuntiat,ut
1251 4981 1309 5032 et
1328 4978 1469 5035 alios
1489 4979 1561 5034 ad
1576 4979 1890 5051 petendum

279 5064 466 5134 gratia
491 5063 842 5136 impetrandi
879 5064 1410 5136 instiget,sic.0ravi
1436 5083 1449 5133 ;
1476 5067 1761 5121 secundum.
1786 5068 1881 5121 mi-

275 5152 615 5209 sericordiam
647 5159 816 5218 tuam,
854 5160 1108 5209 meriento
1139 5156 1286 5209 mei:
1320 5156 1475 5226 quod
1516 5172 1647 5210 vere
1696 5155 1886 5213 iacies.

1994 4356 2444 4412 Asimilitudine
2501 4355 2731 4411 Domini
2780 4355 2997 4409 dictum
3055 4360 3159 4423 est,
3218 4357 3316 4428 qui
3370 4372 3600 4411 servum

1996 4462 2171 4518 quem
2220 4445 2406 4516 diligit
2449 4462 2598 4516 saepe
2626 4444 2873 4516 respicit.
2910 4444 2977 4498 Et
3030 4444 3177 4499 bene
3210 4446 3374 4517 ponit
3399 4446 3457 4500 in
3486 4462 3600 4500 me.

1997 4534 2165 4598 Quasi
2233 4534 2427 4588 dicat:
2498 4533 2623 4586 Non
2682 4531 2910 4586 horarie
2986 4549 3078 4586 me
3146 4533 3435 4606 respicias,
3502 4534 3604 4597 sed

1994 4625 2185 4693 respice
2209 4624 2264 4675 in
2283 4639 2366 4676 me
2393 4620 2625 4693 ﬁgendo
2659 4623 2953 4691 aspectum
2987 4637 3103 4675 non
3135 4622 3247 4677 cito
3265 4623 3603 4689 auferendo,

1994 4715 2048 4766 et
2079 4709 2388 4781 respiciens
2410 4710 2652 4763 "merere
2680 4710 2786 4763 mei
2814 4708 3203 4780 indulgendo:
3250 4711 3315 4763 Et
3357 4710 3599 4781 dignum

1995 4798 2240 4871 est,quia
2262 4815 2369 4869 ego
2393 4797 2491 4869 qui
2524 4797 2630 4852 hoc
2647 4813 2772 4865 oro,
2808 4801 2996 4852 unicus
3015 4816 3133 4852 sum
3146 4805 3198 4852 et
3219 4800 3602 4868 pauperPree-

1994 4890 2255 4960 posterus
2285 4886 2447 4941 ordo.
2484 4886 2656 4950 Quod
2685 4889 2771 4941 est
2805 4886 2991 4941 dicere
3028 4903 3041 4940 :
3078 4886 3221 4950 Quia
3252 4902 3379 4939 sum
3391 4903 3601 4957 pauper

1992 4976 2214 5049 spiritu,
2250 4992 2367 5030 non
2394 4974 2693 5047 superbus,
2722 4974 2779 5028 id
2797 4976 2881 5028 est
2909 4973 3221 5028 humilians
3252 4990 3345 5028 me
3372 4991 3512 5045 erga
3540 4978 3598 5037 te

1992 5066 2051 5121 in
2080 5063 2537 5128 Omnibus.Quid
2566 5080 2700 5118 vero
2727 5062 2799 5115 sit
2820 5078 3133 5133 pauperem
3169 5060 3371 5133 spiritu
3396 5079 3517 5119 esse
3540 5063 3599 5119 in

1993 5156 2275 5226 psalmum
2312 5171 2397 5207 xxi
2575 5151 2791 5206 dictum
2819 5152 2921 5203 est.
2982 5150 3047 5203 Et
3083 5167 3261 5221 usque
3295 5152 3439 5208 adeo
3468 5170 3595 5208 sum

279 5239 420 5294 Vere
458 5242 834 5311 propitiaberis
863 5249 1082 5311 peccato
1111 5257 1244 5304 meo,
1268 5251 1490 5314 propter
1520 5259 1707 5300 nomen
1737 5252 1890 5300 tuum
1984 5260 2206 5313 pauper,
2225 5242 2396 5315 .quod
2418 5242 2594 5296 etiam
2626 5256 2753 5293 sum
2806 5241 3007 5305 unicus,
3043 5238 3102 5292 id
3124 5242 3211 5293 est
3242 5239 3299 5293 in
3352 5258 3598 5299 numero

279 5329 798 5399 augmentandum.
832 5330 898 5391 Et
924 5330 1165 5401 dignum
1178 5332 1264 5385 est
1287 5335 1346 5384 ut
1370 5331 1719 5401 propitiaris.
1738 5331 1888 5385 Mul-

278 5423 393 5480 tum
417 5423 493 5479 est
521 5417 687 5482 enim,
720 5416 778 5473 id
806 5419 892 5473 est
918 5419 1166 5477 multum
1199 5435 1320 5473 esse
1351 5437 1385 5474 a
1439 5435 1533 5473 me
1562 5422 1881 5491 reputatur.

280 5504 446 5571 Quod
474 5509 559 5561 est
598 5505 788 5566 dicere
818 5523 830 5559 :
864 5506 987 5560 Non
1028 5523 1229 5560 excuso
1285 5523 1377 5561 me
1405 5508 1873 5579 parvipendendo

1990 5331 2239 5387 ﬁliorum
2273 5328 2553 5393 Ecclesiae,
2590 5344 2717 5399 quae
2768 5326 2935 5382 unica
2966 5330 3064 5381 tua
3113 5331 3219 5395 est,
3272 5328 3484 5385 scilicet
3514 5331 3594 5387 ita

1990 5419 2164 5474 chara
2186 5418 2329 5472 sicut
2355 5416 2556 5470 unicus
2580 5415 2728 5470 ﬁlius
2759 5414 2909 5486 patri
2937 5415 3303 5471 charissimus
3339 5421 3442 5471 est.
3478 5419 3596 5474 Un-

1984 5508 2053 5561 de
2087 5507 2140 5561 in
2176 5506 2418 5561 (lanticis
2448 5503 2803 5558 canticorum
2839 5521 3079 5577 sponsus
3122 5505 3377 5559 Christus
3413 5507 3598 5564 Eccle-
