  <div class='ocr_page' id='page_1' title='image "/cluster/home/n/w/nwhite01/storage/ocr_20150623/152/hvd.32044054760103/373.png"; bbox 0 0 4008 6030; ppageno 0'>
   <div class='ocr_carea' id='block_1_1' title="bbox 393 274 499 330">
    <p class='ocr_par' dir='ltr' id='par_1_1' title="bbox 393 274 499 330">
     <span class='ocr_line' id='line_1_1' title="bbox 393 274 499 330; baseline -0.009 0"><span class='ocrx_word' id='word_1_1' title='bbox 393 274 499 330; x_wconf 75' lang='lat'><strong>735</strong></span> 
     </span>
    </p>
   </div>
   <div class='ocr_carea' id='block_1_2' title="bbox 1005 259 3119 340">
    <p class='ocr_par' dir='ltr' id='par_1_2' title="bbox 1005 259 3119 340">
     <span class='ocr_line' id='line_1_2' title="bbox 1005 259 3119 340; baseline -0.005 -11"><span class='ocrx_word' id='word_1_2' title='bbox 1005 272 1063 329; x_wconf 93' lang='lat' dir='ltr'><em>S.</em></span> <span class='ocrx_word' id='word_1_3' title='bbox 1095 273 1184 329; x_wconf 82' lang='lat' dir='ltr'><em>BR</em></span> <span class='ocrx_word' id='word_1_4' title='bbox 1200 270 1454 328; x_wconf 77' lang='lat' dir='ltr'><em>UNONIS</em></span> <span class='ocrx_word' id='word_1_5' title='bbox 1485 264 2117 340; x_wconf 71' lang='lat' dir='ltr'><em>CARTHUSIANORUM</em></span> <span class='ocrx_word' id='word_1_6' title='bbox 2158 262 2624 320; x_wconf 79' lang='lat' dir='ltr'><em>lNSTlTUTORlS</em></span> <span class='ocrx_word' id='word_1_7' title='bbox 2665 262 2819 320; x_wconf 90' lang='lat' dir='ltr'><em>OPP.</em></span> <span class='ocrx_word' id='word_1_8' title='bbox 2860 263 3057 319; x_wconf 81' lang='lat' dir='ltr'><em>PARS.</em></span> <span class='ocrx_word' id='word_1_9' title='bbox 3097 259 3119 318; x_wconf 88' lang='grc' dir='ltr'>Ῑ</span> 
     </span>
    </p>
   </div>
   <div class='ocr_carea' id='block_1_3' title="bbox 3621 262 3730 320">
    <p class='ocr_par' dir='ltr' id='par_1_3' title="bbox 3621 262 3730 320">
     <span class='ocr_line' id='line_1_3' title="bbox 3621 262 3730 320; baseline 0.018 -2"><span class='ocrx_word' id='word_1_10' title='bbox 3621 262 3730 320; x_wconf 77' lang='lat'><em>736</em></span> 
     </span>
    </p>
   </div>
   <div class='ocr_carea' id='block_1_4' title="bbox 409 390 3735 474">
    <p class='ocr_par' dir='ltr' id='par_1_4' title="bbox 409 390 3735 474">
     <span class='ocr_line' id='line_1_4' title="bbox 409 390 3735 474; baseline -0.002 -20"><span class='ocrx_word' id='word_1_11' title='bbox 409 398 506 455; x_wconf 66' lang='lat' dir='ltr'><em>sim</em></span> <span class='ocrx_word' id='word_1_12' title='bbox 526 417 770 474; x_wconf 77' lang='lat' dir='ltr'><em>sponsae:</em></span> <span class='ocrx_word' id='word_1_13' title='bbox 792 398 1442 468; x_wconf 72' lang='lat' dir='ltr'><em>«Unicamea,columba</em></span> <span class='ocrx_word' id='word_1_14' title='bbox 1459 415 1592 453; x_wconf 90' lang='lat' dir='ltr'><em>mea</em></span> <span class='ocrx_word' id='word_1_15' title='bbox 1609 393 1799 466; x_wconf 88' lang='lat' dir='ltr'><em>(Cant.</em></span> <span class='ocrx_word' id='word_1_16' title='bbox 1825 393 2017 465; x_wconf 75' lang='lat' dir='ltr'><em>v1,8).»</em></span> <span class='ocrx_word' id='word_1_17' title='bbox 2046 400 2100 460; x_wconf 79' lang='grc' dir='ltr'><strong>Α</strong></span> <span class='ocrx_word' id='word_1_18' title='bbox 2126 391 2162 446; x_wconf 84' lang='lat' dir='ltr'>ﬁ</span> <span class='ocrx_word' id='word_1_19' title='bbox 2177 392 2390 448; x_wconf 82' lang='lat' dir='ltr'><em>dolium</em></span> <span class='ocrx_word' id='word_1_20' title='bbox 2413 390 3182 466; x_wconf 88' lang='lat' dir='ltr'><em>collectionisusquequaque</em></span> <span class='ocrx_word' id='word_1_21' title='bbox 3199 391 3583 464; x_wconf 87' lang='lat' dir='ltr'><em>perfectorum</em></span> <span class='ocrx_word' id='word_1_22' title='bbox 3598 409 3735 448; x_wconf 88' lang='lat' dir='ltr'><em>con-</em></span> 
     </span>
    </p>
   </div>
   <div class='ocr_carea' id='block_1_5' title="bbox 391 489 1711 564">
    <p class='ocr_par' dir='ltr' id='par_1_5' title="bbox 391 489 1711 564">
     <span class='ocr_line' id='line_1_5' title="bbox 391 489 1711 564; baseline -0.003 -21"><span class='ocrx_word' id='word_1_23' title='bbox 391 489 461 544; x_wconf 88' lang='lat' dir='ltr'><em>Et</em></span> <span class='ocrx_word' id='word_1_24' title='bbox 493 490 730 562; x_wconf 82' lang='lat' dir='ltr'><em>exponit</em></span> <span class='ocrx_word' id='word_1_25' title='bbox 755 507 857 564; x_wconf 91' lang='lat' dir='ltr'><em>per</em></span> <span class='ocrx_word' id='word_1_26' title='bbox 887 493 1078 564; x_wconf 89' lang='lat' dir='ltr'><em>partes</em></span> <span class='ocrx_word' id='word_1_27' title='bbox 1109 491 1509 564; x_wconf 79' lang='lat' dir='ltr'><em>paupertatem</em></span> <span class='ocrx_word' id='word_1_28' title='bbox 1527 502 1711 542; x_wconf 89' lang='lat' dir='ltr'><em>suam.</em></span> 
     </span>
    </p>
   </div>
   <div class='ocr_carea' id='block_1_6' title="bbox 463 573 1996 652">
    <p class='ocr_par' dir='ltr' id='par_1_6' title="bbox 463 573 1996 652">
     <span class='ocr_line' id='line_1_6' title="bbox 463 573 1996 652; baseline -0.005 -18"><span class='ocrx_word' id='word_1_29' title='bbox 463 580 816 651; x_wconf 83' lang='lat' dir='ltr'><em>Exponendo</em></span> <span class='ocrx_word' id='word_1_30' title='bbox 849 595 1078 652; x_wconf 88' lang='lat' dir='ltr'><em>quoque</em></span> <span class='ocrx_word' id='word_1_31' title='bbox 1101 595 1204 651; x_wconf 89' lang='lat' dir='ltr'><em>per</em></span> <span class='ocrx_word' id='word_1_32' title='bbox 1225 581 1416 650; x_wconf 89' lang='lat' dir='ltr'><em>partes</em></span> <span class='ocrx_word' id='word_1_33' title='bbox 1444 577 1500 632; x_wconf 92' lang='lat' dir='ltr'><em>in</em></span> <span class='ocrx_word' id='word_1_34' title='bbox 1535 575 1737 648; x_wconf 81' lang='lat' dir='ltr'><em>quibus</em></span> <span class='ocrx_word' id='word_1_35' title='bbox 1759 573 1810 628; x_wconf 92' lang='lat' dir='ltr'><em>ei</em></span> <span class='ocrx_word' id='word_1_36' title='bbox 1829 573 1996 628; x_wconf 90' lang='lat' dir='ltr'><em>mise-</em></span> 
     </span>
    </p>
   </div>
   <div class='ocr_carea' id='block_1_7' title="bbox 401 665 1990 740">
    <p class='ocr_par' dir='ltr' id='par_1_7' title="bbox 401 665 1990 740">
     <span class='ocr_line' id='line_1_7' title="bbox 401 665 1990 740; baseline -0.005 -16"><span class='ocrx_word' id='word_1_37' title='bbox 401 672 620 724; x_wconf 86' lang='lat' dir='ltr'><em>reatur:</em></span> <span class='ocrx_word' id='word_1_38' title='bbox 647 669 790 724; x_wconf 85' lang='lat' dir='ltr'><em>Vere</em></span> <span class='ocrx_word' id='word_1_39' title='bbox 817 686 932 723; x_wconf 83' lang='lat' dir='ltr'><em>sum</em></span> <span class='ocrx_word' id='word_1_40' title='bbox 955 686 1180 740; x_wconf 82' lang='lat' dir='ltr'><em>pauper,</em></span> <span class='ocrx_word' id='word_1_41' title='bbox 1213 668 1271 722; x_wconf 91' lang='lat' dir='ltr'><em>in</em></span> <span class='ocrx_word' id='word_1_42' title='bbox 1306 668 1414 722; x_wconf 92' lang='lat' dir='ltr'><em>hoc</em></span> <span class='ocrx_word' id='word_1_43' title='bbox 1434 666 1664 731; x_wconf 81' lang='lat' dir='ltr'><em>scilicet,</em></span> <span class='ocrx_word' id='word_1_44' title='bbox 1691 665 1990 718; x_wconf 86' lang='lat' dir='ltr'><em>tribulatio-</em></span> 
     </span>
    </p>
   </div>
   <div class='ocr_carea' id='block_1_8' title="bbox 400 753 2012 828">
    <p class='ocr_par' dir='ltr' id='par_1_8' title="bbox 400 753 2012 828">
     <span class='ocr_line' id='line_1_8' title="bbox 400 753 2012 828; baseline -0.002 -16"><span class='ocrx_word' id='word_1_45' title='bbox 400 774 487 812; x_wconf 85' lang='lat' dir='ltr'><em>nes</em></span> <span class='ocrx_word' id='word_1_46' title='bbox 510 757 680 812; x_wconf 89' lang='lat' dir='ltr'><em>cordis</em></span> <span class='ocrx_word' id='word_1_47' title='bbox 705 759 811 812; x_wconf 86' lang='lat' dir='ltr'><em>mei</em></span> <span class='ocrx_word' id='word_1_48' title='bbox 835 757 1206 828; x_wconf 62' lang='lat' dir='ltr'><em>multiplicatae</em></span> <span class='ocrx_word' id='word_1_49' title='bbox 1219 762 1363 823; x_wconf 89' lang='lat' dir='ltr'><em>sunt,</em></span> <span class='ocrx_word' id='word_1_50' title='bbox 1389 755 1446 810; x_wconf 93' lang='lat' dir='ltr'><em>id</em></span> <span class='ocrx_word' id='word_1_51' title='bbox 1477 758 1562 808; x_wconf 89' lang='lat' dir='ltr'><em>est</em></span> <span class='ocrx_word' id='word_1_52' title='bbox 1591 754 1801 808; x_wconf 90' lang='lat' dir='ltr'><em>multas</em></span> <span class='ocrx_word' id='word_1_53' title='bbox 1825 753 2012 808; x_wconf 87' lang='lat' dir='ltr'><em>habeo</em></span> 
     </span>
    </p>
   </div>
   <div class='ocr_carea' id='block_1_9' title="bbox 400 842 2016 914">
    <p class='ocr_par' dir='ltr' id='par_1_9' title="bbox 400 842 2016 914">
     <span class='ocr_line' id='line_1_9' title="bbox 400 842 2016 914; baseline -0.002 -14"><span class='ocrx_word' id='word_1_54' title='bbox 400 845 475 900; x_wconf 88' lang='lat' dir='ltr'><em>tri</em></span> <span class='ocrx_word' id='word_1_55' title='bbox 492 846 818 902; x_wconf 87' lang='lat' dir='ltr'><em>bulationes</em></span> <span class='ocrx_word' id='word_1_56' title='bbox 857 851 914 901; x_wconf 91' lang='lat' dir='ltr'><em>et</em></span> <span class='ocrx_word' id='word_1_57' title='bbox 959 847 1186 904; x_wconf 89' lang='lat' dir='ltr'><em>dolores</em></span> <span class='ocrx_word' id='word_1_58' title='bbox 1226 845 1283 901; x_wconf 92' lang='lat' dir='ltr'><em>in</em></span> <span class='ocrx_word' id='word_1_59' title='bbox 1339 844 1512 900; x_wconf 90' lang='lat' dir='ltr'><em>corde</em></span> <span class='ocrx_word' id='word_1_60' title='bbox 1543 843 1614 898; x_wconf 94' lang='lat' dir='ltr'><em>de</em></span> <span class='ocrx_word' id='word_1_61' title='bbox 1645 842 1911 914; x_wconf 89' lang='lat' dir='ltr'><em>peccatis.</em></span> <span class='ocrx_word' id='word_1_62' title='bbox 1947 843 2016 896; x_wconf 84' lang='lat' dir='ltr'><em>Et</em></span> 
     </span>
    </p>
   </div>
   <div class='ocr_carea' id='block_1_10' title="bbox 399 929 1994 1000">
    <p class='ocr_par' dir='ltr' id='par_1_10' title="bbox 399 929 1994 1000">
     <span class='ocr_line' id='line_1_10' title="bbox 399 929 1994 1000; baseline -0.003 -12"><span class='ocrx_word' id='word_1_63' title='bbox 399 935 533 990; x_wconf 89' lang='lat' dir='ltr'><em>ideo</em></span> <span class='ocrx_word' id='word_1_64' title='bbox 558 952 680 989; x_wconf 88' lang='lat' dir='ltr'><em>erue</em></span> <span class='ocrx_word' id='word_1_65' title='bbox 703 952 785 990; x_wconf 90' lang='lat' dir='ltr'><em>me</em></span> <span class='ocrx_word' id='word_1_66' title='bbox 807 935 870 989; x_wconf 89' lang='lat' dir='ltr'><em>de</em></span> <span class='ocrx_word' id='word_1_67' title='bbox 903 934 1293 988; x_wconf 78' lang='lat' dir='ltr'><em>necessitatibus</em></span> <span class='ocrx_word' id='word_1_68' title='bbox 1329 935 1476 1000; x_wconf 89' lang='lat' dir='ltr'><em>meis,</em></span> <span class='ocrx_word' id='word_1_69' title='bbox 1500 931 1559 986; x_wconf 89' lang='lat' dir='ltr'><em>id</em></span> <span class='ocrx_word' id='word_1_70' title='bbox 1591 933 1675 986; x_wconf 90' lang='lat' dir='ltr'><em>est</em></span> <span class='ocrx_word' id='word_1_71' title='bbox 1707 930 1776 985; x_wconf 91' lang='lat' dir='ltr'><em>de</em></span> <span class='ocrx_word' id='word_1_72' title='bbox 1803 929 1994 984; x_wconf 88' lang='lat' dir='ltr'><em>venia-</em></span> 
     </span>
    </p>
   </div>
   <div class='ocr_carea' id='block_1_11' title="bbox 403 1017 2014 1095">
    <p class='ocr_par' dir='ltr' id='par_1_11' title="bbox 403 1017 2014 1095">
     <span class='ocr_line' id='line_1_11' title="bbox 403 1017 2014 1095; baseline -0.006 -16"><span class='ocrx_word' id='word_1_73' title='bbox 403 1023 570 1090; x_wconf 85' lang='lat' dir='ltr'><em>libus,</em></span> <span class='ocrx_word' id='word_1_74' title='bbox 605 1040 733 1095; x_wconf 78' lang='lat' dir='ltr'><em>quae</em></span> <span class='ocrx_word' id='word_1_75' title='bbox 777 1040 842 1077; x_wconf 89' lang='lat' dir='ltr'><em>ex</em></span> <span class='ocrx_word' id='word_1_76' title='bbox 885 1023 1072 1077; x_wconf 90' lang='lat' dir='ltr'><em>carnis</em></span> <span class='ocrx_word' id='word_1_77' title='bbox 1110 1021 1418 1093; x_wconf 84' lang='lat' dir='ltr'><em>fragilitate</em></span> <span class='ocrx_word' id='word_1_78' title='bbox 1445 1019 1762 1075; x_wconf 89' lang='lat' dir='ltr'><em>necessario</em></span> <span class='ocrx_word' id='word_1_79' title='bbox 1791 1017 2014 1074; x_wconf 90' lang='lat' dir='ltr'><em>contin-</em></span> 
     </span>
    </p>
   </div>
   <div class='ocr_carea' id='block_1_12' title="bbox 402 1107 2012 1183">
    <p class='ocr_par' dir='ltr' id='par_1_12' title="bbox 402 1107 2012 1183">
     <span class='ocr_line' id='line_1_12' title="bbox 402 1107 2012 1183; baseline -0.004 -17"><span class='ocrx_word' id='word_1_80' title='bbox 402 1115 552 1183; x_wconf 85' lang='lat' dir='ltr'><em>gunt</em></span> <span class='ocrx_word' id='word_1_81' title='bbox 575 1127 622 1165; x_wconf 76' lang='grc' dir='ltr'><em>εκ</em></span> <span class='ocrx_word' id='word_1_82' title='bbox 659 1111 1014 1166; x_wconf 82' lang='lat' dir='ltr'><em>Sacrificium</em></span> <span class='ocrx_word' id='word_1_83' title='bbox 1033 1109 1190 1165; x_wconf 89' lang='lat' dir='ltr'><em>enim</em></span> <span class='ocrx_word' id='word_1_84' title='bbox 1209 1109 1587 1182; x_wconf 89' lang='lat' dir='ltr'><em>Deo,spiritus</em></span> <span class='ocrx_word' id='word_1_85' title='bbox 1600 1107 2012 1164; x_wconf 87' lang='lat' dir='ltr'><em>contribulatus</em></span> 
     </span>
    </p>
   </div>
   <div class='ocr_carea' id='block_1_13' title="bbox 401 1195 2012 1272">
    <p class='ocr_par' dir='ltr' id='par_1_13' title="bbox 401 1195 2012 1272">
     <span class='ocr_line' id='line_1_13' title="bbox 401 1195 2012 1272; baseline -0.004 -18"><span class='ocrx_word' id='word_1_86' title='bbox 401 1199 580 1270; x_wconf 88' lang='lat' dir='ltr'><em>(Psal.</em></span> <span class='ocrx_word' id='word_1_87' title='bbox 613 1217 664 1266; x_wconf 85' lang='lat' dir='ltr'><em>L,</em></span> <span class='ocrx_word' id='word_1_88' title='bbox 688 1199 796 1272; x_wconf 85' lang='grc'><em>19),</em></span> <span class='ocrx_word' id='word_1_89' title='bbox 822 1220 850 1247; x_wconf 82' lang='grc'><strong>››</strong></span> <span class='ocrx_word' id='word_1_90' title='bbox 884 1201 952 1254; x_wconf 86' lang='lat' dir='ltr'><em>Et</em></span> <span class='ocrx_word' id='word_1_91' title='bbox 973 1215 1090 1254; x_wconf 90' lang='lat' dir='ltr'><em>non</em></span> <span class='ocrx_word' id='word_1_92' title='bbox 1113 1198 1480 1254; x_wconf 89' lang='lat' dir='ltr'><em>solummodo</em></span> <span class='ocrx_word' id='word_1_93' title='bbox 1493 1198 1563 1251; x_wconf 91' lang='lat' dir='ltr'><em>de</em></span> <span class='ocrx_word' id='word_1_94' title='bbox 1584 1195 2012 1251; x_wconf 68' lang='lat' dir='ltr'><em>necessitatibus</em></span> 
     </span>
    </p>
   </div>
   <div class='ocr_carea' id='block_1_14' title="bbox 405 1283 2002 1354">
    <p class='ocr_par' dir='ltr' id='par_1_14' title="bbox 405 1283 2002 1354">
     <span class='ocr_line' id='line_1_14' title="bbox 405 1283 2002 1354; baseline -0.003 -11"><span class='ocrx_word' id='word_1_95' title='bbox 405 1287 548 1343; x_wconf 87' lang='lat' dir='ltr'><em>meis</em></span> <span class='ocrx_word' id='word_1_96' title='bbox 580 1304 746 1343; x_wconf 87' lang='lat' dir='ltr'><em>eruas</em></span> <span class='ocrx_word' id='word_1_97' title='bbox 773 1304 889 1354; x_wconf 92' lang='lat' dir='ltr'><em>me,</em></span> <span class='ocrx_word' id='word_1_98' title='bbox 940 1289 1040 1342; x_wconf 91' lang='lat' dir='ltr'><em>sed</em></span> <span class='ocrx_word' id='word_1_99' title='bbox 1087 1287 1265 1342; x_wconf 91' lang='lat' dir='ltr'><em>etiam</em></span> <span class='ocrx_word' id='word_1_100' title='bbox 1297 1287 1432 1352; x_wconf 87' lang='lat' dir='ltr'><em>vide,</em></span> <span class='ocrx_word' id='word_1_101' title='bbox 1476 1285 1533 1340; x_wconf 92' lang='lat' dir='ltr'><em>id</em></span> <span class='ocrx_word' id='word_1_102' title='bbox 1565 1287 1650 1339; x_wconf 92' lang='lat' dir='ltr'><em>est</em></span> <span class='ocrx_word' id='word_1_103' title='bbox 1679 1283 2002 1339; x_wconf 85' lang='lat' dir='ltr'><em>misericor—</em></span> 
     </span>
    </p>
   </div>
   <div class='ocr_carea' id='block_1_15' title="bbox 393 1374 2008 1449">
    <p class='ocr_par' dir='ltr' id='par_1_15' title="bbox 393 1374 2008 1449">
     <span class='ocr_line' id='line_1_15' title="bbox 393 1374 2008 1449; baseline -0.002 -19"><span class='ocrx_word' id='word_1_104' title='bbox 393 1375 544 1432; x_wconf 81' lang='lat' dir='ltr'><em>diter</em></span> <span class='ocrx_word' id='word_1_105' title='bbox 579 1376 790 1449; x_wconf 85' lang='lat' dir='ltr'><em>aspice,</em></span> <span class='ocrx_word' id='word_1_106' title='bbox 839 1375 1196 1430; x_wconf 80' lang='lat' dir='ltr'><em>humilitatem</em></span> <span class='ocrx_word' id='word_1_107' title='bbox 1225 1391 1416 1441; x_wconf 78' lang='lat' dir='ltr'><em>meam,</em></span> <span class='ocrx_word' id='word_1_108' title='bbox 1455 1374 1512 1428; x_wconf 91' lang='lat' dir='ltr'><em>id</em></span> <span class='ocrx_word' id='word_1_109' title='bbox 1555 1377 1640 1428; x_wconf 90' lang='lat' dir='ltr'><em>est</em></span> <span class='ocrx_word' id='word_1_110' title='bbox 1664 1374 2008 1445; x_wconf 90' lang='lat' dir='ltr'><em>inquantum</em></span> 
     </span>
    </p>
   </div>
   <div class='ocr_carea' id='block_1_16' title="bbox 401 1461 2005 1534">
    <p class='ocr_par' dir='ltr' id='par_1_16' title="bbox 401 1461 2005 1534">
     <span class='ocr_line' id='line_1_16' title="bbox 401 1461 2005 1534; baseline -0.002 -15"><span class='ocrx_word' id='word_1_111' title='bbox 401 1481 495 1519; x_wconf 93' lang='lat' dir='ltr'><em>me</em></span> <span class='ocrx_word' id='word_1_112' title='bbox 520 1464 822 1519; x_wconf 90' lang='lat' dir='ltr'><em>humiliem</em></span> <span class='ocrx_word' id='word_1_113' title='bbox 859 1481 1000 1534; x_wconf 88' lang='lat' dir='ltr'><em>erga</em></span> <span class='ocrx_word' id='word_1_114' title='bbox 1022 1466 1108 1532; x_wconf 89' lang='lat' dir='ltr'><em>te;</em></span> <span class='ocrx_word' id='word_1_115' title='bbox 1137 1472 1187 1518; x_wconf 90' lang='lat' dir='ltr'><em>et</em></span> <span class='ocrx_word' id='word_1_116' title='bbox 1219 1463 1450 1517; x_wconf 81' lang='lat' dir='ltr'><em>laborem</em></span> <span class='ocrx_word' id='word_1_117' title='bbox 1498 1480 1673 1518; x_wconf 87' lang='lat' dir='ltr'><em>meum</em></span> <span class='ocrx_word' id='word_1_118' title='bbox 1703 1477 1876 1533; x_wconf 90' lang='lat' dir='ltr'><em>quem</em></span> <span class='ocrx_word' id='word_1_119' title='bbox 1903 1461 2005 1515; x_wconf 90' lang='lat' dir='ltr'><em>ha-</em></span> 
     </span>
    </p>
   </div>
   <div class='ocr_carea' id='block_1_17' title="bbox 400 1549 2002 1623">
    <p class='ocr_par' dir='ltr' id='par_1_17' title="bbox 400 1549 2002 1623">
     <span class='ocr_line' id='line_1_17' title="bbox 400 1549 2002 1623; baseline -0.004 -15"><span class='ocrx_word' id='word_1_120' title='bbox 400 1554 510 1608; x_wconf 86' lang='lat' dir='ltr'><em>beo</em></span> <span class='ocrx_word' id='word_1_121' title='bbox 561 1552 908 1623; x_wconf 89' lang='lat' dir='ltr'><em>jejunando,</em></span> <span class='ocrx_word' id='word_1_122' title='bbox 946 1551 1104 1606; x_wconf 86' lang='lat' dir='ltr'><em>omni</em></span> <span class='ocrx_word' id='word_1_123' title='bbox 1137 1553 1313 1607; x_wconf 93' lang='lat' dir='ltr'><em>modo</em></span> <span class='ocrx_word' id='word_1_124' title='bbox 1347 1569 1440 1606; x_wconf 91' lang='lat' dir='ltr'><em>me</em></span> <span class='ocrx_word' id='word_1_125' title='bbox 1473 1569 1575 1623; x_wconf 88' lang='lat' dir='ltr'><em>pro</em></span> <span class='ocrx_word' id='word_1_126' title='bbox 1607 1549 1827 1605; x_wconf 85' lang='lat' dir='ltr'><em>delictis</em></span> <span class='ocrx_word' id='word_1_127' title='bbox 1858 1549 2002 1604; x_wconf 91' lang='lat' dir='ltr'><em>meis</em></span> 
     </span>
    </p>
   </div>
   <div class='ocr_carea' id='block_1_18' title="bbox 399 1639 2009 1712">
    <p class='ocr_par' dir='ltr' id='par_1_18' title="bbox 399 1639 2009 1712">
     <span class='ocr_line' id='line_1_18' title="bbox 399 1639 2009 1712; baseline -0.003 -17"><span class='ocrx_word' id='word_1_128' title='bbox 399 1641 740 1712; x_wconf 76' lang='lat' dir='ltr'><em>al‘ﬂigendo.</em></span> <span class='ocrx_word' id='word_1_129' title='bbox 783 1641 850 1694; x_wconf 89' lang='lat' dir='ltr'><em>Et</em></span> <span class='ocrx_word' id='word_1_130' title='bbox 877 1643 1116 1712; x_wconf 85' lang='lat' dir='ltr'><em>propter</em></span> <span class='ocrx_word' id='word_1_131' title='bbox 1147 1641 1248 1694; x_wconf 88' lang='lat' dir='ltr'><em>has</em></span> <span class='ocrx_word' id='word_1_132' title='bbox 1277 1656 1496 1706; x_wconf 85' lang='lat' dir='ltr'><em>causas,</em></span> <span class='ocrx_word' id='word_1_133' title='bbox 1527 1639 1738 1693; x_wconf 78' lang='lat' dir='ltr'><em>dimitte</em></span> <span class='ocrx_word' id='word_1_134' title='bbox 1764 1639 2009 1692; x_wconf 81' lang='lat' dir='ltr'><em>universa</em></span> 
     </span>
    </p>
   </div>
   <div class='ocr_carea' id='block_1_19' title="bbox 2119 480 3729 554">
    <p class='ocr_par' dir='ltr' id='par_1_19' title="bbox 2119 480 3729 554">
     <span class='ocr_line' id='line_1_19' title="bbox 2119 480 3729 554; baseline 0.001 -18"><span class='ocrx_word' id='word_1_135' title='bbox 2119 481 2452 536; x_wconf 85' lang='lat' dir='ltr'><em>cedentium</em></span> <span class='ocrx_word' id='word_1_136' title='bbox 2469 499 2536 536; x_wconf 87' lang='lat' dir='ltr'><em>ex</em></span> <span class='ocrx_word' id='word_1_137' title='bbox 2568 481 2872 536; x_wconf 87' lang='lat' dir='ltr'><em>securitate</em></span> <span class='ocrx_word' id='word_1_138' title='bbox 2889 480 3236 536; x_wconf 73' lang='lat' dir='ltr'><em>innocentiae</em></span> <span class='ocrx_word' id='word_1_139' title='bbox 3251 483 3310 537; x_wconf 92' lang='lat' dir='ltr'><em>et</em></span> <span class='ocrx_word' id='word_1_140' title='bbox 3328 482 3564 554; x_wconf 78' lang='lat' dir='ltr'><em>justitiae</em></span> <span class='ocrx_word' id='word_1_141' title='bbox 3585 499 3729 550; x_wconf 66' lang='lat' dir='ltr'><em>suae,</em></span> 
     </span>
    </p>
   </div>
   <div class='ocr_carea' id='block_1_20' title="bbox 2117 569 3728 644">
    <p class='ocr_par' dir='ltr' id='par_1_20' title="bbox 2117 569 3728 644">
     <span class='ocr_line' id='line_1_20' title="bbox 2117 569 3728 644; baseline 0.001 -20"><span class='ocrx_word' id='word_1_142' title='bbox 2117 572 2180 624; x_wconf 91' lang='lat' dir='ltr'><em>ut</em></span> <span class='ocrx_word' id='word_1_143' title='bbox 2197 570 2689 640; x_wconf 88' lang='lat' dir='ltr'><em>Deusjudiceteos</em></span> <span class='ocrx_word' id='word_1_144' title='bbox 2705 569 2762 624; x_wconf 89' lang='lat' dir='ltr'><em>in</em></span> <span class='ocrx_word' id='word_1_145' title='bbox 2786 570 3327 638; x_wconf 86' lang='lat' dir='ltr'><em>futuro,secundum</em></span> <span class='ocrx_word' id='word_1_146' title='bbox 3349 571 3503 644; x_wconf 90' lang='lat' dir='ltr'><em>quod</em></span> <span class='ocrx_word' id='word_1_147' title='bbox 3519 587 3728 626; x_wconf 90' lang='lat' dir='ltr'><em>eorum</em></span> 
     </span>
    </p>
   </div>
   <div class='ocr_carea' id='block_1_21' title="bbox 2114 657 3728 730">
    <p class='ocr_par' dir='ltr' id='par_1_21' title="bbox 2114 657 3728 730">
     <span class='ocr_line' id='line_1_21' title="bbox 2114 657 3728 730; baseline 0.001 -18"><span class='ocrx_word' id='word_1_148' title='bbox 2114 657 2756 730; x_wconf 87' lang='lat' dir='ltr'><em>innocentiaetjustitia</em></span> <span class='ocrx_word' id='word_1_149' title='bbox 2790 662 3175 730; x_wconf 81' lang='lat' dir='ltr'><strong>promeretur.</strong></span> <span class='ocrx_word' id='word_1_150' title='bbox 3202 659 3518 714; x_wconf 89' lang='lat' dir='ltr'><em>Ostendent</em></span> <span class='ocrx_word' id='word_1_151' title='bbox 3546 658 3728 714; x_wconf 89' lang='lat' dir='ltr'><em>etiam</em></span> 
     </span>
    </p>
   </div>
   <div class='ocr_carea' id='block_1_22' title="bbox 2115 748 3733 821">
    <p class='ocr_par' dir='ltr' id='par_1_22' title="bbox 2115 748 3733 821">
     <span class='ocr_line' id='line_1_22' title="bbox 2115 748 3733 821; baseline 0.002 -20"><span class='ocrx_word' id='word_1_152' title='bbox 2115 764 2218 820; x_wconf 92' lang='lat' dir='ltr'><em>per</em></span> <span class='ocrx_word' id='word_1_153' title='bbox 2238 753 2431 821; x_wconf 90' lang='lat' dir='ltr'><em>partes</em></span> <span class='ocrx_word' id='word_1_154' title='bbox 2448 749 2846 804; x_wconf 86' lang='lat' dir='ltr'><em>innocentiam</em></span> <span class='ocrx_word' id='word_1_155' title='bbox 2861 752 2918 804; x_wconf 93' lang='lat' dir='ltr'><em>et</em></span> <span class='ocrx_word' id='word_1_156' title='bbox 2927 748 3212 820; x_wconf 89' lang='lat' dir='ltr'><em>justitiam</em></span> <span class='ocrx_word' id='word_1_157' title='bbox 3230 753 3478 815; x_wconf 88' lang='lat' dir='ltr'><em>suam,et</em></span> <span class='ocrx_word' id='word_1_158' title='bbox 3489 749 3733 820; x_wconf 86' lang='lat' dir='ltr'><em>promit-</em></span> 
     </span>
    </p>
   </div>
   <div class='ocr_carea' id='block_1_23' title="bbox 2111 836 3734 910">
    <p class='ocr_par' dir='ltr' id='par_1_23' title="bbox 2111 836 3734 910">
     <span class='ocr_line' id='line_1_23' title="bbox 2111 836 3734 910; baseline 0 -20"><span class='ocrx_word' id='word_1_159' title='bbox 2111 839 2240 890; x_wconf 91' lang='lat' dir='ltr'><em>tunt</em></span> <span class='ocrx_word' id='word_1_160' title='bbox 2255 853 2313 891; x_wconf 91' lang='lat' dir='ltr'><em>se</em></span> <span class='ocrx_word' id='word_1_161' title='bbox 2328 837 2512 909; x_wconf 85' lang='lat' dir='ltr'><em>magis</em></span> <span class='ocrx_word' id='word_1_162' title='bbox 2524 836 2674 891; x_wconf 89' lang='lat' dir='ltr'><em>inhis</em></span> <span class='ocrx_word' id='word_1_163' title='bbox 2686 854 2807 892; x_wconf 89' lang='lat' dir='ltr'><em>esse</em></span> <span class='ocrx_word' id='word_1_164' title='bbox 2821 836 3226 905; x_wconf 89' lang='lat' dir='ltr'><em>intendendos,</em></span> <span class='ocrx_word' id='word_1_165' title='bbox 3237 841 3298 892; x_wconf 89' lang='lat' dir='ltr'><em>ut</em></span> <span class='ocrx_word' id='word_1_166' title='bbox 3309 837 3500 892; x_wconf 89' lang='lat' dir='ltr'><em>minus</em></span> <span class='ocrx_word' id='word_1_167' title='bbox 3510 837 3734 910; x_wconf 84' lang='lat' dir='ltr'><em>perfec-</em></span> 
     </span>
    </p>
   </div>
   <div class='ocr_carea' id='block_1_24' title="bbox 2115 924 3730 997">
    <p class='ocr_par' dir='ltr' id='par_1_24' title="bbox 2115 924 3730 997">
     <span class='ocr_line' id='line_1_24' title="bbox 2115 924 3730 997; baseline 0.002 -20"><span class='ocrx_word' id='word_1_168' title='bbox 2115 925 2201 978; x_wconf 90' lang='lat' dir='ltr'><em>tos</em></span> <span class='ocrx_word' id='word_1_169' title='bbox 2213 924 2285 978; x_wconf 90' lang='lat' dir='ltr'><em>ad</em></span> <span class='ocrx_word' id='word_1_170' title='bbox 2306 925 2429 978; x_wconf 67' lang='grc' dir='ltr'><em>1]ωο</em></span> <span class='ocrx_word' id='word_1_171' title='bbox 2445 925 2707 997; x_wconf 84' lang='lat' dir='ltr'><em>exemplo</em></span> <span class='ocrx_word' id='word_1_172' title='bbox 2730 941 2830 978; x_wconf 92' lang='lat' dir='ltr'><em>suo</em></span> <span class='ocrx_word' id='word_1_173' title='bbox 2855 925 3230 980; x_wconf 86' lang='lat' dir='ltr'><strong>vehementer</strong></span> <span class='ocrx_word' id='word_1_174' title='bbox 3249 925 3730 996; x_wconf 86' lang='lat' dir='ltr'><em>invitent.Velpo-</em></span> 
     </span>
    </p>
   </div>
   <div class='ocr_carea' id='block_1_25' title="bbox 2113 1011 3728 1084">
    <p class='ocr_par' dir='ltr' id='par_1_25' title="bbox 2113 1011 3728 1084">
     <span class='ocr_line' id='line_1_25' title="bbox 2113 1011 3728 1084; baseline 0.002 -18"><span class='ocrx_word' id='word_1_175' title='bbox 2113 1014 2224 1066; x_wconf 89' lang='lat' dir='ltr'><em>test</em></span> <span class='ocrx_word' id='word_1_176' title='bbox 2249 1011 2342 1066; x_wconf 90' lang='lat' dir='ltr'><em>hic</em></span> <span class='ocrx_word' id='word_1_177' title='bbox 2375 1013 2562 1068; x_wconf 88' lang='lat' dir='ltr'><em>oratio</em></span> <span class='ocrx_word' id='word_1_178' title='bbox 2595 1030 2736 1079; x_wconf 79' lang='lat' dir='ltr'><em>esse,</em></span> <span class='ocrx_word' id='word_1_179' title='bbox 2771 1017 2834 1068; x_wconf 90' lang='lat' dir='ltr'><em>ut</em></span> <span class='ocrx_word' id='word_1_180' title='bbox 2857 1014 3006 1068; x_wconf 89' lang='lat' dir='ltr'><em>Deus</em></span> <span class='ocrx_word' id='word_1_181' title='bbox 3035 1013 3249 1068; x_wconf 87' lang='lat' dir='ltr'><em>scilicet</em></span> <span class='ocrx_word' id='word_1_182' title='bbox 3269 1030 3367 1069; x_wconf 90' lang='lat' dir='ltr'><em>eos</em></span> <span class='ocrx_word' id='word_1_183' title='bbox 3389 1013 3632 1084; x_wconf 89' lang='lat' dir='ltr'><em>judicet,</em></span> <span class='ocrx_word' id='word_1_184' title='bbox 3665 1014 3728 1070; x_wconf 89' lang='lat' dir='ltr'><em>id</em></span> 
     </span>
    </p>
   </div>
   <div class='ocr_carea' id='block_1_26' title="bbox 2111 1101 3725 1174">
    <p class='ocr_par' dir='ltr' id='par_1_26' title="bbox 2111 1101 3725 1174">
     <span class='ocr_line' id='line_1_26' title="bbox 2111 1101 3725 1174; baseline 0.002 -21"><span class='ocrx_word' id='word_1_185' title='bbox 2111 1103 2197 1154; x_wconf 89' lang='lat' dir='ltr'><em>est</em></span> <span class='ocrx_word' id='word_1_186' title='bbox 2211 1101 2498 1156; x_wconf 84' lang='lat' dir='ltr'><em>discernat</em></span> <span class='ocrx_word' id='word_1_187' title='bbox 2521 1101 2580 1156; x_wconf 90' lang='lat' dir='ltr'><em>in</em></span> <span class='ocrx_word' id='word_1_188' title='bbox 2604 1101 2796 1157; x_wconf 77' lang='lat' dir='ltr'><em>futuro</em></span> <span class='ocrx_word' id='word_1_189' title='bbox 2815 1118 2848 1156; x_wconf 87' lang='lat' dir='ltr'><em>a</em></span> <span class='ocrx_word' id='word_1_190' title='bbox 2874 1118 3062 1156; x_wconf 86' lang='lat' dir='ltr'><em>massa</em></span> <span class='ocrx_word' id='word_1_191' title='bbox 3089 1103 3468 1174; x_wconf 89' lang='lat' dir='ltr'><em>perditorum,</em></span> <span class='ocrx_word' id='word_1_192' title='bbox 3495 1119 3568 1156; x_wconf 90' lang='lat' dir='ltr'><em>ne</em></span> <span class='ocrx_word' id='word_1_193' title='bbox 3591 1119 3725 1157; x_wconf 89' lang='lat' dir='ltr'><em>cum</em></span> 
     </span>
    </p>
   </div>
   <div class='ocr_carea' id='block_1_27' title="bbox 2111 1188 3720 1260">
    <p class='ocr_par' dir='ltr' id='par_1_27' title="bbox 2111 1188 3720 1260">
     <span class='ocr_line' id='line_1_27' title="bbox 2111 1188 3720 1260; baseline 0.001 -17"><span class='ocrx_word' id='word_1_194' title='bbox 2111 1189 2244 1260; x_wconf 88' lang='lat' dir='ltr'><em>ipsis</em></span> <span class='ocrx_word' id='word_1_195' title='bbox 2277 1189 2431 1244; x_wconf 91' lang='lat' dir='ltr'><em>misti</em></span> <span class='ocrx_word' id='word_1_196' title='bbox 2483 1189 2615 1256; x_wconf 90' lang='lat' dir='ltr'><em>sint,</em></span> <span class='ocrx_word' id='word_1_197' title='bbox 2647 1189 2790 1244; x_wconf 86' lang='lat' dir='ltr'><em>sicut</em></span> <span class='ocrx_word' id='word_1_198' title='bbox 2823 1188 2882 1244; x_wconf 89' lang='lat' dir='ltr'><em>in</em></span> <span class='ocrx_word' id='word_1_199' title='bbox 2917 1190 3025 1244; x_wconf 89' lang='lat' dir='ltr'><em>hoc</em></span> <span class='ocrx_word' id='word_1_200' title='bbox 3057 1190 3276 1245; x_wconf 91' lang='lat' dir='ltr'><em>mundo</em></span> <span class='ocrx_word' id='word_1_201' title='bbox 3313 1193 3466 1246; x_wconf 92' lang='lat' dir='ltr'><em>sunt.</em></span> <span class='ocrx_word' id='word_1_202' title='bbox 3497 1190 3720 1244; x_wconf 69' lang='lat' dir='ltr'><em>Caetera</em></span> 
     </span>
    </p>
   </div>
   <div class='ocr_carea' id='block_1_28' title="bbox 2111 1277 3722 1350">
    <p class='ocr_par' dir='ltr' id='par_1_28' title="bbox 2111 1277 3722 1350">
     <span class='ocr_line' id='line_1_28' title="bbox 2111 1277 3722 1350; baseline 0.001 -19"><span class='ocrx_word' id='word_1_203' title='bbox 2111 1277 2539 1350; x_wconf 19' lang='lat' dir='ltr'><em>deﬂintentione</em></span> <span class='ocrx_word' id='word_1_204' title='bbox 2562 1295 2680 1333; x_wconf 90' lang='lat' dir='ltr'><em>non</em></span> <span class='ocrx_word' id='word_1_205' title='bbox 2713 1281 2971 1334; x_wconf 83' lang='lat' dir='ltr'><em>mutatur</em></span> <span class='ocrx_word' id='word_1_206' title='bbox 2994 1298 3008 1332; x_wconf 92' lang='lat'><em>:</em></span> <span class='ocrx_word' id='word_1_207' title='bbox 3031 1277 3328 1334; x_wconf 89' lang='lat' dir='ltr'><em>istudvero</em></span> <span class='ocrx_word' id='word_1_208' title='bbox 3359 1277 3437 1332; x_wconf 91' lang='lat' dir='ltr'><em>sic</em></span> <span class='ocrx_word' id='word_1_209' title='bbox 3467 1277 3678 1350; x_wconf 82' lang='lat' dir='ltr'><em>incipit</em></span> <span class='ocrx_word' id='word_1_210' title='bbox 3706 1295 3722 1332; x_wconf 92' lang='lat'><em>:</em></span> 
     </span>
    </p>
   </div>
   <div class='ocr_carea' id='block_1_29' title="bbox 2189 1349 3726 1438">
    <p class='ocr_par' dir='ltr' id='par_1_29' title="bbox 2189 1349 3726 1438">
     <span class='ocr_line' id='line_1_29' title="bbox 2189 1349 3726 1438; baseline 0.001 -18"><span class='ocrx_word' id='word_1_211' title='bbox 2189 1349 2318 1438; x_wconf 81' lang='lat'><em>75</em></span> <span class='ocrx_word' id='word_1_212' title='bbox 2339 1367 2544 1421; x_wconf 78' lang='lat' dir='ltr'><em>Judica</em></span> <span class='ocrx_word' id='word_1_213' title='bbox 2566 1366 2926 1434; x_wconf 84' lang='lat' dir='ltr'><em>me,Domine,</em></span> <span class='ocrx_word' id='word_1_214' title='bbox 2945 1367 3003 1420; x_wconf 93' lang='lat' dir='ltr'><em>in</em></span> <span class='ocrx_word' id='word_1_215' title='bbox 3029 1367 3220 1421; x_wconf 87' lang='lat' dir='ltr'><em>futuro</em></span> <span class='ocrx_word' id='word_1_216' title='bbox 3238 1367 3556 1422; x_wconf 90' lang='lat' dir='ltr'><em>secundum</em></span> <span class='ocrx_word' id='word_1_217' title='bbox 3568 1349 3726 1438; x_wconf 90' lang='lat' dir='ltr'><em>quod</em></span> 
     </span>
    </p>
   </div>
   <div class='ocr_carea' id='block_1_30' title="bbox 2103 1455 3718 1527">
    <p class='ocr_par' dir='ltr' id='par_1_30' title="bbox 2103 1455 3718 1527">
     <span class='ocr_line' id='line_1_30' title="bbox 2103 1455 3718 1527; baseline 0 -17"><span class='ocrx_word' id='word_1_218' title='bbox 2103 1456 2326 1526; x_wconf 88' lang='lat' dir='ltr'><em>justum</em></span> <span class='ocrx_word' id='word_1_219' title='bbox 2355 1458 2459 1510; x_wconf 89' lang='lat' dir='ltr'><em>est.</em></span> <span class='ocrx_word' id='word_1_220' title='bbox 2486 1455 2752 1522; x_wconf 82' lang='lat' dir='ltr'><em>Quoniam</em></span> <span class='ocrx_word' id='word_1_221' title='bbox 2787 1473 2899 1525; x_wconf 85' lang='lat' dir='ltr'><em>ego,</em></span> <span class='ocrx_word' id='word_1_222' title='bbox 2917 1455 3015 1527; x_wconf 90' lang='lat' dir='ltr'><em>qui</em></span> <span class='ocrx_word' id='word_1_223' title='bbox 3044 1455 3152 1511; x_wconf 90' lang='lat' dir='ltr'><em>hoc</em></span> <span class='ocrx_word' id='word_1_224' title='bbox 3185 1456 3540 1512; x_wconf 83' lang='lat' dir='ltr'><em>concedo.in</em></span> <span class='ocrx_word' id='word_1_225' title='bbox 3565 1459 3718 1510; x_wconf 83' lang='lat' dir='ltr'><em>inno-</em></span> 
     </span>
    </p>
   </div>
   <div class='ocr_carea' id='block_1_31' title="bbox 2109 1540 3724 1616">
    <p class='ocr_par' dir='ltr' id='par_1_31' title="bbox 2109 1540 3724 1616">
     <span class='ocr_line' id='line_1_31' title="bbox 2109 1540 3724 1616; baseline 0 -18"><span class='ocrx_word' id='word_1_226' title='bbox 2109 1545 2283 1599; x_wconf 85' lang='lat' dir='ltr'><em>centia</em></span> <span class='ocrx_word' id='word_1_227' title='bbox 2347 1540 2462 1598; x_wconf 80' lang='lat' dir='ltr'><em>mea</em></span> <span class='ocrx_word' id='word_1_228' title='bbox 2519 1544 2736 1616; x_wconf 87' lang='lat' dir='ltr'><em>positus</em></span> <span class='ocrx_word' id='word_1_229' title='bbox 2790 1547 3049 1613; x_wconf 76' lang='lat' dir='ltr'><em>ingressus</em></span> <span class='ocrx_word' id='word_1_230' title='bbox 3087 1561 3226 1610; x_wconf 85' lang='lat' dir='ltr'><em>sum,</em></span> <span class='ocrx_word' id='word_1_231' title='bbox 3283 1543 3340 1600; x_wconf 92' lang='lat' dir='ltr'><em>id</em></span> <span class='ocrx_word' id='word_1_232' title='bbox 3392 1547 3478 1599; x_wconf 90' lang='lat' dir='ltr'><em>est</em></span> <span class='ocrx_word' id='word_1_233' title='bbox 3520 1543 3724 1599; x_wconf 90' lang='lat' dir='ltr'><em>incessi</em></span> 
     </span>
    </p>
   </div>
   <div class='ocr_carea' id='block_1_32' title="bbox 2109 1632 3718 1696">
    <p class='ocr_par' dir='ltr' id='par_1_32' title="bbox 2109 1632 3718 1696">
     <span class='ocr_line' id='line_1_32' title="bbox 2109 1632 3718 1696; baseline 0.001 -10"><span class='ocrx_word' id='word_1_234' title='bbox 2109 1633 2264 1687; x_wconf 89' lang='lat' dir='ltr'><em>viam</em></span> <span class='ocrx_word' id='word_1_235' title='bbox 2299 1633 2709 1687; x_wconf 86' lang='lat' dir='ltr'><em>mandatorum</em></span> <span class='ocrx_word' id='word_1_236' title='bbox 2737 1633 3170 1696; x_wconf 90' lang='lat' dir='ltr'><em>tuorum.Quod</em></span> <span class='ocrx_word' id='word_1_237' title='bbox 3203 1637 3288 1688; x_wconf 91' lang='lat' dir='ltr'><em>est</em></span> <span class='ocrx_word' id='word_1_238' title='bbox 3316 1632 3527 1687; x_wconf 90' lang='lat' dir='ltr'><em>dicere:</em></span> <span class='ocrx_word' id='word_1_239' title='bbox 3564 1633 3718 1696; x_wconf 87' lang='lat' dir='ltr'><em>Quo-</em></span> 
     </span>
    </p>
   </div>
   <div class='ocr_carea' id='block_1_33' title="bbox 401 1719 3727 1796">
    <p class='ocr_par' dir='ltr' id='par_1_33' title="bbox 401 1719 3727 1796">
     <span class='ocr_line' id='line_1_33' title="bbox 401 1719 3727 1796; baseline -0.002 -13"><span class='ocrx_word' id='word_1_240' title='bbox 401 1729 589 1784; x_wconf 84' lang='lat' dir='ltr'><em>delicta</em></span> <span class='ocrx_word' id='word_1_241' title='bbox 617 1745 754 1796; x_wconf 88' lang='lat' dir='ltr'><em>mea,</em></span> <span class='ocrx_word' id='word_1_242' title='bbox 784 1745 900 1783; x_wconf 91' lang='lat' dir='ltr'><em>non</em></span> <span class='ocrx_word' id='word_1_243' title='bbox 932 1729 1117 1782; x_wconf 92' lang='lat' dir='ltr'><em>solum</em></span> <span class='ocrx_word' id='word_1_244' title='bbox 1145 1727 1408 1796; x_wconf 87' lang='lat' dir='ltr'><em>venialia,</em></span> <span class='ocrx_word' id='word_1_245' title='bbox 1441 1729 1540 1783; x_wconf 92' lang='lat' dir='ltr'><em>sed</em></span> <span class='ocrx_word' id='word_1_246' title='bbox 1568 1731 1626 1781; x_wconf 92' lang='lat' dir='ltr'><em>et</em></span> <span class='ocrx_word' id='word_1_247' title='bbox 1667 1725 2006 1782; x_wconf 83' lang='lat' dir='ltr'><em>criminalia.</em></span> <span class='ocrx_word' id='word_1_248' title='bbox 2037 1727 2088 1786; x_wconf 92' lang='lat' dir='ltr'>B</span> <span class='ocrx_word' id='word_1_249' title='bbox 2113 1721 2269 1776; x_wconf 87' lang='lat' dir='ltr'><em>niam</em></span> <span class='ocrx_word' id='word_1_250' title='bbox 2297 1722 2354 1776; x_wconf 88' lang='lat' dir='ltr'><em>in</em></span> <span class='ocrx_word' id='word_1_251' title='bbox 2388 1722 2719 1776; x_wconf 85' lang='lat' dir='ltr'><em>innocentia</em></span> <span class='ocrx_word' id='word_1_252' title='bbox 2749 1739 2882 1777; x_wconf 87' lang='lat' dir='ltr'><em>mea</em></span> <span class='ocrx_word' id='word_1_253' title='bbox 2925 1721 3299 1792; x_wconf 90' lang='lat' dir='ltr'><em>perseveravi.</em></span> <span class='ocrx_word' id='word_1_254' title='bbox 3333 1723 3432 1776; x_wconf 87' lang='lat' dir='ltr'><em>Vel</em></span> <span class='ocrx_word' id='word_1_255' title='bbox 3457 1722 3533 1776; x_wconf 88' lang='lat' dir='ltr'><em>sic</em></span> <span class='ocrx_word' id='word_1_256' title='bbox 3564 1725 3628 1775; x_wconf 88' lang='lat' dir='ltr'><em>ut</em></span> <span class='ocrx_word' id='word_1_257' title='bbox 3655 1719 3727 1775; x_wconf 88' lang='lat' dir='ltr'><em>sit</em></span> 
     </span>
    </p>
   </div>
   <div class='ocr_carea' id='block_1_34' title="bbox 403 1814 2010 1890">
    <p class='ocr_par' dir='ltr' id='par_1_34' title="bbox 403 1814 2010 1890">
     <span class='ocr_line' id='line_1_34' title="bbox 403 1814 2010 1890; baseline -0.002 -18"><span class='ocrx_word' id='word_1_258' title='bbox 403 1818 720 1890; x_wconf 85' lang='lat' dir='ltr'><em>Postquam</em></span> <span class='ocrx_word' id='word_1_259' title='bbox 750 1833 884 1871; x_wconf 90' lang='lat' dir='ltr'><em>vero</em></span> <span class='ocrx_word' id='word_1_260' title='bbox 913 1815 1197 1870; x_wconf 87' lang='lat' dir='ltr'><em>dimiseris</em></span> <span class='ocrx_word' id='word_1_261' title='bbox 1225 1820 1476 1888; x_wconf 86' lang='lat' dir='ltr'><em>peccata,</em></span> <span class='ocrx_word' id='word_1_262' title='bbox 1511 1833 1583 1870; x_wconf 90' lang='lat' dir='ltr'><em>ne</em></span> <span class='ocrx_word' id='word_1_263' title='bbox 1626 1814 1898 1879; x_wconf 86' lang='lat' dir='ltr'><em>recidam,</em></span> <span class='ocrx_word' id='word_1_264' title='bbox 1931 1832 2010 1868; x_wconf 89' lang='lat' dir='ltr'><em>re-</em></span> 
     </span>
    </p>
   </div>
   <div class='ocr_carea' id='block_1_35' title="bbox 396 1903 2012 1977">
    <p class='ocr_par' dir='ltr' id='par_1_35' title="bbox 396 1903 2012 1977">
     <span class='ocr_line' id='line_1_35' title="bbox 396 1903 2012 1977; baseline -0.001 -19"><span class='ocrx_word' id='word_1_265' title='bbox 396 1907 534 1976; x_wconf 83' lang='lat' dir='ltr'><em>spice</em></span> <span class='ocrx_word' id='word_1_266' title='bbox 563 1905 806 1959; x_wconf 86' lang='lat' dir='ltr'><em>inimicos</em></span> <span class='ocrx_word' id='word_1_267' title='bbox 825 1922 962 1959; x_wconf 87' lang='lat' dir='ltr'><em>meos</em></span> <span class='ocrx_word' id='word_1_268' title='bbox 988 1905 1084 1977; x_wconf 87' lang='lat' dir='ltr'><em>qui</em></span> <span class='ocrx_word' id='word_1_269' title='bbox 1113 1907 1311 1960; x_wconf 88' lang='lat' dir='ltr'><em>volunt</em></span> <span class='ocrx_word' id='word_1_270' title='bbox 1334 1922 1426 1959; x_wconf 90' lang='lat' dir='ltr'><em>me</em></span> <span class='ocrx_word' id='word_1_271' title='bbox 1445 1905 1745 1971; x_wconf 90' lang='lat' dir='ltr'><em>devocare,</em></span> <span class='ocrx_word' id='word_1_272' title='bbox 1778 1907 1842 1958; x_wconf 92' lang='lat' dir='ltr'><em>ut</em></span> <span class='ocrx_word' id='word_1_273' title='bbox 1871 1903 2012 1956; x_wconf 87' lang='lat' dir='ltr'><em>inef-</em></span> 
     </span>
    </p>
   </div>
   <div class='ocr_carea' id='block_1_36' title="bbox 403 1991 2006 2064">
    <p class='ocr_par' dir='ltr' id='par_1_36' title="bbox 403 1991 2006 2064">
     <span class='ocr_line' id='line_1_36' title="bbox 403 1991 2006 2064; baseline -0.001 -17"><span class='ocrx_word' id='word_1_274' title='bbox 403 1993 607 2048; x_wconf 82' lang='lat' dir='ltr'><em>ﬁcaces</em></span> <span class='ocrx_word' id='word_1_275' title='bbox 652 1993 844 2048; x_wconf 85' lang='lat' dir='ltr'><em>facias.</em></span> <span class='ocrx_word' id='word_1_276' title='bbox 913 1994 979 2046; x_wconf 90' lang='lat' dir='ltr'><em>Et</em></span> <span class='ocrx_word' id='word_1_277' title='bbox 1023 2011 1190 2049; x_wconf 85' lang='lat' dir='ltr'><em>neces</em></span> <span class='ocrx_word' id='word_1_278' title='bbox 1222 2011 1251 2048; x_wconf 88' lang='lat' dir='ltr'><em>e</em></span> <span class='ocrx_word' id='word_1_279' title='bbox 1305 1993 1443 2047; x_wconf 89' lang='lat' dir='ltr'><em>mihi</em></span> <span class='ocrx_word' id='word_1_280' title='bbox 1479 1997 1564 2047; x_wconf 89' lang='lat' dir='ltr'><em>est</em></span> <span class='ocrx_word' id='word_1_281' title='bbox 1607 1996 1669 2046; x_wconf 92' lang='lat' dir='ltr'><em>ut</em></span> <span class='ocrx_word' id='word_1_282' title='bbox 1720 1991 2006 2064; x_wconf 88' lang='lat' dir='ltr'><em>respicias,</em></span> 
     </span>
    </p>
   </div>
   <div class='ocr_carea' id='block_1_37' title="bbox 403 2080 2004 2154">
    <p class='ocr_par' dir='ltr' id='par_1_37' title="bbox 403 2080 2004 2154">
     <span class='ocr_line' id='line_1_37' title="bbox 403 2080 2004 2154; baseline -0.001 -20"><span class='ocrx_word' id='word_1_283' title='bbox 403 2085 656 2154; x_wconf 85' lang='lat' dir='ltr'><em>quoniam</em></span> <span class='ocrx_word' id='word_1_284' title='bbox 681 2081 1025 2152; x_wconf 80' lang='lat' dir='ltr'><em>multiplicati</em></span> <span class='ocrx_word' id='word_1_285' title='bbox 1038 2089 1184 2147; x_wconf 86' lang='lat' dir='ltr'><em>sunt,</em></span> <span class='ocrx_word' id='word_1_286' title='bbox 1207 2081 1262 2134; x_wconf 91' lang='lat' dir='ltr'><em>id</em></span> <span class='ocrx_word' id='word_1_287' title='bbox 1290 2085 1373 2135; x_wconf 87' lang='lat' dir='ltr'><em>est</em></span> <span class='ocrx_word' id='word_1_288' title='bbox 1404 2081 1568 2136; x_wconf 90' lang='lat' dir='ltr'><em>multi</em></span> <span class='ocrx_word' id='word_1_289' title='bbox 1601 2080 2004 2150; x_wconf 85' lang='lat' dir='ltr'><em>sunt,ideoque</em></span> 
     </span>
    </p>
   </div>
   <div class='ocr_carea' id='block_1_38' title="bbox 405 2165 2008 2224">
    <p class='ocr_par' dir='ltr' id='par_1_38' title="bbox 405 2165 2008 2224">
     <span class='ocr_line' id='line_1_38' title="bbox 405 2165 2008 2224; baseline -0.002 -2"><span class='ocrx_word' id='word_1_290' title='bbox 405 2169 758 2224; x_wconf 82' lang='lat' dir='ltr'><em>insufficiens</em></span> <span class='ocrx_word' id='word_1_291' title='bbox 786 2185 914 2223; x_wconf 93' lang='lat' dir='ltr'><em>sum</em></span> <span class='ocrx_word' id='word_1_292' title='bbox 946 2169 1208 2223; x_wconf 88' lang='lat' dir='ltr'><em>resistere</em></span> <span class='ocrx_word' id='word_1_293' title='bbox 1251 2169 1374 2224; x_wconf 90' lang='lat' dir='ltr'><em>sine</em></span> <span class='ocrx_word' id='word_1_294' title='bbox 1425 2173 1518 2223; x_wconf 90' lang='lat' dir='ltr'><em>te:</em></span> <span class='ocrx_word' id='word_1_295' title='bbox 1553 2173 1610 2222; x_wconf 92' lang='lat' dir='ltr'><em>et</em></span> <span class='ocrx_word' id='word_1_296' title='bbox 1641 2185 1758 2224; x_wconf 89' lang='lat' dir='ltr'><em>non</em></span> <span class='ocrx_word' id='word_1_297' title='bbox 1790 2172 1875 2222; x_wconf 87' lang='lat' dir='ltr'><em>est</em></span> <span class='ocrx_word' id='word_1_298' title='bbox 1900 2165 2008 2220; x_wconf 88' lang='lat' dir='ltr'><em>illis</em></span> 
     </span>
    </p>
   </div>
   <div class='ocr_carea' id='block_1_39' title="bbox 401 2255 2012 2328">
    <p class='ocr_par' dir='ltr' id='par_1_39' title="bbox 401 2255 2012 2328">
     <span class='ocr_line' id='line_1_39' title="bbox 401 2255 2012 2328; baseline -0.002 -18"><span class='ocrx_word' id='word_1_299' title='bbox 401 2255 548 2310; x_wconf 82' lang='lat' dir='ltr'><em>ratio</em></span> <span class='ocrx_word' id='word_1_300' title='bbox 579 2273 693 2328; x_wconf 90' lang='lat' dir='ltr'><em>qua</em></span> <span class='ocrx_word' id='word_1_301' title='bbox 720 2257 860 2310; x_wconf 89' lang='lat' dir='ltr'><em>mihi</em></span> <span class='ocrx_word' id='word_1_302' title='bbox 893 2255 1285 2323; x_wconf 86' lang='lat' dir='ltr'><em>inimicentur,</em></span> <span class='ocrx_word' id='word_1_303' title='bbox 1334 2257 1434 2311; x_wconf 90' lang='lat' dir='ltr'><em>sed</em></span> <span class='ocrx_word' id='word_1_304' title='bbox 1461 2257 1682 2312; x_wconf 84' lang='lat' dir='ltr'><em>oderunt</em></span> <span class='ocrx_word' id='word_1_305' title='bbox 1713 2273 1794 2310; x_wconf 85' lang='lat' dir='ltr'><em>me</em></span> <span class='ocrx_word' id='word_1_306' title='bbox 1832 2257 2012 2326; x_wconf 82' lang='lat' dir='ltr'><em>iniquo</em></span> 
     </span>
    </p>
   </div>
   <div class='ocr_carea' id='block_1_40' title="bbox 405 2343 2010 2410">
    <p class='ocr_par' dir='ltr' id='par_1_40' title="bbox 405 2343 2010 2410">
     <span class='ocr_line' id='line_1_40' title="bbox 405 2343 2010 2410; baseline 0 -14"><span class='ocrx_word' id='word_1_307' title='bbox 405 2345 546 2410; x_wconf 88' lang='lat' dir='ltr'><em>odio,</em></span> <span class='ocrx_word' id='word_1_308' title='bbox 574 2361 690 2398; x_wconf 90' lang='lat' dir='ltr'><em>non</em></span> <span class='ocrx_word' id='word_1_309' title='bbox 721 2344 899 2410; x_wconf 92' lang='lat' dir='ltr'><em>bono,</em></span> <span class='ocrx_word' id='word_1_310' title='bbox 951 2345 1007 2398; x_wconf 85' lang='lat' dir='ltr'><em>id</em></span> <span class='ocrx_word' id='word_1_311' title='bbox 1039 2347 1127 2399; x_wconf 90' lang='lat' dir='ltr'><em>est</em></span> <span class='ocrx_word' id='word_1_312' title='bbox 1153 2345 1362 2399; x_wconf 90' lang='lat' dir='ltr'><em>odiunt</em></span> <span class='ocrx_word' id='word_1_313' title='bbox 1417 2345 1473 2398; x_wconf 90' lang='lat' dir='ltr'><em>in</em></span> <span class='ocrx_word' id='word_1_314' title='bbox 1519 2361 1612 2398; x_wconf 90' lang='lat' dir='ltr'><em>me</em></span> <span class='ocrx_word' id='word_1_315' title='bbox 1669 2343 2010 2410; x_wconf 85' lang='lat' dir='ltr'><em>bonitatem,</em></span> 
     </span>
    </p>
   </div>
   <div class='ocr_carea' id='block_1_41' title="bbox 403 2431 2016 2504">
    <p class='ocr_par' dir='ltr' id='par_1_41' title="bbox 403 2431 2016 2504">
     <span class='ocr_line' id='line_1_41' title="bbox 403 2431 2016 2504; baseline 0 -19"><span class='ocrx_word' id='word_1_316' title='bbox 403 2433 556 2502; x_wconf 92' lang='lat' dir='ltr'><em>quod</em></span> <span class='ocrx_word' id='word_1_317' title='bbox 591 2432 788 2486; x_wconf 90' lang='lat' dir='ltr'><em>odium</em></span> <span class='ocrx_word' id='word_1_318' title='bbox 816 2431 1079 2504; x_wconf 90' lang='lat' dir='ltr'><em>iniquum</em></span> <span class='ocrx_word' id='word_1_319' title='bbox 1121 2436 1224 2487; x_wconf 92' lang='lat' dir='ltr'><em>est.</em></span> <span class='ocrx_word' id='word_1_320' title='bbox 1251 2433 1372 2488; x_wconf 88' lang='lat' dir='ltr'><em>Non</em></span> <span class='ocrx_word' id='word_1_321' title='bbox 1415 2432 1718 2498; x_wconf 88' lang='lat' dir='ltr'><em>malitiam,</em></span> <span class='ocrx_word' id='word_1_322' title='bbox 1749 2433 1902 2503; x_wconf 91' lang='lat' dir='ltr'><em>quod</em></span> <span class='ocrx_word' id='word_1_323' title='bbox 1931 2449 2016 2486; x_wconf 91' lang='lat' dir='ltr'><em>re-</em></span> 
     </span>
    </p>
   </div>
   <div class='ocr_carea' id='block_1_42' title="bbox 403 2518 2012 2592">
    <p class='ocr_par' dir='ltr' id='par_1_42' title="bbox 403 2518 2012 2592">
     <span class='ocr_line' id='line_1_42' title="bbox 403 2518 2012 2592; baseline 0.001 -20"><span class='ocrx_word' id='word_1_324' title='bbox 403 2522 560 2572; x_wconf 92' lang='lat' dir='ltr'><em>ctum</em></span> <span class='ocrx_word' id='word_1_325' title='bbox 601 2518 798 2574; x_wconf 90' lang='lat' dir='ltr'><em>odium</em></span> <span class='ocrx_word' id='word_1_326' title='bbox 833 2524 998 2576; x_wconf 88' lang='lat' dir='ltr'><em>esset.</em></span> <span class='ocrx_word' id='word_1_327' title='bbox 1058 2521 1222 2575; x_wconf 92' lang='lat' dir='ltr'><em>Unde</em></span> <span class='ocrx_word' id='word_1_328' title='bbox 1261 2520 1611 2592; x_wconf 88' lang='lat' dir='ltr'><em>Augustinus</em></span> <span class='ocrx_word' id='word_1_329' title='bbox 1640 2536 1652 2574; x_wconf 90' lang='lat'><em>:</em></span> <span class='ocrx_word' id='word_1_330' title='bbox 1695 2543 1722 2569; x_wconf 91' lang='grc'><em>‹‹</em></span> <span class='ocrx_word' id='word_1_331' title='bbox 1755 2521 1925 2574; x_wconf 81' lang='lat' dir='ltr'><em>Recte</em></span> <span class='ocrx_word' id='word_1_332' title='bbox 1956 2520 2012 2574; x_wconf 89' lang='lat' dir='ltr'><em>in</em></span> 
     </span>
    </p>
   </div>
   <div class='ocr_carea' id='block_1_43' title="bbox 402 2605 2009 2680">
    <p class='ocr_par' dir='ltr' id='par_1_43' title="bbox 402 2605 2009 2680">
     <span class='ocr_line' id='line_1_43' title="bbox 402 2605 2009 2680; baseline 0.001 -20"><span class='ocrx_word' id='word_1_333' title='bbox 402 2605 569 2661; x_wconf 88' lang='lat' dir='ltr'><em>malis</em></span> <span class='ocrx_word' id='word_1_334' title='bbox 590 2607 818 2662; x_wconf 90' lang='lat' dir='ltr'><em>odimus</em></span> <span class='ocrx_word' id='word_1_335' title='bbox 849 2607 1194 2663; x_wconf 82' lang='lat' dir='ltr'><em>malitiam.»</em></span> <span class='ocrx_word' id='word_1_336' title='bbox 1219 2609 1355 2664; x_wconf 83' lang='lat' dir='ltr'><em>Dico</em></span> <span class='ocrx_word' id='word_1_337' title='bbox 1374 2610 1570 2679; x_wconf 78' lang='lat' dir='ltr'><em>respice</em></span> <span class='ocrx_word' id='word_1_338' title='bbox 1596 2609 1863 2672; x_wconf 84' lang='lat' dir='ltr'><em>inimicos,</em></span> <span class='ocrx_word' id='word_1_339' title='bbox 1883 2625 2009 2680; x_wconf 85' lang='lat' dir='ltr'><em>quo-</em></span> 
     </span>
    </p>
   </div>
   <div class='ocr_carea' id='block_1_44' title="bbox 405 2695 2014 2768">
    <p class='ocr_par' dir='ltr' id='par_1_44' title="bbox 405 2695 2014 2768">
     <span class='ocr_line' id='line_1_44' title="bbox 405 2695 2014 2768; baseline 0.001 -20"><span class='ocrx_word' id='word_1_340' title='bbox 405 2695 560 2750; x_wconf 82' lang='lat' dir='ltr'><em>niam</em></span> <span class='ocrx_word' id='word_1_341' title='bbox 590 2695 946 2767; x_wconf 72' lang='lat' dir='ltr'><em>multiplicati</em></span> <span class='ocrx_word' id='word_1_342' title='bbox 972 2704 1115 2762; x_wconf 84' lang='lat' dir='ltr'><em>sunt,</em></span> <span class='ocrx_word' id='word_1_343' title='bbox 1131 2700 1190 2751; x_wconf 90' lang='lat' dir='ltr'><em>et</em></span> <span class='ocrx_word' id='word_1_344' title='bbox 1219 2697 1298 2750; x_wconf 92' lang='lat' dir='ltr'><em>sic</em></span> <span class='ocrx_word' id='word_1_345' title='bbox 1314 2713 1432 2751; x_wconf 86' lang='lat' dir='ltr'><em>non</em></span> <span class='ocrx_word' id='word_1_346' title='bbox 1460 2697 2014 2768; x_wconf 85' lang='lat' dir='ltr'><em>erubescam.Neque</em></span> 
     </span>
    </p>
   </div>
   <div class='ocr_carea' id='block_1_45' title="bbox 393 2783 2014 2856">
    <p class='ocr_par' dir='ltr' id='par_1_45' title="bbox 393 2783 2014 2856">
     <span class='ocr_line' id='line_1_45' title="bbox 393 2783 2014 2856; baseline 0 -18"><span class='ocrx_word' id='word_1_347' title='bbox 393 2783 614 2855; x_wconf 87' lang='lat' dir='ltr'><em>justum</em></span> <span class='ocrx_word' id='word_1_348' title='bbox 660 2787 764 2852; x_wconf 90' lang='lat' dir='ltr'><em>est,</em></span> <span class='ocrx_word' id='word_1_349' title='bbox 813 2787 1068 2856; x_wconf 84' lang='lat' dir='ltr'><em>quoniam</em></span> <span class='ocrx_word' id='word_1_350' title='bbox 1103 2786 1370 2856; x_wconf 81' lang='lat' dir='ltr'><em>speraviin</em></span> <span class='ocrx_word' id='word_1_351' title='bbox 1425 2792 1490 2852; x_wconf 86' lang='lat' dir='ltr'><em>te,</em></span> <span class='ocrx_word' id='word_1_352' title='bbox 1547 2801 1664 2838; x_wconf 87' lang='lat' dir='ltr'><em>non</em></span> <span class='ocrx_word' id='word_1_353' title='bbox 1719 2785 1777 2838; x_wconf 88' lang='lat' dir='ltr'><em>in</em></span> <span class='ocrx_word' id='word_1_354' title='bbox 1809 2801 1926 2850; x_wconf 91' lang='lat' dir='ltr'><em>me,</em></span> <span class='ocrx_word' id='word_1_355' title='bbox 1954 2783 2014 2838; x_wconf 88' lang='lat' dir='ltr'><em>id</em></span> 
     </span>
    </p>
   </div>
   <div class='ocr_carea' id='block_1_46' title="bbox 403 2871 2008 2946">
    <p class='ocr_par' dir='ltr' id='par_1_46' title="bbox 403 2871 2008 2946">
     <span class='ocr_line' id='line_1_46' title="bbox 403 2871 2008 2946; baseline -0.001 -20"><span class='ocrx_word' id='word_1_356' title='bbox 403 2875 490 2926; x_wconf 89' lang='lat' dir='ltr'><em>est</em></span> <span class='ocrx_word' id='word_1_357' title='bbox 518 2872 760 2944; x_wconf 88' lang='lat' dir='ltr'><em>speravi,</em></span> <span class='ocrx_word' id='word_1_358' title='bbox 794 2877 853 2928; x_wconf 90' lang='lat' dir='ltr'><em>et</em></span> <span class='ocrx_word' id='word_1_359' title='bbox 877 2874 1061 2928; x_wconf 89' lang='lat' dir='ltr'><em>adhuc</em></span> <span class='ocrx_word' id='word_1_360' title='bbox 1087 2891 1252 2945; x_wconf 90' lang='lat' dir='ltr'><em>spero</em></span> <span class='ocrx_word' id='word_1_361' title='bbox 1276 2890 1380 2946; x_wconf 90' lang='lat' dir='ltr'><em>per</em></span> <span class='ocrx_word' id='word_1_362' title='bbox 1401 2876 1456 2927; x_wconf 91' lang='lat' dir='ltr'><em>te</em></span> <span class='ocrx_word' id='word_1_363' title='bbox 1484 2873 1604 2926; x_wconf 92' lang='lat' dir='ltr'><em>erui</em></span> <span class='ocrx_word' id='word_1_364' title='bbox 1633 2876 1691 2927; x_wconf 91' lang='lat' dir='ltr'><em>et</em></span> <span class='ocrx_word' id='word_1_365' title='bbox 1717 2871 2008 2928; x_wconf 87' lang='lat' dir='ltr'><em>custodiri.</em></span> 
     </span>
    </p>
   </div>
   <div class='ocr_carea' id='block_1_47' title="bbox 403 2960 2000 3023">
    <p class='ocr_par' dir='ltr' id='par_1_47' title="bbox 403 2960 2000 3023">
     <span class='ocr_line' id='line_1_47' title="bbox 403 2960 2000 3023; baseline 0.001 -11"><span class='ocrx_word' id='word_1_366' title='bbox 403 2960 814 3016; x_wconf 84' lang='lat' dir='ltr'><em>Erubescerem</em></span> <span class='ocrx_word' id='word_1_367' title='bbox 844 2961 1030 3023; x_wconf 89' lang='lat' dir='ltr'><em>enim,</em></span> <span class='ocrx_word' id='word_1_368' title='bbox 1063 2962 1109 3016; x_wconf 91' lang='lat' dir='ltr'><em>si</em></span> <span class='ocrx_word' id='word_1_369' title='bbox 1159 2979 1274 3016; x_wconf 90' lang='lat' dir='ltr'><em>non</em></span> <span class='ocrx_word' id='word_1_370' title='bbox 1305 2977 1545 3017; x_wconf 67' lang='lat' dir='ltr'><em>erueres.</em></span> <span class='ocrx_word' id='word_1_371' title='bbox 1562 2963 1620 3016; x_wconf 92' lang='lat' dir='ltr'><em>et</em></span> <span class='ocrx_word' id='word_1_372' title='bbox 1666 2960 2000 3016; x_wconf 88' lang='lat' dir='ltr'><em>custodires.</em></span> 
     </span>
    </p>
   </div>
   <div class='ocr_carea' id='block_1_48' title="bbox 398 3047 2012 3121">
    <p class='ocr_par' dir='ltr' id='par_1_48' title="bbox 398 3047 2012 3121">
     <span class='ocr_line' id='line_1_48' title="bbox 398 3047 2012 3121; baseline 0 -20"><span class='ocrx_word' id='word_1_373' title='bbox 398 3049 466 3102; x_wconf 89' lang='lat' dir='ltr'><em>Et</em></span> <span class='ocrx_word' id='word_1_374' title='bbox 493 3048 755 3120; x_wconf 88' lang='lat' dir='ltr'><em>quamvis</em></span> <span class='ocrx_word' id='word_1_375' title='bbox 807 3049 957 3104; x_wconf 88' lang='lat' dir='ltr'><em>istud</em></span> <span class='ocrx_word' id='word_1_376' title='bbox 1006 3049 1160 3103; x_wconf 86' lang='lat' dir='ltr'><em>idem</em></span> <span class='ocrx_word' id='word_1_377' title='bbox 1195 3049 1456 3121; x_wconf 88' lang='lat' dir='ltr'><em>superius</em></span> <span class='ocrx_word' id='word_1_378' title='bbox 1512 3048 1736 3115; x_wconf 85' lang='lat' dir='ltr'><em>dixerit,</em></span> <span class='ocrx_word' id='word_1_379' title='bbox 1797 3047 2012 3103; x_wconf 88' lang='lat' dir='ltr'><em>scilicet</em></span> 
     </span>
    </p>
   </div>
   <div class='ocr_carea' id='block_1_49' title="bbox 394 3136 2008 3208">
    <p class='ocr_par' dir='ltr' id='par_1_49' title="bbox 394 3136 2008 3208">
     <span class='ocr_line' id='line_1_49' title="bbox 394 3136 2008 3208; baseline -0.001 -18"><span class='ocrx_word' id='word_1_380' title='bbox 394 3153 500 3190; x_wconf 87' lang='lat' dir='ltr'><em>non</em></span> <span class='ocrx_word' id='word_1_381' title='bbox 519 3138 839 3204; x_wconf 80' lang='lat' dir='ltr'><em>erubescam,</em></span> <span class='ocrx_word' id='word_1_382' title='bbox 889 3155 1007 3196; x_wconf 90' lang='lat' dir='ltr'><em>non</em></span> <span class='ocrx_word' id='word_1_383' title='bbox 1051 3141 1253 3192; x_wconf 89' lang='lat' dir='ltr'><em>tamen</em></span> <span class='ocrx_word' id='word_1_384' title='bbox 1285 3139 1642 3208; x_wconf 86' lang='lat' dir='ltr'><em>superﬂuum</em></span> <span class='ocrx_word' id='word_1_385' title='bbox 1691 3136 2008 3206; x_wconf 89' lang='lat' dir='ltr'><em>judicatur,</em></span> 
     </span>
    </p>
   </div>
   <div class='ocr_carea' id='block_1_50' title="bbox 397 3224 2007 3296">
    <p class='ocr_par' dir='ltr' id='par_1_50' title="bbox 397 3224 2007 3296">
     <span class='ocr_line' id='line_1_50' title="bbox 397 3224 2007 3296; baseline 0 -18"><span class='ocrx_word' id='word_1_386' title='bbox 397 3224 532 3296; x_wconf 86' lang='lat' dir='ltr'><em>quia</em></span> <span class='ocrx_word' id='word_1_387' title='bbox 575 3242 695 3280; x_wconf 91' lang='lat' dir='ltr'><em>non</em></span> <span class='ocrx_word' id='word_1_388' title='bbox 737 3225 947 3280; x_wconf 83' lang='lat' dir='ltr'><em>sufﬁcit</em></span> <span class='ocrx_word' id='word_1_389' title='bbox 991 3225 1041 3280; x_wconf 93' lang='lat' dir='ltr'><em>ei</em></span> <span class='ocrx_word' id='word_1_390' title='bbox 1086 3226 1244 3296; x_wconf 82' lang='lat' dir='ltr'><em>quod</em></span> <span class='ocrx_word' id='word_1_391' title='bbox 1286 3226 1457 3280; x_wconf 90' lang='lat' dir='ltr'><em>nimis</em></span> <span class='ocrx_word' id='word_1_392' title='bbox 1507 3225 1794 3280; x_wconf 88' lang='lat' dir='ltr'><em>desiderat</em></span> <span class='ocrx_word' id='word_1_393' title='bbox 1829 3225 2007 3279; x_wconf 91' lang='lat' dir='ltr'><em>semel</em></span> 
     </span>
    </p>
   </div>
   <div class='ocr_carea' id='block_1_51' title="bbox 391 3312 2004 3385">
    <p class='ocr_par' dir='ltr' id='par_1_51' title="bbox 391 3312 2004 3385">
     <span class='ocr_line' id='line_1_51' title="bbox 391 3312 2004 3385; baseline 0.001 -20"><span class='ocrx_word' id='word_1_394' title='bbox 391 3328 578 3378; x_wconf 89' lang='lat' dir='ltr'><em>orare,</em></span> <span class='ocrx_word' id='word_1_395' title='bbox 611 3314 698 3366; x_wconf 88' lang='lat' dir='ltr'><em>vel</em></span> <span class='ocrx_word' id='word_1_396' title='bbox 731 3313 888 3385; x_wconf 86' lang='lat' dir='ltr'><em>quod</em></span> <span class='ocrx_word' id='word_1_397' title='bbox 919 3313 1055 3368; x_wconf 91' lang='lat' dir='ltr'><em>dicit</em></span> <span class='ocrx_word' id='word_1_398' title='bbox 1079 3316 1298 3384; x_wconf 81' lang='lat' dir='ltr'><em>respice,</em></span> <span class='ocrx_word' id='word_1_399' title='bbox 1333 3316 1519 3385; x_wconf 91' lang='lat' dir='ltr'><em>potest</em></span> <span class='ocrx_word' id='word_1_400' title='bbox 1546 3329 1670 3367; x_wconf 90' lang='lat' dir='ltr'><em>esse</em></span> <span class='ocrx_word' id='word_1_401' title='bbox 1693 3312 1875 3367; x_wconf 86' lang='lat' dir='ltr'><em>oratio</em></span> <span class='ocrx_word' id='word_1_402' title='bbox 1899 3329 2004 3384; x_wconf 89' lang='lat' dir='ltr'><strong>pro</strong></span> 
     </span>
    </p>
   </div>
   <div class='ocr_carea' id='block_1_52' title="bbox 395 3399 2008 3472">
    <p class='ocr_par' dir='ltr' id='par_1_52' title="bbox 395 3399 2008 3472">
     <span class='ocr_line' id='line_1_52' title="bbox 395 3399 2008 3472; baseline 0.001 -20"><span class='ocrx_word' id='word_1_403' title='bbox 395 3399 664 3454; x_wconf 90' lang='lat' dir='ltr'><em>inimicis.</em></span> <span class='ocrx_word' id='word_1_404' title='bbox 695 3402 976 3457; x_wconf 85' lang='lat' dir='ltr'><em>Jubcmur</em></span> <span class='ocrx_word' id='word_1_405' title='bbox 1007 3400 1168 3455; x_wconf 90' lang='lat' dir='ltr'><em>enim</em></span> <span class='ocrx_word' id='word_1_406' title='bbox 1204 3417 1310 3472; x_wconf 89' lang='lat' dir='ltr'><em>pro</em></span> <span class='ocrx_word' id='word_1_407' title='bbox 1344 3401 1590 3455; x_wconf 89' lang='lat' dir='ltr'><em>inimicis</em></span> <span class='ocrx_word' id='word_1_408' title='bbox 1620 3400 2008 3455; x_wconf 89' lang='lat' dir='ltr'><em>aDominosic</em></span> 
     </span>
    </p>
   </div>
   <div class='ocr_carea' id='block_1_53' title="bbox 395 3487 2007 3562">
    <p class='ocr_par' dir='ltr' id='par_1_53' title="bbox 395 3487 2007 3562">
     <span class='ocr_line' id='line_1_53' title="bbox 395 3487 2007 3562; baseline 0.001 -20"><span class='ocrx_word' id='word_1_409' title='bbox 395 3489 804 3544; x_wconf 76' lang='lat' dir='ltr'><em>orare:«0rare</em></span> <span class='ocrx_word' id='word_1_410' title='bbox 818 3506 924 3562; x_wconf 90' lang='lat' dir='ltr'><em>pro</em></span> <span class='ocrx_word' id='word_1_411' title='bbox 940 3489 1420 3562; x_wconf 85' lang='lat' dir='ltr'><em>persequentibus</em></span> <span class='ocrx_word' id='word_1_412' title='bbox 1437 3493 1496 3543; x_wconf 90' lang='lat' dir='ltr'><em>et</em></span> <span class='ocrx_word' id='word_1_413' title='bbox 1519 3487 2007 3544; x_wconf 82' lang='lat' dir='ltr'><em>calumniantibus</em></span> 
     </span>
    </p>
   </div>
   <div class='ocr_carea' id='block_1_54' title="bbox 394 3575 2010 3649">
    <p class='ocr_par' dir='ltr' id='par_1_54' title="bbox 394 3575 2010 3649">
     <span class='ocr_line' id='line_1_54' title="bbox 394 3575 2010 3649; baseline 0.002 -22"><span class='ocrx_word' id='word_1_414' title='bbox 394 3591 494 3629; x_wconf 87' lang='lat' dir='ltr'><em>vos</em></span> <span class='ocrx_word' id='word_1_415' title='bbox 521 3576 675 3648; x_wconf 86' lang='lat' dir='ltr'><em>(Luc.</em></span> <span class='ocrx_word' id='word_1_416' title='bbox 701 3577 926 3649; x_wconf 70' lang='lat' dir='ltr'><em>vi,28).»</em></span> <span class='ocrx_word' id='word_1_417' title='bbox 964 3579 1031 3632; x_wconf 88' lang='lat' dir='ltr'><em>Et</em></span> <span class='ocrx_word' id='word_1_418' title='bbox 1059 3578 1169 3632; x_wconf 87' lang='lat' dir='ltr'><em>hoc</em></span> <span class='ocrx_word' id='word_1_419' title='bbox 1191 3577 1268 3632; x_wconf 90' lang='lat' dir='ltr'><em>sic</em></span> <span class='ocrx_word' id='word_1_420' title='bbox 1291 3577 1591 3632; x_wconf 87' lang='lat' dir='ltr'><em>continuat</em></span> <span class='ocrx_word' id='word_1_421' title='bbox 1615 3595 1627 3630; x_wconf 91' lang='lat'><em>:</em></span> <span class='ocrx_word' id='word_1_422' title='bbox 1666 3577 1852 3644; x_wconf 89' lang='lat' dir='ltr'><em>Oravi,</em></span> <span class='ocrx_word' id='word_1_423' title='bbox 1885 3575 2010 3630; x_wconf 79' lang='lat' dir='ltr'><em>erue</em></span> 
     </span>
    </p>
   </div>
   <div class='ocr_carea' id='block_1_55' title="bbox 395 3665 2005 3740">
    <p class='ocr_par' dir='ltr' id='par_1_55' title="bbox 395 3665 2005 3740">
     <span class='ocr_line' id='line_1_55' title="bbox 395 3665 2005 3740; baseline 0.002 -23"><span class='ocrx_word' id='word_1_424' title='bbox 395 3682 498 3731; x_wconf 86' lang='lat' dir='ltr'><em>me,</em></span> <span class='ocrx_word' id='word_1_425' title='bbox 525 3665 772 3721; x_wconf 89' lang='lat' dir='ltr'><em>dimitte.</em></span> <span class='ocrx_word' id='word_1_426' title='bbox 808 3667 874 3721; x_wconf 88' lang='lat' dir='ltr'><em>Et</em></span> <span class='ocrx_word' id='word_1_427' title='bbox 901 3685 1017 3722; x_wconf 94' lang='lat' dir='ltr'><em>non</em></span> <span class='ocrx_word' id='word_1_428' title='bbox 1071 3667 1257 3722; x_wconf 90' lang='lat' dir='ltr'><em>solum</em></span> <span class='ocrx_word' id='word_1_429' title='bbox 1285 3683 1389 3740; x_wconf 90' lang='lat' dir='ltr'><em>pro</em></span> <span class='ocrx_word' id='word_1_430' title='bbox 1417 3683 1510 3721; x_wconf 95' lang='lat' dir='ltr'><em>me</em></span> <span class='ocrx_word' id='word_1_431' title='bbox 1541 3684 1667 3734; x_wconf 92' lang='lat' dir='ltr'><em>oro,</em></span> <span class='ocrx_word' id='word_1_432' title='bbox 1691 3667 1788 3721; x_wconf 91' lang='lat' dir='ltr'><em>sed</em></span> <span class='ocrx_word' id='word_1_433' title='bbox 1822 3669 1880 3720; x_wconf 89' lang='lat' dir='ltr'><em>et</em></span> <span class='ocrx_word' id='word_1_434' title='bbox 1901 3683 2005 3738; x_wconf 92' lang='lat' dir='ltr'><em>pro</em></span> 
     </span>
    </p>
   </div>
   <div class='ocr_carea' id='block_1_56' title="bbox 397 3753 2007 3827">
    <p class='ocr_par' dir='ltr' id='par_1_56' title="bbox 397 3753 2007 3827">
     <span class='ocr_line' id='line_1_56' title="bbox 397 3753 2007 3827; baseline 0.002 -21"><span class='ocrx_word' id='word_1_435' title='bbox 397 3753 648 3808; x_wconf 89' lang='lat' dir='ltr'><em>inimicis</em></span> <span class='ocrx_word' id='word_1_436' title='bbox 679 3773 691 3809; x_wconf 92' lang='lat'><em>:</em></span> <span class='ocrx_word' id='word_1_437' title='bbox 727 3757 923 3827; x_wconf 78' lang='lat' dir='ltr'><em>re:pice</em></span> <span class='ocrx_word' id='word_1_438' title='bbox 981 3755 1432 3811; x_wconf 89' lang='lat' dir='ltr'><em>misericorditer</em></span> <span class='ocrx_word' id='word_1_439' title='bbox 1475 3757 1720 3810; x_wconf 80' lang='lat' dir='ltr'><em>inimicos</em></span> <span class='ocrx_word' id='word_1_440' title='bbox 1749 3773 1908 3821; x_wconf 82' lang='lat' dir='ltr'><em>meos,</em></span> <span class='ocrx_word' id='word_1_441' title='bbox 1943 3757 2007 3809; x_wconf 90' lang='lat' dir='ltr'><em>ut</em></span> 
     </span>
    </p>
   </div>
   <div class='ocr_carea' id='block_1_57' title="bbox 394 3843 2003 3916">
    <p class='ocr_par' dir='ltr' id='par_1_57' title="bbox 394 3843 2003 3916">
     <span class='ocr_line' id='line_1_57' title="bbox 394 3843 2003 3916; baseline 0.001 -21"><span class='ocrx_word' id='word_1_442' title='bbox 394 3847 693 3898; x_wconf 86' lang='lat' dir='ltr'><em>convertas</em></span> <span class='ocrx_word' id='word_1_443' title='bbox 725 3861 839 3900; x_wconf 92' lang='lat' dir='ltr'><em>eos.</em></span> <span class='ocrx_word' id='word_1_444' title='bbox 867 3845 932 3898; x_wconf 86' lang='lat' dir='ltr'><em>Et</em></span> <span class='ocrx_word' id='word_1_445' title='bbox 977 3845 1216 3916; x_wconf 87' lang='lat' dir='ltr'><em>dignum</em></span> <span class='ocrx_word' id='word_1_446' title='bbox 1249 3850 1334 3900; x_wconf 86' lang='lat' dir='ltr'><em>est</em></span> <span class='ocrx_word' id='word_1_447' title='bbox 1364 3849 1427 3898; x_wconf 92' lang='lat' dir='ltr'><em>ut</em></span> <span class='ocrx_word' id='word_1_448' title='bbox 1484 3846 1592 3900; x_wconf 84' lang='lat' dir='ltr'><em>hoc</em></span> <span class='ocrx_word' id='word_1_449' title='bbox 1641 3861 1822 3898; x_wconf 87' lang='lat' dir='ltr'><em>orem.</em></span> <span class='ocrx_word' id='word_1_450' title='bbox 1861 3843 2003 3909; x_wconf 79' lang='lat' dir='ltr'><em>Quo-</em></span> 
     </span>
    </p>
   </div>
   <div class='ocr_carea' id='block_1_58' title="bbox 393 3933 2002 4004">
    <p class='ocr_par' dir='ltr' id='par_1_58' title="bbox 393 3933 2002 4004">
     <span class='ocr_line' id='line_1_58' title="bbox 393 3933 2002 4004; baseline 0.001 -22"><span class='ocrx_word' id='word_1_451' title='bbox 393 3933 543 3986; x_wconf 80' lang='lat' dir='ltr'><em>niam</em></span> <span class='ocrx_word' id='word_1_452' title='bbox 567 3933 908 4002; x_wconf 77' lang='lat' dir='ltr'><em>multiplicati</em></span> <span class='ocrx_word' id='word_1_453' title='bbox 960 3951 1105 4000; x_wconf 81' lang='lat' dir='ltr'><em>sunt,</em></span> <span class='ocrx_word' id='word_1_454' title='bbox 1158 3941 1206 3986; x_wconf 90' lang='lat' dir='ltr'><em>et</em></span> <span class='ocrx_word' id='word_1_455' title='bbox 1241 3934 1362 3988; x_wconf 84' lang='lat' dir='ltr'><em>odio</em></span> <span class='ocrx_word' id='word_1_456' title='bbox 1415 3936 1596 4004; x_wconf 85' lang='lat' dir='ltr'><em>iniquo</em></span> <span class='ocrx_word' id='word_1_457' title='bbox 1643 3933 1868 3986; x_wconf 82' lang='lat' dir='ltr'><em>oderunt</em></span> <span class='ocrx_word' id='word_1_458' title='bbox 1901 3950 2002 3998; x_wconf 88' lang='lat' dir='ltr'><em>me,</em></span> 
     </span>
    </p>
   </div>
   <div class='ocr_carea' id='block_1_59' title="bbox 396 4017 2005 4093">
    <p class='ocr_par' dir='ltr' id='par_1_59' title="bbox 396 4017 2005 4093">
     <span class='ocr_line' id='line_1_59' title="bbox 396 4017 2005 4093; baseline 0.003 -22"><span class='ocrx_word' id='word_1_459' title='bbox 396 4017 456 4072; x_wconf 93' lang='lat' dir='ltr'><em>id</em></span> <span class='ocrx_word' id='word_1_460' title='bbox 489 4021 576 4073; x_wconf 90' lang='lat' dir='ltr'><em>est</em></span> <span class='ocrx_word' id='word_1_461' title='bbox 603 4020 739 4090; x_wconf 87' lang='lat' dir='ltr'><em>quia</em></span> <span class='ocrx_word' id='word_1_462' title='bbox 757 4021 921 4076; x_wconf 83' lang='lat' dir='ltr'><em>multi</em></span> <span class='ocrx_word' id='word_1_463' title='bbox 953 4024 1106 4086; x_wconf 89' lang='lat' dir='ltr'><em>sunt,</em></span> <span class='ocrx_word' id='word_1_464' title='bbox 1133 4026 1190 4076; x_wconf 89' lang='lat' dir='ltr'><em>et</em></span> <span class='ocrx_word' id='word_1_465' title='bbox 1225 4039 1506 4093; x_wconf 88' lang='lat' dir='ltr'><em>magnum</em></span> <span class='ocrx_word' id='word_1_466' title='bbox 1528 4022 1810 4075; x_wconf 88' lang='lat' dir='ltr'><em>damnum</em></span> <span class='ocrx_word' id='word_1_467' title='bbox 1835 4025 2005 4087; x_wconf 90' lang='lat' dir='ltr'><em>esset,</em></span> 
     </span>
    </p>
   </div>
   <div class='ocr_carea' id='block_1_60' title="bbox 399 4105 2005 4180">
    <p class='ocr_par' dir='ltr' id='par_1_60' title="bbox 399 4105 2005 4180">
     <span class='ocr_line' id='line_1_60' title="bbox 399 4105 2005 4180; baseline 0.002 -22"><span class='ocrx_word' id='word_1_468' title='bbox 399 4105 442 4158; x_wconf 93' lang='lat' dir='ltr'><em>si</em></span> <span class='ocrx_word' id='word_1_469' title='bbox 474 4109 632 4160; x_wconf 87' lang='lat' dir='ltr'><em>tanta</em></span> <span class='ocrx_word' id='word_1_470' title='bbox 663 4124 850 4160; x_wconf 84' lang='lat' dir='ltr'><em>massa</em></span> <span class='ocrx_word' id='word_1_471' title='bbox 898 4109 1134 4180; x_wconf 89' lang='lat' dir='ltr'><em>periret.</em></span> <span class='ocrx_word' id='word_1_472' title='bbox 1187 4110 1254 4162; x_wconf 87' lang='lat' dir='ltr'><em>Et</em></span> <span class='ocrx_word' id='word_1_473' title='bbox 1284 4111 1531 4162; x_wconf 90' lang='lat' dir='ltr'><em>multum</em></span> <span class='ocrx_word' id='word_1_474' title='bbox 1565 4109 1870 4180; x_wconf 90' lang='lat' dir='ltr'><em>perniciosi</em></span> <span class='ocrx_word' id='word_1_475' title='bbox 1901 4109 2005 4164; x_wconf 86' lang='lat' dir='ltr'><em>sibi</em></span> 
     </span>
    </p>
   </div>
   <div class='ocr_carea' id='block_1_61' title="bbox 399 4194 2006 4268">
    <p class='ocr_par' dir='ltr' id='par_1_61' title="bbox 399 4194 2006 4268">
     <span class='ocr_line' id='line_1_61' title="bbox 399 4194 2006 4268; baseline 0.003 -23"><span class='ocrx_word' id='word_1_476' title='bbox 399 4196 533 4246; x_wconf 91' lang='lat' dir='ltr'><em>sunt</em></span> <span class='ocrx_word' id='word_1_477' title='bbox 561 4210 690 4247; x_wconf 91' lang='lat' dir='ltr'><em>cum</em></span> <span class='ocrx_word' id='word_1_478' title='bbox 717 4194 902 4266; x_wconf 80' lang='lat' dir='ltr'><em>iniquo</em></span> <span class='ocrx_word' id='word_1_479' title='bbox 927 4196 1048 4249; x_wconf 86' lang='lat' dir='ltr'><em>odio</em></span> <span class='ocrx_word' id='word_1_480' title='bbox 1073 4196 1298 4250; x_wconf 86' lang='lat' dir='ltr'><em>oderunt</em></span> <span class='ocrx_word' id='word_1_481' title='bbox 1323 4213 1424 4249; x_wconf 90' lang='lat' dir='ltr'><em>me.</em></span> <span class='ocrx_word' id='word_1_482' title='bbox 1443 4197 1592 4267; x_wconf 88' lang='lat' dir='ltr'><em>Ergo</em></span> <span class='ocrx_word' id='word_1_483' title='bbox 1623 4213 1726 4268; x_wconf 93' lang='lat' dir='ltr'><em>pro</em></span> <span class='ocrx_word' id='word_1_484' title='bbox 1760 4196 2006 4252; x_wconf 89' lang='lat' dir='ltr'><em>inimicis</em></span> 
     </span>
    </p>
   </div>
   <div class='ocr_carea' id='block_1_62' title="bbox 2038 3009 2086 3068">
    <p class='ocr_par' dir='ltr' id='par_1_62' title="bbox 2038 3009 2086 3068">
     <span class='ocr_line' id='line_1_62' title="bbox 2038 3009 2086 3068; baseline 0 0"><span class='ocrx_word' id='word_1_485' title='bbox 2038 3009 2086 3068; x_wconf 89' lang='lat' dir='ltr'>C</span> 
     </span>
    </p>
   </div>
   <div class='ocr_carea' id='block_1_63' title="bbox 2112 1810 3720 1882">
    <p class='ocr_par' dir='ltr' id='par_1_63' title="bbox 2112 1810 3720 1882">
     <span class='ocr_line' id='line_1_63' title="bbox 2112 1810 3720 1882; baseline -0.001 -17"><span class='ocrx_word' id='word_1_486' title='bbox 2112 1810 2302 1865; x_wconf 88' lang='lat' dir='ltr'><em>oratio</em></span> <span class='ocrx_word' id='word_1_487' title='bbox 2338 1827 2350 1864; x_wconf 89' lang='lat'><em>:</em></span> <span class='ocrx_word' id='word_1_488' title='bbox 2377 1811 2578 1865; x_wconf 72' lang='lat' dir='ltr'><em>Judica</em></span> <span class='ocrx_word' id='word_1_489' title='bbox 2606 1828 2708 1877; x_wconf 87' lang='lat' dir='ltr'><em>me,</em></span> <span class='ocrx_word' id='word_1_490' title='bbox 2734 1811 2890 1882; x_wconf 89' lang='lat' dir='ltr'><em>justo</em></span> <span class='ocrx_word' id='word_1_491' title='bbox 2911 1810 3110 1882; x_wconf 90' lang='lat' dir='ltr'><em>judico</em></span> <span class='ocrx_word' id='word_1_492' title='bbox 3153 1815 3250 1866; x_wconf 90' lang='lat' dir='ltr'><em>tuo</em></span> <span class='ocrx_word' id='word_1_493' title='bbox 3309 1811 3571 1865; x_wconf 87' lang='lat' dir='ltr'><em>discerne</em></span> <span class='ocrx_word' id='word_1_494' title='bbox 3601 1827 3720 1877; x_wconf 89' lang='lat' dir='ltr'><em>me,</em></span> 
     </span>
    </p>
   </div>
   <div class='ocr_carea' id='block_1_64' title="bbox 2113 1899 3720 1972">
    <p class='ocr_par' dir='ltr' id='par_1_64' title="bbox 2113 1899 3720 1972">
     <span class='ocr_line' id='line_1_64' title="bbox 2113 1899 3720 1972; baseline -0.001 -17"><span class='ocrx_word' id='word_1_495' title='bbox 2113 1900 2378 1966; x_wconf 90' lang='lat' dir='ltr'><em>Domine,</em></span> <span class='ocrx_word' id='word_1_496' title='bbox 2404 1899 2461 1954; x_wconf 92' lang='lat' dir='ltr'><em>in</em></span> <span class='ocrx_word' id='word_1_497' title='bbox 2487 1900 2701 1966; x_wconf 86' lang='lat' dir='ltr'><em>futuro,</em></span> <span class='ocrx_word' id='word_1_498' title='bbox 2732 1917 2766 1954; x_wconf 91' lang='lat' dir='ltr'><em>a</em></span> <span class='ocrx_word' id='word_1_499' title='bbox 2796 1899 3036 1971; x_wconf 89' lang='lat' dir='ltr'><em>perditis</em></span> <span class='ocrx_word' id='word_1_500' title='bbox 3067 1917 3196 1954; x_wconf 93' lang='lat' dir='ltr'><em>cum</em></span> <span class='ocrx_word' id='word_1_501' title='bbox 3228 1899 3432 1972; x_wconf 91' lang='lat' dir='ltr'><em>quibus</em></span> <span class='ocrx_word' id='word_1_502' title='bbox 3456 1899 3550 1954; x_wconf 90' lang='lat' dir='ltr'><em>hic</em></span> <span class='ocrx_word' id='word_1_503' title='bbox 3583 1916 3720 1954; x_wconf 90' lang='lat' dir='ltr'><em>con-</em></span> 
     </span>
    </p>
   </div>
   <div class='ocr_carea' id='block_1_65' title="bbox 2110 1988 3722 2061">
    <p class='ocr_par' dir='ltr' id='par_1_65' title="bbox 2110 1988 3722 2061">
     <span class='ocr_line' id='line_1_65' title="bbox 2110 1988 3722 2061; baseline 0 -19"><span class='ocrx_word' id='word_1_504' title='bbox 2110 2005 2323 2044; x_wconf 84' lang='lat' dir='ltr'><em>versor.</em></span> <span class='ocrx_word' id='word_1_505' title='bbox 2355 1989 2474 2044; x_wconf 79' lang='lat' dir='ltr'><em>Hoc</em></span> <span class='ocrx_word' id='word_1_506' title='bbox 2506 1992 2702 2042; x_wconf 91' lang='lat' dir='ltr'><em>autem</em></span> <span class='ocrx_word' id='word_1_507' title='bbox 2761 1989 2919 2060; x_wconf 92' lang='lat' dir='ltr'><em>quod</em></span> <span class='ocrx_word' id='word_1_508' title='bbox 2947 1988 3204 2061; x_wconf 89' lang='lat' dir='ltr'><em>sequitur</em></span> <span class='ocrx_word' id='word_1_509' title='bbox 3263 1991 3347 2056; x_wconf 85' lang='lat' dir='ltr'><em>(ut</em></span> <span class='ocrx_word' id='word_1_510' title='bbox 3368 1988 3722 2061; x_wconf 81' lang='lat' dir='ltr'><em>Augustinus</em></span> 
     </span>
    </p>
   </div>
   <div class='ocr_carea' id='block_1_66' title="bbox 2113 2077 3713 2149">
    <p class='ocr_par' dir='ltr' id='par_1_66' title="bbox 2113 2077 3713 2149">
     <span class='ocr_line' id='line_1_66' title="bbox 2113 2077 3713 2149; baseline 0 -17"><span class='ocrx_word' id='word_1_511' title='bbox 2113 2077 2270 2149; x_wconf 90' lang='lat' dir='ltr'><em>dicit)</em></span> <span class='ocrx_word' id='word_1_512' title='bbox 2301 2093 2418 2132; x_wconf 90' lang='lat' dir='ltr'><em>non</em></span> <span class='ocrx_word' id='word_1_513' title='bbox 2449 2080 2535 2131; x_wconf 90' lang='lat' dir='ltr'><em>est</em></span> <span class='ocrx_word' id='word_1_514' title='bbox 2562 2077 2838 2147; x_wconf 88' lang='lat' dir='ltr'><em>superbia</em></span> <span class='ocrx_word' id='word_1_515' title='bbox 2861 2077 3014 2144; x_wconf 90' lang='lat' dir='ltr'><em>elati,</em></span> <span class='ocrx_word' id='word_1_516' title='bbox 3043 2077 3145 2132; x_wconf 90' lang='lat' dir='ltr'><em>sed</em></span> <span class='ocrx_word' id='word_1_517' title='bbox 3170 2077 3451 2132; x_wconf 79' lang='lat' dir='ltr'><em>confessio</em></span> <span class='ocrx_word' id='word_1_518' title='bbox 3484 2093 3602 2132; x_wconf 89' lang='lat' dir='ltr'><em>non</em></span> <span class='ocrx_word' id='word_1_519' title='bbox 3625 2077 3713 2132; x_wconf 88' lang='lat' dir='ltr'><em>in-</em></span> 
     </span>
    </p>
   </div>
   <div class='ocr_carea' id='block_1_67' title="bbox 2113 2164 3718 2237">
    <p class='ocr_par' dir='ltr' id='par_1_67' title="bbox 2113 2164 3718 2237">
     <span class='ocr_line' id='line_1_67' title="bbox 2113 2164 3718 2237; baseline 0.001 -18"><span class='ocrx_word' id='word_1_520' title='bbox 2113 2164 2283 2236; x_wconf 84' lang='lat' dir='ltr'><em>grati.</em></span> <span class='ocrx_word' id='word_1_521' title='bbox 2315 2165 2451 2221; x_wconf 92' lang='lat' dir='ltr'><em>Dico</em></span> <span class='ocrx_word' id='word_1_522' title='bbox 2488 2165 2678 2236; x_wconf 86' lang='lat' dir='ltr'><em>judica</em></span> <span class='ocrx_word' id='word_1_523' title='bbox 2735 2184 2836 2220; x_wconf 88' lang='lat' dir='ltr'><em>me.</em></span> <span class='ocrx_word' id='word_1_524' title='bbox 2871 2166 2938 2218; x_wconf 90' lang='lat' dir='ltr'><em>Et</em></span> <span class='ocrx_word' id='word_1_525' title='bbox 2969 2165 3199 2232; x_wconf 90' lang='lat' dir='ltr'><em>merito,</em></span> <span class='ocrx_word' id='word_1_526' title='bbox 3231 2168 3485 2237; x_wconf 87' lang='lat' dir='ltr'><em>quoniam</em></span> <span class='ocrx_word' id='word_1_527' title='bbox 3513 2183 3606 2235; x_wconf 91' lang='lat' dir='ltr'><em>ego</em></span> <span class='ocrx_word' id='word_1_528' title='bbox 3640 2165 3718 2220; x_wconf 88' lang='lat' dir='ltr'><em>sic</em></span> 
     </span>
    </p>
   </div>
   <div class='ocr_carea' id='block_1_68' title="bbox 2113 2254 3724 2326">
    <p class='ocr_par' dir='ltr' id='par_1_68' title="bbox 2113 2254 3724 2326">
     <span class='ocr_line' id='line_1_68' title="bbox 2113 2254 3724 2326; baseline 0.001 -19"><span class='ocrx_word' id='word_1_529' title='bbox 2113 2271 2288 2308; x_wconf 89' lang='lat' dir='ltr'><em>orans</em></span> <span class='ocrx_word' id='word_1_530' title='bbox 2316 2255 2378 2308; x_wconf 84' lang='lat' dir='ltr'><em>in</em></span> <span class='ocrx_word' id='word_1_531' title='bbox 2391 2254 2701 2308; x_wconf 79' lang='lat' dir='ltr'><em>innocentia</em></span> <span class='ocrx_word' id='word_1_532' title='bbox 2731 2271 2843 2307; x_wconf 87' lang='lat' dir='ltr'><em>mea</em></span> <span class='ocrx_word' id='word_1_533' title='bbox 2871 2255 3130 2323; x_wconf 80' lang='lat' dir='ltr'><em>ingressus</em></span> <span class='ocrx_word' id='word_1_534' title='bbox 3157 2272 3294 2309; x_wconf 82' lang='lat' dir='ltr'><em>sum.</em></span> <span class='ocrx_word' id='word_1_535' title='bbox 3329 2254 3386 2308; x_wconf 91' lang='lat' dir='ltr'><em>id</em></span> <span class='ocrx_word' id='word_1_536' title='bbox 3418 2257 3506 2308; x_wconf 92' lang='lat' dir='ltr'><em>est</em></span> <span class='ocrx_word' id='word_1_537' title='bbox 3529 2270 3724 2326; x_wconf 86' lang='lat' dir='ltr'><em>perse-</em></span> 
     </span>
    </p>
   </div>
   <div class='ocr_carea' id='block_1_69' title="bbox 2114 2341 3720 2412">
    <p class='ocr_par' dir='ltr' id='par_1_69' title="bbox 2114 2341 3720 2412">
     <span class='ocr_line' id='line_1_69' title="bbox 2114 2341 3720 2412; baseline 0.001 -16"><span class='ocrx_word' id='word_1_538' title='bbox 2114 2342 2324 2405; x_wconf 85' lang='lat' dir='ltr'><em>veravi,</em></span> <span class='ocrx_word' id='word_1_539' title='bbox 2343 2347 2401 2396; x_wconf 92' lang='lat' dir='ltr'><em>et</em></span> <span class='ocrx_word' id='word_1_540' title='bbox 2425 2342 2610 2397; x_wconf 89' lang='lat' dir='ltr'><em>adhuc</em></span> <span class='ocrx_word' id='word_1_541' title='bbox 2649 2341 2880 2409; x_wconf 83' lang='lat' dir='ltr'><em>faciam,</em></span> <span class='ocrx_word' id='word_1_542' title='bbox 2915 2342 3127 2396; x_wconf 88' lang='lat' dir='ltr'><em>scilicet</em></span> <span class='ocrx_word' id='word_1_543' title='bbox 3155 2361 3262 2397; x_wconf 90' lang='lat' dir='ltr'><em>non</em></span> <span class='ocrx_word' id='word_1_544' title='bbox 3314 2344 3635 2412; x_wconf 79' lang='lat' dir='ltr'><em>inﬁrmabor</em></span> <span class='ocrx_word' id='word_1_545' title='bbox 3659 2343 3720 2398; x_wconf 86' lang='lat' dir='ltr'><em>in</em></span> 
     </span>
    </p>
   </div>
   <div class='ocr_carea' id='block_1_70' title="bbox 2121 2429 3721 2503">
    <p class='ocr_par' dir='ltr' id='par_1_70' title="bbox 2121 2429 3721 2503">
     <span class='ocr_line' id='line_1_70' title="bbox 2121 2429 3721 2503; baseline 0.001 -19"><span class='ocrx_word' id='word_1_546' title='bbox 2121 2429 2568 2502; x_wconf 84' lang='lat' dir='ltr'><em>perseverantia,</em></span> <span class='ocrx_word' id='word_1_547' title='bbox 2597 2433 2654 2484; x_wconf 90' lang='lat' dir='ltr'><em>in</em></span> <span class='ocrx_word' id='word_1_548' title='bbox 2679 2430 2910 2484; x_wconf 83' lang='lat' dir='ltr'><em>Domino</em></span> <span class='ocrx_word' id='word_1_549' title='bbox 2925 2448 3138 2502; x_wconf 79' lang='lat' dir='ltr'><em>sperans</em></span> <span class='ocrx_word' id='word_1_550' title='bbox 3167 2449 3282 2486; x_wconf 89' lang='lat' dir='ltr'><em>non</em></span> <span class='ocrx_word' id='word_1_551' title='bbox 3302 2449 3509 2503; x_wconf 88' lang='lat' dir='ltr'><em>perme</em></span> <span class='ocrx_word' id='word_1_552' title='bbox 3531 2429 3721 2486; x_wconf 72' lang='lat' dir='ltr'><em>solu&#39;m</em></span> 
     </span>
    </p>
   </div>
   <div class='ocr_carea' id='block_1_71' title="bbox 2117 2518 3721 2592">
    <p class='ocr_par' dir='ltr' id='par_1_71' title="bbox 2117 2518 3721 2592">
     <span class='ocr_line' id='line_1_71' title="bbox 2117 2518 3721 2592; baseline 0.001 -19"><span class='ocrx_word' id='word_1_553' title='bbox 2117 2518 2524 2590; x_wconf 88' lang='lat' dir='ltr'><em>perseverandi</em></span> <span class='ocrx_word' id='word_1_554' title='bbox 2545 2536 2706 2592; x_wconf 90' lang='lat' dir='ltr'><em>spem</em></span> <span class='ocrx_word' id='word_1_555' title='bbox 2737 2519 2974 2574; x_wconf 84' lang='lat' dir='ltr'><em>habens.</em></span> <span class='ocrx_word' id='word_1_556' title='bbox 3027 2519 3162 2586; x_wconf 86' lang='lat' dir='ltr'><em>Oro,</em></span> <span class='ocrx_word' id='word_1_557' title='bbox 3184 2520 3396 2590; x_wconf 86' lang='lat' dir='ltr'><em>judica,</em></span> <span class='ocrx_word' id='word_1_558' title='bbox 3430 2523 3490 2574; x_wconf 88' lang='lat' dir='ltr'><em>et</em></span> <span class='ocrx_word' id='word_1_559' title='bbox 3518 2523 3581 2574; x_wconf 88' lang='lat' dir='ltr'><em>ut</em></span> <span class='ocrx_word' id='word_1_560' title='bbox 3609 2521 3721 2575; x_wconf 86' lang='lat' dir='ltr'><em>hoc</em></span> 
     </span>
    </p>
   </div>
   <div class='ocr_carea' id='block_1_72' title="bbox 2107 2605 3720 2680">
    <p class='ocr_par' dir='ltr' id='par_1_72' title="bbox 2107 2605 3720 2680">
     <span class='ocr_line' id='line_1_72' title="bbox 2107 2605 3720 2680; baseline 0.002 -21"><span class='ocrx_word' id='word_1_561' title='bbox 2107 2605 2394 2676; x_wconf 89' lang='lat' dir='ltr'><em>judicium</em></span> <span class='ocrx_word' id='word_1_562' title='bbox 2426 2607 2583 2660; x_wconf 89' lang='lat' dir='ltr'><em>bona</em></span> <span class='ocrx_word' id='word_1_563' title='bbox 2609 2623 2706 2678; x_wconf 90' lang='lat' dir='ltr'><em>spe</em></span> <span class='ocrx_word' id='word_1_564' title='bbox 2739 2610 3059 2678; x_wconf 84' lang='lat' dir='ltr'><em>expectem,</em></span> <span class='ocrx_word' id='word_1_565' title='bbox 3092 2607 3184 2662; x_wconf 91' lang='lat' dir='ltr'><em>hic</em></span> <span class='ocrx_word' id='word_1_566' title='bbox 3212 2607 3367 2680; x_wconf 89' lang='lat' dir='ltr'><em>prius</em></span> <span class='ocrx_word' id='word_1_567' title='bbox 3389 2609 3574 2680; x_wconf 89' lang='lat' dir='ltr'><em>proba</em></span> <span class='ocrx_word' id='word_1_568' title='bbox 3603 2625 3720 2662; x_wconf 91' lang='lat' dir='ltr'><em>me.</em></span> 
     </span>
    </p>
   </div>
   <div class='ocr_carea' id='block_1_73' title="bbox 2116 2694 3721 2767">
    <p class='ocr_par' dir='ltr' id='par_1_73' title="bbox 2116 2694 3721 2767">
     <span class='ocr_line' id='line_1_73' title="bbox 2116 2694 3721 2767; baseline 0.002 -19"><span class='ocrx_word' id='word_1_569' title='bbox 2116 2694 2580 2766; x_wconf 69' lang='lat' dir='ltr'><em>Prmposteratio.</em></span> <span class='ocrx_word' id='word_1_570' title='bbox 2613 2695 2802 2762; x_wconf 83' lang='lat' dir='ltr'><em>Tento,</em></span> <span class='ocrx_word' id='word_1_571' title='bbox 2835 2694 2893 2749; x_wconf 91' lang='lat' dir='ltr'><em>id</em></span> <span class='ocrx_word' id='word_1_572' title='bbox 2920 2699 3004 2750; x_wconf 89' lang='lat' dir='ltr'><em>est</em></span> <span class='ocrx_word' id='word_1_573' title='bbox 3037 2699 3321 2751; x_wconf 88' lang='lat' dir='ltr'><em>tentatum</em></span> <span class='ocrx_word' id='word_1_574' title='bbox 3353 2712 3457 2767; x_wconf 90' lang='lat' dir='ltr'><em>per</em></span> <span class='ocrx_word' id='word_1_575' title='bbox 3483 2697 3721 2752; x_wconf 85' lang='lat' dir='ltr'><em>tribula-</em></span> 
     </span>
    </p>
   </div>
   <div class='ocr_carea' id='block_1_74' title="bbox 2114 2777 3774 2855">
    <p class='ocr_par' dir='ltr' id='par_1_74' title="bbox 2114 2777 3774 2855">
     <span class='ocr_line' id='line_1_74' title="bbox 2114 2777 3774 2855; baseline 0.002 -19"><span class='ocrx_word' id='word_1_576' title='bbox 2114 2781 2300 2837; x_wconf 89' lang='lat' dir='ltr'><em>tiones</em></span> <span class='ocrx_word' id='word_1_577' title='bbox 2330 2785 2388 2837; x_wconf 94' lang='lat' dir='ltr'><em>et</em></span> <span class='ocrx_word' id='word_1_578' title='bbox 2413 2782 2736 2837; x_wconf 86' lang='lat' dir='ltr'><em>inefﬁcaces</em></span> <span class='ocrx_word' id='word_1_579' title='bbox 2763 2783 3175 2855; x_wconf 88' lang='lat' dir='ltr'><em>suggestiones,</em></span> <span class='ocrx_word' id='word_1_580' title='bbox 3215 2803 3318 2848; x_wconf 85' lang='lat' dir='ltr'><em>me,</em></span> <span class='ocrx_word' id='word_1_581' title='bbox 3347 2784 3490 2839; x_wconf 89' lang='lat' dir='ltr'><em>mihi</em></span> <span class='ocrx_word' id='word_1_582' title='bbox 3521 2789 3576 2838; x_wconf 91' lang='lat' dir='ltr'><em>et</em></span> <span class='ocrx_word' id='word_1_583' title='bbox 3598 2784 3724 2840; x_wconf 87' lang='lat' dir='ltr'><em>aliis</em></span> <span class='ocrx_word' id='word_1_584' title='bbox 3769 2777 3774 2780; x_wconf 57' lang='grc'><em>’</em></span> 
     </span>
    </p>
   </div>
   <div class='ocr_carea' id='block_1_75' title="bbox 2115 2871 3711 2944">
    <p class='ocr_par' dir='ltr' id='par_1_75' title="bbox 2115 2871 3711 2944">
     <span class='ocr_line' id='line_1_75' title="bbox 2115 2871 3711 2944; baseline 0.001 -18"><span class='ocrx_word' id='word_1_585' title='bbox 2115 2871 2427 2926; x_wconf 78' lang='lat' dir='ltr'><em>adhtesuris</em></span> <span class='ocrx_word' id='word_1_586' title='bbox 2481 2872 2742 2926; x_wconf 87' lang='lat' dir='ltr'><em>ostende.</em></span> <span class='ocrx_word' id='word_1_587' title='bbox 2796 2872 2863 2926; x_wconf 89' lang='lat' dir='ltr'><em>Et</em></span> <span class='ocrx_word' id='word_1_588' title='bbox 2913 2875 3043 2943; x_wconf 90' lang='lat' dir='ltr'><em>post</em></span> <span class='ocrx_word' id='word_1_589' title='bbox 3079 2873 3254 2944; x_wconf 87' lang='lat' dir='ltr'><em>proba</em></span> <span class='ocrx_word' id='word_1_590' title='bbox 3293 2873 3460 2928; x_wconf 87' lang='lat' dir='ltr'><em>meid</em></span> <span class='ocrx_word' id='word_1_591' title='bbox 3499 2876 3584 2928; x_wconf 87' lang='lat' dir='ltr'><em>est</em></span> <span class='ocrx_word' id='word_1_592' title='bbox 3630 2872 3711 2928; x_wconf 88' lang='lat' dir='ltr'><em>nil</em></span> 
     </span>
    </p>
   </div>
   <div class='ocr_carea' id='block_1_76' title="bbox 2113 2959 3719 3034">
    <p class='ocr_par' dir='ltr' id='par_1_76' title="bbox 2113 2959 3719 3034">
     <span class='ocr_line' id='line_1_76' title="bbox 2113 2959 3719 3034; baseline 0.001 -20"><span class='ocrx_word' id='word_1_593' title='bbox 2113 2963 2320 3031; x_wconf 84' lang='lat' dir='ltr'><em>agente</em></span> <span class='ocrx_word' id='word_1_594' title='bbox 2347 2959 2406 3012; x_wconf 89' lang='lat' dir='ltr'><em>in</em></span> <span class='ocrx_word' id='word_1_595' title='bbox 2436 2975 2530 3013; x_wconf 90' lang='lat' dir='ltr'><em>me</em></span> <span class='ocrx_word' id='word_1_596' title='bbox 2561 2959 2932 3014; x_wconf 87' lang='lat' dir='ltr'><em>tribulatione</em></span> <span class='ocrx_word' id='word_1_597' title='bbox 2955 2961 3040 3014; x_wconf 88' lang='lat' dir='ltr'><em>vel</em></span> <span class='ocrx_word' id='word_1_598' title='bbox 3071 2960 3439 3032; x_wconf 86' lang='lat' dir='ltr'><em>suggestione</em></span> <span class='ocrx_word' id='word_1_599' title='bbox 3461 2962 3719 3034; x_wconf 87' lang='lat' dir='ltr'><em>qualibet</em></span> 
     </span>
    </p>
   </div>
   <div class='ocr_carea' id='block_1_77' title="bbox 2111 3047 3713 3118">
    <p class='ocr_par' dir='ltr' id='par_1_77' title="bbox 2111 3047 3713 3118">
     <span class='ocr_line' id='line_1_77' title="bbox 2111 3047 3713 3118; baseline 0.002 -17"><span class='ocrx_word' id='word_1_600' title='bbox 2111 3047 2394 3102; x_wconf 90' lang='lat' dir='ltr'><em>criminali</em></span> <span class='ocrx_word' id='word_1_601' title='bbox 2417 3047 2723 3118; x_wconf 87' lang='lat' dir='ltr'><em>probatum</em></span> <span class='ocrx_word' id='word_1_602' title='bbox 2741 3047 2998 3102; x_wconf 88' lang='lat' dir='ltr'><em>ostende.</em></span> <span class='ocrx_word' id='word_1_603' title='bbox 3025 3048 3162 3104; x_wconf 91' lang='lat' dir='ltr'><em>Dico</em></span> <span class='ocrx_word' id='word_1_604' title='bbox 3192 3049 3455 3105; x_wconf 87' lang='lat' dir='ltr'><em>tenta.Sie</em></span> <span class='ocrx_word' id='word_1_605' title='bbox 3471 3049 3713 3104; x_wconf 90' lang='lat' dir='ltr'><em>scilicet:</em></span> 
     </span>
    </p>
   </div>
   <div class='ocr_carea' id='block_1_78' title="bbox 2116 3135 3714 3208">
    <p class='ocr_par' dir='ltr' id='par_1_78' title="bbox 2116 3135 3714 3208">
     <span class='ocr_line' id='line_1_78' title="bbox 2116 3135 3714 3208; baseline 0.002 -18"><span class='ocrx_word' id='word_1_606' title='bbox 2116 3135 2241 3203; x_wconf 91' lang='lat' dir='ltr'><em>Ure,</em></span> <span class='ocrx_word' id='word_1_607' title='bbox 2277 3137 2333 3190; x_wconf 87' lang='lat' dir='ltr'><em>id</em></span> <span class='ocrx_word' id='word_1_608' title='bbox 2356 3140 2442 3190; x_wconf 91' lang='lat' dir='ltr'><em>est</em></span> <span class='ocrx_word' id='word_1_609' title='bbox 2469 3136 2603 3208; x_wconf 88' lang='lat' dir='ltr'><em>igne</em></span> <span class='ocrx_word' id='word_1_610' title='bbox 2617 3135 2897 3207; x_wconf 88' lang='lat' dir='ltr'><em>spirituali</em></span> <span class='ocrx_word' id='word_1_611' title='bbox 2924 3137 3264 3192; x_wconf 90' lang='lat' dir='ltr'><em>omnimodo</em></span> <span class='ocrx_word' id='word_1_612' title='bbox 3278 3155 3554 3194; x_wconf 90' lang='lat' dir='ltr'><em>consume</em></span> <span class='ocrx_word' id='word_1_613' title='bbox 3571 3155 3714 3193; x_wconf 81' lang='lat' dir='ltr'><em>renes</em></span> 
     </span>
    </p>
   </div>
   <div class='ocr_carea' id='block_1_79' title="bbox 2107 3224 3715 3299">
    <p class='ocr_par' dir='ltr' id='par_1_79' title="bbox 2107 3224 3715 3299">
     <span class='ocr_line' id='line_1_79' title="bbox 2107 3224 3715 3299; baseline 0.001 -21"><span class='ocrx_word' id='word_1_614' title='bbox 2107 3241 2266 3278; x_wconf 85' lang='lat' dir='ltr'><em>meos.</em></span> <span class='ocrx_word' id='word_1_615' title='bbox 2301 3225 2368 3278; x_wconf 85' lang='lat' dir='ltr'><em>Et</em></span> <span class='ocrx_word' id='word_1_616' title='bbox 2389 3224 2624 3296; x_wconf 81' lang='lat' dir='ltr'><em>exponit</em></span> <span class='ocrx_word' id='word_1_617' title='bbox 2660 3225 2721 3278; x_wconf 92' lang='lat' dir='ltr'><em>in</em></span> <span class='ocrx_word' id='word_1_618' title='bbox 2769 3242 2882 3296; x_wconf 89' lang='lat' dir='ltr'><em>qua</em></span> <span class='ocrx_word' id='word_1_619' title='bbox 2931 3225 3350 3297; x_wconf 82' lang='lat' dir='ltr'><em>signiﬁcatione</em></span> <span class='ocrx_word' id='word_1_620' title='bbox 3397 3231 3578 3299; x_wconf 89' lang='lat' dir='ltr'><em>ponat</em></span> <span class='ocrx_word' id='word_1_621' title='bbox 3623 3227 3715 3281; x_wconf 89' lang='lat' dir='ltr'><em>hic</em></span> 
     </span>
    </p>
   </div>
   <div class='ocr_carea' id='block_1_80' title="bbox 2108 3311 3716 3384">
    <p class='ocr_par' dir='ltr' id='par_1_80' title="bbox 2108 3311 3716 3384">
     <span class='ocr_line' id='line_1_80' title="bbox 2108 3311 3716 3384; baseline 0.002 -19"><span class='ocrx_word' id='word_1_622' title='bbox 2108 3330 2274 3376; x_wconf 85' lang='lat' dir='ltr'><em>renes,</em></span> <span class='ocrx_word' id='word_1_623' title='bbox 2305 3316 2362 3368; x_wconf 92' lang='lat' dir='ltr'><em>et</em></span> <span class='ocrx_word' id='word_1_624' title='bbox 2407 3316 2529 3383; x_wconf 80' lang='lat' dir='ltr'><em>(pro</em></span> <span class='ocrx_word' id='word_1_625' title='bbox 2587 3311 2822 3384; x_wconf 91' lang='lat' dir='ltr'><em>scilicet)</em></span> <span class='ocrx_word' id='word_1_626' title='bbox 2882 3330 2976 3368; x_wconf 87' lang='lat' dir='ltr'><em>cor</em></span> <span class='ocrx_word' id='word_1_627' title='bbox 3008 3331 3204 3381; x_wconf 88' lang='lat' dir='ltr'><em>meum,</em></span> <span class='ocrx_word' id='word_1_628' title='bbox 3258 3314 3318 3369; x_wconf 91' lang='lat' dir='ltr'><em>id</em></span> <span class='ocrx_word' id='word_1_629' title='bbox 3347 3317 3434 3369; x_wconf 92' lang='lat' dir='ltr'><em>est</em></span> <span class='ocrx_word' id='word_1_630' title='bbox 3489 3315 3716 3370; x_wconf 89' lang='lat' dir='ltr'><em>illicitos</em></span> 
     </span>
    </p>
   </div>
   <div class='ocr_carea' id='block_1_81' title="bbox 2108 3400 3714 3476">
    <p class='ocr_par' dir='ltr' id='par_1_81' title="bbox 2108 3400 3714 3476">
     <span class='ocr_line' id='line_1_81' title="bbox 2108 3400 3714 3476; baseline 0.002 -21"><span class='ocrx_word' id='word_1_631' title='bbox 2108 3404 2300 3456; x_wconf 91' lang='lat' dir='ltr'><em>motus</em></span> <span class='ocrx_word' id='word_1_632' title='bbox 2321 3401 2509 3456; x_wconf 89' lang='lat' dir='ltr'><em>cordis</em></span> <span class='ocrx_word' id='word_1_633' title='bbox 2541 3400 2678 3469; x_wconf 91' lang='lat' dir='ltr'><em>mei,</em></span> <span class='ocrx_word' id='word_1_634' title='bbox 2712 3402 2808 3474; x_wconf 87' lang='lat' dir='ltr'><em>qui</em></span> <span class='ocrx_word' id='word_1_635' title='bbox 2842 3418 3010 3456; x_wconf 89' lang='lat' dir='ltr'><em>renes</em></span> <span class='ocrx_word' id='word_1_636' title='bbox 3051 3402 3339 3469; x_wconf 91' lang='lat' dir='ltr'><em>dicuntur,</em></span> <span class='ocrx_word' id='word_1_637' title='bbox 3369 3419 3437 3458; x_wconf 93' lang='lat' dir='ltr'><em>eo</em></span> <span class='ocrx_word' id='word_1_638' title='bbox 3469 3405 3626 3476; x_wconf 86' lang='lat' dir='ltr'><em>quod</em></span> <span class='ocrx_word' id='word_1_639' title='bbox 3659 3404 3714 3458; x_wconf 90' lang='lat' dir='ltr'><em>in</em></span> 
     </span>
    </p>
   </div>
   <div class='ocr_carea' id='block_1_82' title="bbox 2108 3489 3708 3548">
    <p class='ocr_par' dir='ltr' id='par_1_82' title="bbox 2108 3489 3708 3548">
     <span class='ocr_line' id='line_1_82' title="bbox 2108 3489 3708 3548; baseline 0.003 -5"><span class='ocrx_word' id='word_1_640' title='bbox 2108 3489 2216 3543; x_wconf 91' lang='lat' dir='ltr'><em>illis</em></span> <span class='ocrx_word' id='word_1_641' title='bbox 2248 3489 2606 3544; x_wconf 86' lang='lat' dir='ltr'><em>delectamur</em></span> <span class='ocrx_word' id='word_1_642' title='bbox 2639 3489 2786 3544; x_wconf 88' lang='lat' dir='ltr'><em>sicut</em></span> <span class='ocrx_word' id='word_1_643' title='bbox 2823 3489 2880 3544; x_wconf 90' lang='lat' dir='ltr'><em>in</em></span> <span class='ocrx_word' id='word_1_644' title='bbox 2914 3489 3110 3545; x_wconf 90' lang='lat' dir='ltr'><em>illicito</em></span> <span class='ocrx_word' id='word_1_645' title='bbox 3161 3507 3370 3545; x_wconf 90' lang='lat' dir='ltr'><em>renum</em></span> <span class='ocrx_word' id='word_1_646' title='bbox 3421 3491 3708 3548; x_wconf 86' lang='lat' dir='ltr'><em>exercitio.</em></span> 
     </span>
    </p>
   </div>
   <div class='ocr_carea' id='block_1_83' title="bbox 2109 3576 3713 3648">
    <p class='ocr_par' dir='ltr' id='par_1_83' title="bbox 2109 3576 3713 3648">
     <span class='ocr_line' id='line_1_83' title="bbox 2109 3576 3713 3648; baseline 0.003 -18"><span class='ocrx_word' id='word_1_647' title='bbox 2109 3576 2252 3641; x_wconf 87' lang='lat' dir='ltr'><em>Quia</em></span> <span class='ocrx_word' id='word_1_648' title='bbox 2282 3593 2416 3631; x_wconf 88' lang='lat' dir='ltr'><em>vero</em></span> <span class='ocrx_word' id='word_1_649' title='bbox 2443 3593 2546 3648; x_wconf 89' lang='lat' dir='ltr'><em>pro</em></span> <span class='ocrx_word' id='word_1_650' title='bbox 2573 3577 2695 3631; x_wconf 86' lang='lat' dir='ltr'><em>sola</em></span> <span class='ocrx_word' id='word_1_651' title='bbox 2713 3577 3044 3632; x_wconf 88' lang='lat' dir='ltr'><em>innocentia</em></span> <span class='ocrx_word' id='word_1_652' title='bbox 3067 3595 3240 3632; x_wconf 90' lang='lat' dir='ltr'><em>nemo</em></span> <span class='ocrx_word' id='word_1_653' title='bbox 3263 3578 3592 3646; x_wconf 89' lang='lat' dir='ltr'><em>salvabitur,</em></span> <span class='ocrx_word' id='word_1_654' title='bbox 3625 3579 3713 3634; x_wconf 75' lang='lat' dir='ltr'><em>«in</em></span> 
     </span>
    </p>
   </div>
   <div class='ocr_carea' id='block_1_84' title="bbox 2107 3665 3713 3738">
    <p class='ocr_par' dir='ltr' id='par_1_84' title="bbox 2107 3665 3713 3738">
     <span class='ocr_line' id='line_1_84' title="bbox 2107 3665 3713 3738; baseline 0.001 -18"><span class='ocrx_word' id='word_1_655' title='bbox 2107 3669 2412 3737; x_wconf 89' lang='lat' dir='ltr'><em>conspectu</em></span> <span class='ocrx_word' id='word_1_656' title='bbox 2441 3683 2694 3738; x_wconf 90' lang='lat' dir='ltr'><em>namque</em></span> <span class='ocrx_word' id='word_1_657' title='bbox 2726 3666 2825 3720; x_wconf 90' lang='lat' dir='ltr'><em>Dei.</em></span> <span class='ocrx_word' id='word_1_658' title='bbox 2859 3683 2975 3720; x_wconf 88' lang='lat' dir='ltr'><em>non</em></span> <span class='ocrx_word' id='word_1_659' title='bbox 2989 3665 3399 3738; x_wconf 81' lang='lat' dir='ltr'><em>justiticabitur</em></span> <span class='ocrx_word' id='word_1_660' title='bbox 3427 3667 3620 3723; x_wconf 88' lang='lat' dir='ltr'><em>omnis</em></span> <span class='ocrx_word' id='word_1_661' title='bbox 3634 3669 3713 3722; x_wconf 78' lang='lat' dir='ltr'><em>vi-</em></span> 
     </span>
    </p>
   </div>
   <div class='ocr_carea' id='block_1_85' title="bbox 2107 3753 3716 3826">
    <p class='ocr_par' dir='ltr' id='par_1_85' title="bbox 2107 3753 3716 3826">
     <span class='ocr_line' id='line_1_85' title="bbox 2107 3753 3716 3826; baseline 0.004 -20"><span class='ocrx_word' id='word_1_662' title='bbox 2107 3771 2242 3808; x_wconf 88' lang='lat' dir='ltr'><em>vens</em></span> <span class='ocrx_word' id='word_1_663' title='bbox 2267 3753 2438 3824; x_wconf 71' lang='lat' dir='ltr'><em>(Psal.</em></span> <span class='ocrx_word' id='word_1_664' title='bbox 2466 3771 2626 3821; x_wconf 82' lang='lat' dir='ltr'><em>ean,</em></span> <span class='ocrx_word' id='word_1_665' title='bbox 2655 3753 2710 3826; x_wconf 81' lang='lat'><em>2)</em></span> <span class='ocrx_word' id='word_1_666' title='bbox 2733 3775 2758 3802; x_wconf 82' lang='grc'><strong>››</strong></span> <span class='ocrx_word' id='word_1_667' title='bbox 2791 3772 2803 3808; x_wconf 90' lang='lat'><em>:</em></span> <span class='ocrx_word' id='word_1_668' title='bbox 2835 3759 2962 3810; x_wconf 90' lang='lat' dir='ltr'><em>orat</em></span> <span class='ocrx_word' id='word_1_669' title='bbox 2994 3755 3170 3809; x_wconf 89' lang='lat' dir='ltr'><em>etiam</em></span> <span class='ocrx_word' id='word_1_670' title='bbox 3184 3772 3243 3809; x_wconf 91' lang='lat' dir='ltr'><em>se</em></span> <span class='ocrx_word' id='word_1_671' title='bbox 3266 3771 3370 3826; x_wconf 90' lang='lat' dir='ltr'><em>per</em></span> <span class='ocrx_word' id='word_1_672' title='bbox 3395 3757 3716 3812; x_wconf 88' lang='lat' dir='ltr'><em>misericor-</em></span> 
     </span>
    </p>
   </div>
   <div class='ocr_carea' id='block_1_86' title="bbox 2107 3841 3714 3915">
    <p class='ocr_par' dir='ltr' id='par_1_86' title="bbox 2107 3841 3714 3915">
     <span class='ocr_line' id='line_1_86' title="bbox 2107 3841 3714 3915; baseline 0.002 -20"><span class='ocrx_word' id='word_1_673' title='bbox 2107 3841 2260 3896; x_wconf 89' lang='lat' dir='ltr'><em>diam</em></span> <span class='ocrx_word' id='word_1_674' title='bbox 2318 3843 2541 3898; x_wconf 88' lang='lat' dir='ltr'><em>salvari.</em></span> <span class='ocrx_word' id='word_1_675' title='bbox 2577 3843 2698 3898; x_wconf 86' lang='lat' dir='ltr'><em>Dixi</em></span> <span class='ocrx_word' id='word_1_676' title='bbox 2737 3843 2920 3912; x_wconf 78' lang='lat' dir='ltr'><em>iudica</em></span> <span class='ocrx_word' id='word_1_677' title='bbox 2949 3860 3049 3909; x_wconf 88' lang='lat' dir='ltr'><em>me,</em></span> <span class='ocrx_word' id='word_1_678' title='bbox 3078 3846 3331 3915; x_wconf 82' lang='lat' dir='ltr'><em>quoniam</em></span> <span class='ocrx_word' id='word_1_679' title='bbox 3358 3861 3450 3914; x_wconf 90' lang='lat' dir='ltr'><em>ego</em></span> <span class='ocrx_word' id='word_1_680' title='bbox 3477 3847 3532 3898; x_wconf 88' lang='lat' dir='ltr'><em>in</em></span> <span class='ocrx_word' id='word_1_681' title='bbox 3563 3846 3714 3898; x_wconf 83' lang='lat' dir='ltr'><em>inno-</em></span> 
     </span>
    </p>
   </div>
   <div class='ocr_carea' id='block_1_87' title="bbox 2105 3933 3715 4002">
    <p class='ocr_par' dir='ltr' id='par_1_87' title="bbox 2105 3933 3715 4002">
     <span class='ocr_line' id='line_1_87' title="bbox 2105 3933 3715 4002; baseline 0.004 -19"><span class='ocrx_word' id='word_1_682' title='bbox 2105 3933 2274 3984; x_wconf 84' lang='lat' dir='ltr'><em>centia</em></span> <span class='ocrx_word' id='word_1_683' title='bbox 2300 3949 2414 3984; x_wconf 82' lang='lat' dir='ltr'><em>mea</em></span> <span class='ocrx_word' id='word_1_684' title='bbox 2446 3934 2710 4002; x_wconf 81' lang='lat' dir='ltr'><em>ingressus</em></span> <span class='ocrx_word' id='word_1_685' title='bbox 2722 3951 2860 3986; x_wconf 82' lang='lat' dir='ltr'><em>sum.</em></span> <span class='ocrx_word' id='word_1_686' title='bbox 2898 3933 2963 3985; x_wconf 88' lang='lat' dir='ltr'><em>Et</em></span> <span class='ocrx_word' id='word_1_687' title='bbox 2982 3949 3095 3986; x_wconf 89' lang='lat' dir='ltr'><em>non</em></span> <span class='ocrx_word' id='word_1_688' title='bbox 3116 3948 3220 4002; x_wconf 86' lang='lat' dir='ltr'><em>pro</em></span> <span class='ocrx_word' id='word_1_689' title='bbox 3241 3933 3715 3989; x_wconf 84' lang='lat' dir='ltr'><em>solainnocentia</em></span> 
     </span>
    </p>
   </div>
   <div class='ocr_carea' id='block_1_88' title="bbox 2107 4019 3712 4092">
    <p class='ocr_par' dir='ltr' id='par_1_88' title="bbox 2107 4019 3712 4092">
     <span class='ocr_line' id='line_1_88' title="bbox 2107 4019 3712 4092; baseline 0.002 -20"><span class='ocrx_word' id='word_1_690' title='bbox 2107 4019 2310 4072; x_wconf 89' lang='lat' dir='ltr'><em>salvari</em></span> <span class='ocrx_word' id='word_1_691' title='bbox 2332 4036 2456 4086; x_wconf 89' lang='lat' dir='ltr'><em>oro,</em></span> <span class='ocrx_word' id='word_1_692' title='bbox 2491 4021 2587 4074; x_wconf 92' lang='lat' dir='ltr'><em>sed</em></span> <span class='ocrx_word' id='word_1_693' title='bbox 2645 4025 2702 4074; x_wconf 91' lang='lat' dir='ltr'><em>et</em></span> <span class='ocrx_word' id='word_1_694' title='bbox 2743 4021 2873 4075; x_wconf 88' lang='lat' dir='ltr'><em>ideo</em></span> <span class='ocrx_word' id='word_1_695' title='bbox 2922 4022 3176 4092; x_wconf 82' lang='lat' dir='ltr'><em>quoniam</em></span> <span class='ocrx_word' id='word_1_696' title='bbox 3212 4022 3568 4076; x_wconf 81' lang='lat' dir='ltr'><em>misericordia</em></span> <span class='ocrx_word' id='word_1_697' title='bbox 3622 4030 3712 4076; x_wconf 84' lang='lat' dir='ltr'><em>tua</em></span> 
     </span>
    </p>
   </div>
   <div class='ocr_carea' id='block_1_89' title="bbox 2105 4107 3710 4176">
    <p class='ocr_par' dir='ltr' id='par_1_89' title="bbox 2105 4107 3710 4176">
     <span class='ocr_line' id='line_1_89' title="bbox 2105 4107 3710 4176; baseline 0.002 -16"><span class='ocrx_word' id='word_1_698' title='bbox 2105 4114 2229 4160; x_wconf 87' lang='lat' dir='ltr'><em>ante</em></span> <span class='ocrx_word' id='word_1_699' title='bbox 2253 4107 2428 4161; x_wconf 87' lang='lat' dir='ltr'><em>oculos</em></span> <span class='ocrx_word' id='word_1_700' title='bbox 2455 4126 2594 4163; x_wconf 85' lang='lat' dir='ltr'><em>meos</em></span> <span class='ocrx_word' id='word_1_701' title='bbox 2623 4115 2718 4176; x_wconf 87' lang='lat' dir='ltr'><em>est,</em></span> <span class='ocrx_word' id='word_1_702' title='bbox 2751 4109 2966 4163; x_wconf 90' lang='lat' dir='ltr'><em>scilicet</em></span> <span class='ocrx_word' id='word_1_703' title='bbox 2991 4113 3125 4163; x_wconf 88' lang='lat' dir='ltr'><em>ante</em></span> <span class='ocrx_word' id='word_1_704' title='bbox 3168 4109 3354 4164; x_wconf 88' lang='lat' dir='ltr'><em>cordis</em></span> <span class='ocrx_word' id='word_1_705' title='bbox 3383 4110 3710 4166; x_wconf 86' lang='lat' dir='ltr'><em>considera-</em></span> 
     </span>
    </p>
   </div>
   <div class='ocr_carea' id='block_1_90' title="bbox 2107 4194 3711 4260">
    <p class='ocr_par' dir='ltr' id='par_1_90' title="bbox 2107 4194 3711 4260">
     <span class='ocr_line' id='line_1_90' title="bbox 2107 4194 3711 4260; baseline 0.002 -12"><span class='ocrx_word' id='word_1_706' title='bbox 2107 4194 2313 4249; x_wconf 91' lang='lat' dir='ltr'><em>tiones.</em></span> <span class='ocrx_word' id='word_1_707' title='bbox 2341 4195 2511 4259; x_wconf 76' lang='lat' dir='ltr'><em>Quasi</em></span> <span class='ocrx_word' id='word_1_708' title='bbox 2547 4197 2727 4251; x_wconf 86' lang='lat' dir='ltr'><em>dicat:</em></span> <span class='ocrx_word' id='word_1_709' title='bbox 2761 4196 2906 4260; x_wconf 88' lang='lat' dir='ltr'><em>Quia</em></span> <span class='ocrx_word' id='word_1_710' title='bbox 2936 4195 2996 4250; x_wconf 90' lang='lat' dir='ltr'><em>in</em></span> <span class='ocrx_word' id='word_1_711' title='bbox 3027 4195 3420 4252; x_wconf 88' lang='lat' dir='ltr'><em>misericordia</em></span> <span class='ocrx_word' id='word_1_712' title='bbox 3451 4201 3550 4254; x_wconf 87' lang='lat' dir='ltr'><em>tua</em></span> <span class='ocrx_word' id='word_1_713' title='bbox 3573 4215 3711 4253; x_wconf 90' lang='lat' dir='ltr'><em>con-</em></span> 
     </span>
    </p>
   </div>
   <div class='ocr_carea' id='block_1_91' title="bbox 397 4279 3712 4358">
    <p class='ocr_par' dir='ltr' id='par_1_91' title="bbox 397 4279 3712 4358">
     <span class='ocr_line' id='line_1_91' title="bbox 397 4279 3712 4358; baseline 0.002 -24"><span class='ocrx_word' id='word_1_714' title='bbox 397 4279 477 4334; x_wconf 90' lang='lat' dir='ltr'><em>sic</em></span> <span class='ocrx_word' id='word_1_715' title='bbox 507 4281 663 4337; x_wconf 87' lang='lat' dir='ltr'><em>oravi</em></span> <span class='ocrx_word' id='word_1_716' title='bbox 691 4299 706 4348; x_wconf 84' lang='lat'><strong>;</strong></span> <span class='ocrx_word' id='word_1_717' title='bbox 735 4284 792 4336; x_wconf 89' lang='lat' dir='ltr'><em>et</em></span> <span class='ocrx_word' id='word_1_718' title='bbox 823 4282 1101 4355; x_wconf 88' lang='lat' dir='ltr'><em>quidquid</em></span> <span class='ocrx_word' id='word_1_719' title='bbox 1135 4283 1205 4338; x_wconf 91' lang='lat' dir='ltr'><em>de</em></span> <span class='ocrx_word' id='word_1_720' title='bbox 1272 4283 1382 4338; x_wconf 91' lang='lat' dir='ltr'><em>illis</em></span> <span class='ocrx_word' id='word_1_721' title='bbox 1404 4283 1496 4350; x_wconf 90' lang='lat' dir='ltr'><em>sit,</em></span> <span class='ocrx_word' id='word_1_722' title='bbox 1549 4285 1753 4339; x_wconf 89' lang='lat' dir='ltr'><em>saltem</em></span> <span class='ocrx_word' id='word_1_723' title='bbox 1805 4287 2013 4339; x_wconf 78' lang='lat' dir='ltr'><em>custodi</em></span> <span class='ocrx_word' id='word_1_724' title='bbox 2034 4293 2085 4352; x_wconf 83' lang='grc' dir='ltr'><em>Ι)</em></span> <span class='ocrx_word' id='word_1_725' title='bbox 2110 4282 2246 4350; x_wconf 81' lang='lat' dir='ltr'><em>fido,</em></span> <span class='ocrx_word' id='word_1_726' title='bbox 2277 4291 2327 4337; x_wconf 90' lang='lat' dir='ltr'><em>et</em></span> <span class='ocrx_word' id='word_1_727' title='bbox 2351 4285 2482 4339; x_wconf 92' lang='lat' dir='ltr'><em>ideo</em></span> <span class='ocrx_word' id='word_1_728' title='bbox 2525 4285 2732 4350; x_wconf 88' lang='lat' dir='ltr'><em>adhuc,</em></span> <span class='ocrx_word' id='word_1_729' title='bbox 2775 4285 2910 4358; x_wconf 88' lang='lat' dir='ltr'><em>quia</em></span> <span class='ocrx_word' id='word_1_730' title='bbox 2955 4285 3250 4356; x_wconf 83' lang='lat' dir='ltr'><em>complacui</em></span> <span class='ocrx_word' id='word_1_731' title='bbox 3293 4287 3350 4338; x_wconf 88' lang='lat' dir='ltr'><em>in</em></span> <span class='ocrx_word' id='word_1_732' title='bbox 3380 4287 3622 4354; x_wconf 79' lang='lat' dir='ltr'><em>veritate,</em></span> <span class='ocrx_word' id='word_1_733' title='bbox 3657 4287 3712 4341; x_wconf 93' lang='lat' dir='ltr'><em>id</em></span> 
     </span>
    </p>
   </div>
   <div class='ocr_carea' id='block_1_92' title="bbox 397 4371 2006 4439">
    <p class='ocr_par' dir='ltr' id='par_1_92' title="bbox 397 4371 2006 4439">
     <span class='ocr_line' id='line_1_92' title="bbox 397 4371 2006 4439; baseline 0.003 -17"><span class='ocrx_word' id='word_1_734' title='bbox 397 4371 636 4424; x_wconf 85' lang='lat' dir='ltr'><em>animam</em></span> <span class='ocrx_word' id='word_1_735' title='bbox 661 4388 852 4439; x_wconf 88' lang='lat' dir='ltr'><em>meam,</em></span> <span class='ocrx_word' id='word_1_736' title='bbox 901 4375 1011 4426; x_wconf 89' lang='lat' dir='ltr'><em>etc.</em></span> <span class='ocrx_word' id='word_1_737' title='bbox 1074 4373 1204 4427; x_wconf 81' lang='lat' dir='ltr'><em>Haec</em></span> <span class='ocrx_word' id='word_1_738' title='bbox 1234 4389 1350 4428; x_wconf 91' lang='lat' dir='ltr'><em>non</em></span> <span class='ocrx_word' id='word_1_739' title='bbox 1402 4375 1720 4428; x_wconf 88' lang='lat' dir='ltr'><em>mutantur.</em></span> <span class='ocrx_word' id='word_1_740' title='bbox 1747 4373 1869 4428; x_wconf 84' lang='lat' dir='ltr'><em>Dixi</em></span> <span class='ocrx_word' id='word_1_741' title='bbox 1902 4391 2006 4428; x_wconf 84' lang='lat' dir='ltr'><em>non</em></span> 
     </span>
    </p>
   </div>
   <div class='ocr_carea' id='block_1_93' title="bbox 399 4457 2009 4532">
    <p class='ocr_par' dir='ltr' id='par_1_93' title="bbox 399 4457 2009 4532">
     <span class='ocr_line' id='line_1_93' title="bbox 399 4457 2009 4532; baseline 0.004 -23"><span class='ocrx_word' id='word_1_742' title='bbox 399 4457 720 4527; x_wconf 85' lang='lat' dir='ltr'><em>erubescam,</em></span> <span class='ocrx_word' id='word_1_743' title='bbox 753 4458 882 4514; x_wconf 91' lang='lat' dir='ltr'><em>ideo</em></span> <span class='ocrx_word' id='word_1_744' title='bbox 937 4459 1074 4532; x_wconf 88' lang='lat' dir='ltr'><em>quia</em></span> <span class='ocrx_word' id='word_1_745' title='bbox 1098 4463 1310 4532; x_wconf 80' lang='lat' dir='ltr'><em>speravi</em></span> <span class='ocrx_word' id='word_1_746' title='bbox 1339 4463 1393 4514; x_wconf 89' lang='lat' dir='ltr'><em>in</em></span> <span class='ocrx_word' id='word_1_747' title='bbox 1426 4469 1474 4515; x_wconf 89' lang='lat' dir='ltr'><em>te</em></span> <span class='ocrx_word' id='word_1_748' title='bbox 1504 4479 1520 4515; x_wconf 88' lang='lat'><em>:</em></span> <span class='ocrx_word' id='word_1_749' title='bbox 1575 4466 1632 4515; x_wconf 87' lang='lat' dir='ltr'><em>et</em></span> <span class='ocrx_word' id='word_1_750' title='bbox 1662 4461 1791 4518; x_wconf 87' lang='lat' dir='ltr'><em>ideo</em></span> <span class='ocrx_word' id='word_1_751' title='bbox 1823 4463 2009 4516; x_wconf 89' lang='lat' dir='ltr'><em>adhuc</em></span> 
     </span>
    </p>
   </div>
   <div class='ocr_carea' id='block_1_94' title="bbox 399 4545 2014 4622">
    <p class='ocr_par' dir='ltr' id='par_1_94' title="bbox 399 4545 2014 4622">
     <span class='ocr_line' id='line_1_94' title="bbox 399 4545 2014 4622; baseline 0.004 -24"><span class='ocrx_word' id='word_1_752' title='bbox 399 4545 536 4616; x_wconf 89' lang='lat' dir='ltr'><em>quia</em></span> <span class='ocrx_word' id='word_1_753' title='bbox 566 4547 862 4602; x_wconf 83' lang='lat' dir='ltr'><em>innocentes</em></span> <span class='ocrx_word' id='word_1_754' title='bbox 891 4554 940 4602; x_wconf 90' lang='lat' dir='ltr'><em>et</em></span> <span class='ocrx_word' id='word_1_755' title='bbox 971 4551 1117 4616; x_wconf 85' lang='lat' dir='ltr'><em>recti,</em></span> <span class='ocrx_word' id='word_1_756' title='bbox 1164 4549 1221 4603; x_wconf 90' lang='lat' dir='ltr'><em>id</em></span> <span class='ocrx_word' id='word_1_757' title='bbox 1253 4553 1339 4603; x_wconf 90' lang='lat' dir='ltr'><em>est</em></span> <span class='ocrx_word' id='word_1_758' title='bbox 1359 4549 1498 4620; x_wconf 90' lang='lat' dir='ltr'><em>justi</em></span> <span class='ocrx_word' id='word_1_759' title='bbox 1534 4550 1592 4604; x_wconf 91' lang='lat' dir='ltr'><em>in</em></span> <span class='ocrx_word' id='word_1_760' title='bbox 1620 4551 1888 4622; x_wconf 84' lang='lat' dir='ltr'><em>operibus</em></span> <span class='ocrx_word' id='word_1_761' title='bbox 1909 4568 2014 4622; x_wconf 84' lang='lat' dir='ltr'><em>per</em></span> 
     </span>
    </p>
   </div>
   <div class='ocr_carea' id='block_1_95' title="bbox 403 4633 2009 4711">
    <p class='ocr_par' dir='ltr' id='par_1_95' title="bbox 403 4633 2009 4711">
     <span class='ocr_line' id='line_1_95' title="bbox 403 4633 2009 4711; baseline 0.003 -23"><span class='ocrx_word' id='word_1_762' title='bbox 403 4649 498 4688; x_wconf 88' lang='lat' dir='ltr'><em>me</em></span> <span class='ocrx_word' id='word_1_763' title='bbox 517 4633 652 4688; x_wconf 86' lang='lat' dir='ltr'><em>facti</em></span> <span class='ocrx_word' id='word_1_764' title='bbox 680 4635 842 4690; x_wconf 87' lang='lat' dir='ltr'><em>multi</em></span> <span class='ocrx_word' id='word_1_765' title='bbox 861 4637 1362 4695; x_wconf 73' lang='lat' dir='ltr'><em>adhaeseruntmihi.</em></span> <span class='ocrx_word' id='word_1_766' title='bbox 1387 4638 1516 4694; x_wconf 91' lang='lat' dir='ltr'><em>ideo</em></span> <span class='ocrx_word' id='word_1_767' title='bbox 1545 4637 1679 4711; x_wconf 88' lang='lat' dir='ltr'><em>quia</em></span> <span class='ocrx_word' id='word_1_768' title='bbox 1699 4641 1931 4693; x_wconf 83' lang='lat' dir='ltr'><em>sustinui</em></span> <span class='ocrx_word' id='word_1_769' title='bbox 1943 4647 2009 4707; x_wconf 90' lang='lat' dir='ltr'><em>te,</em></span> 
     </span>
    </p>
   </div>
   <div class='ocr_carea' id='block_1_96' title="bbox 403 4721 2014 4799">
    <p class='ocr_par' dir='ltr' id='par_1_96' title="bbox 403 4721 2014 4799">
     <span class='ocr_line' id='line_1_96' title="bbox 403 4721 2014 4799; baseline 0.004 -23"><span class='ocrx_word' id='word_1_770' title='bbox 403 4721 550 4776; x_wconf 86' lang='lat' dir='ltr'><em>idest</em></span> <span class='ocrx_word' id='word_1_771' title='bbox 565 4723 784 4794; x_wconf 83' lang='lat' dir='ltr'><em>speravi</em></span> <span class='ocrx_word' id='word_1_772' title='bbox 802 4723 858 4778; x_wconf 91' lang='lat' dir='ltr'><em>in</em></span> <span class='ocrx_word' id='word_1_773' title='bbox 871 4727 1019 4792; x_wconf 90' lang='lat' dir='ltr'><em>tc,ut</em></span> <span class='ocrx_word' id='word_1_774' title='bbox 1031 4729 1088 4780; x_wconf 90' lang='lat' dir='ltr'><em>et</em></span> <span class='ocrx_word' id='word_1_775' title='bbox 1099 4727 1362 4797; x_wconf 82' lang='lat' dir='ltr'><em>exemplo</em></span> <span class='ocrx_word' id='word_1_776' title='bbox 1378 4743 1506 4781; x_wconf 91' lang='lat' dir='ltr'><em>meo</em></span> <span class='ocrx_word' id='word_1_777' title='bbox 1521 4727 2014 4799; x_wconf 86' lang='lat' dir='ltr'><em>sperarent.Quod</em></span> 
     </span>
    </p>
   </div>
   <div class='ocr_carea' id='block_1_97' title="bbox 407 4810 2012 4887">
    <p class='ocr_par' dir='ltr' id='par_1_97' title="bbox 407 4810 2012 4887">
     <span class='ocr_line' id='line_1_97' title="bbox 407 4810 2012 4887; baseline 0.004 -23"><span class='ocrx_word' id='word_1_778' title='bbox 407 4812 491 4864; x_wconf 89' lang='lat' dir='ltr'><em>est</em></span> <span class='ocrx_word' id='word_1_779' title='bbox 519 4810 738 4866; x_wconf 91' lang='lat' dir='ltr'><em>dicere:</em></span> <span class='ocrx_word' id='word_1_780' title='bbox 760 4812 906 4877; x_wconf 88' lang='lat' dir='ltr'><em>Quia</em></span> <span class='ocrx_word' id='word_1_781' title='bbox 924 4814 1134 4868; x_wconf 90' lang='lat' dir='ltr'><em>multos</em></span> <span class='ocrx_word' id='word_1_782' title='bbox 1157 4815 1228 4868; x_wconf 92' lang='lat' dir='ltr'><em>ad</em></span> <span class='ocrx_word' id='word_1_783' title='bbox 1247 4819 1304 4870; x_wconf 91' lang='lat' dir='ltr'><em>te</em></span> <span class='ocrx_word' id='word_1_784' title='bbox 1321 4814 1724 4870; x_wconf 89' lang='lat' dir='ltr'><em>sustinendum</em></span> <span class='ocrx_word' id='word_1_785' title='bbox 1749 4817 2012 4887; x_wconf 88' lang='lat' dir='ltr'><em>exemplo</em></span> 
     </span>
    </p>
   </div>
   <div class='ocr_carea' id='block_1_98' title="bbox 405 4901 2016 4972">
    <p class='ocr_par' dir='ltr' id='par_1_98' title="bbox 405 4901 2016 4972">
     <span class='ocr_line' id='line_1_98' title="bbox 405 4901 2016 4972; baseline 0.002 -18"><span class='ocrx_word' id='word_1_786' title='bbox 405 4915 536 4954; x_wconf 90' lang='lat' dir='ltr'><em>meo</em></span> <span class='ocrx_word' id='word_1_787' title='bbox 554 4901 850 4972; x_wconf 89' lang='lat' dir='ltr'><em>provocari</em></span> <span class='ocrx_word' id='word_1_788' title='bbox 861 4918 998 4967; x_wconf 91' lang='lat' dir='ltr'><em>,non</em></span> <span class='ocrx_word' id='word_1_789' title='bbox 1015 4902 1334 4958; x_wconf 82' lang='lat' dir='ltr'><em>deﬁciendo</em></span> <span class='ocrx_word' id='word_1_790' title='bbox 1345 4920 1482 4970; x_wconf 90' lang='lat' dir='ltr'><em>,non</em></span> <span class='ocrx_word' id='word_1_791' title='bbox 1495 4903 1942 4958; x_wconf 88' lang='lat' dir='ltr'><em>erubescam.Ne</em></span> <span class='ocrx_word' id='word_1_792' title='bbox 1957 4905 2016 4958; x_wconf 93' lang='lat' dir='ltr'><em>et</em></span> 
     </span>
    </p>
   </div>
   <div class='ocr_carea' id='block_1_99' title="bbox 404 4987 2010 5061">
    <p class='ocr_par' dir='ltr' id='par_1_99' title="bbox 404 4987 2010 5061">
     <span class='ocr_line' id='line_1_99' title="bbox 404 4987 2010 5061; baseline 0.002 -21"><span class='ocrx_word' id='word_1_793' title='bbox 404 4987 510 5058; x_wconf 88' lang='lat' dir='ltr'><em>ipsi</em></span> <span class='ocrx_word' id='word_1_794' title='bbox 523 4989 672 5044; x_wconf 78' lang='lat' dir='ltr'><em>forte</em></span> <span class='ocrx_word' id='word_1_795' title='bbox 693 4991 956 5061; x_wconf 84' lang='lat' dir='ltr'><em>exemplo</em></span> <span class='ocrx_word' id='word_1_796' title='bbox 971 5007 1102 5045; x_wconf 91' lang='lat' dir='ltr'><em>meo</em></span> <span class='ocrx_word' id='word_1_797' title='bbox 1121 4991 1275 5046; x_wconf 89' lang='lat' dir='ltr'><em>malo</em></span> <span class='ocrx_word' id='word_1_798' title='bbox 1294 4991 2010 5058; x_wconf 85' lang='lat' dir='ltr'><em>deﬁcientes,erubescant.</em></span> 
     </span>
    </p>
   </div>
   <div class='ocr_carea' id='block_1_100' title="bbox 408 5075 2010 5150">
    <p class='ocr_par' dir='ltr' id='par_1_100' title="bbox 408 5075 2010 5150">
     <span class='ocr_line' id='line_1_100' title="bbox 408 5075 2010 5150; baseline 0 -19"><span class='ocrx_word' id='word_1_799' title='bbox 408 5075 546 5131; x_wconf 90' lang='lat' dir='ltr'><em>Orat</em></span> <span class='ocrx_word' id='word_1_800' title='bbox 571 5093 801 5149; x_wconf 89' lang='lat' dir='ltr'><em>quoque</em></span> <span class='ocrx_word' id='word_1_801' title='bbox 838 5094 942 5150; x_wconf 91' lang='lat' dir='ltr'><em>pro</em></span> <span class='ocrx_word' id='word_1_802' title='bbox 992 5078 1130 5150; x_wconf 91' lang='lat' dir='ltr'><em>ipsis</em></span> <span class='ocrx_word' id='word_1_803' title='bbox 1177 5079 1582 5134; x_wconf 87' lang='lat' dir='ltr'><em>innocentibus</em></span> <span class='ocrx_word' id='word_1_804' title='bbox 1612 5082 1670 5133; x_wconf 90' lang='lat' dir='ltr'><em>et</em></span> <span class='ocrx_word' id='word_1_805' title='bbox 1697 5079 1868 5134; x_wconf 86' lang='lat' dir='ltr'><em>rectis</em></span> <span class='ocrx_word' id='word_1_806' title='bbox 1895 5079 2010 5133; x_wconf 90' lang='lat' dir='ltr'><em>sic:</em></span> 
     </span>
    </p>
   </div>
   <div class='ocr_carea' id='block_1_101' title="bbox 409 5163 2017 5236">
    <p class='ocr_par' dir='ltr' id='par_1_101' title="bbox 409 5163 2017 5236">
     <span class='ocr_line' id='line_1_101' title="bbox 409 5163 2017 5236; baseline 0.001 -18"><span class='ocrx_word' id='word_1_807' title='bbox 409 5163 545 5218; x_wconf 91' lang='lat' dir='ltr'><em>Dico</em></span> <span class='ocrx_word' id='word_1_808' title='bbox 571 5165 726 5236; x_wconf 90' lang='lat' dir='ltr'><em>quod</em></span> <span class='ocrx_word' id='word_1_809' title='bbox 753 5168 1046 5220; x_wconf 82' lang='lat' dir='ltr'><em>innocentes</em></span> <span class='ocrx_word' id='word_1_810' title='bbox 1075 5174 1125 5220; x_wconf 87' lang='lat' dir='ltr'><em>et</em></span> <span class='ocrx_word' id='word_1_811' title='bbox 1153 5169 1283 5220; x_wconf 89' lang='lat' dir='ltr'><em>recti</em></span> <span class='ocrx_word' id='word_1_812' title='bbox 1304 5167 1636 5220; x_wconf 69' lang='lat' dir='ltr'><em>adhaeserunt</em></span> <span class='ocrx_word' id='word_1_813' title='bbox 1666 5167 1816 5234; x_wconf 85' lang='lat' dir='ltr'><em>mihi,</em></span> <span class='ocrx_word' id='word_1_814' title='bbox 1844 5167 1902 5221; x_wconf 91' lang='lat' dir='ltr'><em>id</em></span> <span class='ocrx_word' id='word_1_815' title='bbox 1932 5171 2017 5220; x_wconf 87' lang='lat' dir='ltr'><em>est</em></span> 
     </span>
    </p>
   </div>
   <div class='ocr_carea' id='block_1_102' title="bbox 405 5253 2016 5326">
    <p class='ocr_par' dir='ltr' id='par_1_102' title="bbox 405 5253 2016 5326">
     <span class='ocr_line' id='line_1_102' title="bbox 405 5253 2016 5326; baseline 0.002 -21"><span class='ocrx_word' id='word_1_816' title='bbox 405 5253 670 5325; x_wconf 81' lang='lat' dir='ltr'><em>exemplo</em></span> <span class='ocrx_word' id='word_1_817' title='bbox 702 5271 856 5308; x_wconf 92' lang='lat' dir='ltr'><em>meo.</em></span> <span class='ocrx_word' id='word_1_818' title='bbox 887 5255 1040 5326; x_wconf 90' lang='lat' dir='ltr'><em>Ergo</em></span> <span class='ocrx_word' id='word_1_819' title='bbox 1070 5254 1214 5309; x_wconf 86' lang='lat' dir='ltr'><em>Deus</em></span> <span class='ocrx_word' id='word_1_820' title='bbox 1265 5255 1440 5309; x_wconf 78' lang='lat' dir='ltr'><em>libera</em></span> <span class='ocrx_word' id='word_1_821' title='bbox 1488 5253 1643 5326; x_wconf 91' lang='lat' dir='ltr'><em>ipsos</em></span> <span class='ocrx_word' id='word_1_822' title='bbox 1677 5254 1800 5324; x_wconf 89' lang='lat' dir='ltr'><em>jam</em></span> <span class='ocrx_word' id='word_1_823' title='bbox 1835 5254 2016 5308; x_wconf 84' lang='lat' dir='ltr'><em>factos</em></span> 
     </span>
    </p>
   </div>
   <div class='ocr_carea' id='block_1_103' title="bbox 409 5337 1904 5406">
    <p class='ocr_par' dir='ltr' id='par_1_103' title="bbox 409 5337 1904 5406">
     <span class='ocr_line' id='line_1_103' title="bbox 409 5337 1904 5406; baseline 0.003 -14"><span class='ocrx_word' id='word_1_824' title='bbox 409 5337 582 5394; x_wconf 89' lang='lat' dir='ltr'><em>Israel</em></span> <span class='ocrx_word' id='word_1_825' title='bbox 601 5358 664 5394; x_wconf 72' lang='lat' dir='ltr'><em>ex</em></span> <span class='ocrx_word' id='word_1_826' title='bbox 693 5343 935 5396; x_wconf 85' lang='lat' dir='ltr'><em>omnibus</em></span> <span class='ocrx_word' id='word_1_827' title='bbox 967 5343 1540 5406; x_wconf 83' lang='lat' dir='ltr'><em>tribulationibussuis,</em></span> <span class='ocrx_word' id='word_1_828' title='bbox 1574 5359 1646 5395; x_wconf 90' lang='lat' dir='ltr'><em>ne</em></span> <span class='ocrx_word' id='word_1_829' title='bbox 1677 5343 1904 5396; x_wconf 86' lang='lat' dir='ltr'><em>cedant.</em></span> 
     </span>
    </p>
   </div>
   <div class='ocr_carea' id='block_1_104' title="bbox 910 5429 1514 5486">
    <p class='ocr_par' dir='ltr' id='par_1_104' title="bbox 910 5429 1514 5486">
     <span class='ocr_line' id='line_1_104' title="bbox 910 5429 1514 5486; baseline 0.003 -2"><span class='ocrx_word' id='word_1_830' title='bbox 910 5429 978 5484; x_wconf 86' lang='lat' dir='ltr'><em>IN</em></span> <span class='ocrx_word' id='word_1_831' title='bbox 1009 5430 1339 5486; x_wconf 77' lang='lat' dir='ltr'><em>PSALMUM</em></span> <span class='ocrx_word' id='word_1_832' title='bbox 1369 5431 1514 5486; x_wconf 84' lang='lat' dir='ltr'><em>XXV.</em></span> 
     </span>
    </p>
   </div>
   <div class='ocr_carea' id='block_1_105' title="bbox 481 5515 2014 5590">
    <p class='ocr_par' dir='ltr' id='par_1_105' title="bbox 481 5515 2014 5590">
     <span class='ocr_line' id='line_1_105' title="bbox 481 5515 2014 5590; baseline 0.004 -20"><span class='ocrx_word' id='word_1_833' title='bbox 481 5515 701 5572; x_wconf 85' lang='lat' dir='ltr'><em>Titulus</em></span> <span class='ocrx_word' id='word_1_834' title='bbox 727 5517 984 5586; x_wconf 86' lang='lat' dir='ltr'><em>vigesimi</em></span> <span class='ocrx_word' id='word_1_835' title='bbox 1055 5519 1260 5590; x_wconf 79' lang='lat' dir='ltr'><em>quil&#39;iti.</em></span> <span class='ocrx_word' id='word_1_836' title='bbox 1290 5517 1537 5574; x_wconf 73' lang='lat' dir='ltr'><em>Psalmus</em></span> <span class='ocrx_word' id='word_1_837' title='bbox 1588 5520 1782 5585; x_wconf 73' lang='lat' dir='ltr'><em>David,</em></span> <span class='ocrx_word' id='word_1_838' title='bbox 1842 5521 1898 5574; x_wconf 90' lang='lat' dir='ltr'><em>id</em></span> <span class='ocrx_word' id='word_1_839' title='bbox 1930 5525 2014 5576; x_wconf 79' lang='lat' dir='ltr'><em>est</em></span> 
     </span>
    </p>
   </div>
   <div class='ocr_carea' id='block_1_106' title="bbox 2109 4372 3706 4440">
    <p class='ocr_par' dir='ltr' id='par_1_106' title="bbox 2109 4372 3706 4440">
     <span class='ocr_line' id='line_1_106' title="bbox 2109 4372 3706 4440; baseline 0.001 -14"><span class='ocrx_word' id='word_1_840' title='bbox 2109 4376 2194 4426; x_wconf 91' lang='lat' dir='ltr'><em>est</em></span> <span class='ocrx_word' id='word_1_841' title='bbox 2223 4372 2282 4426; x_wconf 91' lang='lat' dir='ltr'><em>in</em></span> <span class='ocrx_word' id='word_1_842' title='bbox 2323 4373 2734 4428; x_wconf 86' lang='lat' dir='ltr'><em>conformitate</em></span> <span class='ocrx_word' id='word_1_843' title='bbox 2762 4373 3018 4428; x_wconf 89' lang='lat' dir='ltr'><em>veritatis</em></span> <span class='ocrx_word' id='word_1_844' title='bbox 3044 4373 3324 4440; x_wconf 71' lang='lat' dir='ltr'><em>tuaa,Filii</em></span> <span class='ocrx_word' id='word_1_845' title='bbox 3357 4375 3439 4428; x_wconf 89' lang='lat' dir='ltr'><em>tui</em></span> <span class='ocrx_word' id='word_1_846' title='bbox 3470 4375 3706 4440; x_wconf 89' lang='lat' dir='ltr'><em>scilicet,</em></span> 
     </span>
    </p>
   </div>
   <div class='ocr_carea' id='block_1_107' title="bbox 2109 4462 3710 4534">
    <p class='ocr_par' dir='ltr' id='par_1_107' title="bbox 2109 4462 3710 4534">
     <span class='ocr_line' id='line_1_107' title="bbox 2109 4462 3710 4534; baseline 0.002 -21"><span class='ocrx_word' id='word_1_847' title='bbox 2109 4464 2281 4532; x_wconf 90' lang='lat' dir='ltr'><em>prout</em></span> <span class='ocrx_word' id='word_1_848' title='bbox 2311 4463 2470 4516; x_wconf 90' lang='lat' dir='ltr'><em>valeo</em></span> <span class='ocrx_word' id='word_1_849' title='bbox 2502 4463 2718 4534; x_wconf 89' lang='lat' dir='ltr'><em>positus</em></span> <span class='ocrx_word' id='word_1_850' title='bbox 2757 4466 2815 4516; x_wconf 90' lang='lat' dir='ltr'><em>et</em></span> <span class='ocrx_word' id='word_1_851' title='bbox 2843 4462 2902 4517; x_wconf 91' lang='lat' dir='ltr'><em>in</em></span> <span class='ocrx_word' id='word_1_852' title='bbox 2927 4479 3102 4534; x_wconf 89' lang='lat' dir='ltr'><em>opere</em></span> <span class='ocrx_word' id='word_1_853' title='bbox 3160 4465 3218 4518; x_wconf 90' lang='lat' dir='ltr'><em>et</em></span> <span class='ocrx_word' id='word_1_854' title='bbox 3271 4463 3332 4517; x_wconf 91' lang='lat' dir='ltr'><em>in</em></span> <span class='ocrx_word' id='word_1_855' title='bbox 3387 4463 3710 4518; x_wconf 88' lang='lat' dir='ltr'><em>virtutibus.</em></span> 
     </span>
    </p>
   </div>
   <div class='ocr_carea' id='block_1_108' title="bbox 2112 4548 3710 4622">
    <p class='ocr_par' dir='ltr' id='par_1_108' title="bbox 2112 4548 3710 4622">
     <span class='ocr_line' id='line_1_108' title="bbox 2112 4548 3710 4622; baseline 0.003 -21"><span class='ocrx_word' id='word_1_856' title='bbox 2112 4548 2356 4620; x_wconf 83' lang='lat' dir='ltr'><em>Exponit</em></span> <span class='ocrx_word' id='word_1_857' title='bbox 2385 4553 2580 4604; x_wconf 91' lang='lat' dir='ltr'><em>autem</em></span> <span class='ocrx_word' id='word_1_858' title='bbox 2613 4551 3007 4605; x_wconf 90' lang='lat' dir='ltr'><em>innocentiam</em></span> <span class='ocrx_word' id='word_1_859' title='bbox 3039 4567 3203 4606; x_wconf 88' lang='lat' dir='ltr'><em>suam</em></span> <span class='ocrx_word' id='word_1_860' title='bbox 3229 4567 3335 4622; x_wconf 92' lang='lat' dir='ltr'><em>per</em></span> <span class='ocrx_word' id='word_1_861' title='bbox 3358 4553 3550 4621; x_wconf 87' lang='lat' dir='ltr'><em>partes</em></span> <span class='ocrx_word' id='word_1_862' title='bbox 3579 4551 3656 4606; x_wconf 88' lang='lat' dir='ltr'><em>sic</em></span> <span class='ocrx_word' id='word_1_863' title='bbox 3698 4568 3710 4605; x_wconf 95' lang='lat'><em>:</em></span> 
     </span>
    </p>
   </div>
   <div class='ocr_carea' id='block_1_109' title="bbox 2111 4629 3715 4711">
    <p class='ocr_par' dir='ltr' id='par_1_109' title="bbox 2111 4629 3715 4711">
     <span class='ocr_line' id='line_1_109' title="bbox 2111 4629 3715 4711; baseline 0.001 -21"><span class='ocrx_word' id='word_1_864' title='bbox 2111 4637 2253 4691; x_wconf 88' lang='lat' dir='ltr'><em>Vere</em></span> <span class='ocrx_word' id='word_1_865' title='bbox 2293 4640 2554 4708; x_wconf 83' lang='lat' dir='ltr'><em>ingressus</em></span> <span class='ocrx_word' id='word_1_866' title='bbox 2581 4657 2698 4693; x_wconf 88' lang='lat' dir='ltr'><em>sum</em></span> <span class='ocrx_word' id='word_1_867' title='bbox 2729 4641 2784 4692; x_wconf 86' lang='lat' dir='ltr'><em>in</em></span> <span class='ocrx_word' id='word_1_868' title='bbox 2814 4641 3133 4706; x_wconf 86' lang='lat' dir='ltr'><em>innocentia,</em></span> <span class='ocrx_word' id='word_1_869' title='bbox 3165 4639 3302 4711; x_wconf 90' lang='lat' dir='ltr'><em>quia</em></span> <span class='ocrx_word' id='word_1_870' title='bbox 3321 4656 3425 4692; x_wconf 86' lang='lat' dir='ltr'><em>non</em></span> <span class='ocrx_word' id='word_1_871' title='bbox 3453 4629 3569 4692; x_wconf 74' lang='lat' dir='ltr'><em>sedi</em></span> <span class='ocrx_word' id='word_1_872' title='bbox 3594 4657 3715 4693; x_wconf 86' lang='lat' dir='ltr'><em>cum</em></span> 
     </span>
    </p>
   </div>
   <div class='ocr_carea' id='block_1_110' title="bbox 2111 4725 3714 4798">
    <p class='ocr_par' dir='ltr' id='par_1_110' title="bbox 2111 4725 3714 4798">
     <span class='ocr_line' id='line_1_110' title="bbox 2111 4725 3714 4798; baseline 0.001 -19"><span class='ocrx_word' id='word_1_873' title='bbox 2111 4725 2326 4780; x_wconf 87' lang='lat' dir='ltr'><em>consilio</em></span> <span class='ocrx_word' id='word_1_874' title='bbox 2359 4728 2627 4794; x_wconf 85' lang='lat' dir='ltr'><em>vanitatis,</em></span> <span class='ocrx_word' id='word_1_875' title='bbox 2655 4727 2714 4782; x_wconf 90' lang='lat' dir='ltr'><em>id</em></span> <span class='ocrx_word' id='word_1_876' title='bbox 2759 4731 2847 4782; x_wconf 89' lang='lat' dir='ltr'><em>est</em></span> <span class='ocrx_word' id='word_1_877' title='bbox 2875 4727 3134 4798; x_wconf 78' lang='lat' dir='ltr'><em>quamvis</em></span> <span class='ocrx_word' id='word_1_878' title='bbox 3157 4743 3288 4781; x_wconf 91' lang='lat' dir='ltr'><em>cum</em></span> <span class='ocrx_word' id='word_1_879' title='bbox 3319 4727 3399 4781; x_wconf 89' lang='lat' dir='ltr'><em>eis</em></span> <span class='ocrx_word' id='word_1_880' title='bbox 3429 4727 3714 4798; x_wconf 87' lang='lat' dir='ltr'><em>corporali</em></span> 
     </span>
    </p>
   </div>
   <div class='ocr_carea' id='block_1_111' title="bbox 2113 4813 3716 4885">
    <p class='ocr_par' dir='ltr' id='par_1_111' title="bbox 2113 4813 3716 4885">
     <span class='ocr_line' id='line_1_111' title="bbox 2113 4813 3716 4885; baseline 0.002 -18"><span class='ocrx_word' id='word_1_881' title='bbox 2113 4813 2422 4885; x_wconf 73' lang='lat' dir='ltr'><em>praesentia</em></span> <span class='ocrx_word' id='word_1_882' title='bbox 2447 4831 2771 4883; x_wconf 87' lang='lat' dir='ltr'><em>converser,</em></span> <span class='ocrx_word' id='word_1_883' title='bbox 2813 4818 3012 4870; x_wconf 88' lang='lat' dir='ltr'><em>tamen</em></span> <span class='ocrx_word' id='word_1_884' title='bbox 3038 4815 3095 4868; x_wconf 93' lang='lat' dir='ltr'><em>in</em></span> <span class='ocrx_word' id='word_1_885' title='bbox 3127 4815 3324 4869; x_wconf 90' lang='lat' dir='ltr'><em>anima</em></span> <span class='ocrx_word' id='word_1_886' title='bbox 3367 4832 3472 4868; x_wconf 88' lang='lat' dir='ltr'><em>non</em></span> <span class='ocrx_word' id='word_1_887' title='bbox 3497 4815 3626 4882; x_wconf 88' lang='lat' dir='ltr'><em>sedi,</em></span> <span class='ocrx_word' id='word_1_888' title='bbox 3660 4814 3716 4870; x_wconf 91' lang='lat' dir='ltr'><em>id</em></span> 
     </span>
    </p>
   </div>
   <div class='ocr_carea' id='block_1_112' title="bbox 2113 4902 3720 4975">
    <p class='ocr_par' dir='ltr' id='par_1_112' title="bbox 2113 4902 3720 4975">
     <span class='ocr_line' id='line_1_112' title="bbox 2113 4902 3720 4975; baseline 0.001 -20"><span class='ocrx_word' id='word_1_889' title='bbox 2113 4904 2199 4955; x_wconf 89' lang='lat' dir='ltr'><em>est</em></span> <span class='ocrx_word' id='word_1_890' title='bbox 2223 4902 2637 4958; x_wconf 88' lang='lat' dir='ltr'><em>consentiendo</em></span> <span class='ocrx_word' id='word_1_891' title='bbox 2671 4921 2788 4959; x_wconf 91' lang='lat' dir='ltr'><em>non</em></span> <span class='ocrx_word' id='word_1_892' title='bbox 2804 4903 3150 4958; x_wconf 89' lang='lat' dir='ltr'><em>immoratus</em></span> <span class='ocrx_word' id='word_1_893' title='bbox 3175 4918 3302 4958; x_wconf 88' lang='lat' dir='ltr'><em>sum</em></span> <span class='ocrx_word' id='word_1_894' title='bbox 3319 4919 3452 4958; x_wconf 88' lang='lat' dir='ltr'><em>cum</em></span> <span class='ocrx_word' id='word_1_895' title='bbox 3477 4903 3589 4958; x_wconf 83' lang='lat' dir='ltr'><em>illis</em></span> <span class='ocrx_word' id='word_1_896' title='bbox 3618 4902 3720 4975; x_wconf 91' lang='lat' dir='ltr'><em>qui</em></span> 
     </span>
    </p>
   </div>
   <div class='ocr_carea' id='block_1_113' title="bbox 2113 4991 3718 5061">
    <p class='ocr_par' dir='ltr' id='par_1_113' title="bbox 2113 4991 3718 5061">
     <span class='ocr_line' id='line_1_113' title="bbox 2113 4991 3718 5061; baseline 0.001 -17"><span class='ocrx_word' id='word_1_897' title='bbox 2113 4993 2248 5044; x_wconf 92' lang='lat' dir='ltr'><em>sunt</em></span> <span class='ocrx_word' id='word_1_898' title='bbox 2274 4991 2573 5046; x_wconf 89' lang='lat' dir='ltr'><em>consilium</em></span> <span class='ocrx_word' id='word_1_899' title='bbox 2588 4992 2874 5061; x_wconf 90' lang='lat' dir='ltr'><em>vanitatis,</em></span> <span class='ocrx_word' id='word_1_900' title='bbox 2907 4991 2966 5047; x_wconf 91' lang='lat' dir='ltr'><em>id</em></span> <span class='ocrx_word' id='word_1_901' title='bbox 2987 4995 3073 5046; x_wconf 90' lang='lat' dir='ltr'><em>est</em></span> <span class='ocrx_word' id='word_1_902' title='bbox 3099 4991 3518 5047; x_wconf 85' lang='lat' dir='ltr'><em>concordantes</em></span> <span class='ocrx_word' id='word_1_903' title='bbox 3547 4991 3718 5046; x_wconf 89' lang='lat' dir='ltr'><em>simul</em></span> 
     </span>
    </p>
   </div>
   <div class='ocr_carea' id='block_1_114' title="bbox 2115 5077 3719 5152">
    <p class='ocr_par' dir='ltr' id='par_1_114' title="bbox 2115 5077 3719 5152">
     <span class='ocr_line' id='line_1_114' title="bbox 2115 5077 3719 5152; baseline 0 -21"><span class='ocrx_word' id='word_1_904' title='bbox 2115 5077 2172 5131; x_wconf 91' lang='lat' dir='ltr'><em>in</em></span> <span class='ocrx_word' id='word_1_905' title='bbox 2190 5079 2448 5150; x_wconf 89' lang='lat' dir='ltr'><em>appetitu</em></span> <span class='ocrx_word' id='word_1_906' title='bbox 2481 5082 2870 5149; x_wconf 90' lang='lat' dir='ltr'><em>terrenorum,</em></span> <span class='ocrx_word' id='word_1_907' title='bbox 2911 5097 3039 5152; x_wconf 66' lang='lat' dir='ltr'><em>quae</em></span> <span class='ocrx_word' id='word_1_908' title='bbox 3069 5097 3216 5135; x_wconf 87' lang='lat' dir='ltr'><em>vana</em></span> <span class='ocrx_word' id='word_1_909' title='bbox 3241 5081 3394 5134; x_wconf 90' lang='lat' dir='ltr'><em>sunt.</em></span> <span class='ocrx_word' id='word_1_910' title='bbox 3431 5078 3565 5133; x_wconf 91' lang='lat' dir='ltr'><em>Dico</em></span> <span class='ocrx_word' id='word_1_911' title='bbox 3614 5096 3719 5134; x_wconf 86' lang='lat' dir='ltr'><em>non</em></span> 
     </span>
    </p>
   </div>
   <div class='ocr_carea' id='block_1_115' title="bbox 2113 5167 3723 5240">
    <p class='ocr_par' dir='ltr' id='par_1_115' title="bbox 2113 5167 3723 5240">
     <span class='ocr_line' id='line_1_115' title="bbox 2113 5167 3723 5240; baseline 0 -20"><span class='ocrx_word' id='word_1_912' title='bbox 2113 5167 2246 5234; x_wconf 82' lang='lat' dir='ltr'><em>sedi,</em></span> <span class='ocrx_word' id='word_1_913' title='bbox 2279 5170 2338 5222; x_wconf 89' lang='lat' dir='ltr'><em>et</em></span> <span class='ocrx_word' id='word_1_914' title='bbox 2366 5169 2552 5222; x_wconf 87' lang='lat' dir='ltr'><em>adhuc</em></span> <span class='ocrx_word' id='word_1_915' title='bbox 2571 5167 2871 5240; x_wconf 90' lang='lat' dir='ltr'><em>promitto,</em></span> <span class='ocrx_word' id='word_1_916' title='bbox 2905 5167 3039 5240; x_wconf 89' lang='lat' dir='ltr'><em>quia</em></span> <span class='ocrx_word' id='word_1_917' title='bbox 3067 5185 3172 5222; x_wconf 85' lang='lat' dir='ltr'><em>non</em></span> <span class='ocrx_word' id='word_1_918' title='bbox 3205 5167 3430 5222; x_wconf 83' lang='lat' dir='ltr'><em>introibo</em></span> <span class='ocrx_word' id='word_1_919' title='bbox 3457 5182 3564 5237; x_wconf 91' lang='lat' dir='ltr'><em>per</em></span> <span class='ocrx_word' id='word_1_920' title='bbox 3588 5183 3723 5221; x_wconf 92' lang='lat' dir='ltr'><em>con-</em></span> 
     </span>
    </p>
   </div>
   <div class='ocr_carea' id='block_1_116' title="bbox 2115 5253 3720 5329">
    <p class='ocr_par' dir='ltr' id='par_1_116' title="bbox 2115 5253 3720 5329">
     <span class='ocr_line' id='line_1_116' title="bbox 2115 5253 3720 5329; baseline -0.001 -20"><span class='ocrx_word' id='word_1_921' title='bbox 2115 5271 2346 5309; x_wconf 88' lang='lat' dir='ltr'><em>sensum</em></span> <span class='ocrx_word' id='word_1_922' title='bbox 2379 5273 2499 5310; x_wconf 84' lang='lat' dir='ltr'><em>cum</em></span> <span class='ocrx_word' id='word_1_923' title='bbox 2529 5258 2711 5329; x_wconf 79' lang='lat' dir='ltr'><em>iniqua</em></span> <span class='ocrx_word' id='word_1_924' title='bbox 2749 5256 3068 5326; x_wconf 86' lang='lat' dir='ltr'><em>gerentibus,</em></span> <span class='ocrx_word' id='word_1_925' title='bbox 3101 5254 3257 5310; x_wconf 83' lang='lat' dir='ltr'><em>falsis</em></span> <span class='ocrx_word' id='word_1_926' title='bbox 3311 5254 3527 5310; x_wconf 90' lang='lat' dir='ltr'><em>scilicet</em></span> <span class='ocrx_word' id='word_1_927' title='bbox 3559 5253 3720 5310; x_wconf 86' lang='lat' dir='ltr'><em>Chri-</em></span> 
     </span>
    </p>
   </div>
   <div class='ocr_carea' id='block_1_117' title="bbox 2116 5339 3720 5415">
    <p class='ocr_par' dir='ltr' id='par_1_117' title="bbox 2116 5339 3720 5415">
     <span class='ocr_line' id='line_1_117' title="bbox 2116 5339 3720 5415; baseline 0 -18"><span class='ocrx_word' id='word_1_928' title='bbox 2116 5343 2333 5398; x_wconf 89' lang='lat' dir='ltr'><em>stianis.</em></span> <span class='ocrx_word' id='word_1_929' title='bbox 2371 5344 2438 5397; x_wconf 86' lang='lat' dir='ltr'><em>Et</em></span> <span class='ocrx_word' id='word_1_930' title='bbox 2467 5345 2613 5398; x_wconf 92' lang='lat' dir='ltr'><em>bene</em></span> <span class='ocrx_word' id='word_1_931' title='bbox 2660 5343 2825 5415; x_wconf 88' lang='lat' dir='ltr'><em>ponit</em></span> <span class='ocrx_word' id='word_1_932' title='bbox 2869 5343 3119 5410; x_wconf 86' lang='lat' dir='ltr'><em>introibo,</em></span> <span class='ocrx_word' id='word_1_933' title='bbox 3171 5339 3414 5398; x_wconf 91' lang='lat' dir='ltr'><em>introire</em></span> <span class='ocrx_word' id='word_1_934' title='bbox 3461 5359 3720 5415; x_wconf 87' lang='lat' dir='ltr'><em>namque</em></span> 
     </span>
    </p>
   </div>
   <div class='ocr_carea' id='block_1_118' title="bbox 2117 5431 3721 5503">
    <p class='ocr_par' dir='ltr' id='par_1_118' title="bbox 2117 5431 3721 5503">
     <span class='ocr_line' id='line_1_118' title="bbox 2117 5431 3721 5503; baseline -0.001 -17"><span class='ocrx_word' id='word_1_935' title='bbox 2117 5431 2362 5486; x_wconf 90' lang='lat' dir='ltr'><em>dicimus</em></span> <span class='ocrx_word' id='word_1_936' title='bbox 2386 5432 2444 5486; x_wconf 90' lang='lat' dir='ltr'><em>in</em></span> <span class='ocrx_word' id='word_1_937' title='bbox 2468 5432 2703 5503; x_wconf 84' lang='lat' dir='ltr'><em>aliquod</em></span> <span class='ocrx_word' id='word_1_938' title='bbox 2730 5433 3016 5487; x_wconf 90' lang='lat' dir='ltr'><em>occultum</em></span> <span class='ocrx_word' id='word_1_939' title='bbox 3033 5431 3270 5486; x_wconf 89' lang='lat' dir='ltr'><em>intrare.</em></span> <span class='ocrx_word' id='word_1_940' title='bbox 3299 5431 3501 5485; x_wconf 88' lang='lat' dir='ltr'><em>Omnis</em></span> <span class='ocrx_word' id='word_1_941' title='bbox 3525 5435 3721 5486; x_wconf 87' lang='lat' dir='ltr'><em>autem</em></span> 
     </span>
    </p>
   </div>
   <div class='ocr_carea' id='block_1_119' title="bbox 2115 5518 3721 5591">
    <p class='ocr_par' dir='ltr' id='par_1_119' title="bbox 2115 5518 3721 5591">
     <span class='ocr_line' id='line_1_119' title="bbox 2115 5518 3721 5591; baseline -0.001 -18"><span class='ocrx_word' id='word_1_942' title='bbox 2115 5519 2313 5591; x_wconf 86' lang='lat' dir='ltr'><em>iniqua</em></span> <span class='ocrx_word' id='word_1_943' title='bbox 2343 5537 2549 5588; x_wconf 79' lang='lat' dir='ltr'><em>gerens</em></span> <span class='ocrx_word' id='word_1_944' title='bbox 2576 5519 2795 5585; x_wconf 90' lang='lat' dir='ltr'><em>introit,</em></span> <span class='ocrx_word' id='word_1_945' title='bbox 2824 5519 2887 5573; x_wconf 89' lang='lat' dir='ltr'><em>id</em></span> <span class='ocrx_word' id='word_1_946' title='bbox 2917 5523 3002 5573; x_wconf 87' lang='lat' dir='ltr'><em>est</em></span> <span class='ocrx_word' id='word_1_947' title='bbox 3054 5520 3110 5574; x_wconf 91' lang='lat' dir='ltr'><em>in</em></span> <span class='ocrx_word' id='word_1_948' title='bbox 3145 5536 3268 5573; x_wconf 86' lang='lat' dir='ltr'><em>rem</em></span> <span class='ocrx_word' id='word_1_949' title='bbox 3319 5518 3721 5574; x_wconf 88' lang='lat' dir='ltr'><em>occultandam</em></span> 
     </span>
    </p>
   </div>
  </div>
