3994 6042
253 310 357 369 737

1230 306 1586 365 EXPOSITIO
1628 308 1690 362 IN
1734 304 2068 363 PSAIMOS.
2117 310 2195 381 -ξ
2222 306 2415 365 PSAL.
2458 312 2606 367 XXVI

3466 323 3577 381 738

261 433 468 500 intrat,
501 433 565 488 in
602 437 834 506 peccata
863 435 1096 500 scilicet,
1129 452 1256 506 quin
1288 434 1788 501 occultandasunt,
1810 438 1872 489 ut
1903 437 1954 493 Α
1977 431 2105 487 ideo
2123 434 2501 505 quiadextera,
2537 439 2592 493 id
2612 441 2804 495 estilla
2823 440 2975 496 bona
2996 439 3277 514 operatio,
3300 461 3480 503 eorum
3497 468 3580 505 re-

266 522 548 577 Dominus
578 523 636 577 in
661 525 965 595 Evangelio
993 523 1226 578 :Omnis
1265 524 1359 594 qui
1392 526 1543 577 male
1580 525 1719 595 agit,
1743 523 1864 577 odit

253 611 445 666 lucem
478 613 660 675 (Joan.
696 630 776 677 Ill,
809 613 939 683 ‘20).)
981 634 1007 660 ››
1042 614 1108 666 Et
1140 629 1256 666 non
1317 615 1538 666 tantum
1574 631 1679 665 non
1730 612 1864 675 sedi,

254 702 353 755 sed
385 702 562 755 etiam
585 702 730 756 odivi
757 703 1027 755 ecclesiam
1061 703 1495 772 malignantium,
1538 702 1590 755 id
1624 706 1709 754 est
1734 702 1866 755 odio

252 791 428 844 habui
463 792 616 845 mala
647 807 824 862 opera
853 808 1077 858 eorum,
1112 807 1226 845 non
1261 796 1608 845 creaturam.

328 879 394 932 Et
418 896 532 933 non
557 880 743 933 solum
788 896 895 932 non
918 880 1158 933 introibo
1185 897 1305 932 cum
1346 880 1529 949 iniqua
1545 877 1864 947 gerentibus,

252 968 411 1023 falsis
441 968 653 1022 scilicet
686 968 1051 1035 Christianis;
1083 969 1184 1023 sed
1233 972 1289 1021 ct
1329 985 1431 1020 non
1469 967 1671 1033 sedebo,
1700 966 1756 1019 id
1784 968 1868 1018 est

254 1057 314 1112 in
338 1074 621 1111 consensu
654 1074 770 1112 non
806 1057 1165 1111 immorabor
1179 1072 1298 1111 cum
1316 1058 1510 1126 impiis,
1544 1055 1601 1109 id
1623 1057 1708 1109 est
1733 1070 1864 1108 cum

252 1146 541 1202 haereticis
566 1151 625 1201 et
655 1148 997 1203 idololatris.
1033 1147 1198 1211 Quod
1221 1149 1305 1201 est
1335 1146 1553 1201 dicere:
1575 1147 1698 1199 Non
1728 1162 1857 1199 con-

252 1237 503 1290 sentiam
536 1236 864 1291 infidelitati
895 1240 952 1290 et
973 1234 1274 1290 sententiis
1304 1252 1529 1289 eorum.
1590 1234 1700 1288 Sed
1731 1235 1868 1286 inter

254 1327 554 1379 innocentes
584 1324 921 1391 consistens,
982 1324 1170 1377 lavabo
1226 1340 1417 1379 manus
1446 1339 1607 1389 meas,
1668 1322 1725 1376 id
1783 1324 1867 1375 est

252 1413 553 1468 mandabo
585 1413 739 1486 quod
769 1412 1175 1467 mandandum
1230 1416 1315 1467 est
1364 1412 1421 1466 in
1472 1409 1867 1466 affectionibus

253 1502 420 1569 meis,
446 1519 574 1573 quia
606 1518 812 1556 manus
835 1501 963 1556 ideo
996 1501 1289 1568 dicuntur,
1323 1500 1457 1572 quia
1488 1517 1593 1571 par
1623 1517 1719 1553 eas
1736 1516 1866 1553 sen-

254 1591 466 1645 tentias
495 1590 857 1661 attingimus,
888 1591 1031 1644 sicut
1059 1590 1325 1644 manibus
1354 1588 1646 1659 corporeis
1668 1604 1867 1658 corpo-

252 1696 354 1733 rea
386 1682 719 1733 tractamus.
753 1678 1090 1733 Innocentia
1119 1695 1218 1733 sua
1250 1695 1352 1749 per
1383 1680 1574 1747 partes
1618 1680 1865 1740 ostensa,

1964 521 2110 590 pleta
2130 532 2203 575 est
2229 528 2554 581 muneribus.
2590 531 2698 583 Per
2719 530 3037 599 dexteram,
3055 534 3286 604 quidem
3308 537 3461 591 bona
3476 555 3579 610 per

1970 609 2259 666 sinistram
2295 618 2610 682 vero,mala
2652 618 2941 689 designari
2988 622 3421 679 usitatissimum
3468 609 3573 681 est.

1970 696 2133 759 Quod
2177 705 2263 753 est
2291 702 2479 756 dicere
2512 722 2525 758 :
2562 705 2692 759 Ideo
2726 707 2871 760 bene
2929 714 3243 778 Operantur
3291 716 3351 765 ut
3383 714 3574 768 favore

1968 788 2553 863 populi,terrenisque
2573 795 2897 849 commodis
2914 799 3359 868 repleantur.De
3374 802 3577 872 quibus

1968 875 2025 928 in
2052 877 2356 948 Evangelio
2396 881 2671 934 Dominus
2688 883 2767 935 ait
2788 901 2799 936 :
2818 885 3045 939 «Amen
3067 886 3192 940 dico
3216 888 3389 955 vobis,
3418 907 3575 945 rece-

1969 968 2180 1034 perunt
2202 968 2531 1022 mercedem
2554 987 2717 1023 suam
2741 970 2965 1041 (Matth.
2996 990 3068 1040 vn,
3095 975 3203 1043 l6).
3237 998 3264 1024 ››
3312 976 3425 1031 Viri
3443 996 3577 1032 san-

1967 1052 2209 1121 guinum
2239 1058 2296 1107 et
2328 1056 2488 1127 impii
2523 1059 2662 1111 tales
2684 1063 2836 1127 sunt,
2858 1060 3103 1132 ideoque
3134 1062 3306 1134 digne
3329 1067 3575 1136 perden-

1966 1142 2081 1193 tur.
2105 1140 2225 1211 Ego
2242 1154 2421 1197 autem
2436 1144 2527 1199 hic
2546 1162 2723 1217 agens
2757 1150 2813 1201 in
2848 1148 3152 1204 innocentia
3174 1169 3289 1205 mea
3317 1155 3578 1223 ingressus

1965 1245 2103 1282 sum.
2137 1231 2291 1284 Istud
2322 1248 2456 1286 vero
2489 1249 2553 1286 ex
2586 1234 2888 1290 affectione
2927 1238 3105 1293 nimia
3151 1241 3483 1312 repetitum,
3515 1247 3578 1297 ut

1966 1317 2226 1387 superius
2246 1319 2570 1390 exponitur.
2601 1323 2748 1393 Ergo
2767 1323 2901 1392 quia
2921 1328 3183 1394 ingressus
3206 1346 3344 1396 sum,
3378 1330 3574 1385 redime

1967 1422 2049 1458 me
2071 1423 2105 1459 a
2135 1408 2401 1476 peccatis,
2461 1425 2564 1478 per
2606 1415 2857 1465 mortem
2899 1414 3111 1468 scilicet
3139 1433 3312 1487 quam
3344 1434 3449 1488 pro
3482 1436 3576 1473 me

1969 1509 2166 1564 passus
2202 1512 2282 1561 es,
2308 1503 2358 1548 et
2392 1497 2499 1551 mei
2520 1498 2805 1569 redempti
2837 1504 3079 1556 miserere
3127 1507 3345 1560 interna
3394 1508 3580 1578 gloria

1968 1579 2353 1637 beatificando
2373 1588 2556 1650 me,et
2580 1603 2695 1639 non
2719 1604 2823 1658 pro
2839 1590 2960 1643 sola
2982 1591 3313 1647 innocentia
3324 1595 3576 1650 redimas

1968 1673 2026 1723 et
2057 1669 2402 1738 miserearis,
2434 1674 2534 1726 sed
2567 1673 2695 1728 ideo
2726 1676 3072 1748 adhuc,quia
3092 1697 3188 1749 pes
3214 1699 3377 1748 meus,
3413 1684 3470 1737 id
3492 1688 3577 1738 est

250 1767 454 1821 videns
473 1768 582 1822 hoc
601 1784 717 1821 ηοη
738 1767 1022 1833 sufﬁcere,
1055 1748 1343 1839 promittit
1374 1782 1603 1837 quoque
1630 1781 1689 1819 se
1722 1765 1868 1818 bene
1896 1748 1948 1805 B
1969 1757 2193 1813 affectio
2222 1776 2353 1813 mea
2370 1762 2537 1827 stetit,
2573 1762 2630 1815 id
2651 1766 2736 1816 est
2765 1748 3149 1834 perseveravit
3179 1770 3235 1821 in
3265 1770 3482 1838 directo,
3514 1773 3573 1826 id

250 1857 504 1926 operari,
537 1856 643 1910 sic:
674 1856 809 1910 Dico
835 1856 1022 1909 lavabo
1051 1873 1242 1908 manus
1270 1872 1433 1921 meas,
1490 1857 1549 1907 et
1607 1853 1871 1907 manibus

249 1943 835 2010 lotiscircumdabo,id
868 1948 953 1998 est
984 1944 1149 1999 bonis
1174 1944 1442 2016 Operibus
1480 1945 1537 1996 et
1568 1941 1870 1996 virtutibus

249 2032 1025 2100 adornabo,Domine,altare
1039 2039 1212 2095 tuum,
1233 2032 1409 2086 fidem
1436 2031 1667 2096 scilicet,
1702 2046 1871 2100 super

250 2137 431 2191 quam
462 2138 667 2175 omnes
691 2121 926 2175 virtutes
940 2121 1258 2175 fundantur
1288 2123 1346 2173 et
1374 2136 1551 2190 opera
1580 2121 1735 2173 bona
1754 2120 1867 2172 Deo

248 2209 917 2280 sacrificantur,ideoque
934 2211 1112 2263 altare
1127 2209 1487 2276 dicitur,cum
1503 2223 1676 2276 super
1688 2209 1866 2261 altare

249 2297 558 2352 sacrificari
591 2297 792 2352 soleat.
825 2298 987 2352 Unde
1019 2300 1323 2368 Apostolus
1352 2315 1363 2327 ·
1400 2322 1426 2347 ‹‹
1461 2297 1596 2351 Sine
1630 2297 1741 2349 fide
1764 2313 1864 2349 ne-

248 2404 349 2441 mo
384 2387 629 2459 placebit
646 2389 760 2442 Deo
772 2386 970 2458 (Hebr.
997 2404 1071 2455 XI,
1105 2388 1216 2459 6).»
1239 2386 1592 2441 Circumdabo
1614 2385 1863 2457 positum

249 2478 339 2530 est
370 2493 476 2548 pro
508 2476 800 2544 adornabo,
837 2494 870 2530 a
899 2476 1275 2531 similitudine
1307 2475 1522 2543 altaris,
1556 2476 1711 2547 quod
1733 2490 1861 2528 cum

248 2565 570 2620 adornatur
598 2566 782 2638 palliis
812 2566 926 2621 sive
986 2583 1127 2620 auro
1160 2567 1245 2620 vel
1274 2570 1537 2636 argento,
1570 2580 1719 2635 saepe
1752 2563 1859 2616 cir-

247 2654 577 2711 cumdatur.
608 2655 743 2709 Dico
773 2656 1133 2721 circumdabo,
1166 2658 1223 2709 et
1268 2655 1376 2709 hoc
1410 2654 1539 2707 ideo
1562 2660 1620 2706 ut
1643 2652 1861 2705 audiam

244 2760 425 2798 vocem
442 2743 614 2797 laudis
646 2747 780 2812 tute,
813 2744 869 2797 id
891 2748 977 2798 est
1002 2743 1396 2814 utintelligam
1429 2758 1541 2812 qua
1567 2756 1701 2795 voce
1729 2739 1862 2793 velis

246 2832 492 2899 laudari,
519 2848 655 2887 voce
686 2832 897 2887 scilicet
905 2832 1064 2902 justi.
1095 2855 1121 2881 ‹‹
1152 2832 1275 2885 Non
1306 2834 1391 2884 est
1420 2831 1577 2883 enim
1608 2828 1863 2900 speciosa

247 2922 374 2976 laus
402 2920 463 2975 in
496 2938 595 2976 ore
624 2921 938 2992 peccatoris
967 2919 1157 2993 (Eccli.
1183 2937 1271 2987 xv,
1290 2922 1364 2987 9‘,
1394 2940 1419 2967 ››
1451 2920 1605 2972 Bene
1627 2916 1861 2989 quidem

246 2993 383 3080 76
413 3009 577 3081 ponit
608 3011 851 3077 audiam,
905 3026 1009 3082 pro
1042 3009 1357 3077 intelligam,
1407 3006 1647 3061 Auditus
1702 3006 1861 3061 enim
1890 3028 1937 3085 ρ

247 3098 462 3152 animae
516 3098 839 3153 intellectus
868 3102 971 3163 est,
1007 3101 1065 3151 et
1093 3097 1268 3151 etiam
1322 3104 1382 3151 ut
1436 3113 1677 3149 enarrem
1741 3095 1863 3149 aliis

247 3186 528 3241 mirabilia
583 3192 695 3253 tua,
729 3186 787 3240 id
840 3189 925 3240 est
952 3189 1244 3257 prcecepta
1296 3188 1354 3239 et
1398 3200 1575 3255 opera
1605 3187 1703 3237 tua
1735 3199 1863 3253 qua:

245 3278 384 3329 sunt
410 3274 713 3343 mirabilia,
746 3291 863 3345 pra:
893 3273 1071 3329 nimia
1101 3274 1184 3328 sui
1211 3272 1564 3329 excellentia.
1596 3271 1864 3343 Alioquin

249 3364 449 3416 autem
486 3363 728 3417 idoneus
759 3379 1032 3418 enarrare
1065 3380 1180 3417 non
1237 3379 1441 3416 essem.
1504 3359 1667 3414 Unde
1727 3359 1864 3413 alibi

245 3450 589 3505 Psalmista:
624 3472 655 3503 α
684 3452 973 3505 Peccatori
1013 3454 1206 3505 autem
1258 3450 1400 3504 dixit
1448 3451 1597 3505 Deus
1630 3465 1642 3501 :
1678 3448 1863 3511 Quare

245 3544 310 3594 tu
341 3556 580 3594 enarras
605 3540 860 3611 justitias
891 3540 1095 3595 meas?
1122 3538 1299 3610 (Psal.
1328 3556 1470 3606 χιιι,
1510 3541 1593 3607 16)
1620 3540 1730 3591 etc.
1767 3536 1861 3590 Di-

246 3643 317 3682 co
339 3627 735 3696 circumdabo,
770 3629 925 3700 quod
982 3644 1183 3682 revera
1220 3626 1452 3693 faciam,
1502 3644 1531 3681 ο
1585 3625 1814 3678 Domine
1846 3642 1861 3685 ;

246 3732 390 3770 nam
418 3733 526 3786 ego
551 3716 715 3769 dilexi
736 3717 973 3771 decorem
993 3716 1178 3769 domus
1210 3723 1335 3782 (me,
1367 3714 1423 3768 id
1454 3717 1537 3769 est
1571 3731 1664 3767 me
1705 3713 1864 3766 facc-

249 3819 313 3856 re
348 3802 589 3857 domum
613 3805 769 3857 tuam
794 3803 1063 3857 decoram
1088 3802 1410 3869 virtutibus,
1434 3809 1483 3855 et
1512 3802 1673 3855 dilexi
1692 3801 1860 3853 locum

248 3891 602 3945 habitationis
629 3891 814 3961 gloriae
844 3899 970 3959 tuae,
1017 3892 1073 3944 id
1125 3894 1211 3945 est
1237 3890 1552 3945 desideravi
1588 3906 1678 3943 me
1714 3889 1862 3943 bene

249 3979 549 4049 operando
581 3980 770 4034 facere
797 3981 995 4047 talem,
1028 3981 1085 4033 in
1120 3998 1232 4051 quo
1282 3984 1339 4033 tu
1371 3979 1682 4051 dignanter
1708 3977 1865 4033 habi-

249 4066 432 4120 tando
460 4084 564 4138 per
598 4068 748 4121 bona
776 4087 954 4140 opera
990 4085 1119 4123 mea
1144 4069 1215 4121 ab
1247 4066 1864 4137 aliisglorificeris,jux-

250 4157 311 4207 ta
341 4154 482 4208 illud
510 4155 803 4226 Evangelii
836 4174 849 4210 :
886 4180 913 4208 ‹‹
944 4157 1190 4210 Videant
1241 4172 1421 4225 opera
1469 4158 1655 4209 vestra
1685 4155 1861 4221 bona,

251 4244 309 4294 et
331 4242 656 4312 glorificent
676 4245 906 4298 Patrem
932 4247 1181 4297 vestrum
1226 4242 1446 4311 (Matth.
1471 4259 1521 4309 v,
1556 4243 1661 4313 l6).
1691 4263 1719 4288 »

1968 1850 2054 1898 est
2092 1847 2151 1899 in
2175 1849 2509 1917 operatione
2540 1850 2693 1904 bona
2719 1868 2847 1922 qua:
2888 1854 3105 1909 directa
3152 1860 3256 1924 est,
3308 1875 3426 1913 non
3458 1861 3572 1915 dis-

1970 1936 2142 1987 torta.
2177 1936 2521 1991 Afi'ectiones
2554 1939 2727 2008 pedes
2759 1940 3049 2010 dicuntur,
3068 1960 3136 1998 eo
3169 1946 3327 2016 quod
3349 1963 3452 2017 per
3476 1966 3573 2003 eas

1970 2023 2276 2091 cogitando
2307 2025 2567 2094 graditur
2593 2027 2820 2082 animus
2841 2030 2984 2084 sicut
3015 2032 3256 2102 pedibus
3288 2038 3572 2092 movendo

1969 2111 2230 2180 graditur
2243 2129 2464 2184 corpus.
2476 2114 2608 2169 Dico
2622 2117 2776 2187 quod
2780 2135 2873 2187 pes
2886 2135 3029 2172 meus
3042 2124 3183 2174 stetit
3204 2123 3265 2177 in
3280 2123 3497 2192 directo,
3518 2130 3574 2180 et

1967 2200 2173 2267 adhuc,
2188 2218 2218 2253 o
2232 2201 2808 2272 Domine,benedicam,
2843 2207 2900 2261 id
2918 2212 3005 2262 est
3017 2210 3349 2280 glorificabo
3369 2218 3425 2267 et
3456 2231 3575 2270 ma-

1967 2287 2254 2356 gnificaho
2289 2292 2365 2355 te,
2400 2291 2547 2343 bene
2578 2294 2898 2363 operando,
2937 2298 2991 2349 in
3024 2297 3264 2366 ecclesiis,
3309 2301 3363 2353 id
3397 2305 3481 2355 est
3514 2304 3570 2357 in

1922 2416 1927 2425 .
1965 2380 2274 2446 conspectu
2310 2384 2693 2433 conventuum
2725 2382 3083 2446 fidelium,ut
3100 2388 3158 2439 et
3184 2387 3289 2456 ipsi
3316 2393 3370 2442 te
3385 2406 3574 2445 exem-

1966 2465 2059 2534 plo
2084 2481 2213 2545 meo
2240 2466 2582 2535 glorificent,
2610 2472 2667 2521 et
2690 2472 3066 2541 magnificent
3092 2474 3238 2529 bene
3252 2479 3568 2547 operando.

2465 2557 2531 2609 IN
2558 2557 2880 2614 PSALMUM
2908 2561 3079 2615 XXVI.

2033 2642 2248 2696 Titulus
2292 2642 2543 2698 vicesimi
2587 2646 2748 2700 sexti.
2781 2646 3032 2702 Psacmus
3047 2650 3229 2704 David
3246 2655 3569 2727 priusquam

1965 2731 2226 2785 liniretur.
2246 2732 2342 2785 llic
2366 2732 2652 2788 mittimur
2668 2734 2740 2790 ad
2764 2735 3062 2791 historiam
3078 2739 3147 2793 de
3162 2742 3462 2815 David,qui
3481 2749 3570 2800 ter

1963 2819 2140 2873 fuitin
2154 2838 2401 2889 regnum
2422 2822 2995 2892 inunctus.Prim0,in
3011 2827 3303 2884 Bethleem
3320 2831 3375 2885 in
3390 2833 3567 2890 domo

1962 2909 2140 2979 patris
2168 2910 2273 2976 sui,
2305 2912 2460 2981 quod
2484 2912 2714 2983 signum
2745 2914 2854 2968 fuit
2874 2933 2907 2970 a
2928 2917 3044 2971 Deo
3076 2934 3209 2973 eum
3240 2935 3437 2991 regem
3453 2925 3568 2978 ele-

1964 3001 2117 3051 ctum
2139 2998 2570 3068 esse.Secundo,
2597 3006 2729 3072 post
2750 3007 3000 3059 mortem
3019 3005 3204 3060 Saulis
3230 3007 3289 3061 in
3313 3010 3565 3081 Hebron,

1963 3090 2026 3141 ut
2049 3092 2321 3158 regnaret
2349 3107 2520 3162 super
2546 3092 2761 3146 tribum
2792 3094 2956 3147 Juda.
2988 3094 3178 3149 Tertio
3210 3099 3467 3168 quidem,
3500 3106 3561 3157 ut

1963 3192 2133 3246 super
2152 3193 2388 3232 omnem
2407 3180 2578 3234 Israel
2599 3185 2891 3251 regnaret.
2916 3182 3044 3236 Haec
3060 3187 3256 3240 autem
3279 3188 3477 3243 omnia
3494 3190 3567 3245 ad

1965 3264 2223 3319 Ecclesiae
2256 3266 2499 3337 figuram
2543 3274 2977 3341 prmcesserunt.
3013 3273 3378 3344 Inunguntur
3408 3277 3567 3333 enim

1964 3353 2226 3408 Ecclesia:
2246 3355 2346 3409 filii
2378 3355 2438 3410 in
2458 3356 2829 3427 baptismate,
2864 3358 2922 3415 in
2956 3361 3084 3415 oleo
3114 3367 3569 3435 sacrosancto,ut

1964 3458 2069 3512 per
2088 3444 2195 3498 hoc
2220 3461 2315 3498 eos
2360 3462 2393 3498 a
2418 3446 2666 3501 Domino
2699 3448 2909 3503 electos
2941 3467 3061 3505 esse
3094 3451 3446 3523 designetur,
3485 3459 3568 3524 ut,

1965 3530 2061 3601 qui
2089 3532 2233 3603 servi
2281 3532 2493 3587 diaboli
2526 3534 2778 3603 fuerant,
2811 3537 2895 3591 sui
2951 3538 3122 3609 ipsius
3171 3557 3336 3612 reges
3383 3545 3574 3614 gratia

1963 3618 2200 3689 spiritali
2234 3621 2396 3674 fiant.
2431 3621 2693 3677 Secundo
2733 3641 2889 3691 vero,
2923 3625 2979 3679 in
3031 3627 3472 3685 confirmatione
3498 3633 3571 3687 ab

1964 3706 2243 3778 episcopis
2276 3708 2654 3780 inunguntur,
2686 3715 2746 3765 ut
2773 3713 3053 3782 copiosius
3094 3713 3338 3785 Spiritus
3389 3722 3570 3774 sancti

1964 3796 2211 3867 gratiam
2235 3797 2588 3869 accipiendo,
2621 3800 2705 3853 sui
2732 3801 2828 3871 qui
2852 3801 2978 3870 jam
3003 3802 3168 3869 Juda,
3215 3804 3271 3857 id
3324 3810 3408 3858 est
3457 3809 3569 3862 Deo

1965 3884 2305 3938 confitentes
2327 3885 2511 3940 effecti
2526 3890 2677 3953 sunt,
2718 3887 2903 3957 magis
2918 3888 3215 3959 magisque
3247 3908 3409 3961 reges
3436 3893 3568 3953 sint.

1963 3971 2152 4025 Tertio
2183 3990 2410 4044 quoque
2436 3991 2468 4027 a
2491 3975 2607 4029 Deo
2639 3975 2698 4028 in
2743 3975 2936 4029 futuro
2967 3979 3185 4031 aeterna
3220 3978 3573 4037 beatitudine

1964 4059 2410 4132 inungentur,ut
2433 4063 2775 4117 omnimodo
2798 4063 3007 4135 sui,qui
3029 4065 3198 4119 Israel
3220 4071 3357 4121 tunc
3378 4074 3569 4137 erunt,

1967 4150 2043 4203 sic
2070 4151 2186 4203 Deo
2212 4150 2520 4204 auxiliante
2572 4168 2736 4222 reges
2785 4151 2918 4218 sint,
2972 4156 3033 4206 ut
3070 4170 3257 4226 neque
3308 4156 3579 4226 visibiles,

1968 4255 2154 4309 neque
2208 4238 2517 4293 invisibiles
2542 4241 2733 4294 hostes
2764 4240 3124 4311 aliquatenus
3155 4244 3235 4297 eis
3268 4244 3575 4301 dominen-

326 4330 471 4394 Quia
498 4348 630 4385 vero
661 4331 850 4398 dilexi,
892 4338 942 4384 et
965 4331 1323 4398 circumdabo,
1348 4334 1405 4385 et
1426 4312 1630 4397 lavabo,
1674 4332 1732 4382 et
1761 4345 1866 4381 non
1888 4312 1940 4369 D
1968 4331 2078 4384 tur.
2119 4326 2350 4381 Videtur
2383 4331 2580 4381 autem
2630 4328 2722 4382 hic
2772 4346 2945 4401 agere
3001 4331 3261 4386 collectio
3294 4333 3572 4404 fidelium,

248 4418 519 4478 sedebo,et
538 4436 643 4471 non
670 4418 1010 4473 introibo.Ne
1020 4419 1215 4490 perdas
1240 4436 1361 4472 cum
1386 4420 1560 4488 impiis
1576 4418 1633 4471 in
1650 4417 1865 4481 futuro,

253 4504 314 4561 id
345 4508 431 4560 est
468 4521 599 4559 cum
660 4505 961 4573 haereticis,
990 4510 1047 4560 et
1068 4505 1405 4573 idololatria,
1438 4505 1580 4559 Deus
1629 4522 1869 4559 animum

250 4611 445 4662 mean,
478 4603 659 4648 etcum
690 4595 839 4657 viris,
864 4595 1202 4649 effusoribus
1224 4596 1573 4664 sanguinum,
1601 4594 1870 4649 falsissci-

250 4682 384 4737 licet
418 4683 769 4749 Christianis,
822 4702 887 4736 ne
902 4683 1097 4754 perdas
1119 4686 1285 4736 vitam
1311 4700 1501 4751 meum,
1533 4683 1591 4737 id
1622 4686 1707 4736 est
1746 4683 1869 4737 ani-

251 4787 413 4825 mam
442 4788 569 4842 qua:
602 4772 730 4827 ideo
761 4772 876 4826 vita
908 4772 1135 4838 dicitur,
1160 4771 1295 4843 quia
1324 4787 1427 4841 per
1449 4788 1580 4826 eam
1605 4770 1867 4826 vivimus.

262 4859 384 4913 Viri
400 4863 721 4929 sanguinum
755 4861 1022 4915 dicuntur
1044 4860 1141 4933 qui
1173 4862 1327 4915 malo
1360 4861 1624 4933 exemplo
1652 4864 1708 4914 ct
1740 4877 1868 4932 per-

252 4948 519 5003 suasione
569 4949 795 5003 animas
848 4949 1212 5017 interimunt,
1245 4949 1390 5003 sicut
1418 4948 1497 5003 illi
1530 4948 1626 5020 qui
1662 4964 1867 5003 eorum

254 5052 503 5107 quorum
519 5039 702 5091 totum
714 5038 1019 5091 eﬂundunt
1039 5034 1386 5108 sanguinem
1416 5053 1664 5109 corpora
1677 5037 1866 5107 perire

248 5122 492 5178 faciunt.
522 5124 628 5188 Qui
648 5126 749 5179 viri
766 5125 1115 5196 sanguinum
1147 5129 1206 5180 et
1236 5126 1335 5197 qui
1361 5125 1521 5197 impii
1552 5125 1725 5197 digne
1744 5142 1868 5196 per-

254 5212 487 5281 dentur,
515 5216 574 5268 et
599 5230 728 5268 ecce
754 5231 937 5269 causas
973 5231 984 5267 :
1019 5213 1087 5267 In
1116 5231 1342 5286 quorum
1372 5215 1624 5271 manibus
1657 5216 1863 5285 iniqui-

254 5292 388 5356 tal'es
415 5307 565 5369 sunt,
598 5302 655 5357 id
685 5306 770 5357 est
796 5303 852 5357 in
880 5302 1295 5357 affectionibus.
1329 5302 1493 5366 Quod
1524 5307 1610 5358 est
1643 5305 1861 5359 dicere:

255 5390 371 5445 Etsi
402 5407 518 5445 non
570 5407 800 5461 semper
830 5393 983 5446 male
1041 5392 1269 5462 operari
1330 5395 1568 5463 queunt,
1630 5409 1866 5463 semper

254 5481 454 5532 tamen
486 5480 637 5533 male
672 5480 898 5549 operari
948 5480 1206 5551 cupiunt,
1242 5480 1307 5533 Et
1330 5480 1374 5533 si
1409 5480 1720 5550 aliquando
1770 5482 1868 5535 be-

258 5583 331 5622 ne
362 5570 696 5640 operentur,
756 5586 871 5623 non
932 5568 1253 5625 intentione
1295 5568 1451 5623 bona
1501 5574 1703 5640 agunt,
1764 5570 1864 5624 sed

1969 4432 2096 4486 qua:
2129 4415 2186 4468 in
2220 4417 2563 4484 przecedenti
2597 4418 2818 4488 psalmo
2850 4418 3041 4473 locuta
3062 4423 3147 4473 est
3179 4420 3250 4475 de
3282 4422 3577 4479 beneficiis

1970 4504 2073 4558 sibi
2095 4504 2220 4575 jam
2252 4506 2417 4558 aDeo
2442 4505 2609 4572 datis,
2638 4508 2951 4576 antequam
2964 4507 3037 4561 ad
3054 4511 3335 4565 mternam
3357 4513 3577 4569 unctio-

1972 4609 2107 4647 nem
2135 4594 2483 4668 pervenerit,
2503 4598 2561 4647 et
2586 4594 2693 4648 hoc
2724 4594 2797 4648 ad
2824 4593 3264 4652 instructionem
3307 4599 3575 4669 aliorum,

1970 4669 2100 4755 77
2132 4688 2194 4739 ut
2224 4684 2318 4756 qui
2348 4683 2550 4737 eadem
2583 4684 2738 4737 bona
2786 4683 3023 4749 habent,
3055 4702 3088 4739 a
3119 4687 3234 4741 De.)
3274 4705 3331 4742 se
3365 4690 3575 4747 habere

1973 4773 2153 4827 sciant
2177 4791 2191 4841 ;
2218 4778 2275 4827 et
2305 4773 2399 4844 qui
2427 4772 3019 4840 nondumhabent,ad
3032 4775 3363 4830 habendum
3383 4780 3571 4833 omni-

1973 4862 2147 4916 modo
2171 4861 2464 4916 festinent.
2491 4860 2756 4916 Ostendit
2782 4861 2953 4914 etiam
2974 4878 3032 4914 se
3062 4862 3392 4918 unctionem
3416 4866 3574 4923 illam

1971 4951 2315 5005 omnimodo
2348 4954 2696 5022 exspectare,
2728 4966 2831 5021 pro
2871 4967 2984 5016 qua
3028 4951 3397 5021 adipiscenda
3424 4961 3570 5023 orat,

1969 5043 2033 5094 ut
2057 5044 2116 5095 et
2137 5057 2242 5095 nos
2255 5044 2312 5094 et
2333 5056 2461 5094 eam
2478 5044 2827 5110 exspectare;
2847 5041 2903 5091 et
2925 5055 3028 5109 pro
3049 5056 3115 5093 ea
3134 5041 3570 5100 instruatorare.

1969 5125 2135 5190 Quod
2163 5126 2240 5181 sic
2267 5127 2325 5180 in
2352 5128 2516 5181 titulo
2538 5126 2803 5180 breviter-
2822 5126 3147 5183 denotatur.
3188 5128 3433 5185 l’salmus
3464 5132 3574 5188 iste

1968 5214 2465 5269 attribuendusest
2486 5213 2751 5281 David,id
2769 5217 2853 5267 est
2882 5214 3140 5269 Ecclesia
3164 5217 3575 5286 perfectissime

1966 5301 2159 5375 agenti
2181 5301 2250 5357 de
2270 5290 2560 5357 beneficiis
2581 5319 2615 5357 a
2647 5305 2762 5357 Deo
2789 5302 3052 5372 acceptis.
3092 5303 3417 5376 Priusquam
3444 5307 3575 5365 lini-

1966 5399 2132 5459 retur,
2168 5391 2225 5444 id
2259 5395 2343 5444 est
2382 5391 2479 5445 illa
2511 5389 2925 5459 perfectissima
2947 5393 3390 5449 unctioneaDeo
3409 5394 3466 5448 in
3489 5415 3575 5453 re-

1967 5497 2101 5551 gem
2125 5484 2457 5547 ungeretur.
2491 5476 2730 5533 Eterna
2744 5494 2875 5533 vero
2888 5478 3400 5547 heatiludo,unctio
3420 5491 3578 5541 recte

1973 5569 2308 5640 dicitur,pcr
2321 5580 2495 5640 quam
2523 5567 2600 5620 ab
2623 5565 2782 5623 omni
2797 5584 2861 5621 co
2872 5569 3271 5643 rruptibilitatc
3284 5571 3584 5630 sanabitur
