3994 6042
424 319 532 385 ⁵739

429 446 573 503 sicut
606 443 876 499 unctione
901 441 1041 513 aegri
1078 439 1266 495 sanari
1292 440 1497 493 solent.
1528 436 1626 491 Hic
1655 438 1847 490 autem
1886 433 2033 506 psal-
2056 435 2112 493 Α

431 552 559 589 mus
577 533 654 587 sic
678 532 853 586 habet
881 529 1226 601 principium
1260 544 1272 581 :

502 623 763 676 Dominus
807 618 1127 671 illuminatio
1165 634 1299 681 mea,
1334 614 1657 686 emphatice
1695 613 1905 666 dictum
1925 613 2026 663 est.

431 712 596 776 Quod
609 712 695 764 est
706 708 923 762 dicere:
946 706 1223 761 Dominus
1238 702 1580 758 illuminavit
1593 718 1687 756 me
1700 700 1813 755 ﬁde
1826 699 1882 752 in
1899 700 2034 768 bap-

432 801 623 863 tismo,
650 805 701 851 et
728 796 869 849 salus
898 812 1036 855 mea,
1064 797 1121 847 et
1140 794 1247 847 hoc
1270 808 1497 862 quoque
1514 788 1856 860 emphatice,
1874 788 1929 841 id
1950 790 2034 841 est

430 889 550 961 ipse
561 884 794 942 salvavit
806 900 898 937 me
912 900 946 937 a
957 880 1221 954 peccatis.
1232 882 1297 933 Et
1315 895 1446 933 cum
1466 880 1587 932 base
1595 879 1721 947 jam
1736 877 1814 930 im
1822 876 2034 947 pende-

429 976 524 1043 rit,
555 986 710 1046 quem
726 970 1067 1026 invisibilem
1108 969 1331 1022 hostem
1348 967 1539 1021 timebo
1559 970 1727 1020 utme
1746 968 1977 1036 superet
2004 963 2031 1016 ‘?

429 1064 657 1119 Nullum
689 1060 983 1123 scilicet,et
1002 1057 1261 1112 Dominus
1280 1061 1547 1125 protector
1574 1056 1696 1107 vitae
1722 1051 2028 1122 1new,quod

429 1155 515 1207 est
540 1150 727 1205 dicere
762 1164 774 1200 :
807 1146 935 1201 Mihi
961 1145 1057 1216 qui
1089 1148 1350 1198 mortuus
1379 1159 1538 1196 eram
1585 1142 1641 1195 in
1699 1142 1881 1195 Adam
1916 1139 2029 1194 ori-

428 1238 698 1311 ginaliter
723 1235 782 1289 in
813 1234 1031 1300 anima,
1052 1232 1299 1285 restituit
1323 1232 1520 1295 vitam,
1546 1230 1733 1299 etipse
1764 1232 2029 1298 estprote-

426 1335 538 1382 ator
566 1325 717 1380 illius
737 1326 891 1389 vitae,
923 1338 996 1377 ne
1026 1320 1320 1390 peccando
1347 1318 1728 1373 criminaliter
1757 1333 1885 1371 eam
1908 1333 2031 1387 per-

429 1416 588 1472 dam.
621 1414 769 1483 Ergo
802 1429 833 1465 a
872 1425 975 1481 quo
1002 1408 1203 1463 visibili
1229 1409 1391 1462 hoste
1422 1410 1780 1477 expugnatus
1800 1404 2028 1475 trepida-

434 1505 516 1570 bo,
539 1499 771 1556 dumilli
789 1498 1137 1570 quinocentes
1167 1495 1307 1550 mihi
1326 1495 1617 1549 voluntate
1637 1493 1761 1566 (etsi
1786 1497 1911 1547 actu
1931 1509 2029 1546 ne-

431 1588 667 1662 queant)
695 1604 851 1657 super
895 1603 980 1640 me
1027 1584 1351 1649 existentes,
1382 1582 1438 1636 id
1484 1585 1567 1635 est
1605 1580 1926 1653 superiores
1974 1584 2031 1634 et

430 1678 720 1752 digniores
750 1691 845 1728 me
873 1676 1155 1745 quantum
1202 1671 1272 1725 ad
1303 1687 1529 1741 corpus,
1589 1671 1923 1739 appropiant,
1972 1669 2029 1723 id

428 1748 517 1823 est
546 1784 607 1820 se
636 1765 987 1835 praeparant,
1032 1766 1091 1812 ut
1131 1760 1308 1826 edant,
1340 1758 1399 1813 id
1431 1762 1517 1811 est
1566 1756 2031 1811 tribulationibus
2056 1748 2106 1806 B

426 1855 771 1911 consumant
790 1868 972 1905 carnes
998 1850 1179 1903 meas?
1198 1850 1245 1901 A
1276 1848 1431 1902 nullo
1465 1846 1786 1916 trepidabo,
1820 1846 2027 1899 subau-

427 1945 506 2000 di.
557 1943 656 1996 Vel
685 1940 843 1994 edant
872 1955 1055 1992 carnes
1082 1954 1246 1999 meas,
1307 1936 1384 1989 sic
1430 1932 1735 2006 exponitur
1769 1951 1781 1987 :
1812 1933 2025 2003 Appro-

417 2036 595 2104 piant,
637 2029 898 2100 inquam,
931 2026 1003 2079 ad
1028 2026 1182 2081 hunc
1212 2023 1501 2085 effectum,
1532 2023 1665 2076 licet
1684 2038 1802 2076 non
1836 2022 2025 2075 inten-

427 2121 640 2186 derint,
673 2116 973 2172 deventuri
1020 2117 1102 2180 ut,
1137 2112 1600 2167 tribulationibus
1652 2110 1791 2165 mihi
1832 2110 2024 2175 illatis,

426 2209 582 2264 edant
612 2221 793 2261 carnes
822 2219 985 2269 meas,
1018 2202 1076 2255 id
1093 2205 1180 2255 est
1206 2204 1551 2255 consumant
1590 2203 1648 2254 et
1676 2199 1748 2253 ad
1781 2198 2022 2253 nihilum

428 2297 695 2366 redigant
723 2293 984 2347 carnales
1014 2291 1336 2344 voluntates
1359 2305 1537 2354 meas,
1561 2305 1655 2355 ne,
1686 2288 1823 2341 dum
1852 2287 2030 2342 tribu-

432 2386 580 2439 latus
612 2383 797 2445 fuero,
832 2380 998 2434 iiceat
1028 2378 1110 2431 eis
1132 2377 1189 2430 in
1220 2394 1314 2431 me
1345 2376 1625 2447 quidlibet
1639 2376 1889 2430 efﬁcere.
1910 2377 2026 2430 Un-

428 2474 499 2528 de
521 2471 658 2525 etin
691 2466 972 2541 superiori
1008 2466 1230 2537 psalmo
1292 2465 1370 2518 sic
1407 2465 1621 2518 oravit:
1667 2486 1693 2513 «
1724 2465 1833 2517 Ure
1863 2481 2030 2518 renes

1030 321 1090 377 S.
1118 316 1462 376 BRUNONIS
1502 309 2130 373 CARTHUSIANORUM
2171 305 2635 369 INSTITUTORIS
2676 310 2830 367 OPP.
2873 309 3073 366 PARS.
3115 311 3135 364 l

3654 304 3802 364 750

2136 433 2431 503 cognistus
2448 431 2779 501 sum(ICor.
2814 449 2931 499 xm,
2975 434 3079 499 l2).
3104 453 3131 479 »ιν
3149 431 3215 484 Et
3235 430 3482 485 videndo
3506 430 3799 484 volunta-

2136 527 2234 574 tem
2258 522 2543 590 visitem,id
2561 526 2646 576 est
2662 522 2886 576 videam
2907 521 3161 590 templum
3177 518 3531 589 ejus,scilicet
3548 522 3723 574 Dom
3738 518 3791 571 i-

2134 610 2243 664 nici
2276 627 2481 683 corpus
2506 611 2779 677 hominis,
2816 610 2972 682 quod
3003 609 3113 663 fuit
3137 610 3421 679 templum
3472 609 3794 663 divinita—

2136 698 2222 752 tis.
2268 700 2427 754 Unde
2470 699 2627 754 idem
2666 700 2723 753 in
2760 697 3067 769 Evangelia
3103 715 3115 751 :
3148 720 3172 747 ‹‹
3211 697 3424 751 Solvite
3459 698 3789 769 templum

2134 788 2262 854 hoc,
2289 792 2346 841 et
2376 792 2504 858 post
2534 791 2646 842 tres
2676 788 2798 842 dies
2819 787 3078 842 excitabo
3110 786 3248 840 illud
3279 786 3538 856 (Joan.n,
3576 787 3678 855 19)
3722 808 3785 836 n.

2136 875 2268 930 Dico
2301 877 2455 947 quod
2483 878 2604 930 hac
2634 878 2921 947 requiram.
2947 876 3012 928 Et
3031 875 3152 928 haec
3184 878 3271 928 est
3302 874 3512 928 ﬁducia
3537 875 3782 929 talium

2133 963 2571 1031 beneﬁciorum,
2605 980 2734 1033 quae
2757 963 2897 1018 mihi
2921 963 3046 1033 jam
3076 962 3365 1034 impendit
3396 979 3408 1016 :

2205 1050 2471 1117 Quoniam
2487 1052 2757 1106 abscondit
2777 1068 2860 1106 mc
2879 1054 2933 1105 in
2964 1050 3303 1106 tabernaculo
3315 1069 3429 1117 suo,
3457 1052 3512 1105 id
3534 1057 3622 1107 est
3642 1067 3779 1122 po-

2132 1140 2243 1195 suit
2416 1157 2507 1194 me
2517 1141 2638 1210 jam
2662 1143 2715 1193 in
2735 1141 3038 1194 abscondito
3050 1140 3381 1194 tabernaculi
3401 1143 3503 1206 sui,
3527 1142 3783 1196 scilicet

2131 1229 2190 1284 in
2224 1229 2336 1283 fide
2367 1233 2424 1282 et
2461 1245 2561 1299 spe
2618 1228 3008 1293 beatitudinis,
3059 1245 3234 1300 quam
3288 1244 3394 1301 per
3448 1229 3775 1284 Christum

2131 1317 2429 1371 habiturus
2459 1334 2608 1381 sum,
2642 1317 2738 1388 qui
2774 1316 2883 1370 fuit
2914 1317 3351 1371 tabernaculum
3418 1318 3534 1373 Dei.
3593 1319 3775 1383 Qum

2132 1405 2427 1460 beatitudo
2460 1422 2494 1458 a
2526 1404 2692 1459 nobis
2721 1408 2807 1458 est
2830 1405 3169 1459 abscondita
3220 1423 3371 1460 nunc
3415 1425 3429 1461 :
3469 1409 3774 1478 quando-

2132 1511 2242 1564 que
2269 1493 2503 1565 quidem
2527 1492 2877 1563 apparitura.
2912 1492 3072 1546 Unde
3091 1495 3395 1565 Apostolus
3423 1513 3438 1550 :
3472 1495 3639 1550 Fides
3660 1500 3778 1552 est

2132 1582 2550 1652 sperandarum
2574 1581 2892 1635 substantia
2910 1597 3127 1647 rerum,
3158 1587 3565 1652 argumentum
3614 1594 3769 1639 no’n

2132 1670 2534 1742 apparentium
2570 1668 2765 1740 (Hebr.
2787 1674 2965 1740 ii,l‘).»
3006 1670 3072 1722 Et
3091 1669 3227 1724 alibi
3255 1670 3326 1724 de
3377 1672 3768 1728 beatitudine

2131 1759 2207 1812 sic.
2230 1759 2366 1812 dicit
2385 1778 2397 1812 :
2415 1782 2441 1807 ‹‹
2464 1758 2587 1811 Vita
2602 1760 2792 1812 nostra
2809 1756 3144 1811 abscondita
3172 1762 3257 1812 est
3271 1776 3401 1813 cum
3434 1760 3663 1815 Christo
3692 1763 3765 1815 'm

2131 1848 2248 1901 Deo
2276 1844 2413 1910 (Col.
2431 1864 2512 1912 ιιι,
2536 1851 2645 1917 3).»
2668 1847 2732 1899 Et
2757 1862 2874 1900 non
2893 1846 3079 1900 solem
3096 1846 3397 1900 abscondit
3412 1865 3424 1914 ;
3439 1848 3766 1903 sedetiam

2132 1952 2226 1987 me
2258 1934 2507 2004 positum
2536 1937 2592 1987 in
2616 1934 2917 1988 abscondito
2943 1934 3277 1988 tabernaculi
3296 1937 3400 2002 sui,
3424 1939 3664 2006 proth
3694 1939 3765 1990 in

2130 2022 2215 2075 die
2242 2023 2526 2089 viatorum,
2558 2022 2617 2076 id
2643 2026 2728 2076 est
2758 2022 2817 2075 in
2849 2023 2959 2076 hoc
2994 2025 3261 2093 tempore
3292 2023 3350 2076 in
3396 2038 3507 2094 quo
3533 2028 3765 2079 omnia

2130 2111 2279 2164 mala
2315 2111 2633 2176 abundant,
2665 2109 2925 2164 defendit
2948 2109 3032 2164 sui
3086 2112 3272 2181 gratia
3322 2128 3394 2166 ne
3442 2112 3761 2168 cederem.

2131 2198 2294 2252 Unde
2322 2199 2629 2268 Apostolus
2660 2218 2672 2252 :
2707 2222 2734 2246 α
2764 2197 3134 2252 Redimentes
3178 2202 3427 2270 tempus,
3455 2201 3761 2272 quapiam

2130 2286 2252 2340 dies
2294 2286 2430 2339 mali
2486 2288 2619 2339 sunt
2688 2285 2902 2357 (Ep/tes.
2948 2288 3118 2356 v,16)
3198 2310 3226 2335 ››
3266 2288 3335 2341 Et
3384 2294 3495 2343 non
3543 2290 3761 2344 solun)

2124 2383 2305 2444 petra,
2334 2375 2390 2431 id
2425 2378 2511 2428 est
2539 2375 2594 2427 in
2628 2374 2849 2429 Christo
2870 2374 2965 2446 qui
2994 2376 3198 2429 ﬁrmus
3227 2381 3311 2431 est
3343 2381 3404 2430 ut
3425 2380 3583 2447 petra
3608 2395 3622 2443 ;
3652 2380 3757 2432 vel

2131 2463 2403 2515 abscondit
2450 2469 2499 2517 et
2544 2465 2802 2532 poterit,
2851 2463 2951 2517 sed
2992 2464 3166 2518 etiam
3227 2480 3322 2517 me
3391 2465 3633 2537 positum
3690 2470 3759 2520 in

428 2576 588 2615 meos
611 2556 787 2625 (Psal.
823 2570 985 2621 xxxv,
1009 2558 1082 2617 2).
1112 2573 1140 2601 ››
1169 2553 1237 2606 Et
1261 2551 1393 2621 jure
1426 2567 1541 2605 non
1568 2551 1893 2621 trepidabo,
1924 2552 2030 2605 hoc
2094 2621 2107 2631 ι
2120 2559 2301 2619 petra,
2334 2550 2390 2604 id
2442 2554 2528 2604 est
2583 2550 2639 2603 in
2693 2551 3016 2605 constantia
3047 2556 3105 2605 et
3136 2552 3494 2619 fortitudine,
3522 2555 3759 2609 exalta—

424 2646 816 2712 considerans,
839 2641 1170 2698 deinimicis
1203 2639 1416 2694 scilicet
1473 2642 1569 2710 qui
1615 2640 1875 2692 tribulam
1924 2657 2025 2693 me.

423 2736 534 2809 Ipsi
600 2734 697 2807 qui
752 2748 859 2804 per
924 2732 1033 2785 hoc
1078 2728 1344 2783 videntur
1400 2727 1524 2782 aliis
1549 2731 1813 2798 potentes
1842 2731 1901 2781 et
1934 2745 2027 2781 ex-

424 2823 578 2892 celsi,
603 2827 661 2878 et
690 2822 750 2876 in
782 2818 1042 2875 dontinio
1074 2817 1249 2882 ﬁrmi,
1284 2816 1471 2888 potius
1496 2832 1599 2888 per
1630 2817 1738 2871 hoc
1769 2817 2031 2885 inﬁrmati

421 2920 565 2981 sunt,
592 2912 652 2966 id
672 2914 759 2965 est
782 2908 881 2962 visi
911 2910 1042 2962 sunt
1057 2905 1199 2960 mihi
1223 2904 1580 2976 jaminﬁrmi
1606 2908 1663 2958 et
1688 2904 1899 2959 miseri.
1929 2904 2025 2967 Et,

2130 2641 2253 2691 tum
2279 2638 2335 2691 in
2360 2638 2677 2694 virtutibus.
2721 2640 2788 2693 Et
2817 2639 3089 2710 exprimit
3119 2640 3353 2711 quando
3395 2642 3753 2699 exaltatum.

2130 2726 2267 2781 Dico
2311 2726 2585 2782 exultavit.
2636 2727 2701 2780 Et
2744 2727 2866 2801 (pro
2898 2727 3130 2799 scilicet)
3164 2743 3317 2782 nunc
3370 2730 3429 2783 in
3470 2735 3755 2802 tempore

2128 2816 2561 2884 persecutionis,
2630 2832 2762 2869 cum
2818 2816 3057 2871 omnino
3135 2817 3435 2888 depressus
3496 2819 3750 2890 videor;

2128 2903 2377 2958 exultavit
2426 2912 2585 2974 caput
2615 2921 2811 2971 meum,
2853 2904 2911 2959 id
2965 2909 3048 2959 est
3079 2910 3338 2960 mentem
3383 2923 3594 2974 meam,
3624 2912 3753 2965 etsi

422 3005 487 3057 ut
512 3002 638 3074 plus
666 2998 878 3063 dicam,
901 2995 1029 3066 jam
1054 2993 1355 3049 ceciderunt
1374 2992 1536 3059 mihi,
1570 2992 1629 3047 id
1658 2996 1744 3046 est
1768 2993 1887 3063 jam
1937 3010 2028 3048 ca-
2055 3027 2104 3087 Ο
2128 3007 2333 3063 corpus
2363 2992 2611 3064 deprimi
2652 2993 2932 3064 permisit,
2955 3011 3110 3063 super
3128 2996 3366 3048 inimicos
3393 3012 3546 3053 meos.
3565 2992 3751 3060 Quod

421 3106 549 3145 sum
572 3103 778 3143 eorum
808 3085 1063 3139 futurum
1098 3082 1331 3153 praevidi
1392 3080 1638 3150 Exponit
1669 3085 1865 3135 autem
1888 3098 2028 3152 quo-

419 3177 601 3233 modo
627 3172 992 3247 appropient.
1020 3170 1157 3225 Dico
1178 3184 1281 3223 non
1322 3168 1615 3238 trepidabo,
1658 3168 1788 3221 dum
1840 3186 2028 3239 appro-

410 3267 590 3337 piant.
615 3263 683 3316 Et
712 3276 913 3315 verum
945 3260 1051 3312 est.
1077 3258 1221 3311 Nam
1242 3258 1291 3308 si
1311 3257 1596 3309 consistant
1621 3255 1898 3310 adversum
1946 3274 2027 3311 me

419 3358 617 3411 castra,
644 3349 703 3403 id
728 3351 814 3402 est
843 3347 889 3401 si
919 3346 1206 3417 apparent
1225 3342 1621 3399 multitudines
1656 3344 1931 3407 hostium,
1964 3348 2027 3399 ut

418 3439 699 3498 adversum
727 3452 810 3489 me
834 3432 1301 3490 tribulationibus
1340 3436 1622 3503 pugnent,
1662 3448 1767 3488 ηοη
1822 3434 2025 3488 timebit

421 3545 517 3584 cor
541 3542 739 3587 meum,
761 3523 838 3577 sic
862 3526 924 3576 ut
957 3521 1165 3575 timore
1192 3520 1417 3574 cedam.
1450 3521 1496 3573 A
1516 3520 1890 3576 similitudine
1916 3522 2019 3577 ho-

420 3616 595 3672 stium
617 3611 833 3667 dictum
864 3612 969 3675 est,
996 3609 1114 3680 qui,
1146 3624 1279 3662 cum
1323 3606 1515 3679 aliquo
1558 3607 1821 3678 praelium
1876 3608 2022 3665 inire

418 3702 616 3769 velint,
660 3698 816 3772 prius
869 3697 926 3751 in
991 3700 1207 3750 terram
1262 3694 1384 3766 ejus
1412 3694 1714 3763 intrantes,
1735 3694 1811 3749 ibi
1838 3699 2025 3749 castra

420 3792 734 3848 metantur.
770 3782 906 3843 Dico
934 3802 1053 3840 non
1086 3783 1306 3839 timebo
1339 3787 1524 3838 castra
1554 3784 1940 3839 consistentia.
1960 3785 2025 3837 Et

421 3881 618 3947 etiam,
672 3882 733 3933 ut
781 3878 908 3948 plus
959 3874 1147 3928 dicam
1185 3872 1296 3927 :Si
1322 3879 1571 3941 exsurgat
1626 3872 1905 3927 adversum
1942 3891 2025 3927 me

409 3970 661 4042 praelium
678 3964 1142 4029 tribulationum,
1174 3978 1292 4015 non
1324 3962 1509 4015 solum
1539 3960 1665 4015 dico
1698 3978 1813 4016 non
1854 3961 2021 4015 time-

419 4060 516 4125 bo,
546 4056 647 4111 sed
679 4053 854 4107 etiam
886 4054 939 4105 in
979 4051 1075 4104 hoc
1104 4066 1223 4119 ego,
1254 4049 1352 4120 qui
1404 4048 1643 4103 forsitan
1674 4049 1931 4103 hostibus
1954 4050 2021 4102 ti-

421 4160 588 4200 mens
616 4141 877 4206 videbor,
908 4138 1149 4208 sperabo,
1186 4136 1242 4190 id
1273 4140 1357 4191 est
1382 4154 1484 4209 per
1511 4136 1620 4191 hoc
1652 4137 1913 4207 prtelium
1964 4138 2023 4192 in

420 4250 534 4306 quo
556 4230 795 4285 viriliter
824 4243 1017 4299 agam,
1049 4225 1268 4296 sperabo
1301 4242 1392 4279 me
1452 4225 1796 4295 adepturum
1841 4244 2019 4281 unum

420 4320 580 4392 quid,
612 4316 768 4389 quod
797 4331 831 4369 a
861 4314 1106 4369 Domino
1130 4315 1412 4383 exspecto.
1438 4312 1505 4367 Et
1527 4329 1657 4366 vere
1689 4330 1865 4368 unum
1885 4315 2021 4386 quid
2044 4310 2097 4369 D

420 4409 706 4479 exspecto,
731 4403 1001 4475 quoniam
1020 4418 1183 4455 unam
1203 4417 1328 4455 rem
1333 4403 1469 4471 petii
1495 4419 1527 4454 a
1553 4400 1783 4456 Domino
1806 4405 1863 4457 et
1890 4419 2021 4474 ope-

416 4511 479 4550 re
509 4497 567 4549 et
591 4508 727 4548 voce
773 4495 829 4545 et
877 4488 1200 4556 affectione,
1231 4488 1445 4543 scilicet
1474 4492 1752 4543 aeternam
1781 4490 2021 4546 beatitu-

420 4566 640 4650 dinem,
675 4583 732 4634 et
764 4579 901 4632 hanc
932 4577 1139 4632 merito
1174 4576 1298 4631 vitai
1332 4593 1475 4631 mea:
1507 4580 1792 4648 requiram.
1834 4580 1901 4632 Et
1929 4597 2020 4634 ex-

416 4670 618 4745 primit
646 4669 829 4740 ipsam
861 4665 1279 4720 beatitudinem
1312 4682 1416 4736 per
1438 4669 1648 4735 partes,
1667 4665 1881 4721 scilicet
1898 4668 2021 4722 haec

417 4775 685 4831 requiram
717 4763 775 4809 ut
803 4758 857 4809 in
888 4753 1117 4807 habitem
1154 4755 1208 4806 in
1232 4752 1385 4808 domo
1422 4752 1658 4820 Domini,
1718 4753 1775 4808 id
1834 4759 1918 4808 est
1962 4755 2017 4809 in

413 4846 769 4902 Hierusalem
797 4841 1028 4903 caelesti,
1057 4846 1113 4896 et
1136 4842 1244 4896 hoc
1294 4858 1410 4896 non
1447 4841 1699 4908 horarie,
1728 4842 1826 4896 sed
1855 4846 2021 4897 omni-

417 4936 509 4990 bus
537 4934 718 4989 diebus
748 4933 869 4985 vitae
899 4947 1047 4996 meai,
1083 4928 1136 4983 id
1169 4933 1253 4983 est
1275 4928 1331 4981 in
1364 4929 1689 4983 aeternitate
1714 4946 1828 5001 qua
1842 4932 2019 4986 utitur

416 5024 525 5079 vita
556 5039 709 5083 mea,
744 5019 1001 5074 Christus
1030 5017 1261 5071 scilicet.
1283 5016 1444 5071 Unde
1472 5018 1775 5088 Apostolus
1801 5035 1813 5072 :
1841 5018 2015 5073 «Cum

415 5109 749 5183 apparuerit
774 5107 1029 5162 Christus
1054 5106 1168 5159 vita
1189 5108 1396 5167 vestra,
1421 5109 1555 5159 tunc
1576 5109 1633 5158 et
1655 5121 1752 5159 vos
1783 5122 2020 5178 appare-

410 5199 545 5256 bitis
565 5214 698 5253 cum
725 5197 847 5269 ipso
876 5195 935 5249 in
953 5193 1138 5266 gloria
1166 5192 1303 5263 (Col.
1322 5210 1402 5261 ιιι,
1419 5196 1493 5261 4).
1511 5213 1541 5244 »
1560 5194 1627 5247 Et
1650 5194 1759 5248 hoc
1788 5211 2016 5266 quoque

405 5289 702 5359 requiram,
727 5287 779 5338 in
829 5283 985 5339 domo
1013 5281 1236 5337 Domini
1262 5282 1623 5343 constitutus,
1653 5281 1857 5336 videam
1885 5300 2014 5355 per-

408 5377 560 5431 fecte
586 5375 909 5430 voluntatem
956 5370 1220 5426 Domini:
1253 5386 1428 5441 quam
1488 5370 1577 5423 hic
1628 5370 1878 5441 perfecte
1934 5372 2012 5426 vi-

417 5463 557 5517 dere
629 5476 873 5533 nequeo.
927 5459 1089 5514 Unde
1139 5458 1443 5528 Apostolus
1484 5473 1496 5510 :
1545 5480 1570 5506 «
1604 5458 1764 5513 Nunc
1796 5475 2010 5530 cogno-

407 5564 507 5608 sco
557 5564 621 5601 ex
680 5552 863 5620 parte,
916 5550 1048 5601 tunc
1100 5546 1292 5599 autem
1341 5562 1689 5617 cognoscam
1755 5546 1897 5602 sicut
1954 5553 2010 5604 et

2128 3083 2215 3134 est
2243 3080 2434 3135 dicere
2458 3098 2471 3135 :
2502 3080 2675 3151 Magis
2697 3081 2974 3135 exaltatus
3001 3099 3127 3135 sum
3173 3082 3230 3136 in
3263 3083 3565 3138 virtutibus
3590 3090 3746 3141 cou-

2126 3170 2217 3222 tra
2248 3185 2364 3235 eos,
2398 3185 2573 3239 quam
2606 3169 2711 3238 ipsi
2740 3170 2796 3223 in
2813 3168 3279 3224 tribulationibus
3299 3170 3742 3230 adversatum.

2129 3256 2378 3311 Ostensis
2406 3256 2699 3311 beneﬁciis
2747 3257 2935 3329 gratia
2972 3258 3073 3312 Dei
3106 3259 3399 3313 concessis
3446 3260 3571 3328 sibi,
3626 3280 3750 3333 per

2127 3360 2254 3415 quae
2279 3343 2551 3398 ﬁduciam
2576 3345 2751 3399 habet
2780 3345 3201 3400 beatitudinem
3231 3346 3605 3419 adipiscendi,
3638 3366 3744 3404 os-

2125 3432 2310 3487 tendit
2345 3449 2574 3504 quoque
2604 3432 2992 3488 meritaliberi
3014 3434 3236 3488 arbitrii
3260 3434 3370 3489 sic:
3401 3436 3526 3491 Non
3543 3438 3745 3494 solum

2122 3520 2229 3575 hac
2250 3520 2461 3575 ﬁducia
2488 3537 2654 3593 spero
2713 3538 2807 3575 me
2833 3521 3047 3576 habere
3086 3522 3505 3579 beatitudinem
3554 3538 3742 3596 quam

2124 3609 2438 3679 requiram,
2466 3609 2595 3664 ideo
2625 3608 2759 3680 quia
2786 3626 2870 3662 me
2893 3609 3182 3678 abscondit,
3205 3615 3441 3681 protexit
3490 3618 3541 3666 et
3592 3615 3747 3669 emb-

2126 3700 2280 3759 tavit,
2314 3698 2413 3751 sed
2444 3698 2574 3752 ideo
2601 3699 2736 3769 quia
2790 3700 3036 3765 cireuivi,
3071 3699 3128 3754 id
3170 3704 3256 3753 est
3283 3715 3355 3755 ne
3386 3704 3743 3759 temerarius

2125 3789 2223 3840 aut
2269 3786 2539 3839 remissus
2572 3802 2755 3839 essem
2795 3786 3103 3857 diligenter
3160 3788 3513 3860 investigavi,
3545 3793 3739 3862 quali-

2125 3876 2213 3927 ter
2242 3873 2345 3945 ipsi
2370 3874 2688 3928 sacriﬁcare
2715 3874 3009 3929 deberem.
3046 3876 3113 3929 Et
3140 3876 3356 3946 positus
3402 3880 3457 3930 in
3489 3879 3743 3935 taberna—

2124 3963 2241 4017 culo
2272 3963 2405 4032 ejus,
2451 3962 2510 4016 id
2541 3965 2625 4015 est
2658 3962 2715 4016 in
2744 3962 2857 4016 ﬁde
2897 3963 3104 4017 Christi
3170 3965 3527 4020 tabernaculi
3585 3970 3735 4039 ejus,

2126 4050 2403 4105 immolavi
2442 4050 2547 4121 ipsi
2596 4050 2825 4105 hostiam
2876 4052 3291 4120 vociferationis,
3343 4054 3562 4109 scilicet
3621 4058 3737 4111 vir-

2123 4141 2274 4193 tutes
2322 4142 2379 4193 et
2422 4138 2821 4208 operationem
2866 4138 3107 4207 bonam,
3156 4156 3282 4210 qua:
3345 4147 3478 4196 sunt
3527 4145 3737 4203 hostiae

2126 4227 2373 4281 multum
2405 4227 2721 4281 clamantes
2759 4227 2829 4281 ad
2860 4228 3196 4297 Dominum,
3225 4230 3387 4299 juxta
3428 4231 3567 4286 illud
3601 4234 3738 4288 Pro-

2122 4316 2273 4388 speri
2300 4336 2313 4370 :

2192 4403 2308 4459 Nec
2340 4403 2543 4457 Christi
2564 4403 2795 4474 exemplo
2821 4408 3035 4459 suavior
3062 4409 3169 4460 erit
3196 4408 3326 4463 oder

2122 4490 2296 4558 Quam
2320 4510 2440 4546 cum
2464 4493 2618 4546 homo
2663 4500 2923 4546 castarum
2944 4496 3157 4565 profert
3198 4496 3453 4550 tibamina
3494 4512 3728 4562 morum,

2190 4579 2266 4633 Et
2292 4580 2357 4634 de
2376 4583 2633 4636 virtutum
2652 4598 2871 4635 munere
2896 4599 3049 4635 sacra
3097 4583 3236 4637 litat.

2193 4669 2336 4723 Cum
2379 4668 2515 4724 dicit
2544 4669 2768 4722 hostiam
2813 4670 3228 4740 vociferationis,
3288 4672 3445 4727 idem
3476 4677 3560 4728 est
3589 4689 3654 4727 ac
3679 4674 3728 4727 si

2122 4757 2368 4812 diceret:
2404 4757 2659 4811 Hostiam
2688 4758 2936 4812 multum
2969 4758 3204 4829 dignam
3235 4760 3665 4832 impetratione,
3691 4779 3730 4815 a

2120 4845 2499 4900 similitudine
2530 4845 2761 4900 illorum
2791 4846 2911 4917 qui,
2946 4862 3076 4900 cum
3110 4849 3360 4903 multum
3388 4849 3726 4916 vociferent,

2121 4933 2287 4988 citius
2316 4934 2626 5005 impetrare
2654 4935 2842 4988 solent
2887 4951 3061 5005 quam
3114 4935 3211 5006 qui
3253 4936 3490 4991 remisse
3522 4941 3724 5007 agunt.

2123 5019 2364 5075 Circuivi
2398 5021 2553 5087 dicit,
2586 5038 2618 5075 a
2656 5021 3030 5076 similitudine
3063 5022 3292 5077 illorum
3332 5024 3450 5095 qui,
3492 5024 3725 5096 quando

2121 5109 2338 5179 aliquid
2366 5109 2675 5180 diligenter
2694 5109 3065 5181 investigent;
3094 5112 3338 5166 multum
3366 5112 3603 5167 circuire
3631 5129 3724 5167 so-

2120 5196 2262 5252 lent.
2287 5197 2411 5251 Non
2435 5199 2620 5251 solum
2639 5199 2859 5251 circuivi
2882 5206 2933 5251 et
2962 5199 3251 5261 immolavi,
3269 5200 3369 5254 sed
3384 5200 3570 5255 adhuc
3593 5216 3722 5256 can-

2119 5285 2240 5340 tabo
2269 5284 2521 5348 Domino,
2539 5285 2597 5339 id
2628 5290 2712 5339 est
2736 5285 2884 5340 bene
2915 5286 2985 5340 de
3016 5303 3084 5342 eo
3117 5287 3383 5359 cogitabo
3414 5305 3428 5356 ;
3459 5288 3613 5359 quod
3642 5288 3721 5343 illi

2117 5373 2280 5428 dulce
2302 5374 2412 5429 erit
2438 5376 2500 5427 ut
2529 5373 2838 5429 canticum.
2872 5375 2939 5428 Et
2970 5390 3087 5429 non
3114 5377 3299 5431 solum
3331 5376 3599 5442 cantabo,
3620 5376 3721 5432 sed

2116 5468 2165 5514 et
2183 5462 2307 5533 jam
2326 5461 2592 5531 psalmum
2626 5462 2823 5528 dicam,
2855 5462 2911 5516 id
2944 5466 3029 5517 est
3059 5463 3276 5518 bonum
3337 5481 3480 5535 opus
3521 5481 3719 5520 meum

2116 5549 2174 5604 in
2214 5549 2461 5605 evidenti
2518 5566 2754 5621 ponam,
2813 5554 2871 5605 ut
2913 5551 3053 5607 alios
3103 5553 3391 5607 attraham
3449 5554 3715 5627 exemplo
