3994 6042
223 279 341 338 ,⁵741

1205 273 1564 341 ΕΪΡΟΞΙΤΙΟ
1602 283 1667 340 l'N
1711 283 2048 342 PSALMOS.
2085 317 2155 329 -
2189 287 2388 345 PSAL.
2445 286 2597 347 XXVI

3450 295 3566 358 ’742

243 425 397 464 meo.
432 407 586 462 Bene
617 405 851 479 quidem
881 407 1066 477 ponit,
1094 407 1292 477 dicam,
1321 409 1472 464 dicta
1512 427 1764 484 namque
1796 413 1855 467 in
1879 419 1933 478 Α
2025 415 2158 470 Post
2183 419 2594 489 apostropham
2619 418 2925 474 revertitur
2957 419 3030 475 ad
3072 420 3398 479 orationem
3428 425 3510 479 sic
3539 442 3554 483 :

240 495 494 553 evidenti
526 499 680 563 sunt,
705 495 1084 567 cogitationes
1115 501 1310 552 autem
1343 498 1399 552 in
1431 501 1676 554 occulto.

315 583 611 639 Beneﬁciis
631 585 804 655 atque
845 584 1068 638 meritis
1102 586 1310 656 quibus
1340 603 1400 640 se
1431 587 1852 642 beatitudinem

239 673 589 745 adepturum
624 672 863 728 conﬁdit
894 672 1158 740 ostensis,
1192 677 1320 729 orat
1368 679 1428 729 ut
1467 679 1854 748 consequatur

235 761 356 816 sic:
393 759 516 816 Dixi
558 777 721 814 unam
748 761 904 831 petii,
943 763 1002 814 et
1052 763 1325 833 requiram
1365 766 1423 816 et
1475 767 1552 829 tu,
1601 763 1852 831 Domine,

173 887 180 889 μ
233 849 434 904 exaudi
459 865 637 902 vocem
661 867 834 902 meam
853 867 961 920 qua
979 850 1227 916 clamavi,
1261 850 1318 906 id
1348 855 1434 905 est
1462 853 1715 908 clamore
1761 852 1853 924 egi

235 955 358 992 non
390 937 632 992 remisse
662 937 736 992 ad
766 941 822 992 te
852 939 1332 1009 promerendum.
1354 940 1420 993 Et
1442 957 1559 996 non
1582 957 1688 1012 pro
1719 940 1854 996 solis

234 1026 462 1082 meritis
491 1025 779 1094 exaudias,
804 1027 902 1080 sed
927 1029 1168 1081 miserere
1203 1030 1310 1082 mei
1341 1035 1391 1082 et
1421 1030 1620 1083 exaudi
1656 1047 1760 1096 me,
1794 1030 1855 1084 id

233 1117 323 1168 est
370 1113 826 1168 misericorditer
883 1114 1107 1169 exaudi.
1161 1116 1294 1170 Dico
1349 1117 1596 1171 clamavi.
1629 1119 1696 1172 Et
1721 1135 1853 1172 vere

231 1218 344 1256 vox
375 1217 509 1256 mea
529 1202 750 1257 clamor
773 1201 901 1256 fuit.
925 1201 1071 1255 Nam
1103 1202 1242 1256 dum
1271 1219 1407 1258 voce
1437 1220 1698 1276 agerem,
1732 1221 1852 1260 non

233 1289 397 1344 aliud
418 1289 479 1344 in
509 1289 684 1344 corde
704 1289 912 1358 habui;
945 1290 1046 1344 sed
1076 1291 1174 1344 tibi
1199 1291 1336 1345 dixit
1369 1305 1464 1346 cor
1506 1309 1680 1346 meum
1711 1292 1855 1346 illud

235 1377 398 1433 idem
424 1377 582 1450 quod
609 1381 666 1432 et
692 1393 774 1432 os.
811 1377 1083 1450 Alioquin
1125 1379 1282 1432 enim
1312 1396 1417 1434 vox
1461 1396 1594 1435 mea
1633 1381 1855 1435 clamor

235 1483 362 1522 non
393 1471 563 1535 esset,
595 1466 696 1520 sed
725 1466 986 1521 remissa.
1019 1467 1118 1520 Vel
1149 1467 1227 1521 sic
1268 1484 1280 1521 :
1326 1468 1463 1523 Dico
1504 1469 1754 1535 clamavi,
1795 1471 1855 1521 et

235 1572 359 1612 non
391 1573 512 1622 ore,
547 1555 647 1610 sed
679 1555 778 1608 tibi
803 1555 939 1608 dixit
961 1571 1052 1610 cor
1079 1573 1256 1609 meum
1281 1555 1452 1610 istud.
1483 1557 1552 1610 Et
1586 1554 1855 1626 exprimit

234 1644 379 1716 quid
393 1643 629 1699 dixerit:
648 1641 956 1710 0Domine,
978 1645 1257 1715 acquisivit
1275 1650 1322 1698 te
1341 1645 1508 1714 facies
1533 1661 1670 1696 mea.
1688 1643 1852 1706 Quod

1954 501 2110 570 Dico,
2137 505 2401 572 Domine,
2435 507 2567 578 quia
2595 524 2686 561 me
2716 509 3092 582 assumpsisti,
3127 515 3185 564 et
3222 529 3292 566 ne
3339 529 3558 568 assum-

1953 593 2083 662 ptus
2101 608 2299 648 rursus
2328 595 2610 661 debiliter,
2638 595 2885 664 Domine,
2904 597 3046 652 mihi
3065 599 3250 670 posito
3270 602 3324 653 in
3342 603 3426 654 via
3446 609 3562 670 tua,

1954 677 2011 732 id
2042 683 2127 734 est
2153 679 2212 735 in
2244 682 2333 736 via
2357 683 2766 739 mandatorum
2793 689 3048 753 tuorum,
3083 687 3142 741 in
3173 688 3562 760 completione

1955 767 2188 836 scilicet,
2221 787 2346 841 qum
2379 771 2468 826 via
2495 776 2578 825 est
2607 773 2680 827 ad
2728 773 2926 842 vitam,
2969 792 3113 846 pone
3143 776 3305 846 legem
3343 777 3562 845 viandi,

1954 853 2012 908 id
2039 857 2125 909 est
2153 858 2554 925 moderamen,
2573 876 2645 912 ne
2664 863 2819 914 retro
2845 878 2998 928 eam,
3031 879 3136 916 nec
3162 863 3269 918 dex
3311 866 3562 920 trorsum

1954 960 2060 998 nec
2089 944 2478 999 sinistrorsum
2504 963 2518 1012 ;
2553 951 2707 1002 retro
2731 948 2966 1019 quidem
2993 949 3202 1005 dicitur
3232 951 3336 1018 ire,
3366 951 3463 1024 qui
3495 969 3564 1007 ex

1953 1035 2076 1086 toto
2105 1033 2313 1087 deﬁcit.
2338 1035 2728 1102 Dextrorsum,
2761 1040 2978 1104 autem,
3009 1039 3105 1110 qui
3137 1039 3278 1094 dum
3309 1039 3484 1094 nimis
3500 1041 3562 1095 in

1953 1120 2250 1174 sanctitate
2277 1121 2525 1176 intendit
2547 1124 2788 1178 modum
2816 1127 3170 1194 excellendo,
3214 1128 3287 1182 ad
3313 1127 3372 1182 id
3403 1129 3560 1200 quod

1953 1208 2229 1280 disposuit
2255 1209 2538 1280 attingere
2571 1212 2794 1284 nequit,
2822 1217 2885 1266 ut
2899 1214 3144 1269 eremita
3161 1215 3411 1271 Joannes
3427 1233 3557 1288 par-

1951 1313 2071 1362 vus,
2105 1295 2202 1366 qui
2233 1297 2489 1368 angelice
2522 1298 2708 1353 vivere
2734 1301 3014 1356 tentando
3046 1301 3274 1358 defecit.
3313 1305 3381 1357 Et
3409 1305 3559 1359 bene

1953 1382 2102 1438 istud
2133 1384 2342 1438 dicitur
2368 1384 2731 1441 dextrorsum
2752 1387 2856 1442 ire.
2877 1390 2987 1442 Per
3012 1389 3274 1446 dextram
3306 1409 3560 1464 namque

1950 1473 2107 1528 bona
2135 1474 2320 1528 solent
2351 1474 2673 1546 designari;
2720 1476 2958 1532 virtutes
3011 1495 3145 1534 vero
3205 1479 3360 1535 bona
3403 1483 3556 1536 sunt.

1952 1561 2094 1614 Illud
2134 1564 2330 1617 autem
2363 1562 2466 1630 ire,
2499 1563 2692 1618 virtuti
2745 1565 2972 1621 videtur
3023 1567 3318 1623 accedere.
3365 1569 3564 1624 Nullus

1952 1649 2108 1703 enim
2141 1649 2381 1721 ignavus
2407 1650 2466 1704 in
2499 1651 2705 1706 virtute
2737 1653 2994 1724 qualibet
3023 1655 3174 1710 ultra
3205 1657 3446 1717 modum
3477 1657 3562 1712 in-

234 1737 326 1787 est
355 1732 544 1788 dicere
573 1749 586 1787 :
617 1732 933 1804 Diligenter
946 1735 1002 1786 et
1024 1748 1198 1802 opere
1219 1737 1276 1786 et
1292 1732 1594 1788 affectione
1620 1730 1852 1804 ψιωεὶνὶ
1878 1747 1933 1811 Β
1953 1737 2226 1791 tenditur.
2253 1737 2658 1792 Sinistrorsum
2689 1739 2926 1811 quidem
2959 1741 3045 1796 ire
3075 1742 3286 1797 dicitur
3323 1743 3421 1814 qui
3453 1745 3560 1798 etsi

233 1825 300 1876 ut
331 1838 507 1893 quem
539 1837 692 1878 nunc
716 1820 775 1874 in
802 1821 1116 1891 tenigmate
1145 1820 1335 1889 video,
1362 1820 1510 1876 facie
1541 1820 1615 1875 ad
1641 1819 1851 1874 faciem
1952 1841 2069 1880 non
2097 1843 2163 1879 ex
2192 1829 2337 1894 toto,
2369 1827 2543 1881 nimis
2589 1831 2787 1882 tamen
2845 1828 2904 1884 in
2967 1830 3173 1885 virtute
3222 1832 3556 1887 remittitur.

231 1915 486 1970 videam.
520 1915 590 1968 Et
613 1914 819 1980 adhuc,
849 1913 1098 1982 Domine,
1125 1915 1322 1984 faciem
1365 1920 1518 1968 tuam
1558 1917 1847 1986 requiram,

229 2003 384 2058 bene
414 2002 720 2075 cogitando
755 2006 814 2057 et
842 2003 1158 2074 operando.
1203 2003 1354 2074 Ergo
1417 2019 1482 2056 ne
1538 2011 1747 2056 avertas
1788 2003 1847 2058 in

227 2091 430 2148 futuro
449 2092 648 2162 faciem
667 2097 816 2144 tuam
854 2109 886 2144 a
915 2108 1016 2158 me,
1071 2091 1177 2144 etsi
1210 2089 1388 2146 modo
1427 2091 1652 2146 avertis.
1683 2091 1849 2154 Quod

230 2182 431 2234 autem
459 2179 621 2234 addit
649 2195 716 2232 ne
739 2177 980 2245 declines,
1029 2179 1184 2232 idem
1215 2183 1303 2232 est
1341 2179 1498 2250 quod
1537 2195 1603 2234 ne
1637 2186 1848 2233 avertas

225 2267 448 2337 faciem.
481 2265 594 2320 Sed
625 2265 754 2320 ideo
785 2265 994 2336 repetit
1023 2269 1082 2320 ut
1111 2266 1287 2320 addat
1315 2266 1393 2320 sic
1447 2283 1459 2320 :
1502 2265 1590 2320 Ne
1627 2267 1848 2320 declines

225 2355 448 2423 faciem,
480 2353 694 2409 scilicet
721 2356 776 2407 in
805 2357 910 2422 ira,
963 2354 1018 2408 id
1067 2357 1154 2408 est
1193 2357 1432 2426 propter
1472 2355 1641 2423 iram,
1670 2371 1847 2426 quam

228 2442 291 2496 in
325 2458 420 2496 me
449 2443 521 2496 de
546 2443 794 2514 peccatis
825 2443 972 2497 meis
999 2443 1234 2511 habeas,
1271 2444 1549 2514 quoniam
1603 2461 1638 2498 a
1689 2445 1846 2498 nullo

231 2529 568 2598 declinabis,
601 2530 710 2584 nisi
757 2531 847 2586 cui
891 2530 1068 2585 iratus
1105 2531 1430 2603 apparebis.
1487 2531 1649 2586 Unde
1697 2532 1848 2586 Psal-

228 2617 408 2674 mista
454 2617 638 2673 alibi:
681 2637 717 2672 α
744 2619 902 2674 Tunc
949 2621 1216 2692 loquetur
1261 2619 1336 2674 ad
1389 2636 1487 2674 eos
1540 2619 1600 2673 in
1631 2619 1718 2673 ira
1745 2636 1848 2674 sua

233 2707 407 2778 (Psal.
443 2724 502 2774 ιι,
535 2707 610 2778 5).
643 2727 672 2756 ››
706 2706 842 2762 Dico
873 2723 936 2760 ne
965 2707 1186 2762 declines
1208 2724 1242 2761 a
1267 2724 1382 2774 me,
1409 2725 1555 2762 servo
1581 2714 1670 2761 tuo
1699 2707 1846 2761 scili-

232 2799 345 2864 cet,
379 2795 543 2868 quasi
573 2795 729 2851 dicat
762 2812 774 2850 :
803 2796 927 2850 Non
962 2799 1049 2850 est
1077 2795 1322 2867 dignum
1339 2799 1401 2850 ut
1421 2797 1694 2865 declines,
1715 2812 1848 2851 cum

231 2901 428 2939 servus
455 2887 586 2938 tuus
615 2883 747 2951 sim,
770 2883 830 2937 in
859 2884 1132 2938 omnibus
1144 2883 1248 2938 tibi
1275 2887 1449 2957 prout
1477 2885 1694 2957 possim
1709 2886 1844 2941 obe-

232 2971 420 3026 diens.
439 2973 551 3026 Oro
575 2989 640 3026 ne
652 2971 894 3038 declines,
919 2971 1038 3026 imo
1051 2955 1430 3044 adjutori79
1464 2955 1608 3028 meus
1637 2980 1742 3027 esto
1773 2975 1847 3028 ad

229 3061 385 3116 bene
405 3060 790 3132 operandam,
814 3063 874 3115 et
915 3060 996 3115 sic
1033 3061 1254 3132 adjutor
1293 3079 1358 3116 ne
1387 3061 1729 3133 derelinquas
1769 3079 1851 3116 me

228 3151 294 3205 in
334 3151 458 3204 solo
513 3150 694 3205 libero
743 3148 1007 3217 arbitrio,
1048 3149 1186 3222 quia
1217 3166 1322 3221 per
1367 3166 1461 3204 me
1495 3149 1849 3205 insufﬁciens

231 3253 450 3306 essem;
486 3237 590 3291 etsi
623 3237 938 3309 aliquando
969 3255 1064 3292 me
1095 3237 1418 3309 reliqueris,
1447 3241 1530 3305 ut,
1553 3255 1683 3292 cum
1709 3238 1850 3292 ceci-

231 3326 400 3392 dero,
432 3342 528 3380 me
553 3324 1004 3380 insufﬁcientem
1051 3343 1173 3380 esse
1218 3341 1336 3380 non
1378 3325 1660 3392 dubitem,
1706 3326 1851 3382 sicut

231 3417 472 3470 Petrum
513 3415 570 3468 te
614 3417 929 3484 negantem
981 3413 1287 3484 reliquisti,
1337 3429 1409 3468 ne
1453 3417 1652 3486 postea
1689 3414 1750 3468 in
1791 3430 1849 3468 se

230 3501 575 3558 conﬁderet.
611 3502 842 3556 Dixerat
866 3502 1023 3556 enim
1051 3501 1110 3555 in
1139 3518 1199 3556 se
1235 3499 1580 3556 confidendo
1617 3518 1630 3556 :
1661 3523 1688 3551 ‹‹
1729 3501 1848 3556 Etsi

232 3590 559 3661 oportuerit
584 3606 677 3644 me
707 3589 856 3644 mori
887 3592 1100 3656 tecum,
1136 3605 1254 3644 non
1279 3592 1335 3644 te
1367 3589 1592 3660 negabo
1625 3588 1845 3656 (Matth.

231 3695 382 3745 xxvn,
412 3681 521 3744 35).
553 3700 581 3727 »
622 3677 838 3732 Saltem
868 3696 933 3732 ne
975 3679 1234 3750 despicias
1284 3695 1388 3745 me,
1421 3678 1478 3732 id
1506 3681 1590 3732 est
1621 3694 1736 3733 non
1769 3677 1849 3732 sic

233 3765 624 3838 derelinquas,
659 3770 722 3818 ut
751 3769 880 3837 post
924 3783 1044 3822 non
1093 3766 1400 3834 auxiliaris,
1444 3765 1587 3820 sicut
1640 3766 1847 3820 ludam

232 3853 563 3926 despexisti.
595 3853 662 3906 Et
694 3870 805 3907 non
839 3853 1014 3908 debes
1043 3854 1358 3926 despicere,
1410 3854 1545 3926 quia
1587 3853 1732 3908 Deus
1774 3871 1844 3920 es,

231 3941 293 3996 id
355 3945 442 3996 est
499 3940 755 4008 Creator,
803 3941 1056 3996 salutaris
1106 3960 1272 4010 meus,
1323 3943 1384 3996 id
1435 3947 1522 3997 est
1565 3943 1844 3997 Salvator.

233 4029 408 4094 Quasi
440 4029 595 4084 dicat
628 4047 640 4083 :
677 4029 824 4093 Quia
849 4034 904 4084 te
933 4031 1120 4085 solum
1150 4032 1337 4085 habeo
1365 4033 1548 4086 Deum
1581 4035 1638 4086 et
1677 4033 1844 4086 Crea-

231 4121 448 4185 torem,
477 4122 535 4171 et
565 4135 796 4173 necesse
829 4121 914 4172 est
937 4123 998 4173 ut
1027 4136 1144 4173 non
1177 4119 1542 4191 derelinquas
1571 4123 1628 4174 et
1657 4119 1844 4191 despi-

233 4205 372 4271 cias,
393 4207 647 4276 quoniam
658 4213 819 4276 pater
861 4223 1005 4259 meus
1034 4214 1083 4260 et
1111 4212 1284 4260 mater
1312 4225 1448 4274 mea,
1484 4207 1669 4261 Adam
1707 4207 1848 4261 scili-

1873 3025 1920 3084 (ἓ

1953 1911 2238 1976 Quoniam
2265 1931 2370 1986 per
2422 1913 2715 1970 sinistram
2765 1915 2902 1971 vitia
2942 1917 3320 1990 designantur
3351 1937 3369 1988 ;η
3407 1920 3562 1976 mala

1950 2001 2108 2056 enim
2134 2005 2284 2056 sunt.
2317 2004 2458 2059 Mala
2490 2020 2623 2058 vero
2655 2020 2760 2075 per
2784 2004 3074 2060 sinistram
3101 2024 3252 2079 saepe
3275 2007 3556 2064 denotan-

1949 2092 2060 2144 tur.
2089 2090 2324 2144 Remitti
2352 2091 2587 2164 quidem
2625 2092 2684 2146 in
2729 2093 2936 2148 virtute
2985 2094 3179 2157 nimis,
3223 2095 3559 2152 vitiosorum

1947 2181 2051 2231 est.
2084 2179 2342 2250 Namque
2375 2197 2550 2234 nemo
2583 2183 2812 2236 sanctus
2860 2181 2918 2235 in
2969 2182 3177 2237 virtute
3219 2183 3554 2238 remittitur.

1947 2267 2128 2321 Nimis
2154 2267 2330 2338 igitur
2361 2269 2596 2335 remitti,
2631 2273 2784 2324 recte
2813 2269 3205 2326 sinistrorsum
3230 2272 3312 2326 ire
3328 2271 3552 2327 dicitur.

1946 2355 2094 2409 Ante
2119 2359 2317 2410 autem
2347 2356 2428 2410 ire
2450 2357 2508 2410 in
2540 2357 2629 2410 via
2659 2357 2756 2412 Dei
2789 2357 3018 2426 dicitur,
3043 2359 3140 2430 qui
3155 2375 3342 2431 neque
3363 2361 3559 2415 remit-

1947 2443 2124 2498 tendo
2148 2443 2340 2511 nimis,
2379 2461 2568 2516 neque
2601 2445 2843 2500 modum
2859 2446 3189 2501 excellendo
3207 2447 3552 2516 deﬂectitur,

1949 2530 2048 2584 sed
2073 2548 2239 2602 mquo
2271 2531 2446 2586 modo
2474 2533 2575 2586 Dei
2606 2532 2756 2588 viam
2788 2533 3020 2588 incedit.
3054 2534 3154 2590 Via
3190 2535 3424 2608 quidem
3455 2539 3559 2592 Dei

1950 2616 2219 2671 dicuntur
2247 2620 2586 2674 communia
2615 2624 2926 2692 praecepta,
2969 2623 3091 2676 sine
3134 2623 3342 2694 quibus
3381 2640 3558 2678 nemo

1947 2706 2275 2772 salvabitur,
2317 2711 2380 2761 ut
2433 2707 2488 2761 in
2540 2709 2828 2778 psalmum
2861 2725 2949 2763 χχι
2988 2711 3374 2782 exposuimus.
3418 2711 3556 2766 Dico

1949 2793 2107 2864 legem
2129 2811 2269 2863 pone
2295 2797 2349 2848 in
2378 2797 2485 2863 via,
2519 2798 2578 2850 et
2603 2812 2723 2850 non
2755 2796 2942 2850 solum
2969 2797 3100 2859 hoc,
3141 2798 3242 2852 sed
3263 2797 3440 2852 etiam
3469 2797 3552 2852 di-

1947 2886 2059 2951 rige
2082 2899 2184 2948 me,
2208 2881 2266 2936 id
2296 2885 2383 2936 est
2411 2881 2696 2936 directum
2749 2899 2842 2937 me
2902 2883 2993 2938 fac
3037 2883 3095 2938 in
3135 2884 3345 2939 semita
3375 2888 3552 2942 recta.

1949 2970 2124 3025 Recta
2147 2985 2282 3024 vero
2313 2970 2538 3038 semita,
2583 2970 2896 3042 singularia
2942 2976 3232 3044 praecepta
3263 2973 3552 3042 dicuntur,

1948 3074 2074 3130 qua:
2099 3057 2294 3130 paucis
2335 3059 2694 3128 competunt,
2735 3060 2798 3112 ut
2849 3057 2908 3112 in
2954 3059 3226 3114 eumdem
3264 3058 3553 3129 psalmum

1949 3145 2165 3200 dictum
2201 3150 2305 3200 est.

2021 3235 2089 3288 Et
2141 3234 2249 3290 hoc
2293 3234 2450 3308 quod
2504 3251 2607 3291 oro
2643 3251 2782 3306 pone
2829 3234 2992 3306 legem
3031 3242 3081 3291 et
3116 3235 3314 3307 dirige,
3335 3244 3556 3309 propter

1951 3323 2186 3377 inimicos
2211 3341 2354 3378 meos
2388 3323 2560 3392 facio,
2611 3324 2709 3396 qui
2751 3341 2850 3380 me
2899 3325 3099 3380 volunt
3151 3325 3480 3394 deflectere,
3521 3342 3556 3381 a

1949 3409 2153 3480 quibus
2183 3411 2341 3482 eripe
2369 3427 2484 3478 me,
2539 3428 2613 3466 ne
2664 3411 2805 3467 mihi
2855 3413 3226 3482 praevaleant.
3260 3412 3328 3467 Et
3369 3413 3468 3482 sic,
3498 3413 3558 3470 id

1951 3500 2058 3563 est,
2081 3497 2402 3569 eripiendo,
2435 3517 2500 3553 ne
2530 3499 2811 3552 tradideris
2833 3517 2917 3554 me
2949 3503 3001 3554 in
3029 3503 3259 3567 animas,
3290 3501 3352 3556 id
3381 3505 3469 3556 est
3497 3501 3554 3556 in

1949 3585 2292 3653 voluntates,
2320 3587 2690 3650 tribulantium
2727 3603 2828 3640 me.
2865 3589 3030 3651 Quod
3081 3592 3167 3642 est
3205 3589 3397 3643 dicere
3436 3605 3450 3643 :
3491 3590 3558 3644 Et

1949 3673 1992 3727 si
2027 3674 2286 3730 lribulari
2312 3691 2406 3729 me
2433 3674 2732 3746 permittas
2771 3674 2844 3728 ab
2891 3673 2997 3742 bis,
3037 3692 3156 3730 non
3201 3680 3399 3731 tamen
3447 3677 3558 3732 hoc

1949 3763 2106 3834 quod
2131 3765 2328 3817 volunt
2356 3764 2506 3817 sinas
2527 3778 2626 3816 eos
2655 3762 2714 3816 in
2742 3778 2838 3816 me
2866 3761 3094 3832 penitus
3125 3764 3375 3826 efﬁcere,
3405 3764 3556 3818 scili-

1950 3854 2040 3905 cet
2072 3853 2131 3904 ut
2156 3867 2248 3904 me
2280 3850 2608 3904 deilectant.
2647 3847 2758 3904 Oro
2787 3865 2851 3902 ne
2881 3848 3184 3916 tradideris,
3209 3853 3267 3904 et
3289 3849 3399 3904 hoc
3413 3849 3556 3905 mihi

1949 3939 2236 3994 orandum
2267 3941 2370 3994 est.
2402 3935 2666 4003 Quoniam
2697 3938 3096 3990 insurrexerunt
3127 3939 3182 3990 in
3223 3955 3326 4006 me,
3375 3937 3555 3994 tribu-

1946 4029 2142 4095 lando,
2172 4026 2558 4099 suggerendo,
2593 4032 2742 4080 testes
2769 4027 2964 4098 iniqui,
2993 4026 3052 4080 id
3079 4030 3164 4080 est
3207 4025 3289 4080 illi
3315 4027 3412 4098 qui
3444 4027 3555 4082 ini-

1947 4135 2062 4189 qua
2091 4119 2393 4182 testantur,
2441 4117 2500 4170 et
2550 4131 2724 4187 opere
2775 4114 2991 4168 scilicet
3039 4119 3098 4169 et
3145 4115 3353 4183 verbis,
3383 4117 3441 4171 id
3473 4123 3560 4172 est

1947 4204 2256 4260 mundanis
2281 4205 2575 4259 adhaerere
2606 4219 2899 4257 summum
2930 4202 3150 4258 bonum
3176 4219 3316 4260 esse.
3348 4201 3427 4258 Et
3455 4208 3558 4260 im-

232 4297 330 4348 cet
365 4298 424 4346 et
457 4295 589 4360 Eva,
621 4293 1014 4365 dereliquerunt
1042 4311 1144 4362 me,
1197 4295 1256 4350 id
1295 4299 1380 4350 est
1425 4295 1760 4365 dejecerunt
1787 4295 1845 4348 in
1871 4285 2143 4366 D‘quitas,
2176 4291 2235 4346 id
2272 4296 2378 4360 est,
2424 4291 2528 4364 ipsi
2579 4290 2712 4345 dicti
2755 4306 2860 4361 per
2901 4290 3222 4364 emphasim
3262 4291 3556 4364 iniquitas,

234 4387 513 4437 mortem.
541 4385 590 4436 A
615 4381 992 4438 similitudine
1014 4383 1194 4454 patris
1213 4388 1270 4438 et
1299 4384 1502 4438 matris
1525 4401 1540 4451 ;
1584 4383 1682 4455 qui
1713 4401 1848 4439 cum
1948 4385 2168 4437 mentita
2195 4387 2288 4448 est,
2317 4384 2378 4456 ut
2403 4396 2496 4433 me
2523 4377 3244 4445 deﬁecteret,afﬁrmando
3266 4379 3420 4436 bona
3437 4399 3560 4438 esse

232 4471 523 4525 infantem
546 4471 849 4541 parvulum
867 4471 1324 4543 derelinquendo
1348 4476 1849 4544 exponunt,quan-

232 4558 452 4613 tumin
483 4575 544 4613 se
578 4562 685 4626 est,
719 4559 1082 4614 interimunt.
1117 4561 1289 4616 Fame
1326 4577 1579 4632 namque
1610 4561 1846 4632 periret,

235 4647 346 4701 nisi
373 4647 478 4720 ipsi
509 4648 654 4702 alius
679 4652 1058 4702 succurreret.
1093 4646 1182 4703 Sic
1209 4653 1266 4704 et
1292 4649 1480 4704 Adam
1501 4652 1560 4702 et
1583 4649 1696 4704 Eva
1725 4650 1844 4721 qui,

235 4738 503 4807 exemplo
529 4753 632 4791 suo
661 4737 838 4803 bono,
855 4753 962 4790 nos
985 4737 1314 4792 debuissent
1333 4738 1406 4793 ad
1432 4741 1549 4794 Deo
1575 4737 1846 4793 obedien-

236 4824 380 4879 dum
411 4825 716 4890 instruere,
741 4829 802 4880 et
821 4825 902 4880 sic
927 4842 1121 4881 secum
1152 4827 1226 4881 ad
1255 4827 1431 4882 vitam
1463 4828 1712 4895 trahere,
1749 4827 1847 4882 de-

235 4910 486 4967 ﬁciendo
514 4913 571 4966 in
605 4930 664 4968 se
695 4929 802 4969 nos
837 4913 1122 4968 instruere
1164 4915 1617 4986 dereliquerunt,
1660 4919 1718 4970 et
1771 4916 1848 4970 sic

235 5000 312 5055 ad
336 5005 586 5056 mortem
619 5006 1041 5073 pertraxerunt.
1079 5003 1215 5057 Dico
1259 5003 1414 5075 quod
1445 5004 1553 5075 ipsi
1582 5021 1666 5058 me
1700 5004 1846 5058 dere-

237 5087 536 5160 liquerunt;
558 5089 819 5144 Dominus
831 5098 1008 5145 autem
1036 5093 1316 5162 assumpsit
1339 5109 1441 5160 me,
1468 5095 1530 5166 ut
1551 5091 1848 5148 inﬁrmum

237 5175 640 5245 sanctiﬁearet,
674 5179 734 5233 id
765 5183 849 5233 est
875 5179 950 5234 ad
980 5179 1482 5235 immortalitatem
1514 5179 1846 5249 reduceret;

239 5267 297 5318 ct
316 5264 468 5319 hanc
492 5267 904 5338 apostropham
932 5267 1007 5322 ad
1036 5268 1328 5323 auditores
1357 5269 1513 5335 facit,
1547 5271 1609 5322 ut
1640 5267 1737 5340 qui
1759 5285 1846 5322 as-

239 5353 456 5424 sumpti
487 5358 640 5422 sunt,
673 5371 790 5409 non
823 5355 932 5410 hoc
956 5355 1082 5424 sibi,
1111 5357 1211 5411 sed
1243 5357 1490 5412 Domino
1531 5357 1616 5411 sui
1661 5373 1851 5410 exem-

241 5442 338 5514 plo
367 5442 704 5509 attribuant,
733 5445 790 5498 et
813 5460 931 5499 non
955 5445 1232 5518 assumpti
1260 5449 1321 5500 ut
1346 5448 1710 5501 assumantur
1727 5461 1850 5500 om-

242 5527 483 5584 nimodo
512 5530 852 5586 sustineant.

1951 4488 2078 4544 quae
2113 4471 2265 4525 mala
2289 4471 2440 4534 sunt,
2466 4467 2522 4520 id
2549 4469 2652 4532 est,
2682 4466 2850 4534 vitia;
2893 4467 3048 4520 mala
3072 4466 3246 4520 etiam
3280 4483 3400 4522 esse
3431 4486 3558 4542 quae

1949 4560 2104 4615 bona
2135 4561 2286 4624 sunt,
2320 4555 2377 4610 id
2404 4558 2510 4622 est,
2541 4554 2794 4608 virtutes.
2825 4553 2957 4608 Dico
2987 4555 3208 4608 mentita
3232 4561 3327 4622 est,
3361 4559 3420 4610 et
3449 4557 3558 4612 hoc

1948 4664 2066 4702 non
2099 4645 2172 4701 ad
2204 4641 2645 4699 incommodum
2683 4658 2918 4709 meum;
2961 4640 3062 4695 sed
3099 4641 3220 4709 sibi,
3263 4642 3322 4696 id
3362 4648 3449 4698 est
3485 4645 3558 4700 ad

1949 4735 2386 4791 damnationem
2572 4747 2757 4785 suam.
2798 4751 2819 4780 ι
2858 4729 2933 4784 Os
2963 4729 3122 4784 enim
3156 4731 3310 4802 quod
3353 4732 3561 4786 menti-

1951 4829 2062 4892 tur,
2092 4823 2300 4878 occidit
2321 4820 2581 4876 animam
2613 4818 2764 4889 (Sap.
2803 4834 2842 4885 ι,
2883 4821 2986 4888 Η).
3019 4836 3050 4870 ››
3082 4817 3252 4872 Facta
3295 4818 3558 4874 oratione

1950 4930 2024 4968 ne
2045 4911 2332 4966 videretur
2357 4926 2422 4962 ex
2449 4907 2772 4962 difﬁdentia
2797 4921 2990 4960 orasse
3013 4921 3026 4972 ;
3061 4904 3323 4958 enuntiat
3355 4922 3413 4960 se
3460 4906 3559 4962 ﬁr-

1951 5001 2124 5054 miter
2153 4997 2414 5064 credere,
2437 4997 2594 5068 quod
2616 4994 2798 5050 oravit
2823 4993 3193 5063 adepturum,
3221 4991 3300 5046 sic
3323 5008 3336 5046 :
3365 4992 3556 5063 Oravi,

1950 5106 1983 5144 o
2010 5088 2319 5153 auditores,
2347 5103 2418 5139 ne
2450 5086 2599 5139 Deus
2627 5084 2846 5136 avertat
2863 5079 3094 5147 faciem,
3127 5082 3184 5134 et
3210 5079 3317 5134 hoc
3348 5097 3466 5136 non
3492 5101 3562 5139 ex

1951 5175 2274 5231 difﬁdentia
2311 5172 2488 5228 oravi.
2523 5171 2667 5224 Nam
2703 5167 2854 5224 credo
2897 5184 2992 5221 me
3032 5167 3226 5234 videre,
3261 5167 3318 5221 id
3359 5173 3445 5224 est
3479 5172 3561 5225 vi-

1949 5281 2170 5331 surum,
2206 5263 2340 5316 bona
2389 5259 2633 5324 Domini,
2670 5257 2726 5310 id
2756 5258 2842 5310 est
2876 5254 3088 5310 faciem
3120 5256 3242 5325 ejus
3271 5258 3328 5310 et
3359 5258 3562 5312 volun-

1950 5357 2153 5421 tatem,
2183 5368 2311 5423 quze
2344 5351 2477 5404 sunt
2507 5360 2712 5398 revera
2739 5343 2917 5396 bona.
2949 5343 3017 5396 Et
3047 5343 3154 5398 hoc
3177 5358 3296 5397 non
3323 5343 3382 5398 in
3413 5361 3564 5416 prin-

1951 5443 2100 5496 senti
2137 5439 2272 5506 vita,
2321 5436 2417 5492 sed
2470 5435 2524 5485 in
2557 5438 2705 5485 terra
2745 5431 3052 5498 viventium,
3087 5431 3146 5484 id
3175 5433 3262 5484 est
3299 5429 3358 5484 in
3396 5448 3571 5503 para-

1952 5530 2098 5598 diso,
2122 5527 2294 5582 ubiue
2318 5542 2412 5580 ιι·ιο
2430 5518 2538 5574 nisi
2563 5520 2850 5594 perpetuo
2862 5517 3057 5573 vivens
3074 5516 3377 5577 habitabit.
3395 5518 3548 5592 Ergo
3567 5559 3588 5588 ι
