3994 6042
533 384 640 439 743

1141 377 1200 436 s.
1225 373 1568 434 BRUNONIS
1609 373 2241 436 CARTHUSIANORUM
2278 370 2744 440 INSTITUTORIS
2785 381 2940 441 opp.
2981 385 3184 443 mas.
3231 385 3250 442 1
3723 396 3805 452 πμ

551 503 803 570 auditor,
831 502 947 556 mei
973 501 1238 574 exemplo
1263 508 1497 572 exspecta
1527 499 2225 567 Dominum,credendoiA
2256 519 2289 556 a
2316 502 2468 557 bona
2498 502 2821 560 intentione
2875 523 3026 573 mea,
3081 525 3195 578 qua
3237 509 3293 561 te
3335 507 3620 580 deprecor.
3655 513 3711 566 Et
3739 515 3804 567 di-

539 593 700 646 illum
733 591 837 645 tibi
869 591 1072 644 eadem
1104 591 1260 644 bona
1289 590 1578 644 daturum.
1615 589 1774 642 Unde
1803 589 2106 660 Apostolus
2133 605 2145 642 :

535 703 563 730 ‹‹
597 680 781 734 Nolite
813 679 1079 732 amittere
1103 678 1538 744 confidentiam,
1573 695 1698 748 quae
1736 693 2011 748 magnam
2044 678 2144 730 lia-

533 768 632 821 bet
651 766 1188 820 remunerationem
1222 766 1414 837 (Hebr.
1440 783 1492 832 x,
1524 769 1636 835 35).
1662 786 1690 814 ››
1723 765 1861 819 Dico
1882 772 2143 834 exspecta;

531 861 588 910 et
615 859 673 910 in
708 857 1090 926 exspectando
1123 871 1240 909 non
1280 856 1356 908 sis
1402 855 1670 908 remissus
1715 857 1772 909 in
1824 855 2094 924 operibus
2128 871 2141 921 ;

531 944 632 999 sed
661 945 892 998 viriliter
917 961 1014 1014 age
1044 945 1364 1014 operando,
1396 943 1640 1010 orando,
1691 943 1838 997 bene
1889 943 2144 1014 cogitan-

529 1032 625 1088 do.
651 1031 744 1098 Et,
777 1049 908 1088 cum
934 1031 1173 1086 viriliter
1201 1033 1410 1104 egeris,
1440 1049 1556 1085 non
1588 1048 1772 1088 cesses
1819 1034 2137 1103 praataedio,

527 1123 628 1177 sed
653 1122 980 1191 con/artetur
1006 1121 1063 1174 in
1096 1123 1206 1176 hoc
1250 1139 1340 1175 cor
1371 1129 1540 1176 tuum.
1581 1145 1608 1171 «
1643 1122 1782 1176 Nam
1826 1123 1922 1193 qui
1956 1141 2141 1194 perse-

526 1210 806 1264 veraverit
837 1226 1015 1282 usque
1047 1209 1101 1264 in
1127 1210 1328 1278 ﬁnem,
1360 1211 1452 1264 bic
1473 1211 1658 1264 salvus
1680 1211 1790 1264 erit
1830 1211 2047 1278 :_Matth.
2084 1230 2136 1279 x,

525 1301 632 1369 22;.
662 1320 688 1346 ››
717 1299 785 1352 Et
813 1297 859 1352 si
890 1297 1168 1353 Dominus
1201 1315 1427 1353 moram
1460 1299 1680 1365 fecerit,
1711 1300 1928 1365 sustine,
1968 1299 2022 1354 id
2054 1304 2138 1354 est

524 1386 814 1458 patienter
833 1390 1118 1458 exspecta,
1146 1386 1460 1453 Dominum,
1489 1404 1563 1440 ne
1595 1403 1940 1442 murmures.

993 1475 1060 1527 IN
1101 1474 1425 1529 PSALMUM
1463 1475 1660 1528 XXVII.

591 1562 811 1618 Titulus
841 1561 1089 1616 vicesimi
1127 1561 1380 1633 septimi.
1415 1561 1665 1619 Psalmus
1714 1565 1816 1633 ε]υεί
1852 1563 2034 1616 David
2055 1567 2135 1618 at-

524 1651 883 1718 tribuendus,
926 1651 984 1704 id
1024 1654 1108 1704 est
1140 1650 1384 1706 Christo.
1422 1653 1490 1704 Et
1515 1651 1662 1705 bene
1691 1651 1856 1722 ponit
1887 1653 1988 1722 ipsi
2013 1652 2130 1704 Da-

2249 607 2429 661 gnum
2455 596 2541 644 est
2563 597 2622 646 ut
2651 593 2922 648 exaudias
2953 612 2964 648 :
2995 596 3125 648 dum
3155 597 3263 650 hoc
3294 600 3378 649 est
3406 599 3556 668 quod
3583 617 3666 652 oro
3693 602 3752 652 ad
3771 608 3807 655 te

2249 679 2652 750 obtinendum,
2703 699 2816 736 non
2849 683 3064 753 aliquid
3115 688 3432 752 terrenum,
3465 690 3539 750 et,
3573 687 3696 741 dum
3723 690 3805 744 hoc

2246 769 2332 820 est
2361 769 2513 839 quod
2549 785 2663 822 non
2696 771 2983 840 deprime,
3016 771 3115 825 sed
3145 773 3351 840 extollo,
3386 773 3565 841 idest,
3595 775 3808 831 intensas

2243 853 2392 910 facio
2423 873 2634 925 manus,
2677 859 2732 912 id
2769 863 2874 926 est,
2917 859 3270 927 aﬂ'ectiones,
3312 879 3472 929 meas,
3497 863 3565 915 ad
3597 865 3804 934 templum

2242 953 2480 998 sanctum
2529 953 2678 998 tuum
2728 949 3216 1004 constituendum.
3261 949 3424 1014 Quod
3472 952 3756 1007 estdicere
3793 972 3802 1008 :

2245 1034 2390 1086 Dum
2423 1033 2495 1088 ad
2542 1035 2651 1088 hoc
2847 1037 3178 1091 affectiones
3235 1054 3378 1091 mese
3418 1037 3722 1105 intendunt,
3756 1046 3803 1094 ut

2243 1122 2586 1177 constituam
2634 1123 2964 1191 Ecclesiam,
2997 1142 3124 1197 quae
3169 1125 3279 1180 erit
3323 1134 3558 1179 sanctum
3595 1128 3800 1198 templum

2243 1216 2412 1276 tuum,
2445 1211 2501 1264 in
2527 1227 2641 1282 quo
2673 1212 2912 1266 habites.
2947 1213 3107 1267 Unde
3129 1215 3466 1284 Apostolus:
3493 1236 3520 1264 «
3545 1215 3798 1288 Templum

2238 1298 2340 1352 Dei
2371 1303 2634 1354 sanctum
2667 1303 2772 1367 est,
2797 1301 2952 1372 quod
2984 1303 3118 1356 estis
3142 1320 3241 1358 vos
3273 1301 3366 1372 (II
3391 1301 3517 1357 Cor.
3549 1321 3624 1369 ιιι,
3659 1307 3748 1369 l7),
3782 1329 3800 1351 ι»

2241 1387 2327 1440 vel
2359 1387 2436 1440 sic
2469 1405 2482 1442 :
2517 1387 2663 1441 Dum
2695 1390 2908 1456 extollo,
2942 1390 3000 1444 id
3030 1394 3115 1444 est
3149 1391 3308 1446 elevo
3357 1408 3560 1446 manus
3588 1409 3727 1446 meas
3757 1393 3798 1446 in

2236 1491 2404 1528 cruce
2435 1476 2506 1528 ad
2547 1477 2799 1548 templum
2853 1485 3092 1532 sanctum
3147 1486 3298 1532 tuum
3357 1479 3798 1534 constituendum.

2206 1584 2212 1590 ·
2236 1563 2456 1617 Cretera
2481 1583 2599 1620 non
2629 1569 2946 1620 mutantur.

2307 1653 2451 1716 Quia
2498 1671 2632 1708 vero
2665 1655 2907 1722 dixerat,
2941 1655 3154 1723 exaudi,
3187 1656 3442 1710 ostendit
3489 1657 3632 1710 unde
3659 1673 3794 1710 exau-

517 1739 631 1794 vid.
663 1738 831 1804 Quasi
869 1739 1020 1792 dicat
1052 1755 1064 1792 :
1102 1739 1224 1793 Non
1259 1739 1434 1793 David
1462 1739 1718 1810 loquenti
1744 1757 1844 1812 per
1866 1741 2131 1794 membra
2231 1740 2370 1806 diat,
2404 1741 2502 1795 sic.
2539 1743 2616 1796 De
2640 1743 2747 1796 hoc
2785 1744 2999 1797 scilicet
3032 1744 3257 1799 exaudi.
3302 1745 3392 1799 Nc
3437 1745 3620 1798 tradas
3659 1762 3728 1799 me
3751 1746 3794 1796 in

517 1845 640 1895 sua,
672 1828 772 1882 sed
820 1827 949 1899 ipsi,
1001 1827 1061 1882 id
1121 1831 1206 1882 est
1250 1829 1426 1882 David
1477 1829 1536 1882 in
1596 1829 1832 1899 propria
1885 1812 2202 1899 personaB
2231 1833 2481 1883 mortem
2521 1831 2684 1883 simul
2735 1849 2854 1884 cum
2897 1833 3310 1902 peccatoribus;
3359 1833 3788 1894 antonomasticc,

519 1916 736 1988 agenti,
769 1920 827 1970 et
858 1919 986 1970 orat
1029 1917 1120 1970 hic
1165 1917 1582 1986 praetendendo
1627 1918 1924 1984 meritum,
1953 1918 2009 1972 id
2043 1921 2128 1971 est
2228 1917 2387 1988 quasi
2421 1917 2636 1972 diceret
2671 1937 2682 1972 :
2727 1919 2849 1974 Non
2885 1938 2985 1974 oro
3018 1921 3252 1992 quidem
3299 1925 3360 1975 ut
3397 1939 3509 1976 non
3544 1920 3714 1974 tradas
3745 1920 3789 1972 in

515 2005 732 2060 bonam
766 2005 1154 2060 intentionem
1187 2022 1372 2072 suam,
1420 2009 1481 2058 ut
1511 2007 1658 2060 Deus
1700 2007 1967 2060 exaudiat
1991 2023 2124 2059 eum

515 2098 782 2148 orantem
815 2094 886 2146 de
917 2093 1356 2148 resurrectione.
1396 2094 1643 2166 Agitque
1685 2095 1862 2148 etiam
1899 2111 2128 2148 conces-

517 2183 630 2235 sive
653 2182 723 2235 de
745 2182 1126 2236 retributione
1160 2182 1553 2250 inimicorum,
1583 2183 2003 2254 annuntiatque
2035 2199 2122 2236 sa-

515 2271 697 2323 lutem
729 2286 988 2335 suorum,
1019 2275 1076 2324 et
1108 2271 1164 2324 in
1189 2270 1302 2324 fine
1333 2287 1438 2341 pro
1471 2271 1552 2324 eis
1581 2275 1727 2326 orat.

580 2357 676 2411 Ad
705 2365 773 2425 te,
805 2357 1052 2422 Domine,
1084 2358 1352 2426 Trinitas,
1388 2358 1767 2413 obtinendum
1799 2361 2036 2414 clamavi
2065 2364 2122 2415 et

514 2444 776 2512 clamabo,
811 2446 867 2500 id
892 2447 978 2500 est
1022 2447 1180 2501 bona
1208 2446 1533 2501 intentione
1567 2464 1694 2518 quae
1735 2447 1836 2501 tibi
1888 2451 1973 2501 est
2012 2449 2122 2502 cla-

513 2549 644 2588 mor
664 2533 943 2601 intensus,
976 2551 1166 2605 agam.
1201 2535 1327 2589 Non
1359 2534 1496 2588 dicit
1523 2536 1594 2590 ad
1624 2539 1680 2590 te
1708 2535 2116 2601 obtinendum,

513 2621 752 2692 quodin
783 2637 852 2677 eo
897 2622 1154 2695 plenarie
1203 2638 1434 2692 semper
1483 2624 1632 2678 Deus
1676 2639 1793 2677 non
1828 2623 2115 2691 existeret,

509 2708 610 2764 sed
641 2709 798 2764 idem
829 2713 914 2764 est
943 2726 1009 2764 ac
1053 2709 1096 2765 si
1151 2711 1303 2764 dicat
1335 2727 1348 2764 :
1383 2710 1468 2764 Ad
1511 2710 1620 2765 hoc
1663 2711 1902 2764 clamabo
1934 2715 1996 2764 ut
2020 2712 2116 2782 qui

507 2797 826 2853 secundum
857 2798 1271 2854 mortalitatem
1311 2798 1416 2852 tibi
1442 2815 1568 2852 sum
1617 2815 1734 2854 non
1775 2798 2112 2864 conformis,

506 2885 620 2943 tuae
647 2885 980 2942 conformer
1009 2887 1428 2941 immortalitati
1458 2886 1997 2959 etimpassibilitati;
2020 2887 2116 2943 ob-

504 2973 726 3029 tineam
749 2974 964 3030 scilicet
993 2974 1494 3030 immortalitatem
1514 2979 1572 3030 et
1591 2975 2113 3045 impassibilitatem

2226 2010 2502 2074 mortem,
2529 2008 2629 2062 sed
2662 2025 2764 2062 oro
2790 2026 2855 2061 ne
2881 2010 3071 2064 tradas
3098 2009 3259 2062 simul
3302 2028 3425 2063 cum
3453 2009 3788 2080 peccatoribus,

2226 2094 2283 2148 id
2311 2099 2396 2148 est
2416 2097 2830 2151 consentiendo
2863 2097 3147 2152 desiderio
3178 2103 3567 2168 peccatorum,
3602 2097 3686 2168 qui
3716 2113 3789 2149 me

2225 2185 2424 2236 volunt
2450 2183 2709 2238 detinere
2765 2185 2823 2238 in
2867 2189 3075 2252 morte,
3129 2204 3201 2240 ne
3244 2202 3562 2258 resurgam.
3603 2187 3662 2238 Et
3683 2185 3788 2254 quia

2225 2271 2462 2324 obscure
2495 2273 2736 2340 dixerat,
2769 2273 3006 2344 exponit
3038 2291 3052 2328 :
3082 2274 3216 2329 Dico
3247 2292 3312 2327 ne
3336 2274 3496 2328 simul
3521 2273 3692 2327 tradas
3725 2287 3790 2326 me

2222 2378 2340 2413 cum
2374 2363 2761 2430 peccatoribus,
2790 2363 2946 2433 quod
2984 2365 3068 2416 est
3097 2379 3161 2416 ac
3203 2363 3246 2416 si
3298 2363 3547 2416 dicerem
3579 2378 3592 2415 :
3621 2361 3710 2430 Et,
3743 2362 3784 2414 id

2221 2452 2307 2502 est
2332 2449 2564 2515 scilicet,
2585 2467 2650 2502 ne
2654 2450 2850 2520 perdas
2871 2469 2972 2516 me,
2991 2451 3048 2504 id
3072 2455 3156 2504 est
3180 2451 3443 2505 destruas
3454 2468 3515 2504 ex
3531 2453 3660 2514 toto,
3677 2447 3786 2520 quin

2220 2553 2542 2608 resurgam.
2561 2537 2703 2592 Cum
2721 2537 3498 2610 operantibusiniquitatem,
3524 2539 3576 2591 id
3595 2540 3784 2590 estcon-

2219 2625 2522 2680 sentiendo
2546 2627 2777 2693 Iudaeis,
2798 2625 3174 2698 operantibus
3193 2631 3448 2682 mortem
3471 2642 3666 2690 meam,
3683 2640 3783 2695 qua:

2219 2715 2524 2786 emplatice
2540 2715 2746 2769 dicitur
2760 2715 3346 2787 iniquitas,quantum
3369 2716 3441 2770 ad
3453 2714 3665 2778 eos.Qui
3679 2729 3784 2784 ope-

2217 2806 2411 2856 rantes
2430 2803 2818 2874 iniquitatem,
2839 2803 3130 2874 loquuntur
3136 2820 3352 2874 pacem,
3368 2804 3424 2858 id
3437 2802 3695 2866 est,verba
3711 2817 3783 2870 pa-

2215 2889 2376 2944 ciﬁca
2389 2909 2508 2944 cum
2523 2908 2617 2945 me
2627 2895 2879 2962 proximo
2890 2892 3290 2958 suo,deeorum
3307 2908 3520 2964 genere
3527 2891 3674 2960 juxta
3687 2904 3780 2941 car-

2215 2995 2350 3032 nem
2383 2982 2541 3046 nato,
2567 2980 2860 3035 dicentes:
2887 3005 2912 3029 ‹‹
2939 2979 3227 3051 Magister,
3259 2981 3470 3035 scimus
3499 2978 3622 3051 quia
3642 2992 3778 3030 verax

504 3064 820 3118 secundum
851 3063 1006 3136 quod
1037 3064 1214 3119 homo
1245 3081 1394 3119 sum.
1425 3065 1546 3132 Vel,
1579 3065 1818 3118 clamabo
1839 3065 1910 3118 ad
1941 3073 1988 3119 te
2009 3064 2114 3118 mi-
2135 3056 2185 3117 Ο
2214 3083 2294 3134 es,
2312 3069 2464 3121 »etc.
2485 3066 2860 3140 (Matt/anu,
2880 3067 3130 3138 16.)Dico
3151 3069 3307 3139 quod
3329 3068 3774 3140 loquunturpacem.

503 3152 854 3208 sericordem
885 3153 1213 3224 respiciens,
1242 3154 1402 3225 quasi
1433 3154 1678 3209 diceret:
1703 3156 1762 3208 In
1796 3154 2114 3208 misericors

505 3239 600 3294 dia
625 3244 723 3294 tua
759 3241 1077 3296 confidens.
1134 3242 1282 3312 Ergo
1323 3241 1468 3295 Deus
1506 3259 1670 3308 meus,
1699 3259 1764 3296 ne
1786 3243 1944 3297 sileas
1971 3261 2002 3294 a
2030 3259 2113 3295 me

503 3327 998 3400 elongatus.Quod
1009 3328 1322 3383 estdicere:
1343 3329 1646 3400 Responde
1665 3329 1927 3402 petitioni
1940 3347 2105 3385 mete.

503 3413 874 3486 Respondere
903 3415 1004 3469 Dei
1033 3418 1117 3470 est
1145 3415 1488 3488 petitionem
1519 3417 1816 3488 perﬁcere.
1849 3418 1916 3472 Et
1939 3418 2111 3472 habe-

505 3505 599 3557 tur
619 3502 679 3556 in
711 3503 822 3557 alia
847 3505 1225 3558 translatione
1264 3520 1328 3560 ne
1365 3505 1702 3560 obsurdescas
1731 3507 1883 3572 mihi,
1934 3506 1995 3561 id
2025 3509 2111 3560 est

503 3605 577 3646 ne
599 3591 704 3646 ﬁas
735 3591 878 3646 mihi
908 3592 1130 3647 surdus.
1163 3593 1230 3647 Et
1251 3593 1359 3648 hoc
1389 3593 1545 3648 idem
1573 3597 1657 3648 est
1679 3595 1830 3666 quod
1858 3612 1924 3648 ne
1959 3595 2110 3648 sileas

500 3697 532 3733 a
561 3696 662 3734 me.
693 3681 760 3734 Et
789 3680 924 3752 quia
953 3680 1174 3735 dixerat
1200 3698 1264 3735 ne
1289 3682 1464 3750 sileas,
1494 3699 1567 3737 ne
1599 3686 1932 3754 putaremus
1956 3684 2110 3754 quod

499 3783 633 3823 mox
656 3769 823 3823 vellet
852 3769 1194 3840 petitionem
1226 3785 1390 3824 suam
1418 3770 1718 3842 compleri,
1736 3770 2104 3826 determinat:

495 3854 585 3911 Ne
616 3863 788 3912 taceas
827 3874 860 3910 a
905 3875 989 3912 me
1017 3858 1320 3929 elongatus
1351 3858 1500 3926 dico,
1533 3859 1768 3932 quando,
1800 3858 1859 3912 id
1890 3862 1976 3912 est
2004 3858 2106 3912 ali-

497 3945 750 4016 quando.
781 3944 946 4009 Quod
988 3950 1073 4000 est
1103 3947 1292 4001 dicere
1321 3963 1334 4003 :
1367 3948 1436 4000 Et
1474 3947 1520 4001 si
1556 3948 1731 4002 modo
1775 3951 1946 4014 taces,
1987 3963 2104 4000 non

494 4032 868 4102 perficiendo,
897 4051 1016 4089 non
1049 4038 1246 4089 tamen
1266 4037 1478 4102 taceas,
1497 4035 1634 4089 dum
1658 4051 1775 4088 non
1799 4035 2104 4089 tacendum

495 4121 626 4174 erit.
661 4121 832 4184 Quasi
859 4121 1012 4176 dicat
1055 4139 1068 4176 :
1111 4123 1327 4178 Perﬁce
1367 4124 1426 4176 in
1469 4140 1566 4178 me
1606 4123 1916 4195 aliquando
1947 4122 2104 4194 quod

494 4207 908 4280 perﬁciendum
943 4212 1048 4278 est,
1079 4213 1143 4262 ut
1170 4227 1262 4264 me
1293 4210 1686 4266 immortalem
1709 4213 1766 4264 et
1787 4210 2104 4282 impassibi-

2211 3153 2364 3208 Mala
2385 3162 2584 3223 autem,
2609 3155 2669 3210 id
2697 3159 2802 3222 est,
2848 3156 3013 3210 malae
3044 3155 3424 3226 cogitationes
3465 3155 3532 3209 de
3557 3170 3642 3208 me
3675 3153 3778 3206 sunt

2211 3243 2274 3298 in
2303 3244 2553 3298 cordibus
2573 3261 2772 3298 eorum.
2824 3243 2938 3298 Hoc
2977 3247 3173 3297 autem
3216 3243 3358 3298 dicit
3400 3243 3472 3296 ad
3511 3255 3774 3311 exaggera-

2211 3330 2432 3385 tionem
2462 3332 2675 3386 scilicet
2705 3348 2930 3398 eorum,
2983 3334 3047 3385 ut
3083 3333 3284 3402 postea
3329 3329 3633 3386 concessive
3671 3328 3777 3397 agat

2213 3420 2282 3474 de
2307 3437 2508 3475 eorum
2527 3420 2924 3488 damnatione,
2943 3418 3020 3474 sic
3043 3437 3056 3473 :
3086 3419 3220 3474 Dico
3239 3419 3528 3490 loquuntur
3530 3432 3713 3488 pacem,
3732 3415 3776 3466 et

2208 3509 2351 3562 mala
2381 3511 2514 3563 sunt
2543 3511 2599 3562 in
2637 3508 2900 3562 cordibus.
2938 3509 3086 3579 Ergo
3115 3509 3182 3560 da
3215 3507 3321 3561 illis
3351 3506 3622 3562 secundum
3651 3518 3774 3574 opera

2211 3596 2492 3669 ipsorum,
2523 3597 2581 3650 id
2600 3600 2705 3662 est,
2731 3596 2986 3650 retribue
3005 3596 3471 3663 damnationem,
3494 3608 3653 3666 quam
3667 3605 3772 3661 pro-

2211 3687 2510 3738 merentur
2545 3701 2723 3755 opera
2749 3701 2963 3748 corum;
2995 3699 3153 3738 mors
3197 3700 3333 3738 mea
3378 3683 3601 3747 scilicet,
3630 3691 3772 3750 quam

2210 3772 2315 3827 etsi
2349 3790 2467 3828 non
2501 3777 2652 3838 actu,
2685 3772 2922 3826 consilio
2952 3775 3152 3826 tamen
3184 3775 3244 3825 et
3271 3771 3462 3826 verbis
3477 3770 3767 3840 operantur.

2208 3861 2286 3915 Ne
2319 3879 2452 3916 vero
2486 3863 2829 3934 putarentur
2854 3877 3030 3932 opera
3054 3861 3208 3931 justa
3241 3862 3332 3914 vel
3364 3878 3428 3914 ex
3469 3855 3769 3916 temeritate,

2207 3950 2284 4003 sic
2315 3950 2686 4005 determinat.
2711 3950 2800 4016 Et,
2828 3949 2884 4002 id
2911 3953 2998 4002 est
3021 3949 3256 4015 scilicet,
3295 3949 3364 4002 da
3405 3948 3504 4000 illis
3531 3942 3768 4000 secundum

2205 4041 2495 4110 nequitiam
2519 4038 2953 4091 adinventionum
2983 4039 3236 4107 ipsorum,
3273 4037 3330 4091 id
3361 4040 3465 4102 est,
3497 4030 3766 4088 secundum

2205 4126 2358 4198 quod
2373 4129 2821 4196 promeruerunt
2838 4141 3089 4196 nequam
3102 4123 3488 4196 consiliaque:
3502 4122 3764 4176 adinvene-

2203 4217 2339 4268 runt
2369 4215 2440 4268 de
2472 4217 2660 4268 morte
2692 4229 2846 4268 mea.
2898 4213 2966 4266 Et
2997 4229 3115 4266 non
3166 4213 3352 4266 solum
3395 4212 3492 4266 des
3521 4203 3761 4264 secundum

495 4297 610 4350 lem
641 4295 834 4352 facias.
864 4295 953 4351 Ne
984 4303 1154 4352 taceas
1188 4302 1246 4352 et
1286 4316 1350 4353 ne
1391 4299 1548 4356 sileas
1573 4299 1727 4354 idem
1757 4303 1843 4354 est
1867 4315 1970 4370 pro
2003 4299 2100 4352 de-
2121 4332 2177 4391 Β
2202 4319 2356 4374 opera
2388 4320 2504 4358 non
2533 4302 2801 4357 manibus
2829 4302 3000 4368 facta,
3032 4303 3132 4356 sed
3165 4303 3338 4355 tribue
3370 4301 3480 4357 illis
3519 4292 3761 4391 secundum

493 4383 904 4440 terminatione
933 4387 1266 4456 repetitum.
1299 4387 1394 4442 Vel
1414 4389 1492 4442 sic
1522 4405 1534 4441 :
1567 4387 1656 4443 Ne
1677 4395 1850 4443 taceas
1867 4388 2098 4460 quando,

491 4471 552 4528 id
583 4477 668 4528 est
683 4475 873 4546 aliquo
893 4476 1089 4542 modo,
1113 4476 1250 4547 quin
1275 4493 1368 4531 me
1384 4493 1658 4549 meosque
1671 4477 2098 4532 faciasimmor-

491 4562 652 4616 tales.
683 4560 794 4616 Oro
826 4580 890 4616 ne
919 4569 1107 4618 taceas.
1157 4565 1300 4620 Nam
1352 4566 1396 4619 si
1447 4565 1712 4635 tacueris,
1749 4583 1866 4622 non
1911 4568 2099 4622 solum

490 4666 609 4704 non
643 4650 986 4707 immortalis
1015 4670 1136 4721 ero,
1169 4655 1269 4710 sed
1301 4656 1650 4724 assimilabor,
1691 4656 1751 4725 id
1783 4660 1868 4710 est
1899 4656 2100 4710 similis

490 4738 648 4804 llam,
681 4739 1104 4796 descendentibus
1137 4745 1192 4796 in
1219 4743 1412 4812 lacum,
1441 4745 1499 4799 id
1525 4749 1610 4800 est
1638 4745 1697 4799 in
1733 4745 2096 4816 profundita-

489 4833 607 4882 tem
640 4829 863 4895 mortis,
901 4847 1019 4885 non
1059 4832 1460 4887 resurrecturis
1507 4850 1683 4904 usque
1734 4835 1792 4888 in
1839 4850 2097 4888 commu-

487 4934 622 4972 nem
651 4919 1156 4974 resurrectionem.
1188 4921 1398 4975 I.acum
1429 4922 1672 4976 dicimus
1697 4922 1926 4977 foveam
1959 4939 2092 4994 pro-

485 5007 908 5076 fundissimam,
929 5009 1172 5081 ideoque
1189 5009 1280 5064 hic
1293 5027 1398 5082 pro
1426 5010 1820 5082 profunditate
1837 5012 2093 5083 ponitur,

481 5097 542 5151 in
589 5096 702 5152 alia
744 5097 1121 5152 translatione
1183 5098 1468 5153 habetur:
1502 5117 1566 5152 ne
1601 5099 1744 5169 forte
1791 5106 1993 5152 tacente
2023 5107 2090 5165 te,

480 5202 752 5256 comparer
779 5185 1208 5240 descendentibus
1246 5189 1302 5241 in
1332 5186 1524 5241 lacum.
1549 5186 1670 5242 Dixi
1715 5187 1974 5256 clamabo,
2009 5187 2094 5240 in-

479 5275 741 5329 tentione
763 5274 992 5329 scilicet.
1027 5275 1096 5330 Et
1118 5275 1293 5330 etiam
1341 5275 1598 5342 clamabo,
1641 5292 1776 5330 voce
1813 5275 2086 5346 depreca-

475 5363 670 5431 tionis,
700 5363 758 5419 id
784 5367 870 5419 est
899 5381 1034 5419 voce
1063 5365 1402 5420 elementari
1436 5383 1470 5420 a
1508 5364 1914 5437 deprecatione
1956 5382 2088 5420 mea

475 5453 834 5527 procedenti,
854 5453 1067 5508 scilicet
1094 5452 1166 5507 ab
1196 5453 1520 5508 intentione
1546 5453 1753 5520 cordis,
1771 5470 1898 5526 quas
1915 5457 1970 5507 te
1985 5453 2082 5508 de-

475 5543 743 5612 precatur
769 5541 1009 5594 inteuse.
1041 5541 1130 5605 Et,
1156 5544 1236 5606 tu,
1261 5540 1458 5596 exaudi
1490 5557 1662 5594 vocem
1695 5541 2082 5611 deprecationis

470 5645 620 5696 mete,
652 5625 710 5681 id
741 5634 823 5684 est
851 5628 1642 5699 audi,utimpetrem,vocem
1663 5647 1790 5703 qum
1822 5632 2078 5703 procedit

2201 4409 2356 4462 opera
2378 4409 2634 4445 manuum
2667 4391 2944 4461 ipsorum,
2974 4389 3032 4444 id
3059 4393 3164 4457 est,
3193 4390 3504 4444 secundum
3530 4375 3762 4452 hocqund

2201 4479 2260 4534 in
2287 4479 2556 4534 manibus
2576 4481 2976 4544 exercuerunt,
2993 4477 3366 4548 llagellando,
3389 4479 3444 4530 et
3458 4472 3604 4546 quasi
3617 4471 3759 4523 latro-

2201 4583 2338 4622 nem
2365 4584 2459 4620 me
2492 4567 2814 4622 tractando.
2862 4566 2929 4618 Et
2970 4565 3106 4636 quia
3150 4565 3376 4619 dixerat
3407 4563 3476 4616 da
3515 4567 3561 4614 et
3599 4554 3759 4636 ἰξίὺυε,

2199 4655 2434 4727 exponit
2457 4655 2596 4728 quid
2628 4659 2754 4710 orat
2781 4653 2927 4722 dari,
2959 4653 3036 4708 sic
3071 4670 3084 4708 :
3131 4653 3266 4709 Dico
3305 4653 3374 4707 da
3404 4659 3452 4706 et
3477 4649 3649 4711 tribue,
3675 4638 3758 4694 sci-

2199 4744 2332 4798 licet
2357 4744 2534 4800 redde
2558 4743 2956 4797 retributionem
2989 4741 3244 4809 illorum,
3278 4741 3337 4796 id
3363 4744 3465 4806 est,
3493 4731 3758 4821 praemittit}

2197 4832 2592 4887 retributionis
2617 4849 2799 4884 eorum
2833 4832 2982 4900 ipsis.
3016 4829 3428 4894 Retribuerunt
3464 4825 3610 4880 enim
3643 4815 3757 4873 mihi

2199 4922 2354 4975 mala
2381 4937 2487 4990 pro
2506 4920 2692 4974 bonis.
2725 4919 2929 4973 Versus
2943 4922 3136 4972 autem
3158 4917 3254 4990 qui
3274 4933 3446 4988 supra
3464 4917 3562 4979 est,
3581 4904 3759 4964 scilicet

2197 5012 2449 5081 quoniam
2481 5026 2586 5062 non
2609 5008 3000 5074 intellexerunt,
3017 5006 3096 5060 sic
3117 5005 3518 5077 prmposterate
3547 4995 3753 5067 legitur}

2197 5097 2332 5152 Dico
2355 5097 2514 5152 redde
2533 5097 2959 5162 retributionem,
2984 5093 3138 5166 quod
3167 5110 3297 5148 vere
3327 5091 3528 5155 facies;
3561 5085 3757 5138 dcstrues

2195 5187 2330 5254 illos,
2359 5189 2416 5240 et
2441 5185 2534 5240 hic
2558 5185 2631 5240 de
2659 5189 2815 5239 terra
2837 5201 2960 5251 sua,
2989 5186 3047 5238 et
3063 5183 3120 5236 in
3147 5183 3340 5237 futuro
3364 5181 3432 5235 de
3446 5182 3589 5234 terra
3603 5170 3756 5264 νίνθξξ·

2191 5277 2358 5344 tium,
2393 5292 2568 5348 quam
2599 5293 2659 5330 se
2684 5275 2897 5330 habere
2915 5277 3295 5346 praesumunt.
3313 5271 3388 5325 Et
3409 5255 3750 5354 postnonedi-
3843 5333 3854 5352 ι

2187 5365 2368 5434 ﬁcabis
2397 5380 2484 5420 eos
2515 5381 2620 5419 nec
2643 5366 2701 5418 in
2721 5364 2850 5430 hac,
2874 5379 2981 5417 nec
3017 5363 3076 5416 in
3108 5362 3233 5430 illa;
3267 5364 3325 5416 et
3350 5359 3418 5414 de
3449 5356 3530 5410 his
3555 5360 3714 5406 causas
3739 5357 3750 5394 ε

2189 5453 2452 5520 Quoniam
2488 5471 2594 5508 non
2620 5451 2985 5506 intellexerunt
3013 5468 3168 5520 opera
3199 5449 3435 5512 Domini,
3459 5444 3513 5498 id
3541 5443 3634 5504 est,
3663 5446 3749 5486 n0-

2185 5544 2415 5598 luerunt
2443 5541 2765 5612 intelligere
2798 5556 2900 5611 per
2937 5555 3116 5609 opera
3164 5555 3263 5594 sua
3302 5551 3430 5592 eum
3474 5525 3742 5586 Dominum

2181 5649 2300 5686 esse
2332 5631 2391 5686 in
2421 5631 2614 5699 rebus,
2652 5629 2864 5684 scilicet
2889 5644 2993 5699 per
3021 5627 3273 5700 gloriosa
3319 5619 3598 5682 miracula,
3635 5619 3740 5682 quae
