3994 6042
155 243 270 301 ’745

157 382 365 424 coram
388 363 468 421 eis
495 365 761 437 operatus
791 366 896 421 est.
939 365 1133 421 Nullus
1175 365 1335 420 enim
1367 364 1510 421 alius
1561 381 1779 421 caecum

156 460 372 513 natum
404 454 777 521 illuminavit,
815 454 1269 526 quatriduanum
1307 454 1680 509 resuscitavit.
1710 454 1779 507 Et

158 561 277 601 non
303 544 672 598 intellexerunt
697 546 752 597 in
782 562 938 616 opera
970 561 1227 598 manuum
1266 562 1398 614 ejus,
1434 543 1491 598 id
1524 546 1627 610 est,
1677 558 1782 613 per

159 633 645 690 excellentissima
677 649 854 704 opera
883 649 1017 687 eum
1046 632 1364 687 Dominum
1392 649 1533 699 esse,
1571 631 1783 686 scilicet

158 739 273 796 per
297 723 404 777 hoc
436 721 591 793 quod
614 721 1009 776 innocentiam
1048 738 1151 792 per
1184 721 1369 776 Adam
1406 722 1659 776 ablatam
1690 738 1781 776 re-

159 812 370 868 stituit.
406 813 712 866 Peccatum
740 811 1021 883 originale
1047 810 1345 878 destruxit,
1372 810 1781 865 immortalita-

158 905 290 957 tem
311 901 531 956 mundo
562 898 869 971 reparavit,
916 901 973 953 et
1003 902 1214 954 caetera
1258 916 1385 971 qua:
1441 899 1790 977 mirabiliter.

162 993 442 1064 operatus
468 992 571 1057 est,
600 1006 727 1061 qua:
774 988 1041 1043 dicuntur
1068 1005 1247 1060 opera
1304 1005 1585 1042 manuum
1639 989 1781 1060 ejus,

162 1095 240 1135 eo
281 1079 440 1150 quod
468 1094 589 1150 pra:
627 1076 850 1131 cazteris
904 1076 1139 1148 egregia
1192 1080 1345 1131 sunt.
1398 1076 1571 1148 Magis
1624 1077 1783 1131 enim

165 1167 412 1240 egregia
424 1169 556 1220 sunt
585 1182 762 1238 Opera
781 1182 906 1237 quae
935 1166 1205 1220 manibus
1221 1169 1581 1233 exercentur,
1606 1183 1781 1238 quam

161 1274 299 1329 quae
328 1254 726 1310 instrumentis
743 1254 867 1309 aliis
899 1257 1170 1325 aguntur.

243 1344 531 1411 Quoniam
564 1347 762 1398 autem
795 1342 1038 1409 dixerat,
1071 1343 1275 1398 exaudi
1309 1360 1484 1397 vocem
1506 1343 1785 1399 orationis

164 1452 342 1501 meae,
377 1436 510 1499 etc.,
545 1449 618 1487 ne
661 1431 992 1486 crederetur
1012 1448 1080 1486 ex
1112 1431 1434 1486 difﬁdentia
1448 1449 1657 1499 orasse,
1702 1432 1787 1486 in-

166 1523 409 1578 nuendo
437 1538 494 1575 se
524 1520 970 1588 exaudiendum,
1004 1520 1199 1574 laudat
1247 1521 1430 1574 Deum
1467 1521 1628 1591 quasi
1655 1520 1784 1591 jam

168 1609 515 1676 exaudierit,
554 1608 668 1663 sic:
700 1608 834 1674 Oro,
865 1608 1067 1662 exaudi
1102 1624 1114 1662 :
1151 1611 1208 1662 et
1248 1608 1374 1678 jam
1406 1608 1550 1663 mihi
1587 1609 1786 1664 videor

1125 237 1481 297 EXPOSITIO
1517 239 1589 296 IN
1625 236 1958 298 PSALMOS.
2000 267 2069 279 -—
2106 237 2300 296 PSAL.
2339 238 2540 297 XXVIII

3392 242 3495 305 746

2352 365 2422 420 IN
2455 365 2779 421 PSALMUM
2804 364 3023 422 XXVIII.

1951 453 2167 508 Titulus
2197 453 2456 526 vigesimi
2489 455 2693 509 octavi.
2740 454 2985 511 Psalmus
3027 455 3224 526 David,
3274 458 3329 515 id
3384 463 3491 529 est,

1883 543 2179 613 prophetae
2210 544 2265 594 in
2295 544 2747 597 consummatione
2769 544 3105 600 tabernaculi
3136 549 3379 619 agentis,
3436 550 3495 605 id

1882 634 1985 695 est,
2024 630 2083 684 in
2117 630 2576 686 consideratione
2605 632 3128 689 consummationis
3161 637 3499 693 tabernacu-

1881 718 2005 787 li,id
2023 724 2106 773 est
2120 719 2380 775 Ecclesia}
2396 737 2408 774 :
2426 738 2552 792 quae
2571 721 3005 776 tabernaculum
3023 722 3322 791 dicitur,eo
3341 727 3496 797 quod

1885 807 1944 862 in
1975 824 2044 861 ea
2071 808 2269 862 ﬁdeles
2296 808 2624 863 existentes.
2688 811 2803 865 Deo
2836 810 3087 865 militant
3132 817 3333 868 contra
3363 814 3500 871 vitia

1884 896 2220 967 pugnando,
2254 896 2327 951 ad
2358 897 2599 951 modum
2630 898 2884 952 militum
2914 899 2971 952 in
2991 901 3374 957 tabernaculis
3390 903 3499 957 mi-

1884 984 2197 1049 litantium.
2247 986 2584 1040 Titulusiste
2606 986 2772 1057 juxta
2786 987 3224 1044 similitudinem
3243 991 3496 1046 historias

1881 1075 2098 1145 positus
2149 1092 2269 1129 esse
2301 1074 2543 1129 videtur.
2579 1076 2808 1146 Legitur
2829 1077 2986 1131 enim
3015 1095 3146 1133 cum
3177 1080 3353 1136 David
3383 1083 3497 1137 Do-

1883 1163 2029 1217 mini
2058 1164 2494 1218 tabernaculum
2522 1170 2998 1234 consummasset,
3034 1170 3310 1240 populum
3323 1172 3497 1226 Israel

1883 1252 1962 1306 ibi
1982 1252 2228 1324 plurima
2244 1252 2521 1308 sacriﬁcia
2533 1254 3282 1313 obtulisse.Taberuaculum
3302 1263 3498 1316 autem

1883 1340 2035 1395 istud
2050 1342 2461 1413 prmﬁgurabat
2480 1343 2851 1411 Ecclesiam,a
2869 1344 3112 1415 Christo,
3146 1365 3280 1402 vero
3294 1350 3493 1418 David,

1886 1447 1952 1484 ex
1974 1433 2218 1502 utroque
2246 1433 2458 1502 populo
2483 1434 3011 1489 consummandam
3041 1435 3099 1490 in
3125 1437 3427 1494 virtutibus
3440 1444 3499 1497 et

1887 1519 2155 1590 operibus
2191 1520 2390 1575 bonis:
2417 1538 2591 1593 quam
2635 1525 3499 1601 consummationempropheta

1886 1609 2228 1679 prmvidens.
2262 1609 2604 1665 adhortatur
2631 1628 2729 1666 eos
2754 1612 2850 1683 qui
2881 1612 2939 1667 in
2970 1615 3362 1685 tabernaculo,
3397 1621 3500 1676 sci-

168 1699 474 1755 exauditus
498 1715 509 1752 :
547 1700 605 1751 et
628 1696 987 1763 benedictus,
1021 1697 1080 1751 id
1109 1700 1214 1763 est,
1261 1697 1540 1751 exaltatus
1572 1696 1645 1751 sit
1672 1699 1783 1752 Do-
1809 1704 1862 1762 Β
1886 1696 2017 1750 licet
2042 1697 2100 1750 in
2130 1698 2378 1751 Ecclesia
2404 1703 2537 1753 sunt
2568 1699 2767 1767 futuri,
2790 1704 2852 1754 ut
2872 1718 3004 1756 cum
3028 1703 3298 1761 aChristo
3323 1707 3500 1765 fuerit

166 1788 389 1853 minus,
424 1790 481 1841 et
510 1803 540 1840 a
568 1803 665 1840 me
696 1788 752 1839 et
783 1801 816 1838 a
845 1784 1123 1839 membris
1151 1784 1311 1839 meis.
1343 1784 1608 1851 Quoniam
1628 1803 1788 1840 exau-

163 1876 334 1944 divit,
364 1876 422 1930 id
453 1877 558 1941 est,
589 1891 707 1946 prae
754 1872 936 1927 nimia
966 1873 1310 1928 certitudine
1369 1890 1544 1945 quam
1575 1874 1781 1942 habeo,

155 1965 290 2037 jam
323 1964 546 2018 videtur
576 1962 868 2017 exaudisse
904 1978 1080 2016 vocem
1123 1962 1503 2033 deprecationis
1531 1979 1679 2029 meae,
1724 1962 1782 2016 id

163 2051 908 2125 est,procedentemabona
938 2050 1263 2106 intentione
1294 2052 1520 2106 mea.Et
1533 2051 1785 2107 ostendit

164 2142 329 2197 unde
361 2140 649 2195 exaudivit
677 2157 689 2194 :
725 2140 801 2194 sic
837 2140 908 2194 de
937 2140 1047 2195 hoc
1094 2141 1306 2195 scilicet
1334 2142 1624 2204 exaudivit,
1648 2139 1784 2213 quia

160 2230 435 2285 Dominus
491 2228 601 2283 erit
632 2228 851 2299 adjutor
889 2245 1033 2281 meus
1064 2232 1127 2283 ut
1151 2230 1467 2294 resuscitet,
1497 2233 1553 2284 et
1569 2236 1780 2301 protec-

162 2327 253 2374 tor
272 2336 440 2386 meus,
470 2334 543 2372 ne
573 2318 777 2371 cedam
808 2317 867 2371 in
897 2317 1395 2386 tribulationibus;
1586 2323 1644 2373 et
1664 2336 1783 2373 me-

162 2410 307 2464 rito.
342 2408 486 2461 Nam
518 2409 570 2459 in
598 2409 729 2477 ipso,
758 2422 877 2461 non
896 2404 954 2459 in
978 2406 1336 2478 aliosperavit
1357 2426 1446 2462 cor
1468 2426 1641 2462 meum
1675 2426 1691 2461 :
1724 2410 1783 2462 et

162 2497 300 2552 ideo
330 2496 554 2568 adjutus
580 2513 699 2549 sum
729 2495 800 2550 ab
826 2512 914 2549 eo.
953 2497 1021 2549 Et
1041 2497 1191 2550 bene
1224 2497 1387 2567 ponit
1431 2499 1669 2568 speravit
1691 2514 1781 2551 cor

160 2603 365 2641 meum.
419 2585 663 2657 Sperare
697 2601 950 2656 namque
981 2585 1154 2639 corde
1187 2588 1243 2638 et
1284 2588 1479 2639 mente
1512 2585 1777 2652 dicimur,

162 2691 303 2729 cum
322 2672 744 2728 rationabiliter
790 2677 847 2726 et
885 2689 1012 2743 qua:
1062 2673 1135 2726 ad
1190 2673 1433 2727 salutem
1464 2672 1774 2743 pertinent,

159 2779 490 2834 speramus.
521 2760 766 2831 Sperare
796 2777 933 2814 vero
949 2761 1337 2827 sensualitate,
1360 2777 1491 2814 cum
1513 2762 1634 2814 sola
1651 2777 1778 2831 qua:

162 2849 400 2920 corpori
422 2849 610 2903 dulcia
643 2850 774 2903 sunt
799 2851 856 2902 et
889 2848 1047 2902 utilia
1079 2865 1397 2920 speramus.
1457 2847 1602 2911 Quia
1643 2863 1778 2903 vero

161 2937 395 2992 dixerat
419 2936 641 3007 adjutus
670 2953 808 3000 sum,
831 2935 1066 3007 exponit
1082 2935 1139 2989 in
1162 2953 1276 3007 quo
1290 2935 1362 2990 sit
1378 2936 1626 3005 adjutus,
1660 2936 1737 2989 sic
1764 2952 1775 2989 :

162 3027 308 3082 Dico
324 3026 547 3096 adjutus
590 3043 707 3078 sum
734 3043 750 3089 ;
782 3023 985 3096 etquia
1007 3041 1100 3078 me
1123 3024 1360 3095 adjuvit,
1395 3025 1636 3093 reﬂoruit
1656 3042 1780 3078 caro

160 3134 304 3178 mea,
335 3115 394 3170 id
423 3117 526 3180 est,
552 3113 847 3168 reﬂorebit
879 3129 1010 3167 caro
1040 3130 1172 3167 mea
1202 3129 1216 3180 ;
1266 3112 1452 3183 gloria
1501 3129 1784 3167 resurrec-

158 3203 362 3269 tionis,
395 3220 522 3274 quzn
550 3202 761 3270 ﬂorida
792 3201 1099 3272 fuitgloria
1124 3201 1461 3268 Nativitatis,
1496 3217 1628 3255 cum
1660 3201 1782 3257 sine

157 3290 631 3363 concupiscentia
649 3290 719 3344 de
742 3289 974 3361 Virgine
1000 3293 1135 3344 nata
1156 3290 1430 3344 est.Unde
1456 3307 1557 3362 per
1575 3292 1781 3346 Iasiam

158 3382 377 3437 dicitur
410 3398 423 3435 :
460 3404 485 3430 ‹‹
522 3379 860 3451 Egredictur
890 3380 1051 3451 virga
1074 3380 1144 3434 de
1173 3380 1365 3434 radice
1385 3381 1557 3444 Jesse,
1594 3384 1651 3434 et
1676 3381 1782 3435 ﬂos

159 3472 231 3526 de
266 3469 465 3524 radice
496 3468 904 3538 ejusascendet
926 3468 1054 3522 (Isa.
1079 3485 1154 3529 xx,
1186 3467 1304 3540 1).»
1345 3469 1411 3522 Et
1442 3468 1500 3521 in
1534 3468 1781 3522 Canticis

156 3559 323 3614 idem
353 3574 595 3630 sponsus
623 3559 679 3609 et
706 3555 968 3611 Ecclesiae
1000 3573 1223 3627 sponsa:
1258 3556 1395 3611 dicit
1429 3574 1440 3611 :
1478 3578 1504 3604 ‹‹
1541 3557 1657 3627 Ego
1677 3556 1781 3611 ﬂos

156 3645 355 3719 campi
390 3643 577 3712 (Cant.
606 3662 664 3711 ιι,
691 3644 761 3716 1).
789 3663 819 3697 »
870 3644 947 3698 Et
998 3645 1132 3716 quia
1176 3644 1472 3699 reﬂorcbit
1496 3661 1621 3698 caro
1652 3662 1781 3716 quae

160 3734 429 3789 marcida
452 3733 508 3787 in
564 3733 827 3804 passione
860 3732 1106 3800 videtur,
1139 3733 1426 3802 conﬁtebor
1479 3734 1546 3799 ei,
1599 3732 1657 3786 id
1697 3736 1781 3787 est

161 3823 413 3878 laudabo
447 3840 580 3877 eum
613 3821 672 3876 in
692 3822 833 3877 meis
879 3822 1101 3875 futuris.
1132 3821 1220 3875 Ea:
1250 3821 1524 3876 voluntate
1554 3839 1689 3889 mea,
1722 3821 1781 3876 id

166 3916 249 3966 est
281 3912 603 3966 secundum
618 3912 975 3965 voluntatem
1005 3927 1292 3964 meorum.
1317 3898 1543 3965 scilicet
1554 3911 1781 3981 pariam

164 3999 214 4053 ei
245 3999 628 4064 confessores,
662 3999 759 4070 qui
793 4016 907 4053 non
939 3998 1126 4052 servili
1154 3998 1780 4065 timore,utJudtei,sed

163 4086 488 4142 voluntarie
505 4087 823 4142 laudabunt
839 4103 972 4141 eum
990 4086 1291 4141 affectione
1306 4087 1460 4141 bona
1487 4090 1544 4142 et
1574 4103 1776 4158 opera-

162 4176 344 4230 tione.
382 4175 516 4230 Dico
532 4175 687 4247 quod
707 4176 991 4244 conﬁtebor
1018 4177 1069 4230 ei
1096 4176 1152 4229 in
1187 4176 1356 4230 meis:
1382 4176 1647 4229 Dominus
1677 4193 1777 4229 au-

1800 2993 1847 3051 C

1886 1788 2373 1852 consummatum,
2428 1788 2767 1860 semetipsos
2793 1789 2866 1843 ad
2892 1790 3330 1849 sacriﬁcandum
3364 1797 3498 1853 atie-

1885 1878 2017 1928 rant
2046 1891 2058 1928 :
2090 1876 2355 1945 exemplo
2388 1877 2805 1946 apostolorum,
2848 1878 2945 1949 qui
2969 1880 3178 1936 arietes
3203 1882 3490 1955 dicuntur,

1885 1978 1952 2017 eo
1985 1963 2141 2034 quod
2169 1963 2433 2018 omnium
2486 1964 2744 2019 ﬁdelium
2776 1966 2948 2022 duces
2973 1973 3125 2037 sunt,
3172 1971 3317 2027 sicut
3346 1976 3493 2031 arie-

1884 2053 1970 2105 tes
1995 2051 2167 2105 duces
2198 2054 2331 2106 sunt
2358 2052 2551 2107 ovium
2588 2070 2602 2108 :
2635 2055 2723 2108 vel
2753 2054 2889 2126 quia
2917 2056 3030 2112 duo
3069 2057 3243 2114 fortia
3277 2078 3493 2120 cornua

1882 2140 2118 2207 habent,
2146 2140 2204 2195 id
2233 2143 2338 2209 est,
2368 2142 2481 2197 duo
2498 2143 2890 2212 Testamenta,
2916 2146 3123 2203 auxilio
3146 2164 3393 2219 quorum
3409 2169 3497 2208 er-

1881 2245 2043 2283 rores
2071 2229 2335 2285 omnium
2368 2232 2681 2303 repellunt,
2715 2233 2859 2287 sicut
2891 2234 3099 2291 arietes
3130 2237 3353 2294 duobus
3373 2257 3495 2297 cor-

1884 2317 2049 2371 nibus
2080 2317 2367 2372 obstantia
2398 2319 2713 2390 depellunt.
2760 2320 3022 2377 Ostendit
3058 2341 3286 2399 quoque
3316 2330 3496 2401 quali-

1882 2410 1967 2460 ter
1988 2407 2095 2460 hoc
2132 2407 2202 2461 sit
2223 2408 2664 2462 tabernaculum
2689 2414 3244 2473 consummandum.

1951 2496 1999 2572 Α
2009 2498 2162 2566 [ferte
2175 2495 2468 2563 Domino,o
2487 2496 2739 2567 adoptivi
2756 2497 2959 2553 ﬁliiDei
2974 2500 3376 2570 futuri;aﬁ‘erte
3395 2525 3492 2565 vos

1882 2585 2032 2656 ipsos
2047 2586 2119 2638 ad
2134 2584 2575 2639 sacriﬁcandum
2600 2586 2737 2655 ﬁlios
2752 2589 3001 2657 arietum,
3025 2590 3079 2644 id
3100 2595 3203 2659 est,
3234 2593 3490 2652 imitato-

1880 2692 1970 2729 res
2000 2675 2417 2745 apostolorum.
2455 2674 2620 2739 Quod
2641 2679 2728 2730 est
2754 2677 2944 2732 dicere
2975 2695 2988 2733 :
3020 2680 3229 2737 Offerte
3255 2700 3353 2739 vos
3406 2686 3492 2758 ip-

1880 2781 1971 2817 sos
2012 2762 2280 2831 Domino,
2320 2765 2383 2816 ut
2414 2764 2655 2833 apostoli
2702 2765 2983 2820 fecerunt.
3044 2769 3185 2824 Vere
3242 2771 3342 2826 ﬁlii
3393 2775 3494 2830 Dei

1881 2852 2075 2906 ﬁdeles
2097 2851 2386 2917 dicuntur,
2420 2851 2477 2904 id
2505 2854 2610 2919 est,
2632 2852 2703 2906 ab
2726 2870 2793 2906 eo
2809 2854 3491 2931 specialiterregenerati.

1881 2940 2668 3010 UnedJoannesevangelista
2713 2958 2725 2995 :
2771 2964 2798 2991 ‹‹
2828 2944 2995 2997 Dedit
3044 2946 3124 3000 eis
3148 2951 3493 3019 potestatem

1881 3029 2028 3083 ﬁlios
2054 3029 2153 3082 Dei
2177 3028 2299 3082 ﬁeri
2320 3028 2560 3100 (Joan.1,
2588 3029 2694 3100 12);
2716 3051 2743 3078 ››
2764 3030 2865 3085 ﬁlii
2882 3033 3059 3088 etiam
3074 3035 3342 3092 dicuntur
3354 3057 3492 3113 apo-

1883 3118 2184 3183 stolorum,
2219 3134 2285 3171 eo
2320 3117 2475 3188 quod
2526 3133 2728 3173 eorum
2771 3119 3034 3176 doctrina
3080 3125 3197 3179 Deo
3251 3143 3493 3197 regene-

1882 3208 2103 3272 rentur,
2122 3208 2179 3259 et
2205 3222 2407 3260 eorum
2432 3205 2756 3262 imitatores
2785 3225 2890 3279 pro
2916 3226 3080 3281 posse
3099 3230 3198 3269 suo
3215 3216 3486 3277 existant.

1884 3294 2047 3349 Unde
2063 3295 2388 3365 Apostolus.
2430 3318 2455 3344 ‹‹
2476 3295 2658 3350 Filioli
2677 3297 2813 3365 mei,
2848 3314 2991 3369 quos
3012 3300 3220 3356 iterum
3237 3308 3493 3376 parturio

1883 3382 2031 3453 (Gal.
2060 3382 2284 3450 1v,19),»
2310 3386 2418 3437 etc.
2438 3383 2582 3447 Quia
2594 3401 2727 3439 vero
2749 3387 2834 3440 bis
2856 3386 3308 3460 dicit,aﬂ‘erte,sic
3322 3394 3455 3450 dicit
3480 3414 3492 3451 :

1881 3472 2231 3542 Dico,a/ferte
2246 3487 2340 3525 vos
2356 3471 2492 3541 ﬁlios
2513 3476 2772 3529 arietum:
2795 3480 2852 3529 et
2869 3477 2927 3529 in
2942 3478 3050 3532 hoc
3075 3496 3132 3532 se
3146 3479 3278 3535 licet
3290 3483 3408 3537 sitis
3426 3486 3495 3539 ﬁ-

1880 3559 1941 3613 lii
1981 3560 2248 3614 arietum.
2277 3558 2326 3612 Α
2335 3562 2488 3643 [Erga
2510 3561 2764 3625 Domino,
2795 3563 3061 3635 sicutipsi
3090 3567 3351 3624 fecerunt
3375 3575 3497 3643 glo-

1879 3648 2048 3713 riam,
2090 3652 2151 3701 ut
2180 3649 2329 3703 bene
2522 3650 2784 3720 cogitetis
2833 3652 2903 3705 de
2945 3632 3195 3723 gloriosa
3248 3632 3496 3713 essentia

1882 3736 2129 3791 deitatis.
2168 3737 2235 3790 Et
2280 3739 2466 3808 afferte
2496 3738 2765 3804 honorem,
2824 3739 2883 3792 in
2942 3740 3055 3795 alia
3114 3745 3492 3802 translatione

1878 3825 2123 3879 habetur
2154 3827 2468 3895 imperium;
2501 3825 2654 3897 quod
2673 3829 2757 3879 est
2785 3825 3002 3882 dicere:
3038 3830 3493 3903 Intelligitecum

1881 3913 2192 3968 secundum
2219 3913 2646 3968 humanitatem
2678 3915 2750 3968 ab
2773 3914 3042 3970 omnibus
3058 3934 3178 3972 esse
3204 3921 3495 3979 honoran-

1882 4002 2041 4067 dum,
2067 4004 2124 4055 et
2153 4018 2327 4073 super
2353 4003 2555 4056 omnia
2584 4006 2931 4073 potestatem
2963 4005 3179 4060 habere
3210 4012 3268 4062 et
3314 4010 3493 4083 impe-

1879 4088 2053 4143 rium.
2084 4089 2244 4143 Unde
2291 4088 2447 4142 idem
2501 4089 2559 4143 in
2614 4090 2920 4162 Evangelio
2948 4108 2960 4145 :
2998 4114 3025 4142 «
3057 4094 3202 4148 Data
3232 4100 3317 4150 est
3348 4099 3492 4154 mihi

1879 4177 2067 4231 omnis
2079 4176 2400 4248 potestasin
2422 4177 2562 4232 coelo
2582 4180 2639 4231 et
2656 4178 2713 4231 in
2734 4181 2888 4233 terra
2901 4179 3126 4250 (Matth.
3147 4190 3365 4253 xxvm,l
3380 4189 3491 4259 8).»

167 4267 286 4318 tem
300 4264 400 4318 erit
420 4262 682 4334 fortitudo
694 4263 1067 4334 plebissuaejd
1083 4264 1473 4330 est,Dominus
1487 4264 1655 4319 faciet
1669 4264 1778 4317 for-
1801 4282 1853 4342 D
1878 4268 1945 4321 Et
1965 4267 2297 4336 Apostolus:
2336 4288 2362 4315 ‹‹
2395 4266 2640 4321 Donavit
2660 4266 2739 4320 illi
2764 4284 2982 4323 nomen
3018 4272 3173 4342 quod
3204 4277 3289 4328 est
3318 4293 3491 4348 super

166 4355 249 4406 tes
276 4352 337 4406 in
370 4351 672 4406 virtutibus
702 4352 829 4407 illos
860 4352 1213 4406 confessores
1268 4369 1409 4423 quos
1446 4352 1497 4406 ei
1529 4352 1772 4423 pariam,

1877 4371 2051 4410 omne
2118 4371 2333 4409 nomen
2377 4354 2539 4423 (Phil.
2574 4371 2633 4421 Il,
2665 4355 2735 4421 9).
2763 4376 2791 4403 »
2850 4356 2986 4410 Dico
3039 4361 3223 4429 a/ferte
3257 4362 3490 4422 Domino

166 4440 265 4511 qui
295 4443 467 4494 erunt
495 4441 655 4511 plebs
677 4440 819 4509 ejus,
849 4439 925 4493 Et
956 4440 1063 4493 erit
1078 4447 1365 4510 protector,
1400 4456 1470 4493 ne
1484 4439 1775 4506 deﬁciant,
1875 4444 2101 4514 gloriam
2134 4449 2184 4496 et
2214 4443 2502 4511 honorem;
2550 4445 2607 4497 et
2658 4443 2767 4498 hoc
2793 4448 3075 4516 quantum
3129 4446 3188 4502 in
3218 4451 3378 4507 vobis
3405 4458 3491 4511 est

163 4526 545 4582 Salvationum
580 4527 786 4582 Christi
820 4530 923 4589 sui,
958 4528 1014 4581 id
1059 4532 1163 4593 est,
1194 4528 1596 4582 salvandorum
1621 4545 1653 4582 a
1682 4544 1777 4583 me

168 4616 396 4672 Christo
426 4633 548 4683 suo,
585 4615 681 4688 qui
732 4632 836 4687 per
866 4616 1186 4687 emphasim
1219 4616 1557 4670 salvationes
1588 4615 1782 4671 dicun-

166 4707 282 4759 tur.
330 4705 641 4759 Enuntiata
664 4705 842 4758 salute
859 4720 1115 4771 suorum,
1141 4708 1269 4758 orat
1285 4720 1388 4776 pro
1404 4704 1482 4759 eis
1504 4704 1613 4759 sic:
1644 4704 1779 4759 Dico

173 4792 330 4864 quod
374 4792 484 4846 eris
517 4792 780 4863 fortitudo
819 4798 869 4845 et
884 4799 1153 4862 protector
1176 4808 1189 4859 ;
1214 4794 1272 4845 et
1302 4792 1381 4845 ita
1411 4791 1499 4846 sit.
1556 4791 1782 4846 Salvum

168 4882 259 4950 [ac
289 4881 544 4946 Domine,
581 4898 613 4935 a
642 4880 789 4935 vitiis
805 4881 1063 4951 populum
1097 4889 1245 4933 tuum
1298 4880 1578 4937 futurum.
1606 4880 1682 4934 Et
1706 4881 1784 4935 be-

172 4971 330 5025 nedic
357 4970 662 5024 haereditati
684 4978 810 5037 tuae,
838 4970 897 5023 id
939 4972 1023 5024 est
1050 4969 1235 5023 exalta
1262 4968 1567 5025 virtutibus
1619 4969 1782 5025 illum

172 5061 454 5132 populum
479 5076 654 5131 quem
687 5059 910 5113 excoles
933 5075 1035 5129 per
1065 5059 1470 5129 praedicatores
1490 5062 1553 5113 ut
1582 5059 1785 5132 aliquis

174 5148 579 5203 hwreditatem
635 5148 861 5208 excolit,
920 5147 1165 5219 ideoque
1225 5147 1533 5203 harreditas
1577 5152 1675 5204 tua
1707 5150 1788 5205 di-

177 5236 483 5292 centur.Et
504 5254 621 5307 rege
642 5254 723 5290 eos
739 5254 809 5290 ne
827 5236 1114 5290 deﬁciant.
1148 5235 1224 5289 Et
1254 5238 1439 5291 extolle
1476 5238 1609 5306 illos,
1628 5239 1685 5294 id
1702 5243 1787 5295 est

182 5328 371 5381 exalta
402 5327 473 5381 de
504 5327 660 5380 bono
707 5324 763 5378 in
823 5325 1026 5378 melius
1060 5342 1070 5378 :
1126 5343 1283 5396 usque
1312 5328 1365 5378 in
1396 5334 1675 5395 .rtemum,
1728 5329 1786 5383 id

182 5418 290 5482 est,
317 5414 377 5468 in
409 5413 796 5469 mternitatem
829 5413 1176 5468 deducturus
1212 5430 1329 5469 eos.

683 5600 917 5659 ΡΑτιιοιι.
952 5598 1105 5660 CLII.

1878 4533 2027 4586 bene
2067 4531 2137 4585 dc
2169 4530 2650 4603 eointelligendo,
2670 4533 2913 4587 etetiam
2936 4537 3217 4605 quantum
3236 4539 3306 4593 ad
3331 4541 3487 4613 illos;

1879 4622 2064 4691 aﬂ'crte
2116 4620 2347 4675 Domino
2406 4622 2633 4689 gloriam
2682 4624 2887 4675 nomini
2925 4624 3130 4694 ejus,id
3163 4631 3269 4697 est,
3322 4632 3488 4690 facile

1882 4725 2015 4763 eum
2036 4707 2094 4761 in
2127 4708 2252 4762 aliis
2282 4708 2599 4778 gloriosum
2638 4710 3067 4781 magniﬁcando
3119 4732 3335 4773 nomen
3367 4723 3489 4793 ejus

1883 4796 2169 4850 etadorate
2194 4795 2505 4862 Dominum,
2540 4796 2597 4851 id
2629 4800 2732 4865 est,
2779 4801 3133 4856 veneramini
3156 4804 3325 4860 bonis
3348 4824 3485 4879 ope-

1884 4884 2068 4953 ribus;
2101 4886 2154 4937 in
2184 4887 2319 4939 atrio
2350 4892 2529 4939 sancto
2560 4886 2694 4957 ejus,
2744 4886 2804 4941 id
2836 4889 2940 4954 est,
2975 4887 3032 4943 in
3083 4892 3241 4946 vobis
3272 4895 3489 4954 effectis

1885 4974 2092 5028 atrium
2127 4978 2387 5029 sanctum
2421 4976 2563 5046 ejus,
2580 4975 2639 5029 id
2655 4980 2758 5043 est,
2774 4993 2891 5031 non
2907 4978 3162 5047 angustis
3177 4979 3234 5034 in
3249 4983 3493 5041 charita-

1884 5066 1964 5131 te,
2004 5063 2101 5117 sed
2135 5062 2384 5117 dilatatis
2422 5064 2564 5117 sicut
2594 5064 2803 5118 atrium
2831 5066 3090 5135 amplum
3144 5071 3245 5123 est.
3285 5072 3349 5124 In
3380 5074 3495 5130 alia

1884 5152 2261 5206 translatione
2292 5151 2541 5206 habetur
2568 5153 2623 5203 in
2656 5151 2779 5205 aula
2807 5159 2988 5206 sancta
3015 5154 3320 5223 ejus.Quod
3339 5159 3495 5217 idem

1888 5240 2044 5294 estin
2068 5238 2374 5305 sententia,
2408 5237 2626 5293 scilicet
2679 5241 2740 5292 ut
2790 5238 2910 5292 sitis
2958 5240 3236 5297 habitatio
3286 5247 3408 5316 ejus
3438 5249 3498 5304 in

1889 5329 2163 5382 charitate
2194 5326 2559 5399 amplissimi,
2593 5328 2669 5383 ad
2694 5326 2937 5382 modum
2959 5332 3124 5400 aulae,
3166 5348 3294 5402 qum
3341 5335 3504 5391 habi-

1888 5418 2030 5475 tatio
2061 5415 2417 5487 amplissima
2476 5417 2585 5470 est.
2626 5417 2763 5473 Dico
2795 5418 2981 5489 aﬂ‘erte
3021 5422 3155 5490 ﬁlios
3181 5422 3427 5490 arietum,
3456 5428 3514 5481 et

3185 5608 3258 5678 2’3
