4008 6030
464 338 569 396 ’747

1083 330 1140 392 8.
1180 331 1525 391 BRUNONIS
1565 326 2195 388 CARTHUSIANORUM
2230 323 2698 383 lNSTITUTORlS
2745 323 2899 380 OPP.
2940 322 3117 380 PARS
3155 325 3178 378 Ι

3675 321 3789 379 ’748

464 464 827 522 afferendum
855 465 942 519 est
973 479 986 532 ;
1023 478 1160 517 nam
1185 461 1309 533 jam
1333 461 1419 513 est
1456 457 1897 512 tabernaculum
1944 470 2077 509 con-
2100 460 2156 518 Α
2180 468 2315 507 vero
2328 454 2638 523 putaretur
2653 450 2935 506 illassolas
2952 449 3153 505 cedros
3173 447 3537 521 confringere
3550 450 3609 503 et
3622 465 3790 504 com-

464 559 843 617 summatum,
872 552 1117 623 ideoque
1157 547 1591 604 sacriﬁcandum
1625 547 1709 599 est
1730 543 1787 598 in
1821 561 1911 598 eo.

536 648 603 701 Et
627 643 879 701 ostendit
907 639 1200 713 quomodo
1231 637 1302 691 sit
1333 635 1828 699 consummatum,
1858 630 2071 703 etquid

463 736 536 792 sit
572 734 713 791 illud
738 730 1170 788 tabernaculum
1206 744 1219 782 :
1253 728 1363 781 hoc
1393 724 1548 796 quod
1577 724 1834 777 futurum
1881 723 1965 775 est
2005 738 2073 775 ex

464 824 648 881 nimia
676 819 1015 877 certitudine
1048 813 1447 872 annuntiando
1466 811 1777 883 prmterite,
1804 809 1908 864 sic:
1928 809 2070 863 Vere

463 913 823 971 afferendum
856 912 958 964 est.
994 908 1137 960 Nam
1170 922 1268 958 vox
1306 903 1549 968 Domini,
1595 900 1654 954 id
1689 902 1773 953 est
1801 897 2075 970 praedica-

464 1006 565 1072 tio,
607 1004 728 1074 ejus
749 1016 853 1072 per
881 996 1286 1070 praedicatores
1318 990 1569 1046 intonuit
1614 1006 1767 1060 super
1796 1005 1978 1061 aquas,
2012 986 2072 1041 id

465 1097 570 1161 est,
606 1092 677 1147 ad
709 1088 951 1146 modum
982 1082 1244 1151 tonitrui,
1274 1081 1427 1153 quod
1460 1083 1657 1150 aperte
1685 1081 1852 1132 sonat
1882 1075 2070 1130 omni-

462 1186 570 1240 bus
596 1184 654 1237 et
668 1176 1094 1243 comminatur;
1131 1176 1329 1245 aperte
1347 1169 1615 1243 gentibus
1627 1166 2074 1233 sonuit,etdam-

462 1273 761 1330 nationem
794 1285 912 1325 non
956 1262 1419 1336 resipiscentibus
1466 1258 1821 1314 comminata
1852 1258 1935 1310 est
1968 1272 1980 1309 :
2016 1258 2074 1309 et

459 1364 608 1418 bene
630 1359 980 1433 ponitsuper.
1000 1354 1143 1407 Nam
1167 1367 1270 1405 vox
1298 1349 1393 1403 illa
1412 1348 1481 1402 de
1516 1344 1796 1418 superiori
1829 1343 2070 1414 disposi-

463 1432 838 1507 tioneiPatris
865 1441 1157 1516 processit.
1190 1440 1398 1494 Gentes
1421 1436 1652 1509 quidem
1675 1451 1837 1505 aquae
1871 1432 2070 1486 dicun-

461 1545 575 1607 tur,
601 1555 668 1593 eo
687 1534 843 1608 quod
875 1532 947 1588 ad
964 1530 1206 1586 modum
1238 1542 1519 1598 aquarum
1553 1522 1953 1583 detluentiu-m,
1970 1536 2073 1591 per

461 1630 658 1686 illicita
687 1626 950 1681 deﬂuunt
971 1640 985 1690 ;
1018 1623 1074 1674 et
1086 1618 1220 1690 quia
1237 1617 1457 1671 dixerat
1470 1631 1569 1669 vox
1584 1613 1827 1677 Domini,
1846 1627 1916 1663 ne
1931 1626 2069 1681 qua-

460 1722 780 1788 liscumque
803 1710 1082 1768 Dominus
1095 1707 1401 1772 videretur,
1417 1701 1792 1759 commendat
1818 1715 1952 1753 eum
1968 1698 2066 1752 sic:

2174 541 2594 612 minuere,quai
2612 538 2870 612 quamvis
2889 538 3087 594 Libani
3109 538 3362 605 sint,non
3378 540 3572 592 tamen
3595 539 3805 593 adver-

2171 630 2336 685 sariae
2354 633 2486 684 sunt
2511 628 2794 695 Ecclesiae,
2822 628 3077 683 ostendit
3094 643 3323 699 quoque
3342 643 3401 681 se
3424 626 3549 680 illas
3568 626 3804 681 interci-

2174 720 2308 775 dere
2328 736 2455 790 qute
2477 721 2608 772 sunt
2621 718 2986 772 adversantes
2998 715 3364 783 fidelibus,sic
3380 759 3391 770 .
3410 715 3475 770 Et
3487 732 3586 769 vox
3605 717 3802 771 Dami-

2172 808 2364 862 nidieo
2387 805 2825 871 intercidentis,id
2843 805 3258 873 est,dividentis
3267 806 3547 874 ﬂammam
3567 805 3800 874 ignist

2174 898 2258 951 est
2285 898 2701 968 persecutores,
2737 893 2877 948 alios
2935 892 3303 961 assumenda,
3349 894 3406 947 et
3444 892 3584 947 alios
3608 891 3794 946 relin-

2173 985 2427 1058 quendo.
2472 983 2577 1048 Qui
2595 984 2741 1038 bene
2773 981 3042 1038 dicuntur
3069 981 3328 1049 ﬂamma,
3366 997 3435 1035 eo
3465 980 3618 1053 quod
3645 980 3794 1036 ﬁde-

2172 1074 2254 1128 les
2311 1072 2779 1129 tribulationibus
2831 1070 3107 1125 devorent
3151 1069 3226 1125 ad
3264 1070 3504 1124 modum
3535 1069 3793 1124 ﬂammae

2171 1164 2331 1235 ligna
2364 1162 2708 1219 devorantis.
2751 1163 2819 1217 Et
2841 1162 2990 1216 bene
3019 1162 3149 1233 post
3186 1162 3462 1229 ﬂammam
3491 1159 3794 1230 subjungit

2173 1254 2329 1322 ignis.
2360 1252 2503 1306 Nam
2521 1251 2665 1306 sicut
2692 1250 2931 1305 ﬂamma
2952 1266 3019 1304 ex
3050 1249 3205 1321 igne,
3235 1248 3312 1303 sic
3343 1250 3400 1302 et
3427 1264 3629 1303 eorum
3654 1263 3790 1319 per-

2171 1341 2384 1397 secutio
2443 1340 2703 1412 procedit
2761 1356 2826 1395 ex
2886 1339 3068 1395 nimio
3128 1339 3229 1393 ira:
3287 1342 3344 1393 et
3381 1337 3497 1392 odii
3538 1338 3785 1393 fervore.

2243 1430 2558 1502 Postquam
2594 1429 2847 1484 ostendit
2872 1444 3071 1483 vocem
3096 1424 3327 1482 Domini
3354 1426 3669 1481 intonuisse
3691 1443 3787 1481 su-

2171 1535 2277 1590 per
2302 1520 2525 1589 gentes,
2561 1534 2690 1590 quaa
2735 1533 2899 1589 aquae
2930 1516 3217 1582 dicuntur,
3279 1518 3336 1569 et
3361 1516 3469 1569 hoc
3498 1518 3554 1569 in
3585 1517 3786 1570 virtute

2173 1615 2221 1663 et
2259 1609 2681 1678 magniﬁcentia,
2716 1611 2774 1661 et
2804 1606 3153 1677 confregisse
3198 1604 3399 1659 cedros
3448 1605 3669 1669 Libani,
3726 1608 3785 1659 et

2171 1715 2266 1752 eas
2296 1696 2703 1751 comminuisse
2736 1702 2993 1767 tanquam
3041 1693 3296 1757 vitulum,
3328 1696 3385 1748 et
3426 1693 3783 1748 intercidisse

461 1809 530 1862 Et
560 1807 663 1861 iste
686 1774 974 1859 Dominus
987 1796 1235 1852 existens
1255 1795 1400 1849 Deus
1420 1792 1734 1863 majestatis,
1760 1788 1816 1842 id
1839 1790 2071 1853 est,cm-
2091 1774 2141 1832 B
2167 1789 2447 1856 ﬂammam
2477 1788 2630 1855 ignis,
2659 1784 2922 1839 enuntiat
2948 1783 3154 1839 eadem
3173 1799 3310 1837 voce
3331 1782 3775 1838 concutiendum

462 1893 826 1970 nipotentiee,
860 1887 1112 1945 intonuit
1131 1900 1461 1956 superaquas
1484 1881 1675 1935 multas
1708 1897 1723 1932 :
1746 1880 1803 1932 et
1828 1876 1954 1931 ideo
1979 1891 2068 1928 re-

460 1965 607 2059 pe-tit
633 2000 793 2055 super
822 1997 1009 2054 aquas,
1042 1980 1104 2031 ut
1135 1974 1270 2048 quia
1301 1969 1747 2027 indeterminate
1780 1965 2068 2038 posuerat,

459 2057 637 2134 addat
662 2073 875 2128 multas.
912 2071 1029 2125 Vox
1055 2066 1278 2120 Domini
1299 2063 1424 2117 dico
1456 2057 1748 2132 operantis
1777 2058 1831 2110 in
1857 2057 2086 2120 virtute,-

460 2166 519 2222 id
546 2169 651 2232 est,
678 2164 738 2217 in
768 2156 1091 2216 constantia
1111 2169 1284 2226 quam
1314 2150 1472 2206 dedit
1501 2144 2073 2220 priedicatoribusmt

462 2270 651 2325 neque
691 2265 849 2305 mors
881 2262 1067 2319 neque
1122 2242 1236 2297 vita
1276 2240 1571 2310 separaret
1602 2252 1699 2291 eos
1731 2252 1764 2289 a
1791 2233 2071 2288 charitate

394 2385 399 2389 η
463 2323 670 2398 Christi
700 2338 880 2409 (Rom.
903 2351 1020 2401 vlu,
1044 2335 1155 2403 35).
1183 2332 1251 2384 Et
1276 2346 1375 2383 vox
1401 2326 1648 2392 Domini,
1671 2323 1796 2378 dico
1825 2337 2069 2392 operan-

465 2432 538 2487 tis
587 2433 643 2484 in
685 2424 1081 2496 uulgniﬁcentia
1132 2417 1544 2475 miraculorum
1600 2410 2067 2486 praedicatorum.

463 2520 626 2576 Unde
681 2518 740 2571 in
773 2510 1078 2583 Evangelio
1108 2526 1122 2563 :
1148 2530 1175 2558 ‹‹
1205 2504 1451 2562 Domino
1484 2502 1831 2573 cooperante
1866 2501 1923 2550 et
1952 2513 2068 2550 ser-

465 2623 705 2665 monem
770 2601 1175 2663 conﬁrmante,
1232 2591 1603 2665 sequentibus
1652 2586 1827 2658 signis
1866 2584 2065 2655 (Marc.

460 2714 571 2764 xvr,
602 2695 720 2766 20);
749 2714 775 2741 »
805 2695 863 2746 et
892 2686 1127 2760 exponit
1152 2683 1292 2757 quid
1323 2684 1590 2753 operatus
1621 2677 1771 2731 sitm
1803 2676 1995 2729 virtute
2021 2679 2070 2726 et

460 2762 877 2857 magnificentia,
911 2778 988 2833 sic
1016 2793 1029 2830 :
1068 2776 1138 2829 Et
1166 2790 1266 2827 vox
1292 2770 1517 2825 Domini
1534 2767 1658 2822 dico
1689 2762 2070 2834 con/ringentis

460 2876 532 2930 de
550 2851 712 2928 inalo
740 2871 801 2925 in
829 2870 1051 2923 bonum
1074 2863 1271 2924 cedros,
1303 2860 1361 2915 id
1401 2860 1506 2925 est,
1550 2854 1822 2910 sublimes
1871 2851 1931 2905 in
1982 2867 2071 2903 su-

456 2962 679 3036 perbia,
714 2958 786 3014 ad
816 2956 1056 3011 modum
1088 2949 1245 3007 cedri
1299 2965 1426 3020 quae
1476 2942 1732 3036 sublimis
1764 2941 1936 2995 arbor
1960 2941 2063 2993 est.

2172 1879 2229 1931 et
2258 1875 2742 1930 commovendum
2784 1874 3041 1927 desertum
3069 1870 3255 1939 Cades,
3284 1888 3387 1944 per
3411 1874 3566 1943 quod
3593 1872 3776 1927 Judaei

2171 1966 2513 2037 ﬁgurantur.
2541 1964 2739 2031 Cades,
2757 1964 2919 2036 juxta
2946 1960 3349 2033 Augustinum,
3377 1968 3617 2015 sanctum
3652 1963 3778 2033 legis

2173 2057 2602 2128 interpretatur.
2650 2055 2757 2125 Ipsi
2788 2071 2923 2109 vero
2957 2053 3214 2108 desertum
3245 2056 3377 2107 sunt
3430 2070 3463 2106 a
3496 2054 3779 2106 sanctitate

2172 2148 2317 2218 legis,
2357 2145 2567 2202 scilicet
2596 2144 2897 2199 sanctitate
2948 2143 3089 2216 legis
3117 2149 3398 2209 carentes,
3431 2146 3487 2197 et
3524 2140 3780 2196 carnalia

2171 2237 2462 2309 prmcepta
2522 2233 2886 2288 solummodo
2953 2232 3287 2289 retinentes.
3354 2232 3453 2287 Vel
3515 2230 3777 2284 desertum

2170 2327 2461 2381 sanctitatis
2488 2324 2612 2393 legis
2643 2327 2792 2389 sunt,
2818 2322 2877 2377 id
2907 2325 3010 2389 est,
3052 2322 3445 2377 desererentes
3473 2319 3614 2391 legis
3653 2337 3780 2374 san-

2173 2414 2431 2469 ctitatem
2492 2430 2665 2485 quam
2711 2412 2792 2466 eis
2850 2411 3127 2467 Dominus
3173 2409 3523 2483 proposuit:
3586 2408 3777 2463 ethoc

2171 2503 2325 2557 idem
2357 2505 2442 2557 est
2462 2502 2521 2555 iu
2543 2501 2829 2556 sententia
2858 2500 3076 2554 diverse
3092 2498 3454 2571 explicatum.
3486 2498 3648 2552 Unde
3665 2499 3775 2552 Do-

2170 2591 2362 2646 minus
2392 2590 2450 2644 in
2484 2589 2792 2661 Evangelio
2823 2606 2834 2642 :
2872 2612 2899 2637 ‹‹
2929 2589 3158 2642 Irritum
3188 2587 3401 2642 fecistis
3433 2586 3774 2641 mandatum

2170 2678 2271 2735 Dei
2301 2682 2540 2752 propter
2560 2678 2932 2733 traditionem
2962 2680 3209 2732 vestram
3253 2674 3475 2749 (Matth.
3504 2692 3593 2742 xv,
3624 2677 3699 2745 6).
3743 2695 3771 2724 ››

2169 2770 2237 2823 Et
2264 2760 2567 2839 Apostolus
2595 2784 2607 2821 :
2643 2790 2671 2817 ‹‹
2706 2766 3073 2821 Voluntatem
3104 2782 3265 2820 suam
3313 2766 3638 2837 quaerentes
3660 2766 3773 2818 sta-

2168 2861 2352 2925 tuere,
2419 2858 2545 2928 lege
2582 2855 2682 2911 Dei
2740 2871 2857 2910 non
2888 2857 3020 2909 sunt
3049 2852 3288 2926 subjecti
3343 2852 3523 2924 (Rom.
3556 2869 3610 2920 x,
3645 2853 3718 2922 3).
3744 2873 3771 2900 »

2170 2947 2349 3003 Cades
2388 2962 2640 3018 quoque,
2666 2945 2830 3015 juxta
2876 2943 3311 3015 Hieronymum,
3343 2944 3585 2996 comestio
3617 2943 3775 2997 tinea:

529 3055 671 3110 Cum
699 3047 836 3105 dicit
858 3044 1057 3104 cedros,
1086 3038 1422 3112 simpliciter
1452 3032 1723 3125 intelligit
1742 3046 2064 3125 omnessu-
2090 3066 2137 3125 Ο
2171 3035 2400 3091 dicitur,
2425 3034 2606 3089 Judaei
2652 3050 2788 3087 vero
2816 3033 3107 3087 desertum
3142 3030 3467 3099 existentes,
3527 3031 3602 3085 ad
3646 3046 3772 3085 Πιο-

453 3142 786 3217 perbientes
822 3136 1028 3190 contra
1050 3132 1234 3186 Deum
1259 3122 1733 3188 inobedientia,et
1749 3137 1864 3174 non
1881 3119 2067 3172 solum

455 3208 661 3306 parvas
691 3226 896 3281 cedros
937 3219 1287 3289 confringet,
1318 3213 1418 3268 sed
1441 3215 1499 3266 et
1517 3210 1691 3264 cedros
1719 3208 1917 3261 Libani
1942 3223 2064 3259 con-

454 3293 655 3392 .fringet
683 3309 1031 3377 Dominus,id
1049 3302 1558 3392 est,superbientes
1572 3299 1643 3353 de
1658 3296 1844 3392 nitore
1857 3293 2065 3392 nobili-

453 3383 591 3463 tatis
622 3408 680 3460 et
705 3400 1055 3458 divitiarum.
1089 3393 1197 3459 Qui
1245 3390 1375 3446 ideo
1407 3387 1563 3443 cedri
1617 3386 1819 3441 Libani
1866 3383 2066 3438 dicun-

454 3501 570 3553 tur.
600 3494 845 3549 Libanus
893 3487 1052 3544 enim
1078 3485 1220 3537 nitor
1264 3479 1695 3551 interpretatur.
1745 3474 1881 3529 Dico
1914 3471 2069 3544 quod

453 3585 628 3642 cedros
666 3580 983 3650 confringet,
1019 3576 1077 3628 et
1106 3571 1293 3627 adhuc
1330 3566 1485 3623 aliud
1516 3564 1687 3620 faciet
1716 3562 1871 3636 quod
1900 3560 2072 3615 mira-

452 3675 623 3732 bilius
654 3670 786 3731 erit,
801 3668 910 3722 hoc
938 3662 1183 3719 scilicet:
1206 3658 1384 3714 cedros
1401 3656 1718 3726 confringet,
1753 3656 1811 3707 et
1825 3669 1908 3706 eas
1939 3666 2074 3705 con-

453 3766 664 3822 fractas
692 3759 1031 3821 comminuet,
1063 3750 1124 3805 id
1152 3751 1238 3803 est
1257 3745 1420 3802 valde
1449 3743 1778 3799 humiliabit
1807 3743 1868 3796 in
1900 3740 2075 3796 tribu-

451 3849 783 3909 lationibus.
802 3844 914 3899 Eas
927 3842 1054 3898 dico
1076 3837 1383 3893 existentes
1405 3840 1661 3905 tanquam
1675 3830 1899 3886 vitulum
1915 3828 2075 3883 Liba-

456 3942 601 4010 ni,id
612 3942 716 4005 est,
739 3930 1117 4005 acceptabiles
1130 3929 1247 3983 Deo
1264 3941 1368 3996 per
1385 3924 1534 4010 ipsas
1554 3920 1977 4010 tribulationes,
1998 3917 2071 3972 si-

456 4005 553 4085 cut
583 4026 787 4083 vitulus
829 4017 1031 4076 Libani
1090 4009 1456 4085 acceptabilis
1504 4011 1589 4063 est
1648 4007 1721 4061 ad
1754 4005 2075 4061 sacrifican-

460 4120 623 4184 dum,
650 4130 783 4169 cum
811 4106 1222 4184 pinguissimus
1259 4102 1331 4157 sit
1381 4102 1623 4171 propter
1658 4097 1816 4152 bona
1863 4110 2075 4184 pascua

461 4183 682 4269 Libani,
714 4200 775 4255 in
800 4183 1004 4272 quibus
1034 4195 1232 4266 pastus
1270 4192 1374 4245 est.
1420 4187 1668 4259 Pingues
1702 4201 1953 4258 namque
1990 4183 2072 4237 vi-

458 4292 566 4351 tuli
586 4286 860 4347 sacrificio
907 4282 1127 4339 habiles
1155 4280 1340 4335 erant.
1373 4276 1508 4332 Dico
1535 4276 1852 4330 comminuet
1879 4290 1986 4340 eas,
2018 4275 2076 4328 et

2169 3126 2307 3180 dum
2335 3123 2505 3178 tineas
2527 3139 2633 3194 per
2656 3121 2870 3193 pseudo
2903 3121 3191 3192 apostolos
3220 3119 3560 3174 innocentes
3580 3135 3772 3174 come-

2167 3214 2326 3280 dere,
2356 3212 2416 3266 id
2445 3214 2551 3278 est,
2587 3211 2693 3266 sibi
2723 3210 3068 3265 conﬁrmaro
3094 3208 3453 3263 studuerunt.
3480 3209 3547 3263 Et
3577 3208 3648 3263 de
3676 3225 3773 3263 eo-

2167 3318 2298 3356 rum
2320 3298 2713 3356 commotione
2745 3297 2817 3353 ad
2842 3298 3017 3353 ﬁdem
3044 3296 3120 3351 sic
3146 3296 3320 3351 dicit:
3360 3295 3483 3350 Dixi
3504 3296 3661 3368 quod
3678 3314 3776 3351 vox

2166 3390 2393 3445 Domini
2419 3387 2669 3442 intonuit
2690 3403 2845 3456 super
2873 3403 3058 3457 aquas,
3090 3401 3191 3439 vox
3229 3384 3443 3439 domini
3474 3383 3600 3438 dico
3650 3402 3775 3437 con-

2167 3479 2410 3534 eutientis
2427 3493 2530 3547 per
2551 3474 2950 3545 pmnitentiam
2967 3474 3244 3539 desertum,
3270 3471 3606 3543 etexprimit
3621 3471 3776 3544 quod

2171 3567 2483 3622 desertum.
2514 3562 2611 3630 Et,
2644 3563 2705 3618 id
2733 3565 2818 3616 est
2843 3561 3075 3628 scilicet,
3114 3561 3457 3615 commovebit
3501 3561 3776 3616 Dominus

2116 3654 2122 3661 ’
2170 3672 2275 3727 per
2303 3652 2702 3728 paenitentiam
2728 3652 2991 3706 desertum
3020 3648 3208 3717 Gades,
3242 3650 3299 3704 id
3349 3654 3433 3704 est
3456 3648 3704 3704 Judmos.
3730 3651 3776 3703 Α

2172 3742 2548 3798 similitudine
2576 3739 2828 3806 cultoris,
2863 3739 2960 3810 qui
2989 3740 3208 3793 terram
3249 3737 3504 3793 concutit
3532 3741 3591 3793 et
3618 3754 3777 3793 com-

2173 3834 2367 3887 movet
2395 3829 2619 3897 aratris,
2649 3832 2710 3883 ut
2732 3826 2933 3882 fertilis
2962 3826 3081 3881 ﬁat.
3114 3828 3181 3881 Et
3212 3844 3312 3881 vox
3331 3828 3556 3883 Domini
3569 3844 3777 3898 pra-pa-

2173 3922 2342 3975 rantis
2362 3935 2534 3974 cervos
2566 3934 2631 3972 ex
2658 3917 2779 3988 ipso
2807 3916 3054 3982 deserto,
3112 3915 3172 3970 id
3211 3918 3297 3969 est
3316 3915 3578 3970 facientis
3606 3932 3775 3987 quos-

2175 4010 2310 4065 dam
2341 4024 2555 4074 cervos,
2588 4005 2649 4060 id
2675 4009 2778 4073 est,
2824 4005 3164 4059 devorantes
3201 4019 3491 4060 venenum
3540 4020 3776 4077 serpen-

2174 4099 2339 4164 tium,
2368 4099 2426 4151 et
2448 4112 2553 4169 per
2580 4095 2690 4149 hoc
2711 4093 3060 4167 prmparabit
3083 4108 3298 4161 cervos,
3344 4093 3479 4166 quia
3532 4093 3778 4147 reuelabit

2175 4187 2255 4243 eis
2285 4186 2562 4253 condensa,
2595 4184 2655 4238 id
2685 4187 2771 4239 est
2792 4183 3164 4239 obscuritates
3194 4181 3619 4256 Scripturarum
3641 4198 3775 4254 pro-

2174 4275 2558 4349 pheticarum.
2591 4273 2714 4328 Dixi
2748 4272 2903 4346 quod
2933 4290 3032 4326 vox
3051 4271 3286 4326 Domini
3326 4271 3583 4326 intonuit
3627 4287 3780 4342 super

465 4399 540 4438 ne
566 4374 883 4435 comminui
909 4372 1170 4428 videatur
1199 4367 1282 4423 eis
1311 4363 1787 4439 ignominiosum,
1832 4361 2070 4429 dilectus,
2096 4359 2149 4418 D
2175 4382 2361 4438 aquas,
2393 4370 2442 4418 et
2487 4364 2786 4433 confringet
2815 4368 2863 4415 et
2891 4363 3206 4416 comminuet
3231 4359 3409 4414 cedros
3440 4366 3527 4413 εει
3552 4376 3779 4415 commo-

466 4464 940 4530 antonomastice,
973 4461 1032 4516 id
1062 4462 1147 4514 est
1178 4455 1451 4520 Christus,
1485 4453 1554 4508 de
1578 4468 1690 4523 quo
1707 4468 1811 4505 vox
1830 4455 2075 4522 paterna

468 4560 587 4614 ait:
620 4556 760 4609 «Hic
787 4556 872 4608 est
889 4551 1058 4606 Filius
1074 4564 1236 4603 meus
1268 4540 1743 4612 dilectus(ll1atth.
1775 4556 1853 4606 ιιι,
1883 4544 2006 4605 l7);
2045 4560 2072 4586 »

470 4645 918 4707 comminuetur,
942 4640 997 4693 id
1017 4643 1122 4705 est,
1159 4636 1219 4690 in
1251 4629 1716 4688 tribulationibus
1747 4625 2074 4682 liumiliabi-

473 4742 586 4793 tur.
624 4735 689 4788 Et
720 4748 793 4786 ne
819 4728 1152 4785 crederetur
1180 4721 1497 4779 secundum
1521 4718 1776 4773 divinam
1809 4720 2076 4769 naturam

472 4820 809 4887 comminui,
843 4814 1190 4874 determinat
1222 4807 1799 4877 sic:Quemadmodum
1826 4805 1968 4874 ﬁlius
1998 4807 2083 4857 est

472 4907 893 4976 unicornium,id
911 4908 994 4960 est
1017 4903 1090 4958 ad
1116 4918 1248 4957 eum
1274 4899 1535 4965 modum,
1563 4897 1821 4969 adquem
1838 4892 2079 4947 modum

473 5001 718 5058 estfilius
737 4990 1193 5063 Judaaorum,qui
1216 4986 1819 5049 dicunturunicornes,
1840 4984 2080 5054 propter

473 5091 705 5148 unicam
733 5090 791 5142 et
817 5074 1169 5155 singularem
1194 5076 1524 5149 superbiam
1536 5091 1709 5146 quam
1727 5089 1843 5143 prie
1859 5068 2079 5124 caeteris

475 5180 821 5236 habuerunt.
846 5175 944 5228 Vel
966 5174 1202 5244 propter
1228 5168 1456 5223 unicam
1485 5166 1697 5237 legem.
1716 5163 1891 5215 Nullan
1911 5179 2075 5215 nam-

477 5287 588 5342 que
622 5266 1020 5339 genteslegem
1037 5264 1173 5314 tunc
1193 5258 1539 5312 habuerunt.
1567 5252 1711 5317 Quia
1730 5254 1922 5305 autem
1944 5250 2081 5305 dicit

476 5340 611 5414 eum
639 5356 819 5411 tilium
849 5351 1201 5415 Iudaeorum,
1225 5346 1283 5400 id
1309 5347 1413 5412 est,
1439 5344 1509 5398 de
1549 5356 1749 5397 eorum
1800 5340 2079 5410 sanguine

475 5450 677 5503 natum
694 5461 708 5512 ;
723 5443 795 5499 ad
808 5440 982 5512 ipsius
994 5437 1379 5494 humilitatem
1403 5428 1927 5488 commendandam
1945 5426 2080 5482 dicit

480 5536 584 5600 Qui
618 5550 723 5589 nec
745 5533 919 5585 etiam
951 5529 1021 5583 de
1052 5544 1253 5583 eorum
1285 5523 1584 5596 sanguine,
1613 5538 1755 5593 quos
1803 5536 1862 5573 se
1896 5519 2076 5573 cruci-

2174 4455 2310 4509 vcbit
2331 4453 2589 4506 desertum
2615 4449 2804 4512 Gades,
2835 4454 2892 4504 et
2906 4466 3081 4503 omnes
3104 4448 3215 4515 isti,
3247 4447 3459 4503 scilicet
3479 4464 3665 4519 aquae,
3686 4464 3776 4502 ce-

2177 4544 2287 4609 dri,
2315 4545 2373 4596 et
2404 4542 2693 4597 desertum
2749 4539 2811 4593 in
2844 4538 3030 4610 templo
3075 4537 3188 4608 ejus
3231 4537 3557 4605 existentes,
3606 4536 3666 4591 id
3697 4540 3779 4591 est

2178 4633 2443 4687 membra
2472 4628 2752 4697 Ecclesiae,
2786 4644 2913 4699 quae
2967 4630 3051 4681 est
3080 4627 3360 4698 templum
3413 4625 3553 4691 eius,
3606 4625 3779 4679 dicent

2177 4723 2404 4793 gloriam
2436 4719 2508 4788 ei,
2534 4719 2706 4783 idest,
2738 4715 3143 4788 gloriﬁcabunt
3165 4731 3296 4769 eum
3322 4714 3487 4768 bonis
3525 4713 3779 4768 affectio-

2182 4810 2349 4865 nibus
2379 4812 2437 4864 et
2465 4807 2652 4862 verbis
2671 4810 2729 4860 et
2757 4805 3046 4876 operibus,
3077 4806 3134 4857 et
3164 4820 3266 4875 per
3291 4802 3399 4857 hoc
3431 4801 3625 4857 dicent
3655 4803 3779 4873 glo-

2179 4899 2349 4965 riam,
2374 4896 2508 4969 quia
2532 4895 2793 4948 Dominus
2830 4895 2984 4963 facit,
3010 4892 3068 4946 id
3089 4894 3173 4946 est
3188 4890 3358 4945 faciet
3376 4906 3474 4944 eos
3488 4890 3783 4944 inhabitare

2177 4987 2461 5053 diluvium,
2494 4984 2555 5039 id
2586 4988 2672 5039 est
2692 4980 3066 5037 immobiliter
3084 4982 3295 5035 statuet
3324 4995 3421 5033 eos
3446 4978 3505 5033 in
3527 4995 3628 5051 spe
3648 4979 3782 5033 bea-

2178 5073 2460 5141 titudinis,
2488 5090 2615 5145 quae
2650 5088 2752 5145 per
2776 5069 3064 5143 baptisma
3084 5068 3349 5123 ﬁdelibus
3374 5084 3408 5121 a
3432 5068 3548 5120 Deo
3590 5066 3782 5125 datur.

2181 5162 2346 5226 Quod
2359 5161 2637 5217 diluvium
2661 5159 2885 5225 dicitur,
2910 5175 2978 5212 eo
2997 5156 3154 5229 quod
3176 5155 3233 5209 in
3254 5172 3321 5209 eo
3339 5154 3536 5209 omnia
3550 5157 3785 5226 peccata

2180 5251 2496 5317 diluuntur,
2527 5249 2671 5305 sicut
2700 5248 2756 5302 in
2776 5246 2983 5301 diluvio
3011 5245 3199 5300 omnis
3221 5260 3351 5298 caro
3373 5243 3562 5297 deleta
3586 5246 3691 5297 est.
3710 5241 3785 5296 Et

2181 5356 2283 5414 per
2313 5338 2587 5393 diluvium
2624 5337 2836 5402 sedebit,
2884 5335 2941 5389 id
2963 5337 3048 5389 est
3071 5331 3355 5387 habitabit
3391 5330 3450 5385 in
3490 5329 3571 5384 eis
3599 5329 3785 5383 Domi-

2179 5447 2275 5483 nus
2302 5446 2414 5497 rex,
2475 5428 2535 5483 id
2567 5429 2671 5493 est,
2713 5430 2776 5481 ut
2827 5426 2992 5496 regat
3021 5423 3091 5478 de
3121 5422 3274 5477 bono
3334 5420 3392 5474 in
3450 5418 3676 5485 melius,
3729 5419 3783 5471 in

2176 5525 2454 5583 aeternum,
2481 5517 2539 5571 id
2570 5519 2655 5571 est
2682 5516 2773 5570 lii:
2803 5518 2861 5569 et
2888 5514 2944 5567 in
2976 5513 3190 5577 futuro,
3231 5512 3287 5564 et
3318 5507 3587 5579 exprimit
3640 5523 3783 5579 quo-

480 5605 1232 5693 ﬁxur0584cognovcrat,
1264 5614 1416 5670 nasci
1467 5611 1810 5684 dedignatus
1863 5612 1964 5665 est.
2000 5609 2077 5666 Ne
2167 5608 2342 5666 modo
2402 5610 2567 5682 reget
2612 5623 2625 5661 :
2672 5606 2792 5674 Hic,
2839 5602 3052 5661 scilicet
3105 5601 3367 5657 Dominus
3411 5600 3658 5654 virtutem
3686 5614 3785 5671 ρο-
