3994 6042
122 357 228 414 ’749
1105 349 1463 408 EXPOSITIO
1501 349 1570 406 IN
1608 343 1943 407 PSALMOS.
1979 377 2054 394 --
2089 348 2284 408 PSAL.
2323 349 2474 408 XXIX
2912 381 2916 384 -
3343 351 3448 414 750

114 486 250 554 puto
271 495 364 533 suo
395 476 570 545 dabit,
598 475 657 532 id
687 476 774 530 est
810 473 1222 543 constantiam,
1258 491 1331 530 ne
1359 474 1651 543 deﬁciant,
1679 481 1738 532 et
1759 497 1815 557 Α
1845 477 1898 528 in
1918 475 2114 544 lacum,
2137 476 2193 533 id
2215 480 2320 546 est,
2347 495 2380 532 a
2399 477 2687 534 consortio
2719 475 3191 534 descendentium
3231 479 3290 536 in
3319 497 3453 554 pro-

126 570 187 625 in
212 570 405 623 futuro
442 566 699 621 benedicet
721 563 942 636 papula,
983 563 1040 618 id
1085 567 1190 630 est,
1239 564 1511 619 exaltabit
1556 581 1738 637 popu-
1843 565 2189 620 funditatem
2218 567 2512 622 vitiorum.
2563 567 2804 623 Ostensa
2844 569 3145 624 sanatione
3191 585 3313 636 sua,
3347 571 3448 626 ad-

128 659 254 713 lum
283 672 450 710 suum
486 673 498 709 :
533 657 590 708 in
629 670 765 724 pace
804 652 1230 722 constituendo,
1281 669 1354 708 ne
1393 653 1642 726 amplius
1681 653 1740 708 in
1840 655 2104 710 hortatur
2128 656 2394 712 membra
2427 657 2501 711 ad
2531 657 2896 729 psallendum
2926 661 2984 712 et
3009 659 3256 713 Domino
3277 659 3454 715 conti-

127 746 322 820 aliquo
357 743 715 800 sollicitetur.
1843 743 2174 811 tendum,ut
2193 747 2251 800 et
2279 745 2402 818 ipsa
2427 749 2628 800 sanata
2655 747 2926 801 laetentur
2955 763 2968 800 :
3009 745 3146 803 Dico
3175 749 3330 818 quod
3361 765 3450 803 sa-

607 834 676 888 IN
716 831 1044 888 PSALMUM
1090 833 1260 890 XXIX.
1843 831 2001 886 navit
2029 848 2144 887 me.
2180 833 2332 904 Ergo
2365 837 2430 888 ut
2460 833 2764 901 sanemini,
2795 850 2828 889 o
2853 835 2967 890 mei
2999 835 3178 890 sancti
3209 836 3309 890 ﬁlii
3330 837 3452 907 ejus

204 921 425 977 Titulus
455 921 710 977 vicesimi
742 922 904 976 noni.
927 921 1178 976 Psalmus
1203 923 1402 976 cantici
1422 924 1478 976 in
1524 921 1740 976 dedica-
1842 920 2167 988 existentes,
2188 921 2400 992 psallite
2425 920 2678 988 Domino,
2711 921 2768 976 id
2801 926 2904 988 est,
2940 924 3088 978 bene
3129 924 3453 996 operamini

129 1012 273 1065 tione
301 1011 488 1065 domus
517 1011 716 1065 David.
746 1011 963 1066 Titulus
991 1011 1095 1066 iste
1117 1011 1276 1082 juxta
1305 1010 1741 1066 similitudinem
1842 1009 1916 1062 ad
1942 1008 2226 1064 honorem
2254 1009 2503 1064 Domini.
2540 1009 2616 1064 Et
2653 1011 2976 1080 conﬁtemini
3015 1015 3280 1068 memoriae
3325 1031 3454 1069 san-

133 1099 394 1155 historiaa
428 1099 647 1171 positus
675 1103 779 1154 est.
807 1100 1096 1170 Propheta
1125 1117 1379 1172 namque
1422 1100 1743 1170 praevidens

133 1187 516 1244 Salomonem
535 1189 719 1244 ﬁlium
736 1205 902 1242 suum
917 1188 1160 1243 domum
1172 1191 1288 1243 Deo
1301 1188 1742 1258 ardilicaturum,

130 1280 192 1332 et
226 1279 431 1348 postea
464 1275 888 1344 dedicaturum,
923 1280 978 1331 et
1001 1276 1060 1330 in
1087 1277 1184 1331 illa
1213 1276 1573 1331 dedicatione
1599 1293 1745 1347 pra:-

135 1365 512 1438 {igurandam
545 1383 667 1420 esse
700 1365 1125 1420 dedicationem
1157 1365 1414 1437 corporis
1441 1364 1647 1419 Christi
1690 1367 1749 1418 et

134 1453 403 1508 Ecclesiae
431 1471 445 1521 ;
475 1454 632 1525 quod
648 1457 960 1526 utrumque
981 1453 1080 1508 Dei
1104 1453 1331 1519 domus,
1355 1453 1410 1508 id
1431 1455 1516 1507 est
1529 1452 1750 1508 habita-

134 1541 220 1597 tio
255 1546 358 1609 est,
388 1541 702 1597 introducit
733 1541 1022 1596 Christum
1046 1541 1487 1612 promittentem
1508 1559 1567 1596 se
1600 1541 1748 1595 bene

139 1635 544 1702 operaturum,
576 1634 690 1685 uta
723 1633 838 1686 Deo
871 1630 929 1684 in
955 1630 1342 1684 resurectione
1370 1629 1750 1696 dedicetur,id

137 1721 249 1786 est,
289 1719 362 1774 ad
393 1718 895 1774 immortalitatem
929 1722 987 1772 et
1016 1718 1263 1789 gloriam
1300 1720 1357 1772 et
1388 1719 1486 1773 Dei
1518 1718 1751 1772 laudem

1843 1099 2040 1150 ctitatis
2069 1098 2202 1167 ejus,
2228 1098 2286 1152 id
2317 1102 2422 1165 est,
2456 1099 2688 1154 laudate
2718 1117 2848 1154 eum
2879 1117 3015 1155 voce
3060 1105 3117 1156 et
3147 1101 3455 1160 affectione

1845 1186 1916 1240 de
1951 1187 2233 1240 memoria
2257 1187 2578 1242 sanctitatis
2597 1189 2738 1258 ejus.
2755 1188 2918 1252 Quod
2931 1194 3016 1244 est
3043 1189 3232 1245 dicere
3254 1191 3324 1246 de
3345 1193 3455 1249 hoc

1847 1273 2000 1344 quod
2027 1289 2255 1328 memor
2283 1275 2392 1329 erit
2421 1275 2818 1346 promissionis
2849 1294 2985 1345 suae,
3015 1281 3077 1332 ut
3101 1295 3198 1332 vos
3243 1278 3458 1335 scilicet

1847 1379 1951 1435 per
1979 1379 2074 1416 me
2103 1363 2441 1430 sanctiﬁcet,
2473 1363 2572 1434 qui
2602 1380 2708 1436 per
2725 1365 2910 1420 Adam
2927 1370 3257 1436 peccatores
3269 1367 3456 1424 effecti

1849 1450 2001 1504 estis.
2030 1450 2166 1506 Dico
2199 1451 2542 1520 conﬁtemini,
2573 1456 2630 1506 et
2661 1453 2770 1508 hoc
2809 1453 3020 1524 duplici
3053 1455 3284 1512 intuitu.
3319 1456 3461 1524 Quo-

1848 1540 1995 1592 niam
2025 1540 2124 1604 ira,
2152 1539 2209 1592 id
2226 1541 2331 1606 est,
2353 1539 2602 1594 vindicta
2621 1540 2698 1595 eis
2719 1557 2894 1613 quam
2913 1542 3247 1599 hominibus
3266 1544 3462 1600 intulit

1851 1630 2088 1698 propter
2109 1628 2318 1695 Adam,
2347 1627 2457 1682 erit
2488 1631 2543 1682 in
2579 1629 2956 1698 indignatione,
3003 1631 3064 1685 id
3103 1635 3188 1687 est
3218 1632 3276 1687 in
3301 1633 3474 1694 brevi

1851 1713 2066 1768 furore.
2095 1716 2158 1770 In
2191 1715 2302 1770 alia
2330 1717 2710 1772 translatione
2729 1718 3069 1773 habeturira
3093 1721 3203 1790 ejus
3233 1722 3306 1776 ad
3339 1739 3462 1778 mo-

141 1807 488 1876 destinetur,
522 1807 667 1862 sicut
697 1808 904 1862 domus
929 1806 1256 1862 Salomonis
1307 1807 1415 1861 fuit
1469 1807 1751 1872 dedicata,
1784 1805 2139 1882 Bmentum,
2174 1803 2324 1875 quod
2361 1804 2516 1859 idem
2557 1808 2644 1859 est
2683 1805 2742 1859 in
2773 1807 3063 1862 sententia
3093 1825 3106 1864 :
3134 1809 3459 1881 Indignatio

138 1895 201 1950 id
231 1899 318 1950 est
349 1897 421 1950 ad
447 1897 557 1951 hoc
589 1899 649 1950 ut
679 1897 827 1950 Deus
866 1894 924 1949 in
973 1913 1041 1950 ea
1073 1895 1404 1950 laudaretur
1447 1895 1751 1950 destinata.

139 1985 227 2038 En
237 1983 421 2038 untiat
437 2000 665 2056 quoque
681 1982 866 2054 ipsam
881 1983 1307 2038 dedicationem
1322 1981 1756 2056 resurrectionis

141 2071 653 2138 suaa,adhortando
673 2071 940 2126 membra
957 2071 1029 2126 ad
1047 2072 1196 2126 bene
1215 2071 1598 2142 operandum,

139 2164 202 2216 et
233 2163 415 2216 Deum
439 2159 816 2227 laudandum,
847 2162 909 2214 ut
935 2160 1043 2230 ipsi
1073 2161 1133 2215 in
1165 2160 1358 2216 futuro
1391 2161 1754 2228 dedicentur,

139 2251 203 2305 id
221 2253 560 2316 est,remota
581 2249 955 2316 mortalitate,
979 2250 1052 2303 ad
1069 2249 1570 2304 immortalitatem
1585 2253 1642 2304 et
1657 2251 1755 2304 lm-
1775 2276 1782 2280 -

140 2339 333 2394 titiam
355 2343 414 2394 et
439 2338 539 2393 Dei
565 2337 798 2394 laudem
823 2337 1203 2393 destinentur.
1234 2339 1496 2394 Ostendit
1527 2356 1758 2412 quoque

141 2426 536 2482 constantiam
568 2444 732 2481 suam
765 2426 970 2481 orandi
1002 2443 1108 2498 pro
1147 2427 1245 2482 illa
1275 2427 1662 2495 dedicatione,
1695 2430 1759 2484 ut

143 2519 204 2570 et
225 2532 332 2570 nos
347 2517 680 2570 constantes
700 2515 759 2569 in
783 2515 1045 2570 oratione
1062 2515 1252 2570 faciat.
1282 2515 1428 2580 Quia
1442 2518 1636 2570 autem
1651 2531 1754 2587 po-

142 2605 234 2660 nit
254 2604 312 2659 in
347 2604 512 2660 titulo
533 2604 747 2660 scilicet
781 2604 1031 2660 Psalmus
1061 2607 1272 2671 cantici,
1307 2604 1545 2676 quidam
1581 2621 1759 2659 unam

145 2697 406 2766 partem;
433 2693 670 2764 quidam
707 2709 841 2747 vero
883 2693 1023 2747 duas
1063 2709 1183 2748 esse
1215 2693 1432 2748 dicunt.
1474 2692 1614 2748 Cum
1645 2709 1762 2747 una

149 2798 287 2854 pars
303 2784 410 2849 est,
433 2781 511 2834 sic
535 2781 730 2840 titulus
753 2781 1059 2852 exponitur
1086 2797 1099 2835 :
1127 2781 1422 2836 Tractatus
1450 2781 1552 2836 iste
1577 2781 1761 2836 dictus

146 2871 411 2924 Psalmus
441 2869 668 2938 cantici,
702 2885 769 2924 eo
790 2869 944 2941 quod
975 2869 1031 2923 in
1059 2886 1117 2924 se
1134 2869 1429 2924 contineat
1447 2871 1758 2941 psalmum,

139 2957 207 3012 id
237 2961 324 3011 est
353 2959 568 3013 bonam
599 2957 1002 3028 operationem
1029 2975 1042 3026 ;
1077 2961 1134 3011 et
1156 2958 1465 3025 canticum,
1501 2958 1558 3012 id
1578 2962 1662 3012 est
1692 2959 1762 3014 de

145 3049 306 3102 bono
336 3063 511 3119 Opere
539 3047 982 3102 retributionem
1019 3063 1030 3100 :
1064 3047 1246 3101 factus
1276 3049 1363 3102 est
1393 3048 1451 3101 in
1501 3047 1761 3102 conside-

147 3135 381 3190 ratione
407 3135 783 3190 dedicationis
811 3135 1017 3190 domus
1049 3135 1248 3198 David,
1279 3135 1340 3190 id
1371 3139 1476 3203 est,
1507 3135 1766 3206 corporis

150 3223 365 3280 Christi
415 3226 500 3278 vel
555 3224 816 3278 Ecclesia:
849 3241 860 3277 :
895 3223 1048 3294 quod
1093 3227 1402 3295 utrumque
1450 3224 1766 3278 estdomus

151 3313 357 3379 David,
386 3312 444 3366 id
471 3314 556 3366 est
589 3310 816 3376 Christi,
844 3311 964 3364 veri
991 3311 1189 3365 David.
1211 3311 1268 3366 Si
1281 3315 1480 3366 autem
1507 3312 1767 3366 Psalmus

149 3400 364 3456 cantici
397 3399 523 3454 duas
545 3402 739 3471 partes
763 3398 897 3466 sint,
933 3401 1192 3470 quamvis
1223 3400 1381 3454 idem
1425 3399 1496 3455 sit
1538 3399 1595 3454 in
1637 3415 1765 3454 sen-

149 3488 360 3556 tentia,
395 3489 614 3543 diverse
647 3488 724 3541 sic
747 3487 1054 3558 exponitur
1081 3505 1093 3542 :
1126 3491 1232 3542 lste
1277 3490 1553 3560 psalmus,
1587 3487 1647 3542 id
1683 3491 1768 3541 est

147 3577 311 3632 bona
336 3575 618 3648 operatio,
652 3593 778 3648 quae
811 3577 1140 3630 continetur
1159 3575 1218 3630 in
1249 3577 1356 3630 hoc
1383 3578 1650 3642 tractatu,
1683 3577 1768 3630 est

144 3681 324 3720 causa
355 3663 584 3730 cantici,
608 3664 667 3718 id
696 3668 800 3728 est,
833 3663 1070 3718 ltetitiaa.
1107 3664 1324 3719 Cantici
1355 3663 1481 3718 dico
1524 3663 1581 3716 in
1615 3662 1770 3717 dedi-

147 3754 384 3809 catione
415 3753 624 3808 domus
648 3753 825 3808 David
851 3753 1027 3807 futuri
1055 3753 1113 3807 in
1161 3752 1284 3824 ipsa
1321 3752 1516 3809 domo.
1550 3752 1648 3806 Vel
1690 3751 1770 3805 ita

148 3847 214 3897 ut
245 3843 305 3898 in
339 3842 628 3898 sententia
657 3841 731 3896 sit
759 3841 1057 3896 diversitas
1086 3858 1098 3895 :
1135 3843 1393 3896 Psalmus
1436 3841 1564 3907 iste,
1595 3840 1656 3894 id
1685 3843 1772 3894 est

149 3933 451 3998 tractatus,
487 3935 572 3986 est
603 3932 878 4002 psalmus,
922 3931 982 3984 id
1023 3934 1108 3985 est
1151 3933 1424 3985 tractatus
1475 3929 1680 3984 cantici
1710 3928 1770 3983 in

151 4021 522 4078 dedicatione
557 4021 764 4076 domus
793 4021 968 4074 David
997 4021 1196 4074 futuri.

216 4109 490 4164 Exaltabo
519 4117 588 4171 te,
619 4108 868 4175 Domine,
902 4109 960 4163 id
983 4112 1086 4174 est,
1122 4113 1178 4162 te
1209 4110 1390 4164 altum
1417 4112 1473 4162 et
1489 4125 1770 4180 magnum

153 4197 460 4269 reputabo,
481 4197 630 4251 bene
651 4197 721 4251 de
734 4200 790 4251 te
811 4197 1118 4267 cogitando
1139 4197 1210 4250 ad
1224 4197 1772 4262 honoremtuum,et

153 4287 309 4340 bene
327 4285 624 4356 operando
653 4301 664 4339 :
697 4289 755 4338 et
771 4285 1012 4353 merito;
1039 4288 1293 4356 quoniam
1316 4286 1773 4356 propterexalta—

1854 1891 2010 1945 enim
2041 1895 2125 1946 est
2150 1896 2594 1948 momentaneus
2618 1893 2798 1952 furor.
2821 1893 2899 1948 Et
2927 1897 3036 1949 vita
3065 1899 3164 1950 erit
3191 1899 3246 1950 in
3274 1898 3461 1952 volun-

1857 1985 1962 2033 tate
1989 1980 2122 2050 ejus,
2141 1981 2297 2052 quod
2319 1985 2404 2036 est
2420 1981 2610 2036 dicere
2637 1999 2650 2038 :
2671 1984 2789 2038 Deo
2807 1982 2913 2054 ipsi
2929 1985 3148 2040 debetis
3177 1986 3462 2056 conﬁteri,

1857 2068 1990 2140 quia
2020 2085 2148 2122 cum
2177 2069 2330 2140 juste
2359 2086 2458 2125 vos
2489 2071 2769 2127 damnare
2801 2076 3011 2144 posset,
3043 2075 3275 2130 brevem
3304 2074 3466 2130 vobis

1858 2157 2397 2226 vindictamintulit,
2414 2158 2630 2214 scilicet
2654 2161 3072 2216 mortalitatem
3103 2165 3161 2218 et
3183 2163 3464 2234 passibili-

1857 2248 2038 2300 tatem
2068 2263 2183 2302 non
2219 2246 2316 2301 diu
2349 2248 2706 2304 duraturam.
2736 2250 2805 2304 Et
2835 2249 2973 2321 quia
3013 2252 3128 2307 vita
3158 2252 3388 2308 dabitur
3404 2252 3466 2308 in

1857 2334 2050 2390 futuro
2083 2338 2137 2389 in
2162 2335 2433 2391 voluntate
2447 2337 2581 2408 ejus,
2609 2337 2667 2392 id
2689 2341 2794 2405 est,
2823 2341 3253 2410 pel-gratuitam
3265 2342 3466 2398 volun-

1857 2425 2038 2478 tatem
2070 2424 2212 2495 ejus,
2247 2427 2304 2479 et
2328 2424 2459 2480 ideo
2491 2425 2676 2480 adhuc
2705 2429 3042 2496 conﬁtemini.
3085 2429 3370 2493 Quoniam
3399 2429 3472 2486 ad

1858 2529 2148 2583 vesperum,
2182 2513 2237 2567 id
2273 2517 2378 2580 est,
2413 2513 2487 2568 ad
2507 2515 2692 2570 Adam
2718 2515 3230 2588 respicientibusut
3251 2519 3302 2572 ei
3332 2535 3470 2574 con-

1859 2596 2207 2669 formentur,
2241 2602 2604 2658 demorabitur
2630 2605 2808 2672 ﬂetus,
2860 2605 2919 2660 id
2957 2609 3062 2674 est,
3109 2611 3357 2662 aeternus
3407 2607 3468 2663 in

1861 2687 2054 2744 futuro
2080 2689 2190 2744 erit
2213 2690 2406 2758 fletus;
2431 2697 2482 2745 et
2509 2691 2580 2744 ad
2623 2695 2971 2760 matutinum,
3004 2693 3059 2748 id
3073 2698 3157 2749 est
3183 2712 3277 2750 me
3307 2695 3470 2749 Chri-

1863 2781 2036 2844 stum,
2067 2778 2505 2850 respicientibus
2536 2779 2900 2834 demorabitur
2944 2781 3128 2836 laetitia
3157 2782 3469 2838 beatitudi-

1863 2865 1969 2918 nis.
2000 2865 2163 2929 Quod
2195 2869 2282 2920 cst
2319 2867 2509 2921 dicere
2554 2884 2566 2921 :
2614 2866 2986 2936 Conﬁtemini;
3031 2887 3169 2925 nam
3205 2871 3302 2943 qui
3349 2887 3468 2927 non

1863 2955 2234 3020 conﬁtentur,
2261 2955 2359 3008 sed
2391 2956 2463 3010 ad
2493 2955 2678 3010 Adam
2700 2957 3082 3029 respiciendo,
3108 2959 3212 3031 ipsi
3244 2960 3473 3016 confor-

1865 3045 2118 3110 mantur,
2152 3044 2393 3098 ﬂebunt.
2430 3043 2538 3107 Qui
2566 3060 2698 3098 vero
2731 3045 2804 3100 ad
2834 3063 2928 3100 me
2959 3046 3247 3102 Christum
3295 3047 3472 3120 respi-

1865 3130 2067 3185 ciendo
2103 3132 2350 3201 psallunt
2373 3135 2430 3184 et
2454 3132 2596 3187 mihi
2626 3135 3468 3204 conformantur,lmtabuntur.

1863 3219 2076 3288 Vesper
2094 3219 2242 3273 bene
2276 3219 2485 3274 dicitur
2510 3221 2714 3288 Adam,
2731 3222 2828 3293 qui
2845 3239 2878 3276 a
2888 3224 3182 3293 peccando
3200 3225 3472 3280 obscurus

1865 3305 2048 3360 factus
2080 3311 2184 3374 est,
2217 3311 2276 3362 et
2305 3325 2373 3362 ex
2403 3325 2472 3363 eo
2501 3326 2659 3365 mors
2694 3315 2895 3365 nostra
2939 3315 3132 3368 secuta
3173 3317 3276 3380 est,
3327 3315 3472 3369 sicut

1867 3411 2167 3466 vesperum
2199 3395 2457 3468 sequitur
2490 3415 2624 3464 nox,
2656 3399 2811 3470 quod
2838 3416 3011 3454 mane
3043 3403 3337 3456 obscurius
3365 3406 3469 3458 est.

1864 3483 2204 3537 Matutinum
2239 3475 2435 3539 autem
2471 3485 2724 3542 Christus
2765 3492 2869 3554 est,
3083 3491 3237 3562 quod
3286 3491 3343 3546 in
3401 3507 3471 3546 eo

1867 3570 1999 3624 ﬁdei
2027 3575 2238 3626 nostra:
2288 3574 2380 3626 lux
2423 3574 2774 3646 principium
2813 3577 3056 3632 habuit:
3097 3581 3155 3632 et
3197 3581 3383 3633 clarus
3410 3579 3471 3634 in

1867 3659 2168 3713 sanctitate
2195 3659 2305 3714 fuit
2334 3661 2406 3715 ad
2431 3662 2670 3715 modum
2699 3679 2894 3730 mane,
2923 3665 3078 3734 quod
3107 3666 3324 3720 clarum
3364 3669 3470 3728 est,

1871 3747 1927 3801 in
1971 3765 2085 3819 quo
2137 3749 2230 3801 lux
2279 3748 2393 3802 dici
2445 3749 2666 3820 incipit.
2719 3749 2886 3805 Dixi:
2923 3750 3068 3814 Quia
3095 3753 3166 3804 ad
3207 3770 3474 3823 vesperum

1869 3837 2084 3892 scilicet
2113 3837 2554 3908 respicientibus
2581 3838 2944 3894 demorabitur
2980 3843 3151 3908 ﬂetus.

1943 3925 2063 3994 Ego
2089 3933 2266 3979 (uitem
2293 3941 2412 3980 non
2439 3927 2662 3996 respexi
2683 3927 2754 3980 ad
2779 3943 3067 3998 veSperum,
3091 3929 3189 3983 sed
3223 3931 3277 3982 in
3304 3929 3472 3983 abun-

1871 4015 2056 4067 dantia
2087 4031 2225 4081 mea,
2259 4013 2317 4068 id
2349 4017 2454 4082 est,
2479 4014 2836 4084 plenitudine
2863 4015 3178 4070 sanctitatis
3208 4034 3352 4072 meae
3371 4035 3473 4090 po-

1875 4103 2033 4157 situs.
2066 4102 2219 4169 Diri,
2252 4103 2311 4157 id
2343 4107 2448 4171 est,
2477 4119 2706 4158 mecum
2739 4105 2910 4158 statui
2940 4122 2953 4160 :
2983 4122 3087 4160 non
3133 4108 3374 4161 movebar
3403 4110 3476 4165 ab

1868 4176 1977 4246 hac
2009 4191 2338 4245 abundantia
2363 4193 2420 4245 in
2449 4198 2727 4246 aeternum.
2762 4193 2829 4247 Et
2853 4193 2960 4248 hoc
2982 4193 3111 4249 ideo
3138 4194 3273 4249 dicit
3295 4201 3357 4250 ut
3376 4215 3478 4253 nos

1870 4281 2116 4334 instruat
2140 4281 2401 4351 exemplo
2427 4281 2513 4334 sui
2551 4298 2565 4348 ;
2603 4298 2676 4336 ne
2708 4298 2742 4335 a
2788 4282 3088 4337 sanctitate
3119 4300 3476 4342 moveamur.

155 4373 380 4430 tionem
422 4375 708 4444 suscepisti,
745 4373 804 4428 id
848 4376 934 4427 est
977 4372 1264 4444 suscipies,
1311 4390 1392 4427 me
1430 4374 1502 4428 de
1539 4373 1772 4428 mortali
1796 4363 1846 4421 D
1871 4368 2017 4431 Dixi,
2049 4385 2152 4422 non
2181 4369 2423 4422 movebar
2454 4387 2472 4422 :
2505 4371 2562 4422 et
2591 4369 2698 4424 hoc
2729 4373 2926 4424 tamen
2960 4386 3078 4426 non
3108 4387 3212 4442 per
3234 4389 3348 4440 me,
3375 4375 3477 4430 sed

151 4463 428 4518 faciendo
459 4463 870 4528 immortalem,
908 4481 941 4517 a
979 4462 1358 4518 similitudine
1409 4463 1640 4530 medici,
1673 4463 1769 4534 qui

153 4567 383 4622 aegrum
413 4550 649 4621 suscipit
678 4555 740 4605 ut
763 4551 1040 4606 sanificet.
1068 4551 1184 4606 Nec
1222 4551 1508 4617 delectasti,
1557 4551 1616 4605 id
1663 4554 1767 4619 est,

152 4637 460 4710 permittes
489 4637 760 4694 delectari
790 4640 1030 4692 inimicos
1061 4655 1199 4692 meos
1243 4639 1471 4693 Iudaeos
1509 4655 1665 4710 super
1688 4656 1771 4692 me

150 4743 214 4782 se
247 4726 587 4781 extollentes
619 4743 630 4780 :
660 4727 1085 4781 delectarentur
1110 4725 1267 4780 enim
1292 4725 1337 4779 si
1387 4725 1680 4781 detinerer
1707 4725 1767 4780 in

150 4819 368 4870 morte.
401 4814 533 4869 Dico
562 4813 862 4887 suscipias;
891 4819 954 4870 ut
985 4818 1177 4868 autem
1205 4813 1500 4885 suscipiar,
1523 4815 1766 4870 Domine

151 4903 599 4969 omnium,Deus
617 4919 781 4958 meus
798 4903 1123 4974 specialiter
1146 4919 1158 4956 :
1178 4902 1248 4956 ad
1269 4911 1316 4956 te
1331 4901 1764 4958 misericordem

147 4990 469 5062 respiciens
492 4991 800 5057 clamavi,id
822 4993 1066 5056 est,voce
1093 4991 1318 5044 intonsa
1331 4989 1486 5046 oravi
1509 5007 1522 5059 ;
1555 4998 1603 5044 et
1634 4990 1762 5046 ideo

145 5079 375 5143 sanasti,
409 5077 465 5131 id
497 5080 582 5131 est
611 5077 860 5144 sanabis,
890 5095 989 5131 me.
1026 5077 1251 5133 Sanasti
1285 5077 1442 5131 idem
1486 5082 1570 5132 est
1609 5078 1764 5150 quod

149 5172 212 5222 et
234 5167 524 5236 suscepisti.
562 5166 629 5218 Et
659 5165 893 5236 exponit
923 5165 1216 5236 quomodo
1243 5166 1505 5233 sanabit;
1539 5167 1618 5220 ita
1657 5167 1762 5221 sci-

147 5256 290 5310 licet
309 5253 571 5308 sanabis:
595 5253 844 5320 Domine,
867 5253 1110 5319 eduxisti,
1131 5253 1188 5308 id
1215 5256 1320 5319 est,
1351 5253 1559 5309 educes
1581 5254 1648 5308 ab
1678 5256 1762 5307 in-

147 5345 309 5414 ferno
340 5359 577 5396 animam
631 5360 822 5408 meam,
854 5341 1115 5396 videlicet
1139 5358 1170 5396 a
1205 5342 1368 5397 locati
1397 5341 1646 5411 inferno,
1681 5359 1766 5397 re-

151 5430 424 5486 ducendo
481 5447 610 5484 eam
657 5431 730 5485 ad
773 5446 982 5502 corpus
1024 5430 1117 5484 die
1147 5431 1337 5497 tertia,
1380 5434 1436 5484 et
1467 5434 1528 5485 ut
1557 5431 1766 5501 dignus

153 5535 344 5574 essem
375 5517 449 5573 ad
481 5517 884 5574 deducendum
923 5518 994 5572 de
1024 5517 1273 5572 inferno.
1307 5517 1543 5574 Salvasti
1581 5535 1664 5573 me
1693 5521 1764 5577 ab

162 5605 327 5665 omni
355 5610 614 5679 peccato.
639 5607 722 5664 Me
753 5607 881 5664 dico
911 5611 1241 5680 separatum
1289 5625 1323 5662 a
1347 5606 1767 5667 descendentibus

1870 4463 1952 4524 tu,
1974 4457 2220 4523 Domine,
2238 4458 2543 4528 praestitisti
2565 4459 2834 4524 virtutem,
2865 4458 2925 4512 id
2947 4463 3052 4522 est,
3087 4462 3475 4519 constantiam

1869 4545 2043 4599 decori
2063 4561 2196 4610 meo,
2231 4543 2290 4598 id
2317 4546 2421 4610 est,
2458 4545 2827 4600 abundantia;
2859 4546 3175 4602 sanctitatis
3205 4565 3380 4620 meas;
3418 4552 3476 4604 in

1869 4633 2154 4696 voluntate,
2185 4631 2244 4686 id
2273 4634 2358 4686 est
2400 4632 2458 4686 in
2505 4633 2692 4704 gratia
2733 4636 2852 4688 tua.
2897 4635 2966 4690 Et
3007 4635 3258 4691 ostendit
3295 4654 3471 4711 quam

1867 4721 2158 4787 virtutem,
2185 4721 2334 4774 hanc
2363 4721 2574 4775 scilicet
2605 4724 2667 4776 ut
2697 4738 2803 4776 nec
2833 4722 2892 4776 in
2925 4723 3294 4780 tribulatione
3321 4727 3471 4780 desi-

1866 4814 2015 4864 stam
2048 4811 2296 4864 clamare
2327 4810 2399 4864 ad
2433 4813 2509 4877 te,
2543 4811 2805 4882 quamvis
2849 4829 2942 4866 me
2987 4813 3246 4868 tribulari
3293 4813 3466 4869 sinas.

1865 4900 2000 4954 Dico
2037 4899 2192 4970 quod
2211 4901 2516 4969 praestitisti
2538 4903 2808 4968 virtutem,
2837 4905 2894 4955 et
2924 4918 3101 4972 usque
3137 4902 3282 4956 adeo
3309 4904 3466 4974 quod

1863 4990 2103 5042 avertisti
2126 4989 2324 5057 faciem
2350 4995 2497 5042 tuam
2524 5007 2556 5042 a
2581 5007 2684 5057 ine,
2709 4990 2768 5043 id
2792 4991 2878 5043 est
2892 4988 3176 5043 videberis
3205 4993 3464 5046 avertere

1863 5081 2155 5147 aspectum
2181 5075 2590 5132 misericordia:
2622 5081 2736 5132 tua:
2757 5094 2790 5131 a
2819 5093 2913 5130 me
2940 5076 3000 5130 in
3027 5077 3310 5149 passione,
3343 5097 3471 5153 pcr-

1864 5165 2148 5220 mittendo
2180 5182 2273 5219 me
2306 5166 2526 5237 aftligi;
2579 5173 2628 5219 et
2664 5167 2840 5234 factus
2871 5183 2989 5219 sum
3021 5167 3382 5236 conturbatus,
3411 5168 3471 5225 id

1864 5257 1970 5320 est,
1994 5253 2791 5326 spontaneeconturbaborin
2809 5253 3004 5308 anima
3029 5253 3238 5310 timore
3263 5255 3474 5324 passio-

1864 5342 1974 5409 nis,
2007 5346 2065 5396 et
2095 5346 2292 5396 tamen
2319 5359 2438 5398 non
2471 5357 2568 5396 ero
2599 5342 2891 5396 remissus.
2917 5339 3030 5395 Sed
3059 5343 3129 5395 ad
3163 5349 3212 5396 te
3245 5341 3478 5396 Domine

1866 5430 2297 5496 misericordia,
2331 5429 2643 5503 respiciens
2671 5429 2930 5495 clamabo,
2975 5429 3034 5483 id
3078 5434 3184 5496 est,
3224 5429 3485 5486 clamosa

1867 5517 2173 5573 affectione
2203 5535 2374 5590 agam
2400 5537 2414 5587 ;
2445 5521 2503 5572 et
2531 5514 2604 5569 ad
2637 5519 2702 5573 te
2731 5517 2924 5583 Deum,
2947 5516 3004 5571 id
3021 5519 3128 5586 est,
3143 5517 3494 5574 Creatorem

1875 5623 2052 5664 meum
2085 5606 2395 5679 respiciens
2423 5605 2748 5677 deprecabor
2787 5619 2925 5663 voce
2968 5605 3046 5664 sic
3083 5608 3283 5667 dicens
3316 5621 3336 5664 ξ
3370 5604 3514 5678 Quae
