2004 3015
238 186 289 215 ’751

240 293 343 325 scendo,
356 291 384 318 id
398 292 450 324 est,
467 290 488 317 si
509 290 564 317 hoc
578 291 621 316 est
639 289 715 325 quod
729 289 902 316 descendam
918 289 944 315 in
963 297 1053 315 corru-

237 335 470 374 pitionem,idcst,
483 334 512 361 in
523 334 706 370 putredinem
716 333 729 360 ‘2
741 333 823 365 Quod
834 332 997 360 estdicere:
1008 333 1046 359 Ne

242 381 393 418 permittas
410 388 456 406 me
473 380 502 406 in
529 378 745 414 corruptionem
767 377 951 405 descendere.
976 377 1046 404 Cum

244 425 323 453 enim
338 432 445 459 magna
461 423 568 450 utilitas
584 423 618 449 de
631 423 724 449 morte
735 430 810 454 mea,
821 421 843 448 si
854 429 1046 454 resurrexero,

244 470 280 497 sit.
294 470 405 502 futura;
423 468 445 495 si
456 468 509 495 hoc
520 469 561 494 est
576 467 651 502 quod
666 475 724 493 non
740 466 916 501 resurgendo
939 465 968 492 in
986 473 1047 492 cor-

245 513 409 549 ruptionem
420 512 606 544 descendere,
621 519 683 546 quin
695 510 800 537 utilitas
809 510 863 537 erit
873 509 901 536 in
912 509 1048 536 etfusioue

245 556 567 592 sanguinismei?Nulla
576 555 691 582 scilicet.
709 555 742 581 Et
758 554 875 590 exponit
891 554 982 590 ipsam
998 553 1050 580 uti-

245 603 356 631 litatem
365 601 403 628 sic
416 610 423 628 :
434 601 504 628 Vere
516 601 594 627 nulla
606 599 661 627 erit
671 599 779 626 utilitas
786 601 855 626 tunc
868 598 897 625 in
910 597 1049 633 sanguine

249 655 332 680 meo;
349 645 483 681 Nunquid
494 645 572 672 enim
586 644 762 679 conﬁtebitur,
778 643 805 670 id
820 644 872 675 est,
885 651 966 669 veros
980 650 1049 670 con-

245 691 366 719 fessorcs
375 690 465 726 pariet
478 689 526 716 tibi
538 688 647 724 pulvis?
662 688 721 714 Aut
738 687 906 714 amzimtiabit
926 686 971 713 ille
992 686 1052 721 pul-

245 736 286 763 vis
301 736 441 761 t'eritatcm
456 738 541 766 tuam,
555 732 660 759 scilicet
674 735 700 759 te
711 739 841 759 veracem
851 730 976 766 esse,qui
989 738 1052 765 pro-

247 779 409 814 misistiper
426 778 583 814 prophetas
599 778 626 803 te
639 784 685 802 me
699 774 954 802 resuseitaturum‘.’
970 773 1052 806 Quod

247 823 394 851 estdicere
407 831 414 849 :
425 822 453 849 Si
468 830 527 848 non
539 829 702 855 resurgens,
714 820 805 856 pulvis
819 819 934 846 etfeclus
949 819 1028 845 fuero
1044 826 1050 851 ;

237 868 308 896 'non
325 867 437 903 pariam
463 866 514 893 tibi
537 865 726 899 confessores,
752 872 804 891 nec
829 863 1007 890 annuntiabo
1023 862 1052 888 in

247 911 387 940 membris
402 910 473 937 meis
488 911 516 937 te
530 917 662 936 veracem
687 917 757 942 esse,
779 907 846 943 quia
866 915 913 934 me
937 905 1054 933 resusci-
1066 911 1091 940 Β

247 955 338 983 tando
354 954 575 990 promissionem
584 955 662 980 tuam
674 951 872 988 compleveris.
886 951 943 978 lloc
956 952 1054 977 autem

249 1000 300 1028 sub
315 998 543 1034 interrogatione
555 997 623 1024 dicit
634 1005 667 1024 ex
677 996 828 1024 aﬁ'cctione
840 995 939 1027 nimia,
957 997 988 1021 ut
996 1003 1055 1022 ma-

250 1044 292 1080 gis
304 1052 370 1071 eum
387 1043 421 1071 ad
437 1041 646 1078 perﬁciendum
662 1041 740 1077 quod
756 1041 844 1076 possit
864 1041 1053 1067 commoveat.

286 1088 370 1115 Facta
385 1087 527 1120 oratione,
543 1094 578 1113 ne
592 1085 721 1112 videatur
731 1093 764 1111 ex
776 1084 936 1125 diffidentia
949 1091 1054 1115 orasse,

249 1141 309 1170 pro:
318 1131 488 1160 certitudine
497 1139 585 1166 quam
595 1129 746 1164 liabetjam
756 1137 784 1156 se
796 1127 1054 1160 exauditum,dicit:

251 1178 322 1206 Cum
335 1176 465 1203 nondum
480 1176 516 1202 sit
532 1175 561 1202 in
577 1183 618 1201 re.
639 1174 671 1201 Et
686 1174 739 1200 hoc
752 1173 789 1200 sic
804 1173 890 1199 dicit:
908 1171 973 1204 Quae
988 1171 1058 1198 utili.

252 1226 301 1253 tas,
314 1223 367 1249 etc.
380 1221 412 1247 Et
423 1219 553 1255 quamvis
566 1219 627 1245 haec
640 1218 680 1244 ita
699 1217 772 1250 dico,
790 1225 849 1244 non
866 1218 963 1243 tamen
980 1215 1057 1251 quod

251 1274 313 1299 oro,
329 1265 458 1291 futurum
475 1271 534 1290 esse
550 1262 649 1290 dubito
664 1270 670 1289 :
686 1263 780 1288 certus
807 1260 886 1287 enim
906 1268 970 1287 sum
991 1259 1058 1295 quia

252 1309 363 1342 audivit,
374 1308 402 1336 id
415 1309 457 1334 est
469 1307 576 1339 audiet,
594 1314 641 1333 me
655 1305 797 1332 Dominus.
814 1304 944 1331 Ostendit
962 1305 1058 1330 autem

251 1353 319 1390 quia
333 1355 361 1380 et
376 1353 494 1388 propter
512 1349 754 1383 misericordiam,
771 1350 799 1376 et
817 1350 936 1384 propter
954 1347 1058 1374 merita

251 1397 359 1425 audivit
374 1405 450 1429 eum,
462 1396 499 1422 sic
516 1404 521 1422 :
536 1395 615 1429 Dico,
630 1395 741 1421 audivit.
758 1394 790 1420 Et
799 1394 852 1420 hoc
867 1393 942 1425 ideo,
957 1392 1024 1428 quia
1034 1395 1057 1418 et

250 1443 373 1470 misertus
394 1444 431 1468 est
452 1441 519 1472 moi;
543 1441 571 1466 et
586 1440 653 1475 quia
675 1439 764 1473 factus
790 1441 826 1464 est
847 1437 955 1473 adjutor
974 1444 1055 1463 meus.

250 1486 331 1519 Quod
347 1487 389 1513 est
402 1485 495 1512 dicere
511 1492 516 1511 :
536 1484 569 1511 Et
580 1484 644 1510 ideo
660 1482 768 1517 audiet,
787 1481 853 1518 quia
875 1480 1058 1508 miserebitur

249 1531 318 1559 mei.
329 1531 361 1557 Et
373 1529 441 1566 quia
452 1528 562 1556 meritis
574 1527 708 1555 meisieci
719 1535 785 1554 eum
798 1526 869 1553 mihi
882 1525 1056 1560 adjutorem.

250 1575 436 1604 Demonstrat
450 1581 517 1600 vero
527 1573 556 1599 in
570 1571 688 1608 quo'erit
696 1571 822 1606 adjutor,
839 1569 1057 1605 apostropham.

250 1619 436 1648 Demonstrat
448 1625 514 1644 vero
532 1616 561 1643 in
575 1624 632 1651 quo
646 1616 701 1643 erit
717 1615 842 1649 adjutor,
853 1614 1059 1649 apostropham

252 1663 289 1690 ad
305 1670 372 1690 cum
387 1670 452 1688 cum
469 1661 628 1696 gratiarum
641 1659 753 1686 actione
769 1657 959 1691 faciendo,sic
972 1665 978 1684 ε
989 1656 1060 1683 Vere

252 1707 368 1742 adjutor
380 1706 441 1733 ﬁes.
459 1705 531 1732 Nam
545 1705 705 1737 convertisti,
722 1703 752 1730 id
764 1704 807 1729 est
818 1703 977 1734 convertes,
984 1701 1062 1736 plun-

253 1755 326 1779 ctum
339 1758 435 1783 meum,
445 1749 474 1776 id
485 1750 537 1782 est,
553 1748 699 1775 tristitiam
708 1747 849 1783 passionis
859 1754 943 1779 mem,
954 1745 982 1772 in
992 1754 1061 1781 gau-

255 1795 335 1824 diur'n
357 1792 585 1822 resurrectionis.
611 1792 693 1824 Quod
715 1793 758 1819 est
786 1791 880 1819 dicere
902 1799 908 1817 :
930 1791 1063 1818 Destrues

254 1841 404 1876 planctum
418 1845 529 1871 meum,
546 1837 643 1864 dando
659 1836 729 1863 mihi
746 1835 894 1871 gaudium.
913 1835 947 1862 Et
960 1835 1062 1862 consci-

256 1885 320 1912 disti
334 1892 439 1910 saccum
457 1891 556 1916 meum,
566 1881 594 1908 id
610 1882 663 1912 est,
680 1880 800 1908 omnino
812 1880 940 1907 destrues
954 1880 1063 1906 morta-

255 1929 369 1956 litatem
384 1935 492 1954 meam.
504 1926 543 1953 Et
556 1925 761 1953 circumdestisti
772 1933 823 1958 me,
843 1924 873 1951 id
887 1925 940 1957 est,
954 1931 988 1950 ex
1002 1924 1063 1949 toto

257 1972 360 2001 ditabis
375 1980 421 1999 me
435 1970 778 1999 laetitiaimmortalitatis.
795 1970 870 1996 Bene
883 1970 981 1996 autem
990 1975 1065 1994 mor-

257 2017 354 2046 talitas
369 2015 472 2044 Christi
488 2023 585 2042 saccus
601 2014 722 2048 dicitur;
740 2014 808 2049 quia
830 2021 896 2040 cum
915 2014 1065 2048 peccatum

259 2070 318 2089 non
332 2060 463 2092 haberet,
480 2059 640 2086 mortalitas
653 2058 714 2093 ejus
737 2066 823 2093 poena
841 2057 949 2093 peccati
975 2056 1066 2083 nostri

259 2104 405 2137 fuit,sicut
420 2110 516 2130 saccus
531 2110 587 2138 quo
609 2101 782 2137 pamitentes
797 2101 965 2135 induuntur,
982 2109 1067 2137 poena

260 2156 378 2177 suorum
392 2149 578 2183 peccatorum
595 2147 647 2173 est.
656 2146 724 2173 Dico
739 2145 816 2181 quod
830 2145 1068 2172 circumdabisme

543 182 572 212 S.
593 182 764 211 BRUNONIS
785 181 1100 210 CARTHUSIANORUM
1119 181 1353 211 lNSTlTUTORlS
1374 181 1451 210 οΡΡ.
1473 181 1561 210 PARS
1581 182 1592 209 Ι

241 247 347 276 utilitas
361 246 410 274 erit
427 246 456 273 in
477 252 607 281 sanguine
627 245 684 273 Deo
707 244 894 278 eﬂ‘undendo,
923 244 987 271 dum
1004 244 1049 272 de-
1058 255 1086 284 Α

1848 186 1905 214 752

1343 255 1376 281 ΙΝ
1397 254 1437 282 PS
1443 255 1562 282 ALMUM
1580 255 1653 282 XXX.

1130 314 1239 342 Titulus
1256 317 1395 344 tricesimi.
1410 315 1445 343 In
1462 317 1542 351 ﬁnem
1560 318 1682 345 Psalmus
1705 318 1806 345 Devia.
1821 318 1906 346 Solus

1097 361 1193 386 autem
1207 360 1383 395 Augustinus
1403 361 1491 388 habet
1505 369 1511 388 :
1528 361 1562 387 In
1585 362 1665 396 ﬁnem
1676 362 1796 397 psalmus
1811 363 1906 390 David

1092 412 1143 439 pro
1156 404 1259 430 exstrui.
1270 404 1352 436 Quod
1366 404 1405 431 sic
1424 405 1577 440 exponitur
1593 414 1599 432 :
1616 406 1744 433 Psalmus
1758 407 1809 434 iste
1821 406 1906 434 attri-

1098 448 1228 475 buendus
1235 448 1369 475 estDavid
1380 449 1502 483 Christo,
1510 449 1639 477 tendenti
1649 450 1679 477 in
1697 450 1796 483 finem,
1809 451 1839 478 id
1848 453 1904 484 est,

1099 492 1340 526 perseverantiam
1354 495 1382 520 et
1396 493 1560 527 victoriam;
1579 495 1709 521 Psalmus
1717 495 1779 523 dico
1790 495 1906 523 habitus

1099 543 1150 571 pro
1168 536 1280 569 exstasi,
1298 536 1325 563 id
1342 538 1394 570 est,
1406 537 1502 564 subtili
1521 538 1752 566 consideratione
1773 548 1834 566 sua.
1850 540 1906 566 Ex-

1100 579 1181 606 stasis
1194 588 1260 607 vero
1277 579 1388 607 duObus
1401 581 1494 608 modis
1510 581 1648 617 accipitur
1662 583 1816 610 :Exstasim
1825 583 1905 611 enim

1101 623 1231 656 dicimus,
1240 623 1361 651 nimium
1373 625 1478 651 mentis
1484 634 1543 660 prae
1550 625 1654 653 timore
1660 627 1703 653 vel
1711 626 1906 655 admiratione

1100 669 1258 703 stuporem.
1274 668 1354 695 Unde
1370 668 1399 695 in
1420 669 1536 696 Actibus
1560 671 1757 705 apostolorum
1779 671 1905 707 legitur:

1100 711 1205 746 chlcti
1215 716 1276 739 sunt
1289 716 1393 748 stupore
1407 717 1432 740 et
1455 715 1562 740 existasi
1577 715 1602 741 in
1623 723 1650 742 eo
1672 715 1741 750 quod
1762 717 1907 750 contigerat

1103 756 1143 783 illi
1154 755 1229 792 (Act.
1243 765 1283 789 ιιι,
1300 758 1353 791 10).
1365 757 1534 792 Hujusmodi
1550 766 1616 785 vero
1628 759 1744 786 exstasis
1755 759 1783 786 in
1792 760 1905 787 Christo

1102 800 1186 827 fuisse
1200 808 1350 836 nunquam
1369 801 1490 829 dicenda
1510 804 1562 829 est.
1583 803 1722 830 Exstasim
1733 804 1820 831 etiam
1840 804 1909 831 dici-

1103 852 1166 871 mus
1178 853 1314 873 arcanum
1326 845 1429 873 mentis
1435 854 1591 876 excessum.
1608 847 1833 883 quotiescunque
1841 857 1907 884 per-

1103 888 1244 916 fectorum
1256 891 1461 924 contemplatio
1479 891 1507 917 in
1524 893 1632 918 secreta
1649 892 1697 918 Dei
1717 892 1835 919 consilia
1847 901 1909 929 spe-

1104 933 1238 967 culando,
1254 934 1434 960 saecularibus
1447 936 1567 962 omnino
1595 936 1820 970 cogitationibus
1835 938 1911 973 post-

1104 977 1213 1012 positis,
1234 977 1416 1004 immoratur.
1436 980 1488 1005 Pro
1512 979 1676 1014 hujusmodi
1694 982 1791 1007 autem
1807 981 1909 1008 exstasi

1105 1021 1151 1048 hic
1164 1021 1193 1048 in
1205 1022 1315 1056 psalmo
1329 1022 1432 1056 agitur.
1449 1023 1639 1050 (lonsiderans
1648 1033 1773 1060 namque
1780 1025 1910 1053 Domini-

1106 1074 1154 1092 cus
1170 1066 1270 1099 homo,
1287 1074 1316 1093 se
1331 1067 1476 1093 immensa
1490 1070 1518 1094 et
1533 1069 1771 1095 excellentissima
1790 1069 1910 1104 disposi-

1106 1109 1184 1137 tione
1196 1110 1351 1137 divinitatis
1365 1110 1394 1137 in
1410 1112 1537 1138 mortem
1556 1120 1616 1139 esse
1633 1112 1819 1146 tradendum,
1834 1114 1864 1140 et
1878 1122 1912 1140 ex

1108 1155 1201 1180 morte
1215 1154 1262 1181 illa
1277 1155 1398 1182 salutem
1406 1155 1520 1190 generis
1527 1156 1648 1183 humani
1660 1158 1911 1191 secuturam,orat,

1108 1198 1212 1225 merita
1226 1199 1418 1233 przeferendo,
1430 1201 1461 1226 ut
1472 1200 1545 1227 Deus
1556 1201 1585 1227 in
1592 1201 1723 1236 passione
1730 1203 1912 1229 constantem

1109 1251 1174 1269 eum
1191 1242 1287 1275 faciat,
1305 1251 1341 1269 ne
1366 1243 1448 1270 cedat
1465 1245 1493 1270 et
1513 1245 1543 1270 ut
1565 1244 1756 1271 resuscitetur.
1780 1245 1914 1272 Prsedicit

1109 1295 1223 1322 quoque
1242 1286 1405 1322 passionem
1428 1296 1509 1314 suam
1526 1288 1652 1315 futuram
1671 1289 1815 1324 prieterite
1830 1289 1866 1316 de
1879 1297 1914 1316 ea

1109 1331 1233 1366 agendo.
1253 1330 1384 1358 Ostendit
1398 1340 1513 1367 quoque
1532 1341 1649 1360 suorum
1670 1334 1802 1366 salutem,
1817 1335 1845 1361 et
1861 1342 1911 1369 pro

1109 1376 1150 1402 eis
1173 1376 1247 1403 orat.
1268 1375 1471 1411 Adhorturqne
1496 1385 1544 1404 eos
1569 1378 1599 1404 ut
1621 1377 1739 1404 viriliter
1766 1379 1855 1413 agant
1884 1378 1912 1405 in

1109 1420 1261 1455 praeceptis
1276 1420 1335 1449 Dei.
1353 1420 1419 1455 Agit
1434 1429 1550 1456 quoque
1562 1421 1721 1449 concessive
1737 1422 1771 1449 de
1784 1422 1914 1449 inimico-

1109 1473 1174 1492 rum
1187 1464 1377 1492 damnatione
1389 1466 1417 1492 et
1427 1466 1635 1494 erubescentia.
1645 1466 1911 1502 Ethazcsicincipit:

1144 1526 1179 1553 In
1196 1530 1230 1560 te,
1247 1526 1371 1560 Domine,
1383 1526 1519 1554 fundatus
1528 1529 1557 1554 et
1573 1528 1681 1561 firmus,
1695 1529 1808 1563 sperari,
1822 1528 1851 1555 id
1860 1530 1912 1562 est,

1110 1579 1191 1607 spem
1207 1571 1376 1599 constantiae
1391 1573 1419 1598 et
1429 1572 1644 1599 resurrectionis
1655 1581 1727 1600 mea:
1743 1573 1834 1609 posui.
1844 1573 1913 1600 Ecce

1110 1616 1265 1651 pra-tentia
1282 1616 1387 1643 meriti.
1406 1616 1480 1652 Ergo
1494 1616 1561 1653 quia
1578 1618 1603 1644 in
1619 1621 1642 1644 te
1655 1619 1768 1653 speravi,
1785 1627 1838 1645 non
1852 1627 1913 1645 con-

1110 1660 1214 1695 fundor
1229 1662 1257 1688 in
1274 1663 1413 1694 aeternum,
1436 1660 1463 1688 id
1492 1663 1534 1688 est
1561 1670 1710 1697 nunquam
1735 1662 1913 1689 erubescam.

1112 1705 1161 1732 Vel
1177 1704 1216 1731 sic
1232 1712 1238 1731 :
1254 1705 1288 1731 Et
1307 1704 1329 1731 si
1349 1704 1467 1732 videbor
1482 1705 1518 1732 ad
1533 1705 1635 1733 horam
1652 1706 1681 1733 in
1703 1706 1835 1742 passione
1850 1715 1914 1733 eru-

1112 1750 1238 1782 bescere,
1254 1757 1312 1776 non
1327 1750 1424 1776 tamen
1442 1749 1496 1776 hoc
1512 1749 1548 1776 sit
1560 1750 1588 1777 in
1604 1752 1754 1778 aeternum.
1766 1750 1838 1782 Quia
1850 1759 1915 1778 vero

1114 1793 1226 1820 dixerat
1248 1792 1423 1829 generaliter
1449 1802 1502 1820 non
1528 1794 1689 1828 confundor,
1706 1794 1918 1830 particulariler

1115 1838 1242 1865 ostendit
1257 1837 1333 1864 unde
1348 1846 1405 1865 non
1423 1838 1626 1872 confundatur,
1643 1839 1681 1866 sic
1698 1847 1704 1866 :
1721 1839 1791 1866 Inde
1812 1839 1918 1866 scilicet

1115 1882 1319 1915 confunderer,
1333 1881 1386 1909 sia
1415 1884 1508 1910 morte
1536 1891 1595 1910 non
1618 1883 1766 1917 liberarer,
1791 1884 1835 1911 vel
1851 1884 1873 1911 si
1889 1884 1916 1910 in

1115 1926 1247 1962 passione
1263 1926 1408 1954 cederem.
1427 1927 1460 1953 Et
1479 1927 1543 1954 ideo
1567 1927 1648 1955 libera
1673 1936 1713 1954 me
1731 1936 1748 1954 a
1768 1930 1877 1961 morte,
1893 1929 1919 1954 et

1114 1971 1168 1998 hoc
1185 1972 1212 1998 in
1222 1971 1330 2006 justitia
1346 1974 1402 1997 tua.
1421 1970 1504 2002 Quod
1518 1973 1561 1998 est
1576 1971 1685 1999 dicere:
1698 1972 1768 2004 Quia
1778 1972 1873 2007 justus
1881 1980 1918 2005 es,

1116 2016 1145 2042 et
1160 2015 1215 2042 hoc
1232 2023 1284 2051 ego
1300 2014 1329 2042 in
1345 2017 1373 2042 te
1388 2016 1533 2051 sperando
1548 2016 1706 2052 promerui.
1716 2017 1747 2043 Et
1762 2018 1794 2043 ut.
1804 2016 1920 2050 liberer,

1122 2059 1222 2086 inclina
1239 2059 1274 2086 ad
1287 2068 1328 2086 me
1342 2068 1434 2087 aurem
1452 2063 1534 2086 tuam.
1552 2059 1688 2096 Superius
1701 2060 1827 2098 ostendit
1838 2060 1921 2088 meri-

1116 2105 1189 2137 tum,
1204 2104 1340 2138 ponendo
1354 2105 1382 2130 in
1397 2108 1420 2131 te
1437 2105 1540 2139 speravi
1554 2106 1582 2131 et
1596 2105 1623 2131 in
1635 2105 1740 2140 justitia
1763 2104 1844 2132 libera.
1868 2114 1918 2132 me.

1117 2147 1166 2174 Hic
1183 2150 1280 2175 autem
1295 2149 1397 2175 oratex
1414 2148 1610 2175 misericordia
1621 2149 1747 2183 liberari,
1764 2149 1919 2177 cumdicit:

261 2192 373 2224 laetitia;
385 2193 414 2218 et
426 2191 481 2218 hoc
497 2190 573 2223 ideo,
589 2194 619 2218 ut
637 2194 725 2217 cantet
742 2190 791 2217 tibi
813 2190 898 2225 gloria
923 2198 980 2216 mea
1005 2190 1066 2225 glo-
1079 2202 1105 2231 D
1118 2191 1223 2219 Inclz’na
1240 2192 1276 2219 ad
1291 2201 1331 2219 me
1345 2193 1511 2226 mortalem,
1528 2201 1619 2219 aurem
1640 2196 1724 2227 tuam,
1743 2194 1772 2221 id
1786 2196 1839 2229 est,
1856 2202 1922 2222 con-

261 2237 347 2270 riosa,
363 2236 391 2263 id
407 2237 459 2269 est,
477 2237 508 2262 ut
519 2235 690 2263 resurrectio
704 2243 771 2262 mea
790 2234 865 2262 dicat
882 2234 932 2262 tibi
952 2235 1067 2262 laudem

262 2289 323 2309 non
338 2280 441 2314 verbis,
459 2279 508 2307 sed
535 2279 597 2315 ipsa
623 2279 665 2307 sui
689 2279 842 2307 evidentia.
859 2279 893 2305 Et
909 2278 964 2306 dixi
991 2279 1068 2315 quod

263 2325 400 2353 concidisti
421 2333 525 2351 saccum
547 2333 643 2357 meum,
668 2326 696 2351 et
720 2324 784 2351 ideo
808 2331 866 2351 non
890 2331 1069 2359 compungar

263 2370 339 2397 ultra
353 2368 457 2396 timore
471 2368 581 2395 mortis.
608 2368 689 2395 Unde
706 2368 860 2403 Apostolus
880 2376 886 2394 :
909 2379 921 2392 ‹‹
944 2368 1069 2395 Christus

263 2422 416 2449 resurgens
431 2421 464 2440 ex
477 2412 608 2445 mortuis,
622 2413 684 2448 jam
702 2421 759 2439 non
783 2412 906 2439 moritur
923 2412 1013 2446 (Rom.
1029 2421 1067 2445 vl,

264 2458 302 2495 9).
320 2469 334 2483 η
352 2459 386 2484 Et
398 2457 464 2493 quia
481 2466 534 2483 non
554 2465 726 2491 campum/ar,
751 2456 866 2484 Domine
889 2456 960 2483 Deus
987 2465 1067 2488 meus,

264 2503 403 2537 conﬁtebor
420 2502 471 2529 tibi
483 2502 513 2528 in
520 2504 658 2533 aeternum,
675 2501 705 2528 id
721 2502 773 2533 est,
787 2501 909 2527 laudabo
924 2502 951 2527 te
961 2500 988 2527 in
999 2501 1070 2528 meis

265 2546 435 2574 omnimoda
445 2545 539 2573 laude.
555 2545 651 2572 Vclita
669 2553 675 2571 :
692 2544 757 2572 Dico
773 2544 850 2579 quod
863 2545 1071 2572 conscidistisac—

266 2599 326 2618 eum
340 2598 437 2622 mcum,
459 2590 556 2616 ethoc
571 2589 647 2621 ideo,
665 2592 691 2615 ut
714 2592 801 2615 cantet
825 2588 874 2615 tibi
893 2589 977 2622 gloria
1001 2598 1068 2623 mea,

263 2635 293 2662 id
307 2636 358 2667 est,
452 2635 483 2660 ut
505 2633 624 2661 laudent
644 2634 672 2660 te
691 2632 811 2660 omnino
834 2632 960 2667 gloriosa
979 2641 1069 2660 mem-

263 2680 315 2707 bra
329 2687 403 2712 mea,
421 2682 445 2705 ct
461 2678 499 2705 sic
514 2679 544 2705 ut
559 2687 611 2705 non
623 2686 794 2712 compungar,
812 2676 840 2703 id
866 2677 917 2709 est,
931 2685 988 2703 non
1006 2685 1066 2712 pce-

262 2723 374 2750 niteant
389 2724 519 2749 cantasse
534 2722 587 2750 tibi
603 2723 646 2749 vel
663 2723 754 2753 metu,
769 2721 811 2748 vel
828 2720 946 2756 alicujus
966 2721 1068 2757 princi-

262 2767 304 2802 pis
316 2767 423 2793 favore.
450 2766 506 2793 Sed
536 2774 552 2792 ο
580 2767 695 2793 Domine
720 2766 791 2793 Deus
819 2774 900 2799 meus,
931 2774 1019 2801 usque
1040 2767 1066 2793 in

260 2814 398 2842 wtcrnum,
415 2811 510 2837 eundo
528 2810 562 2836 de
577 2810 765 2845 generatione
789 2810 818 2836 in
835 2810 1064 2845 generationem.

260 2853 400 2887 conﬁtebor
417 2854 474 2887 tibi,
491 2854 520 2881 id
533 2855 584 2888 est,
602 2854 762 2882 laudabunt
777 2855 814 2882 te.

1120 2236 1294 2264 descendere
1301 2236 1345 2264 fac
1357 2236 1513 2264 humilitati
1521 2237 1703 2265 mortalitatis
1709 2246 1781 2265 mea:
1789 2239 1921 2275 benigni-

1119 2282 1211 2308 tatem
1229 2283 1319 2314 tuam,
1329 2290 1346 2308 a
1360 2281 1547 2308 similitudine
1560 2281 1675 2315 medici,
1685 2281 1731 2317 qui
1748 2290 1779 2309 ex
1788 2282 1922 2318 benigni-

1119 2327 1176 2352 tate
1189 2325 1306 2352 inﬁrmo
1322 2333 1422 2352 aurem
1436 2325 1565 2358 inclinat,
1574 2326 1690 2361 quando
1699 2334 1757 2353 non
1763 2328 1858 2362 potest
1864 2335 1923 2362 pra:

1118 2369 1287 2396 infirmitate
1303 2369 1392 2405 loqui,
1410 2371 1440 2396 ut
1457 2378 1534 2403 eum,
1553 2369 1721 2397 infirmitate
1734 2379 1784 2397 sua
1795 2371 1922 2406 cognita,

1120 2415 1208 2440 curet.
1225 2413 1307 2440 Auris
1318 2414 1391 2441 bene
1407 2414 1458 2440 Dei
1470 2414 1634 2450 benignitas
1647 2414 1760 2447 dicitur,
1772 2422 1825 2449 per
1835 2423 1924 2450 quam

1120 2466 1218 2493 preces
1233 2457 1401 2484 humilitatis
1429 2459 1533 2485 nostra:
1558 2458 1684 2494 suscipit.
1709 2459 1764 2486 Oro
1787 2459 1880 2492 libera,
1898 2462 1925 2486 et

1119 2502 1173 2529 hoc
1187 2510 1245 2529 non
1262 2501 1377 2528 differas
1393 2510 1481 2537 usque
1497 2502 1525 2529 in
1540 2510 1724 2529 communem
1740 2504 1925 2531 resurrectio-

1120 2554 1198 2579 nem,
1215 2546 1266 2572 sed
1277 2546 1391 2572 accelera
1411 2550 1440 2572 ut
1460 2555 1535 2572 eruas
1561 2555 1611 2579 me,
1633 2547 1661 2573 id
1688 2548 1739 2580 est,
1765 2547 1924 2575 accelerate

1119 2599 1187 2617 erue
1204 2598 1260 2623 me,
1277 2591 1342 2626 post
1355 2591 1412 2617 tres
1424 2590 1483 2617 dies
1501 2590 1618 2618 scilicet.
1642 2591 1704 2618 Non
1719 2591 1810 2618 solum
1826 2593 1924 2618 autem

1119 2642 1170 2661 oro
1187 2643 1203 2661 a
1215 2636 1308 2661 morte
1322 2634 1448 2667 liberari,
1466 2634 1515 2661 sed
1532 2635 1585 2661 hoc
1596 2635 1683 2661 etiam
1697 2643 1747 2662 oro
1765 2643 1771 2661 :
1785 2634 1927 2662 Estomilii

1122 2680 1149 2704 in
1163 2678 1249 2705 Deum
1262 2682 1447 2713 protectorem.
1464 2679 1545 2710 Quod
1569 2680 1611 2705 est
1634 2679 1728 2706 dicere
1746 2688 1751 2704 ι
1765 2679 1802 2706 Te
1821 2682 1923 2716 reputo

1118 2723 1222 2756 Deum,
1237 2724 1266 2749 et
1286 2731 1319 2749 ex
1344 2724 1401 2750 Deo
1414 2723 1498 2750 cedas
1519 2722 1588 2749 mihi
1610 2722 1639 2749 in
1660 2725 1869 2758 protectorem,
1888 2733 1922 2751 ne

1119 2766 1448 2794 deficiam.Etindomum
1462 2768 1568 2802 re/ugz'i,
1587 2767 1615 2794 id
1631 2769 1682 2800 est,
1698 2767 1725 2794 in
1737 2768 1919 2795 securitatem

1116 2811 1188 2839 sicut
1204 2811 1306 2838 domus
1318 2811 1431 2838 munita
1446 2811 1482 2838 ad
1497 2819 1525 2838 se
1542 2811 1729 2847 fugientibus,
1742 2813 1873 2839 estcausa
1880 2821 1919 2839 se-

1120 2855 1257 2884 curitatis.
1273 2855 1350 2885 Multi
1366 2863 1432 2883 vero
1463 2857 1665 2894 proteguntur,
1690 2856 1738 2895 qui
1757 2857 1850 2890 securi
1863 2864 1918 2885 non
