4008 6030
246 323 355 378 753

1247 319 1602 379 EXPOSITIO
1637 322 1708 378 IN
1746 321 2078 381 PSALMOS.
2118 355 2191 367 —
2226 320 2418 380 PSAL.
2459 323 2583 380 XXX

3471 331 3579 385 754·

182 481 197 485 -
246 446 405 509 sunt,
445 441 694 513 ideoque
730 440 879 496 bene
923 439 1104 496 addit.
1168 440 1249 496 Et
1279 444 1335 496 in
1392 442 1608 497 domum
1638 444 1862 515 νείαῃίιέ
1891 445 1947 505 Α
1969 445 2315 517 contingunt
2333 461 2437 517 per
2460 442 2675 517 peccati
2694 401 2991 514 driginalis
3004 444 3575 513 necessitatem.Fra-

251 532 390 588 Dico
414 540 519 587 esto
550 533 686 586 mihi
745 534 1039 601 protector
1095 534 1153 585 et
1204 531 1412 586 domus
1448 532 1677 603 refugii,
1709 540 1770 586 ut
1793 536 1866 588 sic

248 623 462 677 salvum
491 639 575 676 me
600 622 774 691 facias
805 637 838 675 a
867 619 1261 675 morte.Aliter
1273 620 1430 675 enim
1449 637 1565 676 non
1595 624 1863 677 salvarer.

249 712 396 766 Vere
419 711 593 765 debes
609 726 732 764 esse
750 711 1040 781 protector
1055 712 1115 762 et
1129 708 1412 779 refugium
1424 750 1437 775 ,
1456 712 1707 781 quoniam
1743 711 1869 780 for-

251 800 430 855 titudo
461 814 578 853 mea
608 804 659 853 rt
704 797 985 866 refugium
1012 814 1189 851 meum
1228 814 1278 851 es
1308 803 1386 863 tu,
1412 798 1469 851 id
1507 801 1611 866 est,
1646 798 1780 870 quia
1810 801 1866 853 te

247 890 464 961 reputo
491 884 915 951 fortitudinem,
949 884 1008 939 id
1027 887 1130 952 est,
1155 887 1542 957 protectorem
1564 902 1785 953 meum,
1810 888 1869 940 et

258 974 575 1047 refugium,
608 972 668 1027 id
697 976 781 1028 est
810 973 1197 1028 securitatem.
1231 973 1299 1027 Et
1323 972 1403 1027 sic
1444 972 1507 1028 in
1537 974 1642 1028 hac
1674 975 1865 1029 tenta-

254 1064 422 1120 tione
443 1062 645 1117 mortis
662 1061 836 1115 debes
863 1078 983 1116 esse
1008 1063 1303 1133 protector
1321 1063 1378 1114 et
1395 1061 1704 1133 refugium,
1735 1080 1868 1134 quo-

257 1154 407 1206 niam
428 1151 488 1205 in
519 1149 642 1205 aliis
675 1149 1090 1204 tentationibus
1127 1149 1495 1206 inimicorum
1533 1149 1866 1216 visibilium,

258 1245 321 1296 et
353 1241 411 1295 in
444 1238 769 1294 tentatione
796 1237 1031 1305 diaboli,
1053 1255 1103 1292 es
1130 1246 1185 1291 tu
1202 1237 1342 1293 mihi
1372 1256 1600 1311 semper
1612 1239 1871 1310 fortitudo

256 1338 310 1385 et
340 1329 629 1399 refugium.
668 1328 732 1381 Et
757 1326 886 1382 ideo
915 1325 1136 1380 deduces
1150 1344 1232 1380 me
1260 1328 1331 1382 de
1363 1327 1516 1399 bono
1548 1328 1606 1382 in
1628 1328 1869 1395 bonum,

260 1435 630 1491 perseverare
812 1414 1098 1483 faciendo,
1125 1424 1173 1470 et
1186 1432 1289 1487 per
1304 1416 1711 1471 deductionem
1740 1435 1870 1471 enu-

255 1510 386 1563 tries
417 1524 515 1572 me,
550 1505 608 1560 id
639 1509 744 1571 est,
773 1503 1124 1559 confortabis
1170 1521 1281 1572 me,
1328 1504 1542 1559 faciens
1574 1505 1874 1561 immorta-

260 1597 401 1663 lem,
433 1594 853 1650 asimilitudine
869 1593 1101 1649 nutricis
1131 1610 1257 1664 quae
1300 1610 1537 1666 parvum
1573 1595 1778 1661 nutrit,
1810 1596 1874 1649 ut

256 1684 427 1739 fortis
457 1684 559 1739 fiat
586 1700 653 1739 ex
685 1681 876 1738 debili.
912 1681 1156 1752 Exponit
1187 1670 1381 1737 autem
1410 1682 1704 1754 quomodo
1729 1699 1871 1737 enu-

1969 534 2098 605 gilis
2124 534 2279 588 enim
2300 537 2406 600 est,
2424 550 2556 588 cum
2584 534 2758 605 plena
2793 533 2911 598 illa,
2965 550 3140 604 quam
3185 535 3426 590 haberet
3448 537 3576 602 (nisi

1967 624 2150 678 Adam
2180 626 2511 694 peccasset),
2574 622 2673 678 Dei
2711 621 3046 693 cognitione
3078 626 3292 686 careat,
3340 625 3577 696 Fragilis

1968 711 2139 766 etiam
2175 714 2279 778 est,
2313 727 2447 766 cum
2487 711 2693 766 timeat
2718 714 2777 765 et
2812 710 3092 777 tristetur,
3126 714 3185 766 et
3213 715 3417 767 cuncta
3438 713 3578 769 talia

1968 799 2218 871 patiatur
2247 816 2259 853 :
2294 802 2351 854 et
2380 816 2497 855 non
2529 799 2717 859 solum
2749 799 2857 854 hoc
2885 799 3181 855 habebunt
3202 802 3265 854 ut
3294 801 3578 856 exsultent

1966 890 2025 942 et
2054 889 2323 943 laetentur
2374 886 2434 941 in
2467 889 2698 954 futuro;
2733 887 2833 942 sed
2864 887 3040 941 etiam
3082 887 3140 942 in
3198 888 3304 943 bac
3336 888 3451 943 vita
3475 906 3579 944 non

1967 978 2270 1034 conclusisti
2306 995 2387 1030 me
2417 978 2469 1030 in
2501 976 2745 1031 manibus
2793 977 3016 1042 inimici,
3044 975 3101 1030 id
3133 979 3239 1044 est,
3291 993 3408 1032 non
3447 993 3578 1048 per-

1969 1064 2163 1121 mittes
2180 1081 2345 1121 meos
2374 1063 2637 1118 concludi
2666 1064 2724 1117 in
2756 1064 3039 1134 potestate
3058 1061 3372 1131 diaboli,ut
3400 1064 3581 1135 possit

1970 1169 2069 1208 eos
2092 1153 2316 1207 irretire
2341 1168 2448 1224 per
2464 1150 2863 1222 suggestiones
2895 1151 3231 1223 impiorum,
3265 1156 3323 1207 et
3350 1151 3409 1206 in
3441 1169 3581 1207 con-

1970 1241 2327 1296 formitatem
2349 1256 2512 1295 suam
2530 1240 2852 1307 traducere,
2873 1258 2905 1295 a
2918 1239 3293 1294 similitudine
3313 1239 3463 1311 capti
3484 1239 3582 1312 qui

1973 1330 2487 1401 comprehenditur
2513 1327 2690 1399 prius,
2728 1332 2783 1382 et
2815 1328 2873 1383 in
2905 1343 3195 1382 carcerem
3220 1331 3421 1399 postea
3451 1344 3586 1383 con-

1973 1418 2237 1473 cluditur.
2268 1418 2410 1472 Vere
2437 1434 2555 1472 non
2584 1416 2886 1488 permittes
2912 1416 3175 1471 concludi
3200 1431 3213 1469 :
3250 1415 3364 1470 Sed
3396 1416 3585 1486 potius

1970 1507 2209 1560 statuisti
2222 1504 2380 1576 pedes
2424 1490 2560 1560 meos
2604 1506 2658 1558 in
2715 1504 2823 1558 loco
2863 1507 3111 1575 spatioso,
3159 1504 3217 1557 id
3253 1508 3339 1559 est
3374 1507 3586 1559 statues

1972 1594 2304 1650 affectiones
2322 1609 2589 1649 meorum
2606 1591 2659 1646 in
2677 1592 3032 1665 spatiositate
3046 1592 3179 1647 fidei
3195 1596 3252 1648 et
3265 1591 3586 1647 dilectionis

1974 1700 2008 1737 a
2032 1682 2405 1737 similitudine
2443 1680 2591 1736 illius
2629 1681 2749 1753 qui,
2784 1681 2854 1736 de
2887 1685 3132 1752 angusto
3170 1680 3417 1735 carceris
3444 1681 3586 1736 edu-

256 1773 414 1838 triet,
442 1773 551 1828 sic:
579 1771 803 1827 Scilicet
825 1742 1052 1825 enutries
1075 1788 1090 1834 ;
1127 1769 1333 1824 Educes
1358 1742 1445 1824 me
1466 1770 1528 1824 de
1569 1770 1749 1841 laqueo
1778 1771 1874 1823 hoc
1902 1742 1947 1802 Β
1974 1774 2115 1838 ctus,
2147 1771 2205 1824 in
2238 1771 2362 1825 loco
2393 1742 3295 1841 spatiosdstatuitur.vEnuntiata
3348 1785 3585 1824 suorum

258 1877 417 1932 quem
448 1860 825 1915 absconderant
848 1859 999 1925 mihi,
1034 1859 1093 1913 id
1122 1862 1225 1925 est,
1257 1858 1329 1913 de
1367 1858 1636 1932 prmsenti
1683 1859 1872 1913 morte

259 1965 439 2021 quam
463 1948 794 2004 abscondite
812 1950 1016 2019 putant
1032 1963 1089 2001 se
1102 1963 1454 2019 praeparasse
1478 1946 1619 2001 mihi
1631 1988 1644 2013 ,
1664 1963 1698 2001 a
1712 1945 1871 2001 simi-

257 2037 509 2094 litudine
542 2037 688 2091 illius
715 2035 811 2107 qui
842 2035 902 2090 in
935 2035 1269 2090 abscondito
1304 2036 1573 2106 laqueum
1594 2034 1778 2107 ponit,
1808 2037 1871 2087 ut

267 2141 432 2180 avem
462 2127 547 2179 vel
575 2123 817 2180 bestiam
860 2122 1231 2194 ignorantem
1254 2122 1520 2194 decipiat,
1555 2123 1621 2175 Et
1661 2122 1873 2176 merito

258 2213 465 2268 educes.
515 2214 658 2267 Nam
703 2214 760 2265 in
801 2229 993 2265 manus
1038 2218 1175 2276 tuas,
1236 2209 1291 2264 i'd
1339 2215 1424 2264 est
1444 2209 1875 2281 inpotentiam

258 2308 443 2370 tuam,
466 2301 890 2358 commendabo
918 2302 1165 2371 spiritum
1198 2316 1393 2365 meum,
1416 2298 1474 2353 id
1496 2303 1598 2366 est,
1619 2298 1882 2353 commit-

259 2395 390 2447 tam
419 2390 679 2445 animam
709 2405 926 2455 meam,
958 2389 1023 2442 ut
1050 2403 1155 2459 per
1182 2389 1239 2441 te
1288 2386 1385 2459 qui
1416 2389 1625 2458 potens,
1660 2404 1720 2442 es
1744 2403 1877 2441 eam

255 2478 567 2549 recipiam,
601 2478 681 2531 ita
710 2476 865 2548 quod
896 2491 1013 2530 non
1039 2475 1153 2528 sint
1177 2473 1651 2545 ampliusin‘imici
1677 2478 1878 2549 poten-

255 2572 346 2621 tes
373 2582 503 2621 eam
526 2564 754 2619 auferre
781 2580 816 2617 a
836 2578 1098 2635 corpore,
1126 2563 1270 2617 sicut
1296 2578 1447 2616 nunc
1474 2563 1607 2616 sunt
1632 2544 1875 2617 :‘asimi-

258 2655 506 2711 litudine
537 2654 686 2708 illius
715 2652 811 2724 qui
849 2651 1065 2723 aliquid
1104 2650 1502 2716 commendat,
1545 2654 1607 2707 ut
1638 2650 1874 2722 quando

249 2743 496 2799 voluerit
525 2741 665 2797 illud
700 2739 969 2812 recipiat;
1003 2741 1063 2794 et
1090 2740 1245 2795 bona
1261 2738 1471 2793 ﬁducia
1496 2738 1873 2793 commenda-

266 2832 367 2899 bo,
395 2833 649 2904 quoniam
677 2837 733 2883 tu
756 2845 828 2896 es,
882 2828 941 2882 id
984 2832 1069 2883 est
1096 2830 1159 2882 tu
1185 2827 1315 2894 eris,
1348 2834 1618 2897 protector
1648 2844 1793 2881 meus
1814 2826 1874 2880 in

256 2919 545 2992 passione,
581 2935 654 2972 ne
687 2916 974 2971 deficiam.

336 3007 599 3063 Ostendit
639 3022 773 3060 vero
820 3005 974 3077 quod
1004 3004 1378 3060 commodum
1412 3003 1547 3058 inde
1579 3006 1873 3074 sequatur,

260 3096 376 3151 sic:
405 3096 539 3151 Dico
564 3094 768 3161 educes,
794 3097 849 3148 et
876 3110 970 3147 me
1002 3092 1210 3148 educto
1243 3092 1514 3146 redemisti
1541 3108 1643 3156 me,
1679 3091 1737 3144 id
1768 3093 1873 3157 est,

255 3185 512 3240 redimes
541 3200 703 3238 meos
727 3200 762 3237 a
780 3185 988 3244 morte,
1023 3198 1055 3236 ο
1076 3178 1304 3234 Domine
1332 3180 1576 3234 existens
1592 3179 1755 3246 Deus,
1788 3195 1874 3233 ve-

256 3275 455 3339 ritatis,
488 3271 546 3326 id
578 3275 684 3337 est,
719 3270 887 3325 dator
912 3269 1186 3335 veritatis,
1234 3268 1452 3323 faciens
1473 3284 1572 3323 eos
1598 3271 1873 3339 expetere

258 3378 399 3417 vera
430 3361 608 3415 bona.
640 3359 736 3413 Vel
788 3357 930 3412 Deus
960 3359 1221 3424 veritatis,
1250 3356 1308 3411 id
1367 3359 1453 3411 est
1481 3358 1630 3411 Deus
1680 3372 1869 3423 verus,

261 3449 361 3522 qui
386 3449 494 3503 hoc
507 3446 842 3520 promisisti,
864 3449 922 3501 et
950 3463 1069 3501 non
1096 3448 1260 3517 potes
1290 3460 1407 3499 non
1425 3444 1872 3514 complere.Non

260 3538 421 3592 enim
450 3536 565 3591 mei
592 3538 781 3590 morte
807 3550 934 3589 mea
949 3534 1398 3598 redimerentur,
1431 3532 1539 3586 nisi
1569 3531 1640 3585 de
1663 3532 1872 3603 laqueo

260 3627 372 3681 hoc
400 3625 695 3680 educerer.
728 3622 850 3678 Dixi
880 3621 1035 3694 quod
1052 3637 1213 3676 meos
1237 3621 1507 3687 redimes,
1530 3620 1738 3691 quibus
1764 3620 1875 3674 eris

262 3715 433 3770 dator
457 3712 731 3768 veritatis.
751 3711 1095 3777 Observantes
1123 3714 1318 3765 autem
1336 3711 1654 3775 vanitatem,
1687 3708 1744 3762 id
1767 3711 1873 3776 est,

262 3819 397 3857 cum
426 3817 654 3856 summa
668 3798 968 3871 diligentia
991 3799 1441 3869 complectentes
1472 3798 1626 3851 bona
1648 3797 1879 3851 saecula-

262 3892 371 3958 ria,
405 3907 531 3962 quin
562 3906 711 3945 vana
730 3890 863 3943 sunt
891 3905 904 3956 ;
937 3891 995 3942 et
1025 3888 1134 3942 hoc
1178 3902 1517 3958 supervacue,
1552 3884 1611 3939 id
1638 3886 1724 3939 est
1753 3884 1875 3939 sine

265 3978 522 4051 qualibet
560 3976 827 4040 utilitate,
868 3974 1045 4042 odisti,
1092 3974 1149 4029 id
1196 3978 1282 4030 est
1329 3972 1461 4029 odio
1513 3972 1771 4039 habebis,
1822 3972 1880 4026 et

260 4067 394 4122 ideo
429 4081 546 4120 non
572 4063 823 4119 redimes
845 4062 992 4129 illos,
1018 4079 1161 4134 quos
1192 4061 1324 4117 odio
1345 4060 1603 4116 habebis.
1636 4058 1759 4131 Ego
1782 4077 1878 4113 au-

269 4162 374 4209 tem
408 4170 525 4208 non
553 4169 652 4208 ero
671 4151 774 4205 tibi
806 4150 960 4219 odio,
1016 4148 1077 4205 id
1104 4153 1209 4217 est,
1244 4149 1357 4204 mei
1406 4166 1524 4204 non
1552 4149 1722 4203 erunt
1774 4146 1876 4202 tibi

268 4242 425 4299 odio.
454 4242 574 4312 Ego
604 4240 762 4295 enim
785 4242 841 4293 in
869 4238 1101 4293 Domino
1122 4238 1386 4311 sperabo,
1412 4237 1470 4291 id
1487 4240 1592 4305 est,
1608 4235 1723 4290 mei
1743 4236 1877 4290 inte

1973 1861 2175 1926 salute,
2209 1858 2671 1930 apostrophatice
2718 1859 2901 1913 Deum
2939 1861 3067 1913 orat
3109 1860 3171 1912 ut
3226 1858 3281 1911 in
3315 1856 3397 1911 eis
3426 1873 3584 1913 com-

1974 1949 2127 2020 pleat
2160 1947 2313 2019 quod
2345 1946 2764 2013 enuntiaverat,
2796 1946 2876 2000 sic
2895 1947 3134 2001 dicens:

2048 2035 2349 2091 Enuntiavi
2380 2035 2534 2107 quod
2564 2035 2679 2089 mei
2700 2035 3588 2101 cxsultabuntetlaztabuntur,et

1978 2128 2040 2178 ut
2064 2125 2174 2179 hoc
2205 2123 2298 2185 sit,
2326 2123 2579 2178 Miserere
2608 2125 2729 2189 mei,
2763 2123 2820 2177 id
2851 2127 2958 2192 est,
2990 2140 3278 2192 meorum,
3335 2122 3583 2183 Domine.

1978 2215 2046 2267 Et
2062 2229 2290 2267 necesse
2312 2213 2397 2267 est
2413 2210 2514 2277 eis,
2555 2214 2807 2283 quoniam
2834 2212 3077 2279 tribulor,
3120 2210 3177 2266 id
3210 2215 3313 2280 est,
3358 2213 3470 2266 mei
3493 2211 3590 2265 tri-

1979 2298 2344 2355 bulantur.Et
2356 2300 2592 2375 exponit
2606 2299 2789 2371 ipsam
2804 2299 3238 2355 tribulationem
3255 2316 3359 2372 per
3372 2303 3586 2371 patres,

1976 2391 2119 2445 Vere
2150 2389 2496 2444 tribulantur
2527 2406 2543 2456 ;
2576 2405 2712 2443 nam
2740 2388 3084 2443 conturbatus
3111 2396 3185 2443 est
3211 2391 3266 2442 in
3296 2392 3381 2443 ira
3407 2388 3589 2441 oculus

1975 2496 2141 2544 meus,
2165 2490 2347 2532 anima
2377 2485 2492 2530 mea
2518 2484 2782 2531 etventer
2818 2493 2983 2541 meus,
3017 2477 3076 2531 id
3107 2480 3212 2543 est,
3261 2476 3589 2532 debilitatus

1977 2567 2137 2622 estin
2170 2565 2421 2620 vindicta
2453 2566 2630 2637 quam
2662 2564 2927 2637 accepisti
2948 2565 3019 2619 de
3039 2568 3273 2636 peccato
3305 2564 3442 2619 Adae
3457 2580 3589 2619 con-

1976 2655 2124 2709 tuitu
2150 2653 2391 2709 rationis
2406 2669 2698 2708 meorum.
2731 2650 3093 2707 Conturbatus
3114 2652 3349 2727 ponitur
3374 2669 3409 2706 a
3433 2652 3591 2706 simi-

1978 2743 2219 2797 litudine
2238 2743 2406 2808 oculi,
2421 2742 2667 2812 caligine
2696 2743 2784 2795 vel
2805 2741 2995 2812 aliquo
3014 2742 3220 2796 morbo
3239 2740 3585 2808 conturbati,

1980 2831 2077 2904 qui
2124 2831 2328 2886 debilis
2374 2833 2459 2885 est
2501 2830 2574 2885 ad
2628 2830 2960 2885 vivendum.
3012 2831 3081 2883 Et
3120 2829 3463 2885 conturbata
3501 2832 3587 2883 est

1975 2936 2155 2973 anima
2186 2935 2471 2988 meorum,
2533 2919 2591 2973 id
2645 2921 2749 2985 est,
2801 2917 3097 2972 debilitata
3146 2921 3229 2972 est
3256 2916 3499 2972 vitalitas
3530 2918 3588 2970 ct

1976 3007 2313 3063 sensualitas
2343 3022 2631 3074 meorum,
2647 3009 2705 3061 et
2724 3006 3051 3061 debilitatus
3069 3008 3154 3060 est
3170 3012 3366 3073 venter,
3388 3004 3447 3059 id
3478 3006 3582 3071 est,

1976 3111 2188 3167 corpus
2376 3111 2601 3161 eorum,
2637 3112 2672 3149 a
2703 3094 2953 3149 molliori
2968 3096 3131 3165 parte
3161 3096 3349 3148 totum
3380 3108 3587 3164 corpus

1976 3183 2261 3255 designat,
2294 3186 2354 3237 ut
2401 3183 2541 3237 illud
2599 3199 2726 3237 rem
2758 3182 3169 3237 debilissimam
3200 3198 3320 3237 esse
3355 3181 3581 3236 innuat.

1974 3273 2221 3343 Exponit
2241 3276 2435 3327 autem
2468 3270 2764 3344 quomodo
2796 3270 3075 3327 sitanima
3094 3264 3455 3337 conturbata,
3483 3268 3581 3323 sic.

1971 3361 2116 3416 Vere
2149 3361 2350 3428 anima,
2381 3360 2537 3415 idest
2556 3359 2823 3426 vitalitas,
2856 3358 3152 3413 debilitata
3180 3362 3284 3424 est,
3306 3357 3586 3430 quoniam

1972 3448 2096 3520 ipsa
2112 3451 2221 3502 vita
2248 3466 2383 3515 mea,
2408 3448 2467 3502 id
2493 3451 2579 3502 est
2592 3447 2836 3502 vitalitas
2861 3463 3150 3514 meorum,
3195 3446 3387 3518 defecit
3415 3448 3470 3499 in
3497 3446 3586 3499 do—

1975 3538 2100 3604 lore,
2130 3538 2187 3591 id
2216 3540 2319 3603 est,
2345 3536 2687 3591 defectibilis
2706 3537 2855 3591 facta
2873 3539 2957 3590 est
2983 3552 3087 3607 per
3114 3536 3399 3602 dolorem,
3431 3534 3586 3606 quod

1976 3641 2094 3679 non
2128 3626 2293 3679 fieret
2322 3623 2427 3678 nisi
2453 3624 2638 3677 Adam
2673 3627 2981 3696 peccasset.
3012 3623 3178 3687 Quod
3227 3627 3313 3677 est
3343 3624 3533 3677 dicere
3568 3638 3581 3675 :

1972 3713 2121 3768 Talis
2142 3717 2363 3767 naturae
2393 3713 2546 3767 facta
2571 3715 2657 3766 est
2705 3712 2859 3784 quod
2890 3728 2994 3783 per
3038 3712 3290 3782 aliquem
3323 3711 3585 3766 dolorem

1978 3803 2165 3873 potest
2186 3800 2449 3854 deﬁcere.
2483 3796 2558 3851 Et
2589 3800 2721 3852 anni
2747 3800 2853 3851 mei
2878 3800 3011 3851 sunt
3042 3796 3390 3851 defectibiles
3412 3798 3467 3848 in
3493 3813 3583 3863 ge-

1976 3890 2225 3954 mitibus;
2256 3890 2391 3941 anni
2418 3890 2476 3942 et
2500 3889 2611 3941 vita
2646 3886 2738 3941 hic
2770 3886 2925 3940 idem
2958 3889 3044 3940 est
3107 3884 3272 3949 Quod
3317 3887 3403 3938 est
3431 3899 3496 3937 ac
3540 3882 3585 3937 si

1978 3977 2157 4034 dicat:
2182 3978 2305 4033 Non
2323 3980 2552 4032 tantum
2579 3974 2920 4031 defectibilis
2949 3974 3193 4029 dicenda
3224 3973 3309 4027 est
3330 3989 3398 4027 eo
3430 3972 3587 4043 quod

1977 4083 2082 4140 per
2112 4067 2377 4121 dolorem
2404 4066 2515 4120 cito
2531 4064 2684 4119 finiri
2704 4065 2915 4137 potest,
2945 4063 3046 4118 sed
3077 4062 3207 4117 ideo
3230 4061 3406 4115 etiam
3428 4060 3584 4132 quia,

1980 4156 2118 4212 dum
2132 4156 2301 4211 durat
2314 4155 2369 4209 in
2388 4154 2602 4209 crebris
2616 4153 2925 4225 gemitibus
2939 4150 3349 4207 adversitatum
3372 4149 3583 4204 consti-

1978 4248 2121 4311 tuta,
2149 4243 2341 4299 deficit
2370 4260 2405 4297 a
2432 4242 2789 4298 beatitudine
2832 4240 3067 4306 Iustitiae,
3110 4255 3286 4310 quam
3340 4238 3588 4293 haberet

269 4331 632 4387 Dominonon
650 4329 710 4383 in
736 4327 896 4383 vanis
922 4344 1084 4400 spem
1118 4326 1434 4399 ponent.Et
1456 4325 1585 4379 ideo
1604 4323 1877 4379 exsultabo
1900 4315 1953 4377 D
1979 4324 2272 4387 continue,
2306 4322 2350 4376 si
2403 4323 2827 4394 perseverasset
2865 4318 3195 4374 obedientia
3246 4317 3424 4384 Adae;
3483 4332 3589 4387 per

270 4423 333 4475 et
351 4419 586 4487 laetabor,
613 4417 673 4472 id
686 4421 793 4484 est,
813 4416 1179 4471 exsultabant
1220 4414 1279 4468 in
1312 4413 1506 4468 futuro
1529 4412 1598 4467 de
1625 4411 1881 4484 corporis

270 4506 647 4563 beatitudine.
672 4505 964 4559 Exsultare
976 4520 1230 4574 namque
1242 4502 1473 4574 proprie
1500 4500 1756 4572 corporis
1774 4502 1877 4567 est;

269 4593 1082 4668 componiturenimasaltare.
1104 4592 1171 4645 Et
1186 4591 1538 4646 laetabuntur
1572 4589 1642 4644 de
1668 4588 1879 4644 animas

269 4685 648 4752 beatitudine,
680 4685 739 4738 et
764 4684 873 4737 hoc
904 4682 959 4735 in
972 4679 1329 4734 misericordia
1354 4686 1471 4745 tua,
1509 4693 1626 4732 non
1655 4676 1713 4731 in
1746 4673 1881 4731 solis

272 4773 499 4829 meritis
523 4773 654 4829 suis.
687 4772 756 4827 Et
780 4787 911 4827 vere
964 4770 1327 4824 exsultabunt
1358 4768 1419 4823 in
1464 4782 1724 4838 corpore,
1755 4783 1882 4838 quo-

270 4865 419 4917 niam
448 4863 716 4933 respexisti
737 4859 1090 4914 humilitatem
1104 4874 1298 4925 meam,
1330 4856 1389 4911 id
1417 4859 1523 4923 est,
1550 4853 1877 4910 misericor-

273 4952 422 5008 diter
451 4948 909 5017 considerabilis,
929 4951 991 5002 ut
1014 4947 1150 5002 inde
1176 4962 1275 5002 eos
1302 4962 1468 5000 eruas
1486 4961 1591 5017 per
1616 4942 1882 5015 dejectio—

275 5056 414 5095 nem
435 5037 693 5111 corporis
723 5052 1009 5092 meorum.
1060 5034 1370 5104 Subjacent
1416 5033 1575 5088 enim
1606 5031 1881 5103 angustiis

273 5126 562 5183 omnibus.
597 5124 763 5189 Quod
794 5124 930 5178 dicit
971 5124 1259 5194 respexisti,
1292 5138 1326 5175 a
1358 5120 1729 5176 similitudine
1761 5119 1885 5173 illo-

278 5234 411 5272 rum
429 5215 586 5282 dicit,
602 5214 698 5286 qui
719 5230 1055 5286 oppressum
1069 5210 1319 5282 benigne
1346 5209 1657 5281 respiciunt
1683 5212 1744 5263 ut
1766 5208 1812 5279 ej
1823 5225 1887 5262 us

282 5306 688 5362 misereantur.
742 5304 811 5357 Et
844 5318 975 5356 vere
1006 5300 1354 5355 laetabuntur
1382 5300 1441 5354 in
1496 5299 1710 5353 anima.
1743 5298 1887 5352 Nam

277 5395 520 5461 salvasti,
551 5392 728 5459 idest,
754 5391 997 5447 salvabis
1014 5406 1255 5443 animam
1286 5404 1483 5457 meam,
1518 5387 1577 5443 id
1597 5390 1701 5453 est,
1736 5402 1893 5440 meo-

282 5500 437 5553 rum,
469 5482 532 5537 de
558 5480 979 5547 necessitatibus,
1010 5477 1072 5533 id
1101 5480 1206 5547 est,
1230 5475 1300 5531 de
1333 5475 1738 5549 fragilitatibus
1764 5491 1892 5548 qua:

1981 4412 2372 4467 ostensiouem
2403 4413 2599 4464 autem
2632 4406 2973 4463 defectionis
2991 4406 3284 4461 vitalitatis
3312 4404 3501 4459 innuit
3532 4407 3591 4458 et

1979 4516 2184 4571 corpus
2201 4497 2493 4563 defecisse,
2517 4497 2674 4569 quod
2691 4513 2726 4551 a
2756 4494 3031 4550 vitalitate
3061 4496 3382 4566 vegetatur.
3399 4492 3592 4548 Innuit

1979 4605 2208 4659 quoque
2239 4586 2668 4641 sensualitatem
2705 4583 3000 4639 defecisse.
3033 4582 3171 4647 Quae
3199 4598 3331 4636 vere
3357 4580 3587 4635 defecit.

1977 4676 2157 4731 Minus
2177 4675 2333 4730 enim
2353 4674 2530 4728 etiam
2556 4671 3201 4745 corporalitervidemus
3219 4669 3587 4726 etsentimus.

1980 4764 2290 4819 Sciendum
2316 4766 2375 4817 et
2404 4762 2665 4816 animam
2696 4764 2756 4815 et
2783 4760 3216 4816 sensualitatem
3251 4762 3309 4814 et
3338 4759 3586 4814 vitalita-

1980 4857 2099 4908 tem
2130 4851 2285 4906 idem
2319 4866 2469 4918 esse;
2498 4850 2599 4905 sed
2617 4848 2935 4904 secundum
2950 4849 3172 4903 diversa
3194 4846 3384 4903 officia
3404 4845 3589 4901 diver-

1982 4942 2056 4996 sis
2093 4939 2423 4996 nominibus
2446 4941 2833 5011 nuncupatur.
2852 4937 3064 4992 Anima
3085 4939 3279 4991 autem
3294 4934 3417 5005 ejus
3438 4933 3593 5005 prin-

1981 5030 2164 5101 cipale
2194 5027 2534 5083 vocabulum
2572 5030 2677 5081 est.
2724 5025 3076 5081 Sensualitas
3105 5039 3241 5077 vero
3276 5021 3486 5077 dicitur
3520 5036 3590 5075 eo

1983 5117 2138 5190 quod
2155 5133 2258 5188 per
2276 5132 2553 5188 corporea
2566 5115 2951 5170 instrumenta
2967 5112 3218 5166 diversos
3229 5127 3425 5165 sensus
3438 5125 3595 5164 exer-

1986 5210 2131 5273 ceat,
2160 5208 2223 5259 ut
2252 5222 2356 5276 per
2385 5205 2582 5260 oculos
2598 5202 2774 5271 videt,
2800 5217 2905 5273 per
2930 5216 3096 5254 aures
3123 5199 3304 5254 audit.
3338 5196 3597 5251 Vitalitas

1989 5295 2222 5367 quidem
2246 5293 2454 5348 dicitur
2482 5309 2549 5347 eo
2584 5291 2739 5364 quod
2768 5305 2976 5360 corpus
3002 5287 3324 5359 vegetando
3344 5285 3482 5341 illud
3511 5284 3596 5339 vi-

1989 5400 2123 5438 vere
2152 5382 2344 5437 faciat.
2384 5382 2528 5436 Cum
2559 5384 2754 5435 autem
2788 5377 2995 5432 dicitur
3034 5376 3281 5431 vitalitas
3313 5378 3371 5430 et
3401 5374 3600 5429 anima

1994 5472 2259 5544 deficere,
2287 5473 2345 5527 et
2365 5470 2563 5526 anima
2585 5469 2866 5544 perpetua
2879 5481 3001 5524 esse
3019 5465 3306 5539 videatur;
3339 5464 3492 5521 idem
3513 5465 3601 5523 est
