4008 6030
400 247 504 305 755

1009 247 1068 305 S.
1107 245 1454 306 BRUNONIS
1493 242 2133 308 CARTHUSIANORUM
2166 249 2633 308 INS’I‘I’I‘UTORIS
2674 251 2829 308 OPP.
2876 251 3052 309 PARS
3095 255 3117 308 Ι

3615 256 3728 312 756

403 384 472 425 ac
486 365 534 423 si
563 365 742 424 dicat:
767 364 970 424 Deﬁcit
997 366 1056 423 in
1099 367 1274 424 ofﬁcii
1313 369 1397 424 sui
1427 369 1724 439 exercitio,
1758 388 1876 427 non
1905 387 2008 427 au-
2030 375 2086 434 Α
2104 375 2495 437 terrenorum,
2526 387 2654 443 quae
2671 371 2820 426 bene
2849 371 3117 427 dicuntur
3143 371 3442 439 circuitus,
3497 390 3568 428 eo
3608 391 3730 446 quo

407 459 530 512 tem
559 455 618 512 in
637 455 721 512 sui
738 457 1002 512 essentia.
1028 457 1170 512 Nam
1193 457 1238 513 si
1259 458 1306 530 ej
1318 476 1379 512 us
1400 476 1467 512 ex
1486 463 1607 514 toto
1631 459 2012 532 perimeretur

410 545 677 613 essentia,
711 562 829 600 non
863 549 1010 600 esset
1033 547 1226 618 utique
1259 552 1557 620 perpetua.

482 633 730 706 Exponit
759 634 934 689 etiam
957 636 1250 706 quomodo
1289 637 1362 691 sit
1385 639 1581 692 oculus
1623 639 2016 706 conturbatus,

414 722 524 778 sic:
558 724 702 778 Vera
722 725 1064 779 conturbatus
1100 732 1174 779 est
1203 725 1404 794 oculus,
1438 727 1534 799 qui
1569 731 1627 782 et
1653 728 1828 783 virtus
1857 746 2018 784 meo-

415 829 547 868 rum
579 813 806 880 dicitur,
822 817 1059 886 propter
1073 815 1158 869 sui
1182 815 1699 887 dignitatem.Nam
1717 820 1891 873 virtus
1906 835 2022 872 mea

417 901 478 963 id
509 904 593 965 est
620 901 766 961 ratio
811 919 1097 970 meorum,
1126 904 1396 973 inﬁrmata
1427 913 1500 958 est
1529 907 1582 958 in
1599 913 1932 977 paupertate,
1967 906 2025 960 id

418 1000 524 1066 est,
556 995 780 1050 laborat
805 993 878 1048 ad
903 992 1143 1048 modum
1175 993 1618 1061 inﬁrmantium,
1669 999 1907 1066 propter
1935 995 2024 1049 in-

421 1085 475 1140 di
483 1085 741 1158 gentiam
761 1083 946 1155 plena:
959 1080 1304 1152 cognitionis
1321 1083 1662 1154 Dei.thuia
1680 1083 1856 1138 virtus
1871 1083 2028 1137 inﬁr-

419 1178 578 1229 mata
607 1176 712 1239 est,
733 1189 846 1227 ossa
889 1188 1004 1225 mea
1042 1171 1350 1224 conturbata
1375 1179 1519 1239 sunt,
1559 1171 1616 1226 id
1647 1175 1753 1238 est,
1791 1172 2027 1225 virtutes

420 1278 689 1318 meorum
702 1259 1013 1316 debilitata:
1030 1261 1180 1326 sunt;
1201 1258 1469 1314 dicuntur
1489 1263 1684 1314 autem
1699 1277 1833 1327 ossa,
1849 1277 2026 1332 prop-

421 1355 510 1407 ter
537 1349 938 1406 fortitudinem
969 1365 1143 1419 quam
1173 1348 1412 1413 habent,
1447 1347 1518 1402 ad
1549 1349 1792 1403 modum
1816 1349 2028 1403 ossium

424 1455 552 1511 quas
578 1439 820 1493 fortiora
849 1440 982 1492 sunt
1011 1453 1203 1492 carne.
1249 1436 1487 1492 Ostcnsa
1516 1455 1630 1491 una
1656 1454 1826 1492 causa
1851 1454 2030 1508 quare

425 1528 634 1583 debeat
654 1525 932 1592 misereri,
965 1525 1427 1597 scilicetpropter
1459 1542 1663 1580 eorum
1694 1525 2027 1580 tribulatio-

425 1633 563 1671 nem
597 1633 611 1670 :
645 1615 816 1670 aliam
843 1614 1160 1686 subjungit,
1210 1614 1556 1684 passionem,
1583 1613 1846 1668 videlicet
1867 1631 2031 1668 suam

423 1706 481 1758 et
500 1703 771 1774 injuriam
801 1720 901 1774 pro
932 1704 1010 1756 eis
1041 1703 1395 1774 patiendam,
1431 1720 1604 1775 quam
1633 1703 1809 1757 etiam
1841 1707 2030 1758 osten-

426 1793 530 1846 dit.
565 1793 632 1846 Et
663 1791 768 1845 hoc
795 1791 872 1844 sic
903 1791 1064 1845 dicit:
1097 1791 1234 1845 Dico
1267 1791 1540 1846 miserere
1569 1808 1859 1858 meorum,
1888 1807 2030 1862 quo-

423 1879 582 1935 niam
614 1879 980 1934 tribulantur.
1007 1879 1075 1932 Et
1105 1879 1234 1934 ideo
1261 1880 1464 1945 adhuc,
1494 1881 1628 1951 quia
1649 1883 1711 1934 ut
1742 1883 1802 1934 tu
1832 1879 1914 1934 eis
1931 1879 2034 1934 mi-

421 1968 684 2036 serearis,
715 1985 870 2040 super
897 1985 1072 2022 omnes
1092 1970 1332 2023 inimicos
1391 1987 1529 2023 meos
1563 1971 1742 2040 factus
1792 1986 1912 2022 sum
1947 1986 2035 2039 op-

413 2059 713 2136 probrium,
746 2057 806 2111 id
833 2060 936 2124 est,
960 2058 1140 2111 ﬁnam
1171 2057 1416 2111 inimicis
1439 2058 1582 2112 meis
1613 2057 2028 2129 opporobrium

425 2149 484 2203 et
511 2144 741 2213 derisio,
773 2147 900 2216 plus
929 2161 1105 2216 quam
1143 2145 1249 2216 ipsi
1280 2145 1458 2200 futuri
1488 2149 1620 2201 sunt
1653 2145 2032 2216 Opprobrium

425 2237 484 2291 et
513 2233 728 2302 dirisio,
749 2234 1035 2305 gentibus,
1063 2249 1196 2287 cum
1227 2234 1300 2288 ab
1323 2233 1402 2287 eis
1431 2233 1635 2306 captivi
1669 2234 1952 2288 ducentur
1975 2236 2033 2288 et

425 2322 852 2394 dispergentur.
882 2323 943 2375 In
975 2320 1086 2375 alia
1119 2321 1495 2376 translatione
1543 2322 1790 2376 habetur
1819 2338 1831 2376 :
1867 2321 2032 2392 Apud

429 2427 608 2466 omnes
631 2411 874 2466 inimicos
905 2427 1064 2476 meos,
1091 2409 1149 2463 id
1182 2413 1286 2475 est,
1318 2411 1590 2464 omnibus
1619 2409 1866 2464 inimicis
1889 2410 2032 2464 meis

428 2500 568 2554 ﬁam
599 2498 1000 2571 opprobrium.
1034 2497 1112 2552 Et
1133 2498 1308 2552 etiam
1341 2500 1531 2553 vicinis
1563 2499 1712 2562 meis;
1732 2497 1790 2552 id
1811 2497 2032 2564 est,illis

429 2589 525 2662 qui
547 2587 964 2660 aliquantulum
983 2587 1592 2658 appropinquaverunt
1616 2589 1678 2640 ut
1701 2602 1794 2640 me
1815 2601 2030 2656 cogno-

426 2679 672 2743 scerent,
706 2675 970 2730 nondum
1017 2677 1247 2729 tantum
1300 2678 1622 2734 noscentes.
1670 2674 1815 2728 sicut
1865 2673 2031 2728 multi

424 2765 662 2820 fuerunt
693 2781 759 2819 ex
802 2763 1047 2830 Iudaeis;
1091 2764 1270 2834 factus
1295 2780 1414 2816 sum
1443 2763 1802 2834 opprobrium,
1843 2761 1902 2816 id
1927 2764 2030 2828 est,

423 2852 969 2909 verecundabuntur
999 2869 1058 2906 se
1093 2851 1310 2906 vicinos
1347 2867 1510 2906 meos
1543 2851 1751 2918 fuisse;
1784 2857 1832 2904 et
1853 2853 2030 2918 timor,

426 2941 607 3011 idest,
641 2957 810 2996 causa
840 2939 1064 2995 timoris
1085 2939 1224 2994 ﬁam
1245 2943 1380 2994 notis
1409 2941 1559 3006 meis,
1585 2939 1642 2994 id
1671 2943 1776 3007 est,
1809 2943 2034 3011 aposto-

424 3031 516 3100 lis,
535 3005 609 3086 ne
628 3047 722 3085 me
745 3029 1006 3085 conﬁteri
1029 3029 1281 3083 audeant
1311 3029 1520 3083 timore
1545 3005 1933 3083 mortis.Unde
1953 3028 2032 3082 le-
2059 3005 2105 3064 Ο

429 3118 586 3191 gitur
619 3135 632 3173 :
686 3117 861 3172 «Noti
913 3117 1025 3171 mei
1055 3117 1214 3188 quasi
1255 3116 1426 3170 alieni
1476 3119 1835 3170 recesserunt
1878 3133 1911 3169 a
1941 3132 2035 3169 me

429 3206 558 3278 (Job
587 3225 641 3277 x,
669 3211 758 3262 l3)
793 3224 804 3260 :
839 3228 866 3255 ››
908 3206 1031 3260 Dixi
1061 3205 1213 3276 quod
1247 3206 1446 3260 vicinis
1498 3206 1636 3260 ﬁam
1670 3205 2032 3276 opprobrium.

433 3295 642 3350 Etideo
672 3293 778 3366 ipsi
808 3292 997 3360 vicini,
1024 3295 1120 3364 qui
1135 3293 1381 3346 videbant
1412 3311 1493 3346 me
1519 3295 1689 3363 foras,
1715 3295 1775 3348 id
1807 3298 1911 3362 est,
1941 3293 2040 3365 qui

431 3389 812 3445 videbantme
827 3387 1141 3443 secundum
1171 3387 1516 3442 forinsecam
1533 3390 2043 3456 naturam,scilicet

435 3477 753 3536 secundum
785 3476 1229 3542 humanitatem,
1271 3492 1385 3546 qua
1408 3475 1622 3548 patiar;
1655 3481 1876 3531 etnunc
1901 3494 2039 3532 con-

451 3565 773 3622 siderantes
791 3564 1108 3620 secundum
1147 3563 1530 3632 divinitatem,
1557 3565 1832 3636 fugerunt,
1867 3566 1926 3620 id
1958 3569 2042 3620 est

437 3670 507 3710 ex
537 3657 658 3709 toto
689 3653 962 3708 recedent
984 3671 1016 3706 a
1040 3671 1139 3721 me,
1164 3653 1223 3707 id
1242 3655 1345 3719 est,
1374 3669 1408 3707 a
1427 3669 1526 3724 spe
1541 3670 1716 3726 quam
1741 3655 1798 3708 in
1823 3671 1918 3709 me
1947 3655 2044 3710 ha-

443 3743 681 3800 bebant.
708 3743 809 3798 Vel
835 3741 960 3797 sic-.z
1000 3740 1111 3808 Qui
1138 3741 1401 3809 videbant,
1453 3741 1510 3796 id
1559 3746 1645 3797 est
1696 3745 2046 3814 cognoscent

440 3831 860 3905 aliquantulum
888 3847 1004 3899 me,
1023 3830 1246 3902 fugient
1264 3849 1295 3884 a
1321 3848 1422 3898 me,
1454 3831 1604 3900 foras
1628 3833 1850 3898 euntes,
1869 3829 2043 3898 idest,

439 3921 524 3977 eis
539 3920 807 3976 cedentes
827 3919 924 3990 qui
945 3917 1084 3973 foris
1109 3921 1244 3972 sunt
1263 3935 1296 3972 a
1315 3917 1646 3988 cognitione
1661 3934 1812 3984 mea,
1838 3917 2046 3972 Iudaeis

441 4007 675 4064 scilicet.
707 4008 776 4061 Et
800 4023 918 4062 non
951 4006 1031 4060 ita
1054 4006 1282 4076 fugient
1299 4007 1360 4059 ut
1387 4008 1748 4060 revertantur
1768 4009 1916 4076 post,
1948 4005 2049 4060 sed

445 4095 702 4150 oblivioni
727 4094 882 4148 datus
904 4110 1042 4160 sum,
1077 4093 1136 4147 id
1167 4096 1253 4146 est
1281 4092 1484 4158 dabor,
1519 4099 1778 4164 tanquam
1809 4101 2050 4147 mortuus

446 4201 576 4240 sum
607 4202 640 4238 a
666 4182 840 4250 corde,
873 4181 932 4236 id
955 4184 1059 4248 est,
1088 4181 1402 4236 secundum
1423 4181 1680 4236 animam
1703 4182 1762 4236 in
1782 4187 2045 4254 peccato;

2114 477 2411 532 nunquam
2435 460 2606 514 ﬁrma
2633 465 2786 527 sunt,
2809 461 2909 515 sed
2936 465 3076 515 eunt
3102 461 3160 515 in
3185 461 3508 523 circuitum.
3539 463 3598 518 id
3615 467 3729 524 est,

2114 565 2344 620 semper
2357 551 2661 604 volvuntur
2681 549 2994 620 aliquando
3019 549 3076 604 in
3104 551 3730 624 prospera,aliquando

2119 639 2180 693 in
2210 639 2466 693 adversa.
2497 638 2662 702 Quod
2693 643 2778 693 est
2805 639 2995 693 dicere
3025 655 3036 692 :
3087 640 3217 694 Ideo
3246 640 3602 710 reputabunt
3630 657 3731 694 me

2124 736 2379 800 tanquam
2407 745 2496 780 vas
2511 727 2822 798 perditum;
2860 727 2994 798 quia
3025 744 3159 782 cum
3207 728 3562 800 vituperatus
3600 745 3733 794 ero,

2124 833 2221 871 me
2251 815 2528 870 videbunt
2557 818 2746 870 tacere
2777 816 2940 888 quasi
2970 833 3158 871 reum.
3191 817 3258 871 Et
3287 817 3417 871 ideo
3442 817 3627 872 adhuc
3641 819 3738 887 [a-

2124 912 2240 960 ctus
2267 921 2386 958 sum
2413 910 2669 976 tanquam
2683 923 2772 958 vas
2791 905 3098 975 perditum;
3129 905 3265 977 quia
3290 905 3739 960 Judaeiexisten-

2125 997 2212 1048 tes
2233 995 2286 1047 in
2315 1010 2372 1047 eo
2409 995 2634 1048 circuitu
2687 1009 2863 1064 quem
2919 993 3072 1061 divi;
3128 993 3254 1046 dum
3280 995 3634 1059 convenirent,
3672 993 3738 1048 id

2127 1086 2213 1138 est
2243 1083 2382 1138 dum
2413 1080 2776 1147 convenient,
2805 1081 3528 1153 congregaticorporaliter
3549 1081 3740 1136 adver-

2125 1189 2244 1226 sum
2273 1171 2451 1234 me,id
2471 1174 2576 1238 est,
2594 1171 2813 1224 utmihi
2851 1171 3176 1237 detrahant,
3197 1170 3301 1241 ipsi
3313 1171 3474 1224 simul
3492 1187 3738 1224 manen-

2127 1264 2234 1326 tes,
2254 1259 2314 1313 id
2337 1263 2442 1324 est,
2475 1259 2535 1313 in
2567 1259 2775 1314 eadem
2787 1260 3078 1313 voluntate
3097 1258 3300 1312 mortis
3325 1275 3470 1312 metr.
3491 1274 3740 1314 concor-

2130 1349 2230 1403 des
2253 1347 2518 1402 consiliati
2538 1354 2682 1412 sunt,
2737 1347 2797 1401 id
2845 1350 2931 1402 est
2982 1347 3454 1414 consiliabuntur,
3495 1347 3742 1418 accipere

2128 1439 2366 1490 animam
2401 1453 2592 1503 meam,
2612 1436 2672 1490 id
2695 1441 2800 1502 est,
2823 1436 3049 1490 auferre
3075 1435 3251 1490 vitam
3282 1452 3496 1502 meam,
3525 1452 3560 1490 a
3584 1435 3745 1489 simi-

2132 1524 2374 1580 litudine
2405 1525 2554 1579 illius
2575 1525 2673 1596 qui
2695 1526 2766 1579 ab
2787 1524 3043 1578 hostibus
3066 1523 3342 1595 accipitur
3359 1527 3418 1578 ut
3438 1524 3738 1595 perdatur.

2133 1613 2297 1676 Quod
2321 1616 2406 1667 est
2435 1629 2501 1666 ac
2523 1612 2772 1667 diceret:
2809 1611 2951 1676 Quia
2979 1611 3254 1666 videbunt
3290 1627 3389 1666 eos
3434 1612 3505 1666 de
3548 1616 3743 1666 morte

2060 1715 2110 1772 Β
2133 1718 2265 1756 mea
2293 1701 2665 1767 consiliari,et
2679 1702 2787 1756 hoe
2817 1701 2890 1756 ad
2903 1701 3170 1755 eﬁ‘ectum
3195 1701 3477 1755 deducere
3494 1717 3588 1754 me
3620 1716 3738 1755 non

2131 1791 2454 1857 resistente,
2495 1790 2845 1861 reputabunt
2868 1807 2960 1844 me
2988 1789 3147 1861 quasi
3173 1807 3262 1843 vas
3280 1789 3568 1860 perditum.
3593 1789 3740 1856 Dixi,

2134 1881 2291 1952 quod
2331 1880 2788 1934 consiliabuntur
2831 1881 3064 1950 accipere
3109 1881 3346 1932 animam
3393 1894 3588 1942 meam.
3617 1876 3742 1948 Ego

2132 1975 2312 2022 autem
2340 1969 2397 2021 in
2422 1975 2470 2021 te
2493 1970 2719 2038 speravi,
2750 1967 2808 2022 id
2851 1971 2956 2028 est,
2992 1967 3050 2020 in
3081 1969 3137 2022 te
3170 1983 3332 2039 spem
3361 1982 3602 2038 ponam,
3631 1965 3746 2019 Do-

2131 2061 2293 2112 mine.
2331 2059 2402 2111 Et
2429 2059 2566 2125 diri,
2597 2058 2656 2112 id
2679 2060 2765 2112 est
2803 2057 3012 2124 dicam;
3048 2060 3106 2111 et
3134 2057 3341 2122 verbis,
3375 2059 3433 2110 et
3462 2073 3660 2128 opere,
3685 2057 3747 2108 et

2133 2147 2461 2214 affectione,
2515 2163 2548 2201 0
2579 2146 2846 2214 Domine,
2876 2149 3022 2217 eripe
3051 2164 3134 2200 me
3160 2145 3223 2200 de
3250 2163 3433 2213 manu,
3472 2145 3528 2198 id
3558 2148 3644 2198 est
3667 2144 3742 2198 de

2134 2238 2778 2308 potestate,immicomm
2800 2253 3035 2289 meorum
3049 2235 3484 2300 Judaeorumme
3501 2233 3582 2288 eis
3597 2249 3738 2288 con-

2133 2325 2372 2380 former.
2417 2324 2496 2378 Et
2523 2327 2663 2395 eripe
2692 2342 2774 2378 me
2813 2343 2845 2377 a
2893 2323 3324 2395 persequentibus
3379 2340 3464 2376 me
3507 2321 3738 2376 Iudaeis.

2135 2411 2299 2476 Quod
2318 2417 2402 2468 est
2423 2413 2706 2468 dicerere:
2729 2412 2897 2484 Eripe
2922 2429 3017 2466 me
3037 2429 3071 2465 a
3096 2415 3380 2484 potestate
3408 2411 3740 2466 Iudaeorum

2133 2519 2207 2556 ne
2247 2501 2389 2556 mihi
2412 2501 2780 2572 praevaleant,
2813 2501 2911 2572 qui
2931 2499 3294 2554 suntinimici
3324 2499 3435 2554 mei
3460 2501 3518 2553 et
3547 2515 3740 2572 perse-

2135 2594 2396 2662 quentes.
2431 2589 2584 2644 Multi
2617 2605 2870 2660 namque
2923 2587 3144 2642 inimici
3165 2591 3317 2654 sunt,
3340 2587 3434 2659 qui
3465 2604 3583 2642 non
3609 2591 3744 2642 sunt

2134 2677 2631 2750 persequentibus.
2675 2677 2925 2749 Ideoque
2955 2677 3103 2732 bene
3129 2676 3309 2744 addit,
3336 2695 3368 2730 a
3379 2678 3742 2748 persequenti-

2137 2769 2229 2822 bus
2259 2785 2357 2822 me.

2208 2857 2276 2910 Et
2308 2855 2609 2928 praamittit
2663 2871 2860 2910 causas
2909 2855 2979 2910 de
3039 2854 3246 2928 quibus
3291 2854 3588 2927 eripiatur,
3618 2855 3741 2911 sic:

2135 2944 2292 3012 Dico,
2325 2947 2496 3016 eripe;
2520 2948 2578 2998 et
2603 2943 2842 3015 dignum
2878 2945 2982 2998 est.
3014 2943 3158 2997 Nam
3201 2944 3344 2998 Deus
3383 2960 3528 2997 uicus
3556 2960 3607 2996 es
3639 2950 3696 2996 tu
3727 2961 3745 3008 ;

2135 3037 2339 3104 reputo
2361 3038 2418 3088 te
2449 3033 2782 3088 Creatorem
2801 3047 3020 3088 meum.
3039 3033 3106 3086 Et
3126 3031 3260 3104 quia
3285 3040 3446 3086 sortes
3469 3049 3600 3086 meai
3615 3036 3748 3086 sunt

2137 3125 2192 3176 in
2218 3122 2458 3176 manibus
2492 3122 2619 3187 tuis,
2647 3121 2707 3175 id
2745 3123 2849 3188 est,
2883 3119 3192 3176 electiones
3222 3136 3366 3174 mea:
3395 3124 3529 3175 sunt
3561 3121 3621 3174 in
3643 3137 3750 3175 vo-

2137 3210 2452 3264 luntatibus
2466 3209 2598 3263 tuis.
2636 3208 2798 3273 Quod
2831 3212 2918 3263 est
2946 3208 3134 3262 dicere
3159 3225 3172 3262 :
3206 3208 3350 3272 Quia
3373 3209 3522 3264 solas
3547 3210 3752 3264 volun-

2138 3301 2286 3352 tates
2311 3303 2437 3352 tuas
2466 3299 2615 3369 eligo
2641 3315 2655 3365 ;
2688 3304 2849 3351 sortes
2877 3313 2984 3369 pro
3012 3297 3386 3352 electionibus
3406 3297 3594 3370 ponit,
3614 3297 3755 3369 quia

2141 3400 2244 3458 per
2263 3393 2420 3440 sortes
2441 3386 2752 3440 electiones
2769 3385 2894 3440 ﬁeri
2910 3385 3126 3453 solent;
3154 3385 3288 3456 quia
3314 3401 3450 3440 vero
3465 3401 3532 3439 ex
3550 3387 3756 3439 volun-

2144 3475 2354 3530 tatibus
2384 3490 2562 3548 opera
2591 3473 2934 3544 proccdunt,
2969 3490 3177 3528 manus
3192 3474 3478 3528 dicuntur.
3495 3473 3756 3528 Manibus

2145 3563 2304 3619 enim
2335 3581 2516 3636 opera
2547 3567 2907 3617 exercentur.
2956 3562 3092 3630 Oro,
3124 3565 3280 3633 eripe.
3316 3563 3384 3616 Et
3413 3579 3531 3616 non
3563 3563 3753 3616 solum

2144 3653 2274 3720 hoc,
2307 3653 2406 3707 sed
2422 3653 2598 3706 etiam
2627 3652 2832 3705 illustra
2858 3652 3050 3722 faciem
3075 3659 3244 3718 tuam,
3277 3651 3457 3717 idest,
3475 3651 3761 3705 illustrem

2148 3742 2386 3797 ostende
2413 3744 2470 3795 et
2501 3742 2714 3795 claram
2748 3740 2836 3794 fac
2878 3739 3297 3810 benignitatem
3355 3741 3537 3795 tuam.
3565 3737 3762 3810 Respi-

2147 3829 2351 3884 ciendo
2383 3846 2552 3900 super
2583 3846 2676 3882 me
2697 3847 2900 3882 servum
2928 3836 3096 3894 tuum,
3129 3827 3187 3883 id
3226 3831 3330 3894 est,
3383 3826 3624 3882 omnino
3653 3825 3758 3880 tibi

2150 3919 2539 3973 obedientem.
2573 3915 2797 3972 Faciem
2815 3917 2980 3989 ponit
3008 3933 3113 3988 pro
3133 3917 3470 3986 benignitate,
3505 3932 3574 3970 eo
3602 3913 3761 3988 quod

2149 4005 2210 4060 in
2235 4005 2380 4060 facie
2409 4021 2560 4077 saepe
2588 4005 2916 4076 benignitas
2947 4004 3276 4060 denotatur.
3295 4005 3445 4058 Bene
3460 4003 3636 4058 etiam
3657 4017 3758 4074 po-

2153 4094 2256 4162 nit,
2279 4112 2434 4165 super
2461 4111 2670 4148 servum
2703 4100 2874 4161 tuum,
2907 4093 3067 4164 quasi
3106 4093 3293 4148 dicat:
3325 4092 3466 4147 Cum
3500 4093 3563 4145 tu
3593 4107 3758 4163 supe-

2151 4183 2271 4239 rior
2300 4183 2374 4238 sis
2395 4200 2489 4238 me
2518 4184 2774 4238 humano
2798 4199 2959 4256 servo
2983 4186 3102 4250 tuo,
3135 4181 3530 4237 condescende
3571 4180 3713 4236 mihi
3738 4199 3754 4248 ;

443 4273 590 4328 sicut
613 4288 707 4326 me
738 4273 1037 4325 mortuum
1071 4269 1129 4323 in
1165 4285 1406 4340 corpore
1435 4269 1732 4324 videbunt.
1771 4271 1936 4335 Quod
1966 4275 2050 4326 est
2072 4288 2125 4346 D
2152 4275 2210 4326 et
2238 4289 2342 4344 per
2369 4273 2478 4326 hoc
2521 4271 2944 4342 benignitatem
2968 4273 3128 4325 tuam
3181 4270 3462 4326 illustrem
3491 4269 3751 4325 ostende.

445 4361 637 4417 dicere
668 4377 681 4414 :
713 4359 1004 4414 Putabunt
1027 4373 1122 4414 me
1171 4375 1276 4431 per
1304 4361 1538 4431 peccata
1575 4359 1632 4414 in
1663 4359 1861 4416 anima
1891 4378 2047 4416 mor-

443 4452 632 4517 tuum,
666 4449 912 4520 ideoque
939 4464 1056 4503 non
1086 4451 1569 4504 resurrecturum.

516 4539 586 4593 Et
605 4539 782 4610 [actus
807 4554 948 4604 sum,
977 4537 1037 4591 id
1067 4539 1152 4590 est
1177 4537 1335 4605 ﬁam,
1365 4537 1446 4591 eis
1469 4543 1721 4610 tanquam
1749 4555 1841 4592 vas
1859 4539 2051 4609 perdi.

451 4635 566 4683 tum
592 4610 906 4698 90;quod
922 4628 1006 4679 est
1019 4624 1592 4680 dicerezPonentesin
1608 4643 1701 4681 me
1716 4626 1872 4699 prius
1885 4644 2048 4698 spem

441 4713 792 4782 salvationis,
821 4713 1174 4784 reputabant
1188 4729 1280 4768 me
1301 4713 1374 4768 ad
1391 4714 1729 4769 salvandum
1745 4731 1844 4770 eos
1868 4715 2042 4770 inuti-

440 4806 582 4873 lem,
614 4803 760 4858 sicut
785 4819 875 4856 vas
892 4801 1190 4872 perditum,
1223 4801 1281 4855 id
1310 4805 1396 4856 est
1416 4801 1683 4870 fractum,
1719 4803 1873 4874 quod
1919 4803 2045 4858 inu-

437 4893 543 4949 tile
564 4894 652 4948 est
673 4889 892 4964 aliquid
921 4890 981 4944 in
1011 4905 1070 4944 se
1096 4905 1321 4961 capere,
1368 4907 1500 4944 cum
1523 4891 1667 4945 illud
1697 4891 1854 4962 quod
1887 4891 1945 4945 in
1977 4908 2046 4947 eo

434 4980 693 5055 ponitur,
722 4979 858 5034 inde
887 4977 1158 5033 citissime
1172 4977 1417 5032 difﬂuat.
1445 4979 1513 5032 Et
1531 4977 1663 5033 ideo
1696 4979 2048 5048 reputabunt

434 5087 532 5126 me
563 5085 655 5124 vas
689 5067 964 5140 perditum
1011 5068 1264 5138 quoniam
1300 5065 1512 5133 audivi,
1545 5065 1606 5120 id
1645 5069 1732 5120 est
1757 5066 2046 5136 patienter

431 5165 574 5228 (non
586 5155 1015 5230 respondendo)
1037 5154 1735 5226 audiam,vituperationem
1750 5156 2042 5210 multorum

429 5248 880 5305 commoruntium
911 5247 967 5299 in
995 5246 1241 5312 circuitu,
1273 5244 1331 5299 id
1362 5248 1468 5311 est,
1492 5260 1610 5298 non
1631 5243 1689 5297 in
1714 5244 1830 5298 mei
1863 5244 2036 5300 dilec-

426 5338 587 5396 tione
613 5341 670 5392 et
691 5335 916 5403 notitia,
944 5334 1044 5390 sed
1075 5333 1134 5388 in
1153 5333 1543 5405 elongatione,
1569 5333 1641 5387 ad
1662 5333 1901 5388 modum
1921 5335 2029 5390 cir-

421 5428 626 5495 cuitus,
659 5424 756 5497 qui
784 5425 958 5496 longe
983 5425 1070 5478 est
1097 5439 1132 5476 a
1156 5426 1370 5493 puncto
1409 5422 1566 5494 quod
1600 5421 1659 5476 in
1689 5422 1884 5478 medio
1917 5430 2020 5480 est.

415 5516 520 5596 Yet
544 5512 990 5570 commorantium
1043 5511 1106 5568 in
1142 5511 1396 5576 circuitu,
1426 5510 1486 5568 id
1515 5513 1620 5579 est,
1647 5509 1712 5566 in
1744 5512 2022 5584 appetitu

2153 4359 2288 4424 Oro,
2319 4360 2545 4426 illustre,
2581 4359 2656 4414 sic
2701 4359 2913 4414 scilicet
2941 4375 2954 4412 :
2993 4357 3220 4413 Salvum
3247 4375 3332 4412 me
3364 4358 3456 4428 fac
3485 4374 3520 4412 a
3544 4360 3752 4414 morte.

2151 4449 2219 4502 Et
2237 4449 2346 4502 hoc
2393 4449 2446 4501 in
2476 4446 2830 4500 misericordia
2875 4453 2988 4509 tua,
3017 4446 3269 4512 Domine,
3303 4462 3375 4500 ne
3399 4444 3711 4518 {con/imdar
3738 4463 3756 4498 :

2152 4535 2306 4609 quod
2327 4535 2545 4604 esset,si
2557 4536 2741 4590 salvus
2758 4551 2875 4590 non
2903 4535 3107 4589 ﬁerem
3132 4552 3146 4604 ;
3179 4551 3368 4606 neque
3389 4534 3631 4607 dignum
3652 4538 3756 4602 est,

2149 4627 2405 4699 quoniam
2433 4625 2690 4691 invocari,
2714 4623 2773 4678 id
2789 4626 2893 4690 est,
2912 4623 3068 4678 oravi
3091 4625 3168 4678 te.
3209 4623 3306 4678 Vel
3331 4623 3448 4677 ita:
3495 4621 3758 4689 Quoniam

2149 4716 2394 4768 invocavi
2421 4721 2487 4781 te,
2525 4713 2584 4767 id
2615 4715 2719 4779 est,
2754 4712 2909 4767 bona
2935 4711 3240 4767 affectione
3262 4715 3320 4767 et
3341 4712 3530 4767 verbis
3547 4715 3604 4766 et
3621 4729 3758 4786 ope»

2149 4803 2372 4858 ratione
2407 4801 2599 4856 vocavi
2629 4799 2774 4856 tein
2813 4801 3208 4876 habitatorem
3236 4817 3456 4869 meum,
3489 4801 3648 4868 Dico,
3683 4817 3756 4856 ne

2147 4892 2485 4963 confundar;
2521 4888 2675 4961 impii
2711 4907 2868 4957 vero,
2910 4890 2970 4944 id
3037 4890 3360 4958 est,'I'a-dsei
3390 4890 3610 4946 inimici
3642 4891 3760 4946 mei

2147 4982 2448 5035 erubescant
2479 4979 2539 5033 in
2569 4979 2990 5034 resurrectione
3006 4995 3156 5047 mea,
3190 4983 3249 5034 et
3276 4981 3407 5051 post
3432 4979 3759 5034 deducantur

2147 5071 2202 5122 in
2233 5069 2520 5139 infernum,
2565 5067 2810 5123 localem
2868 5067 3164 5122 infernum
3227 5065 3510 5122 videlicet.
3569 5067 3752 5124 Dico:

2143 5157 2490 5222 Erubescant,
2512 5158 2571 5210 et
2591 5155 2767 5210 etiam
2789 5162 2961 5223 muta,
2984 5155 3120 5224 ﬁant
3168 5155 3311 5210 labia
3347 5155 3526 5210 dolosa
3549 5171 3755 5211 eorum

2139 5247 2264 5301 Non
2285 5244 2420 5300 dicit
2445 5244 2524 5298 sic
2544 5251 2694 5297 muta
2725 5243 2879 5316 quod
2903 5243 3043 5297 nihil
3075 5243 3318 5298 omnino
3350 5244 3548 5298 dicant
3577 5261 3591 5311 ;
3651 5244 3753 5299 sed

2133 5342 2304 5400 muta,
2332 5333 2391 5388 id
2416 5336 2520 5390 est.
2543 5332 2694 5397 nihil
2725 5333 2864 5386 mali
2897 5331 2966 5386 de
2998 5347 3116 5400 me,
3135 5332 3293 5404 quod
3319 5347 3523 5388 verum
3561 5331 3751 5388 videa-

2126 5427 2241 5491 tur,
2275 5421 2544 5477 dicentia.
2586 5420 2762 5476 Labia
2816 5419 2993 5474 dolosa
3053 5419 3326 5476 dicuntur
3373 5421 3621 5489 habere,
3655 5421 3753 5494 qui

2121 5511 2278 5571 aliud
2301 5511 2583 5584 cogitant,
2609 5508 2768 5566 aliud
2789 5508 2990 5566 dicunt
3011 5527 3026 5579 ;
3049 5523 3176 5582 quae
3196 5508 3741 5580 Judazihabuerunt,
