1997 3021
121 27 194 54 Cum
211 27 290 55 enim
309 28 421 55 ratione
436 36 486 55 sua
501 30 530 55 et
547 28 690 56 miraculis
706 29 809 56 Christi
822 29 923 62 coacti,
939 39 967 68 Α
978 29 1100 57 ticorum
1117 31 1145 57 et
1155 30 1278 57 aliorum
1292 39 1365 57 vana
1378 30 1605 66 suggerentium,
1623 39 1659 58 ne
1673 39 1780 66 pra-va—

120 80 187 99 vere
201 73 291 99 Deum
308 81 368 100 esse
379 74 597 108 cognoscerent,
610 82 659 100 ore
668 75 782 100 tantum
799 74 924 110 denega-

119 116 201 143 bant.
218 117 313 143 Potest
328 117 416 144 etiam
432 118 484 144 hoc
507 118 598 145 oratio
614 126 685 150 esse,
708 118 730 144 si
743 118 782 145 sic
799 127 923 153 expona-

120 162 168 186 tur
181 169 187 187 :
207 160 272 193 Oro,
291 161 393 187 salvum
408 170 447 188 me
459 162 513 196 fac.
530 162 564 188 Et
579 171 626 189 me
638 163 754 195 salvato,
771 163 926 189 erubescant

118 205 296 240 impiiJuduei
308 205 343 232 de
359 208 454 232 morte
463 214 538 239 mea,
549 206 577 233 in
589 206 697 233 bonum
707 206 814 233 scilicet
822 207 923 233 erube—

118 251 211 276 scant.
230 250 263 276 Et
287 251 318 276 ut
333 250 532 277 vehementius
557 251 737 284 erubescant,
759 250 925 277 deducantur

118 293 298 331 cogitatione
320 303 371 321 sua
400 296 429 322 in
466 296 613 330 infernum,
641 295 670 322 in
697 295 923 331 profunditatem

117 330 172 373 9|
206 341 391 374 peccatorum
406 348 535 366 suorum.
559 339 638 371 Quod
662 330 832 373 estdicere:
850 339 924 367 Con-

117 383 248 410 siderent
271 384 499 419 profunditatem
523 386 706 420 peccatorum
729 392 870 411 suorum:
897 385 925 411 ct

116 427 159 453 sic
178 431 253 453 muta
282 429 350 462 ﬁant
370 428 441 455 labia
473 428 562 455 dolosa
595 437 695 455 eorum
727 437 744 455 a
780 428 923 464 vitupera-

115 471 199 498 tione
220 472 288 500 mei.
318 472 448 499 Ostendit
477 475 574 500 autem
601 473 629 499 in
655 481 712 508 quo
728 472 803 499 -sint
834 472 923 499 dolata

116 523 185 542 cum
206 516 366 552 subjungit:
389 516 454 549 Quae
476 517 552 544 labia
574 517 720 552 loquuntur
736 517 860 544 (ulcersus
877 525 924 543 me

113 560 231 595 justum,
250 561 279 587 id
292 562 344 594 est,
363 561 541 588 detrahendo
563 561 633 588 mihi
654 561 743 596 justo:
770 562 799 588 et
817 561 871 588 hoc
898 562 925 587 in

115 605 243 640 superbia
262 608 286 631 et
297 605 432 638 abusione,
448 605 477 632 id
493 607 546 638 est,
556 606 677 640 superbe
687 606 715 632 et
732 605 856 632 abusive.
871 604 924 632 Su-

116 648 208 684 perbe
223 649 341 684 quidem
354 650 557 685 loquebantur,
573 658 638 676 cum
652 649 786 676 dicebant
800 657 806 676 :
826 660 839 673 «
855 649 922 681 Ave,

975 74 1054 101 leant
1069 74 1119 101 eis.
1136 75 1214 102 Hanc
1232 77 1329 102 autem
1350 75 1555 111 apostropham
1569 75 1605 102 ad
1627 76 1776 102 membra:

975 118 1134 146 Benedictus
1150 120 1286 146 Dominus
1294 119 1328 146 de
1336 119 1399 152 hoc,
1409 119 1476 154 quia
1486 119 1557 146 meis
1564 119 1638 146 videt
1650 120 1778 147 futurum

976 163 1051 198 quod
1069 163 1210 198 prmdixit.
1228 164 1287 190 Dixi
1300 164 1376 199 quod
1394 164 1466 190 Deus
1475 164 1631 190 abscondet
1642 165 1671 190 et
1680 166 1777 199 prote-

974 209 1023 242 get
1039 216 1098 239 vos,
1123 216 1139 235 0
1153 210 1316 243 sperantes;
1329 210 1357 235 et
1368 207 1407 234 ita
1420 207 1483 235 erit.
1496 208 1529 234 Et
1541 207 1605 235 ideo
1618 208 1775 241 benedictus,

974 251 1002 279 id
1015 253 1065 284 est,
1080 252 1211 279 laudatus
1226 252 1415 285 sitDominus,
1425 254 1454 279 et
1468 260 1484 279 a
1498 261 1545 279 me
1555 254 1583 279 et
1594 253 1705 280 avobis.
1724 253 1776 280 Re-

974 296 1046 331 petit
1057 297 1154 323 autem
1169 305 1257 332 quare
1267 297 1439 324 sitlaudatus
1448 297 1509 324 aliis
1519 297 1621 331 verbis,
1631 297 1670 324 sic
1680 307 1688 324 :
1705 297 1776 330 Quo-

974 341 1051 366 niam
1063 342 1219 375 miriﬁcavit
1235 341 1446 368 misericordiam
1471 350 1547 368 suam
1572 342 1648 375 mihi,
1679 342 1708 369 id
1723 343 1776 375 est,

975 384 1139 411 mirabilem
1166 385 1395 412 misericordiam
1410 394 1490 412 suam
1504 386 1589 413 faciet
1605 387 1679 413 Deus
1694 386 1775 419 meis,

974 428 1051 455 vobis
1065 429 1180 456 scilicet.
1198 430 1232 456 Et
1245 429 1299 456 hoc
1311 431 1339 456 in
1356 431 1460 457 civitate
1485 431 1603 461 munita,
1627 430 1656 457 id
1678 432 1730 464 est,
1747 430 1776 457 in

975 472 1149 500 Hierusalem
1167 473 1282 507 caelesti,
1300 483 1363 510 quae
1380 474 1482 501 dicitur
1496 474 1593 502 civitas
1603 475 1725 508 munita,
1743 483 1777 502 eo

975 517 1051 552 quod
1069 518 1162 543 nullus
1177 518 1296 545 assultus
1311 518 1436 545 hostium
1459 519 1488 546 in
1505 527 1569 545 eam
1596 518 1657 545 ﬁeri
1673 520 1776 554 potest.

975 560 1055 587 Unde
1071 561 1208 596 scriptum
1225 563 1287 589 est:
1306 574 1319 587 ‹‹
1337 562 1418 594 Quod
1433 563 1530 590 oculus
1552 571 1610 590 non
1631 562 1710 596 vidit,
1724 571 1777 590 nec

975 605 1051 631 auris
1071 605 1187 638 audivit,
1214 614 1266 632 nec
1299 606 1328 633 in
1348 614 1397 634 cor
1412 607 1539 634 hominis
1553 607 1690 641 ascendit,
1714 615 1776 642 quae

975 650 1147 684 prieparavit
1173 650 1246 677 Deus
1267 650 1450 685 diligentibus
1478 659 1508 678 se
1532 651 1595 683 (Isa.
1613 660 1685 684 LXIV,
1701 651 1739 685 4;
1763 651 1780 677 I

114 701 168 720 rex
183 693 349 720 Judzeorum
364 693 478 728 (Matth.
494 702 576 726 xxvn,
594 695 627 721 29
641 702 647 727 ;
673 693 762 726 Marc,
790 702 835 720 xv.
870 694 902 720 18
916 702 922 727 ;
938 699 963 727 Β
976 692 1039 719 Cor.
1056 702 1086 726 ιι,
1102 695 1139 727 9).
1158 705 1170 717 η
1184 694 1364 721 Facitautem
1377 695 1626 731 apostrophamad
1635 696 1725 722 Deum
1735 704 1777 722 re-

113 737 199 766 Joan.
216 747 242 771 x,
257 739 292 769 3).
310 748 324 763 ι)
342 738 462 765 Abusive
487 740 595 770 autem,
610 746 674 764 cum
703 738 738 765 ad
756 738 816 773 ejus
832 738 925 764 detra-

115 781 246 809 ctionem
260 782 338 809 falsis
348 782 491 810 vocabulis
498 782 833 815 abutebantur,dicentes
844 790 921 814 eum,

113 825 167 861 qui
186 826 280 861 justus
302 828 364 854 erat
385 828 414 854 et
436 827 584 859 innocens,
598 828 780 862 peccatorem
797 828 826 853 et
838 826 922 853 sedu-

113 872 227 898 ctorem
253 870 366 905 (Matth.
383 880 467 898 xxvu.
485 871 541 905 63).
558 871 606 898 Vel
634 871 671 897 ita
692 879 697 897 :
720 870 880 906 Loquuntur
892 870 922 897 in

115 914 256 948 abusione,
274 915 302 942 id
317 917 369 948 est,
393 915 550 942 abutuntur
569 915 659 942 libero
673 914 792 942 arbitrio
815 922 865 941 suo
884 914 923 941 lo-

114 959 233 994 quenda
249 960 400 987 adversum
416 968 473 987 me.

154 1003 225 1030 Cum
236 1004 314 1031 enim
324 1004 361 1031 ad
367 1005 421 1031 boc
431 1004 529 1031 datum
539 1004 747 1031 siteisliberum
757 1003 920 1036 arbitrium,

113 1049 150 1074 ut
161 1048 298 1075 cessando
309 1057 325 1076 a
332 1049 420 1083 malo,
428 1051 457 1076 et
465 1049 574 1076 bonum
581 1049 729 1083 operando
736 1048 779 1075 vel
786 1047 907 1075 dicendo
913 1068 919 1080 ,

114 1093 253 1120 meliores
260 1094 331 1120 fiant
344 1102 432 1129 quam
445 1094 467 1121 si
483 1094 665 1120 solummodo
678 1093 839 1128 potentiam
846 1093 920 1120 bene

113 1137 259 1172 operandi
274 1138 428 1171 baberent;
446 1138 602 1165 abutuntur
615 1137 675 1173 ipso
691 1137 782 1164 libero
802 1136 919 1163 arbitrio

112 1182 194 1209 male
210 1182 245 1208 de
260 1190 308 1209 me
321 1182 476 1217 loquendo.
495 1182 624 1209 Ostendit
637 1184 732 1209 autem
741 1181 921 1217 quisfructus

111 1226 253 1261 sequatur
261 1226 296 1253 de
313 1226 469 1253 salvatione
485 1226 538 1259 sui,
552 1226 590 1253 sic
604 1234 610 1252 :
625 1226 692 1258 Oro,
709 1226 785 1252 salva
808 1233 865 1251 me.
888 1225 921 1251 Et

111 1278 169 1306 per
181 1278 228 1297 me
243 1271 382 1297 salvatum
398 1271 548 1306 apparebit
558 1279 639 1306 quam
652 1279 761 1305 magna,
776 1269 804 1296 id
818 1269 921 1296 estval-

111 1313 152 1341 de
164 1323 262 1349 magna
276 1314 420 1342 multitudo
435 1314 594 1348 dulcedinis,
614 1314 643 1341 id
659 1315 701 1340 est
717 1313 920 1340 misericordiae

110 1359 183 1391 tum,
196 1367 278 1394 quam
299 1359 514 1386 multitudinem
532 1358 703 1390 abscondisti,
721 1366 737 1385 a
755 1356 919 1393 perdendis,

109 1403 143 1430 et
157 1403 212 1430 hoc
231 1403 387 1430 timentibus
403 1407 436 1436 te,
454 1403 482 1430 id
495 1405 547 1434 est,
567 1403 603 1429 ad
617 1410 686 1438 opus
702 1401 866 1428 timentium
882 1403 918 1427 te.

109 1446 198 1478 Quod
214 1449 256 1474 est
269 1447 383 1474 dicere:
400 1448 424 1474 Α
439 1449 466 1474 te
481 1447 700 1474 nontimentibus
716 1445 877 1473 abscondisti
885 1453 920 1471 ne

107 1493 291 1526 cognoscant
305 1499 388 1525 eam;
411 1492 563 1518 timentibus
575 1493 672 1518 autem
688 1490 829 1523 revelasti,
841 1489 922 1524 juxta

107 1535 183 1563 illud
200 1536 344 1571 Evangelii
357 1545 362 1563 :
380 1547 394 1560 ‹‹
405 1536 586 1563 Abscondisti
600 1536 661 1562 haec
669 1534 881 1570 asapientibus,
892 1534 922 1560 et

107 1580 244 1607 revelasti
258 1580 508 1615 eaparvulis(Luc.
524 1589 551 1614 x,
568 1580 623 1616 2t).
643 1590 656 1604 ››
670 1580 703 1606 Et
716 1587 775 1606 non
788 1574 920 1606 revelasti

107 1623 150 1651 sic
165 1625 198 1651 ut
213 1632 270 1652 non
287 1625 343 1652 sint
356 1625 496 1659 habituri;
513 1625 562 1651 sed
577 1624 724 1659 perfecz‘sti,
737 1623 767 1650 id
784 1624 836 1656 est,
852 1630 918 1657 per—

108 1668 201 1702 ﬁcies,
227 1668 306 1696 illam
336 1669 552 1696 multitudinem
571 1668 643 1695 meis
657 1667 846 1695 timentibus:
873 1667 922 1701 qui

106 1716 218 1748 sperant
234 1714 262 1740 in
282 1716 307 1740 te
323 1714 351 1740 in
363 1716 500 1748 conspectu
516 1713 636 1747 ﬁliorum
655 1712 804 1744 hominum,
820 1711 850 1738 id
865 1711 916 1743 est,

108 1757 160 1793 qui
177 1757 351 1784 conﬁtentur
365 1766 395 1784 se
410 1765 526 1793 sperare
541 1757 570 1783 in
584 1758 612 1784 te
626 1757 653 1783 in
668 1759 804 1790 conspectu
820 1754 916 1782 imita-

108 1803 210 1829 torum
224 1801 431 1837 malignorum,
439 1810 497 1829 non
505 1801 681 1836 denegantes
689 1802 716 1827 te
726 1800 831 1828 timore
842 1808 917 1827 mor-

109 1845 158 1873 tis.
175 1845 255 1873 Unde
270 1846 409 1874 Dominus
422 1846 451 1872 in
466 1845 633 1881 Evangelio:
652 1856 665 1869 ‹‹
680 1845 732 1877 Qui
744 1854 791 1872 me
804 1844 914 1872 confes-

108 1898 159 1917 sus
174 1889 260 1917 fuerit
275 1898 373 1917 coram
388 1890 563 1923 hominibus,
577 1890 737 1917 conﬁtebor
748 1891 776 1916 et
786 1897 840 1924 ego
849 1897 915 1915 eum

109 1941 213 1961 eorum
228 1936 310 1970 patre
324 1942 391 1962 meo
401 1932 475 1969 (Luc.
492 1942 540 1967 xu,
561 1935 596 1968 8).
614 1943 629 1960 »
644 1934 780 1969 Malignos
804 1933 850 1960 hic
864 1933 916 1960 bo-

975 739 1075 773 petens
1091 746 1206 765 causam
1224 739 1388 766 salvationis
1401 747 1530 773 suorum,
1544 741 1575 766 ut
1584 748 1632 767 eos
1647 739 1699 766 sibi
1713 748 1775 766 ma-

973 781 1017 816 gis
1038 782 1177 809 obnoxios
1200 782 1297 809 fuciat.
1324 782 1383 809 Dixi
1401 783 1478 818 quod
1499 783 1555 810 mei
1576 785 1775 819 protegentur,

974 826 1195 853 absrondcntur.
1214 826 1273 861 Ego
1289 831 1377 853 autem
1392 828 1775 863 utipsiproteganturproje-

973 873 1029 896 ctus
1043 871 1143 903 swn,id
1153 872 1194 897 est
1205 880 1254 898 cro
1270 880 1285 897 α
1297 872 1370 906 [acie
1384 872 1519 898 oculorum,
1536 872 1684 905 tuorum,id
1695 874 1746 904 est,
1761 880 1777 899 δ,

973 915 1126 949 ρι’ωδθηιίίι
1141 915 1348 942 misericordize
1366 917 1430 942 tum.
1449 916 1530 948 Quod
1546 917 1692 944 estdicere
1706 925 1712 944 ε
1729 917 1775 942 Vi-

973 958 1064 985 debor
1078 958 1107 985 in
1121 959 1252 994 passione
1262 968 1321 986 esse
1329 960 1497 995 projectusa
1509 960 1706 988 misericordia
1716 962 1774 994 tua,

973 1004 1001 1029 et
1016 1003 1090 1029 hanc
1107 1003 1317 1039 projectionem
1329 1004 1398 1037 dixi,
1411 1004 1439 1031 id
1450 1006 1503 1038 est,
1513 1005 1638 1032 intellexi
1648 1013 1713 1040 ego.
1728 1005 1776 1040 qui

972 1047 1167 1082 projiciendus
1181 1056 1255 1081 sum,
1267 1057 1354 1084 quam
1369 1049 1426 1076 alta
1442 1051 1470 1076 et
1485 1049 1647 1076 rationabili
1660 1049 1776 1086 disposi-

972 1091 1050 1119 tione
1072 1092 1131 1125 ﬁat,
1153 1092 1228 1125 dico,
1250 1093 1326 1126 dici;
1349 1095 1377 1120 et
1390 1093 1444 1120 hoc
1462 1094 1489 1120 in
1505 1101 1620 1125 excessu,
1631 1094 1661 1121 id
1676 1096 1728 1127 est,
1745 1094 1773 1121 in

971 1136 1085 1163 sublimi
1110 1137 1266 1165 subtilitate
1293 1139 1387 1164 mentis
1402 1146 1475 1164 mea.
1500 1138 1568 1170 Qua:
1583 1139 1656 1165 bene
1673 1138 1776 1165 dicitur

972 1188 1110 1213 excessus,
1128 1189 1161 1208 eo
1174 1181 1251 1216 quod
1267 1190 1368 1208 omnes
1383 1182 1514 1209 omnium
1529 1182 1682 1209 hominum
1690 1184 1775 1209 etan-

971 1225 1102 1259 gelorum
1119 1225 1288 1252 subtilitates
1306 1226 1425 1253 excedit.

1007 1269 1061 1295 Per
1075 1269 1129 1296 hoc
1144 1271 1241 1296 autem
1258 1270 1335 1305 quod
1351 1270 1418 1297 dicit
1429 1278 1458 1297 se
1474 1270 1717 1303 bocintellexisse,
1734 1270 1776 1297 in-

971 1312 1033 1339 nuit
1046 1321 1075 1339 se
1084 1313 1137 1340 hoc
1150 1313 1273 1340 libenter
1284 1322 1446 1349 passurum,
1460 1316 1489 1342 et
1498 1323 1555 1342 non
1565 1315 1618 1341 hoc
1627 1314 1771 1349 ignorare.

970 1356 1038 1383 Dico
1061 1357 1129 1392 quia
1154 1358 1287 1393 projectus
1307 1366 1367 1385 ero.
1400 1359 1433 1385 Et
1451 1359 1510 1386 ideo
1535 1358 1669 1385 exaudisti
1686 1367 1774 1385 vocem

971 1402 1096 1428 orationis
1192 1411 1255 1428 mea,
1270 1402 1334 1428 dum
1349 1402 1495 1429 clamarem
1508 1402 1543 1429 ad
1557 1406 1589 1435 te,
1606 1402 1635 1429 id
1652 1404 1704 1435 est,
1717 1411 1767 1430 au-

972 1445 1032 1472 dies
1047 1446 1086 1472 sic
1101 1447 1131 1472 ut
1148 1446 1302 1481 impetrem
1316 1447 1476 1474 orationem
1488 1455 1583 1474 meam
1599 1455 1666 1474 voce
1678 1448 1773 1484 profe-

972 1491 1105 1524 rendam,
1123 1491 1192 1518 dum
1209 1491 1338 1519 clamabo
1351 1492 1386 1518 ad
1397 1493 1423 1518 te
1433 1500 1485 1527 pro
1498 1492 1774 1528 meis.Apostropha—

972 1534 1027 1561 tice
1044 1535 1161 1570 quidem
1172 1544 1238 1562 suos
1250 1536 1420 1563 adhortatur
1435 1537 1465 1562 ut
1485 1537 1575 1563 Deum
1593 1536 1725 1571 diligant,
1745 1538 1774 1563 et

972 1578 1091 1605 viriliter
1099 1581 1197 1614 agunt,
1213 1581 1243 1606 ut
1258 1580 1296 1606 sic
1305 1579 1396 1607 oratio
1406 1589 1456 1607 sua
1465 1581 1493 1607 et
1502 1580 1640 1615 projectio
1653 1580 1694 1607 eis
1706 1588 1772 1616 pro-

972 1622 1078 1655 ficiant,
1094 1631 1157 1658 qum
1173 1624 1255 1650 aliter
1269 1632 1325 1650 non
1342 1624 1525 1659 proﬁcerent.
1538 1624 1605 1651 Dico
1619 1624 1695 1659 quod
1710 1633 1774 1658 pro-

964 1667 1052 1702 jectus
1067 1675 1116 1694 cro
1129 1675 1181 1702 pro
1197 1667 1286 1700 vobis,
1303 1670 1331 1695 et
1346 1667 1482 1695 exaudiar
1497 1668 1566 1695 dum
1577 1668 1771 1694 clamabo.Er-

968 1720 1006 1747 go
1021 1711 1122 1746 diligite
1146 1711 1291 1738 Dominum
1313 1720 1400 1738 omnes
1415 1713 1502 1738 sancti
1519 1712 1574 1747 ejus
1590 1711 1639 1738 filii
1655 1719 1707 1746 per
1723 1719 1770 1738 me

967 1755 1072 1789 futuri;
1090 1756 1213 1791 quoniam
1231 1756 1305 1783 hanc
1331 1757 1476 1788 veritatem,
1493 1756 1522 1782 id
1537 1757 1580 1782 est
1591 1756 1666 1783 hanc
1685 1755 1771 1790 justi-

966 1799 1048 1833 tiam,
1059 1800 1241 1828 dilectionem
1252 1799 1368 1833 scilicet,
1384 1801 1496 1836 requiret
1508 1799 1638 1826 Dominus
1653 1808 1670 1826 a
1681 1798 1769 1832 vobis,

966 1853 1018 1881 per
1031 1844 1180 1878 beneﬁcia,
1192 1853 1255 1880 quae
1275 1844 1354 1871 vobis
1369 1852 1420 1879 per
1434 1852 1481 1871 me
1498 1844 1586 1878 dabit,
1599 1845 1627 1871 et
1636 1844 1769 1880 qumjam

967 1889 1056 1916 dedit.
1072 1890 1196 1924 [Equum
1220 1889 1298 1916 enim
1326 1890 1368 1915 est
1394 1890 1422 1915 et
1434 1889 1543 1923 justum
1574 1890 1605 1915 ut
1631 1890 1769 1916 creaturae

968 1933 1145 1967 Creatorem,
1161 1935 1190 1960 et
1206 1933 1330 1968 reparati
1347 1933 1469 1967 diligant
1483 1932 1548 1960 vitat
1559 1934 1767 1968 rcparatorem.

110 1978 207 2006 mines
221 1981 312 2013 vocat,
328 1987 362 2006 eo
379 1978 456 2015 quod
466 1978 652 2006 solummodo
661 1978 795 2005 homines
809 1977 918 2010 sunt,id
929 1986 955 2015 D
967 1978 1048 2006 Unde
1057 1977 1195 2014 scriptum
1211 1980 1262 2005 est:
1280 1988 1293 2002 ‹‹
1308 1977 1412 2012 Diliges
1423 1977 1574 2004 dominum
1585 1978 1676 2004 Deum
1688 1978 1767 2004 tuum

110 2024 167 2056 est,
182 2022 366 2050 solummodo
381 2023 510 2050 humana
525 2022 813 2056 considerantes,nec
828 2022 917 2049 etiam

111 2067 281 2103 spiritualia.
299 2067 431 2095 Ostendit
444 2075 509 2094 vero
525 2067 743 2094 multitudinem
759 2066 916 2097 dulcedinis,

112 2119 204 2147 quam
210 2111 339 2147 superius
347 2111 451 2147 posuit,
467 2111 506 2139 sic
517 2120 567 2148 per
574 2113 679 2146 partes.
690 2111 750 2139 Dixi
763 2110 840 2147 quod
852 2118 917 2146 per-

112 2155 194 2184 ﬁcies
207 2155 238 2183 in
253 2156 293 2184 eis
303 2156 520 2184 multitudinem
531 2155 677 2183 dulcedinis
688 2156 780 2189 ;hanc
791 2155 896 2183 scilicet
910 2163 916 2182 :

111 2200 320 2228 Abnemdes.eos
326 2201 474 2236 separatos
487 2209 504 2227 α
519 2201 718 2228 conturbatione
732 2201 880 2233 hominum,
890 2199 919 2226 id

114 2246 170 2276 est,
189 2244 403 2280 malignorum.
418 2245 452 2272 Et
466 2245 520 2272 hoc
543 2246 571 2271 in
591 2244 743 2272 abscondito
757 2244 841 2280 faciei
855 2247 917 2277 tum,

110 2287 145 2316 id
158 2290 211 2323 est,
223 2288 382 2316 abscondes
395 2296 470 2317 eosa
483 2288 628 2324 malignis,
640 2297 676 2316 ne
682 2297 784 2316 eorum
797 2287 919 2324 gloriam

115 2332 244 2367 videant,
260 2334 352 2361 etnon
363 2333 539 2361 conturbent
557 2333 630 2360 sicut
650 2333 737 2361 modo
753 2333 871 2361 faciunt.
887 2332 920 2359 Et

116 2378 225 2405 statues
233 2377 480 2413 eosinpriesentia
491 2379 552 2411 tua,
562 2385 626 2413 qua:
634 2386 652 2405 a
661 2377 796 2413 malignis
803 2376 922 2404 abscon-

111 2421 175 2449 dita
192 2421 256 2449 erit.
264 2422 345 2450 Unde
355 2421 492 2458 scriptum
508 2423 551 2450 est
567 2430 573 2450 :
592 2433 606 2447 α
618 2422 745 2451 Tollatur
753 2421 868 2458 impius,
885 2429 921 2448 ne

116 2465 212 2494 videat
233 2466 358 2502 gloriam
374 2466 424 2494 Dei
440 2466 506 2503 (Im.
524 2475 598 2500 xxvx,
617 2467 671 2501 10).
688 2477 702 2491 ››
720 2466 787 2494 Dico
802 2465 879 2501 quod
893 2465 922 2492 in

116 2509 213 2539 futuro
223 2510 364 2539 absconde:
371 2512 411 2544 ;et
417 2511 463 2539 hic
465 2518 516 2547 pro
520 2514 587 2545 teges
592 2519 634 2538 eos
642 2511 796 2538 existentes
802 2511 830 2537 in
836 2514 863 2537 ta
867 2510 923 2537 ber-

81 2551 90 2558 ί
104 2554 364 2589 μωω.ειιο,ἱᾶθεῑ,
374 2555 403 2583 in
415 2555 520 2584 militia
529 2557 583 2583 tua
595 2564 602 2589 ;
626 2564 643 2582 α
652 2554 861 2584 contradictione
876 2554 925 2582 lin-

3 2723 95 2836 L-

120 2599 299 2634 auarum,,.id
311 2600 374 2631 ut,
396 2607 417 2628 ι
427 2599 692 2630 contradicentibus
703 2598 821 2634 elinguis
837 2599 928 2628 here-

968 2031 1001 2050 ex
1029 2024 1089 2050 toto
1106 2021 1192 2049 corde
1207 2023 1256 2048 tuo
1271 2021 1360 2057 (Deut.
1378 2029 1416 2055 v1,
1433 2023 1448 2048 5
1466 2030 1472 2054 ;
1493 2020 1595 2048 Matth.
1613 2030 1679 2055 xxn,
1695 2022 1728 2048 37
1761 2030 1766 2047 :

965 2066 1056 2099 Marc.
1070 2067 1161 2100 Xu,.3l
1181 2075 1187 2100 ;
1206 2066 1271 2093 Luc.
1300 2074 1327 2099 x,
1344 2066 1399 2101 4-1).
1417 2076 1431 2089 ››
1447 2065 1480 2092 Et
1493 2065 1558 2092 ideo
1575 2065 1684 2092 adhuc:
1701 2065 1772 2092 Dili-

965 2113 1030 2147 gi’le,
1046 2111 1113 2147 quia
1136 2110 1260 2137 retribuet
1274 2110 1448 2143 abundanter,
1465 2110 1495 2137 id
1520 2112 1573 2144 est,
1590 2118 1727 2145 magnam
1743 2111 1772 2137 et

968 2155 1248 2183 abundantissimam
1275 2154 1497 2182 retributionem
1517 2154 1597 2182 dabit
1610 2154 1769 2189 facientibus

968 2199 1118 2235 superbiam
1127 2199 1156 2226 in
1168 2207 1208 2226 se.
1221 2198 1304 2231 Quod
1320 2199 1362 2225 est
1372 2198 1481 2225 dicere:
1496 2198 1548 2230 Qui
1563 2206 1593 2226 se
1605 2198 1712 2226 facient
1724 2207 1772 2225 su-

969 2244 1073 2280 perbos
1088 2245 1190 2271 contra
1203 2251 1280 2277 eum,
1298 2242 1482 2278 dedignando
1495 2242 1556 2277 ejus
1575 2242 1770 2270 dilectionem.

971 2288 1053 2320 Quod
1069 2289 1112 2315 est
1128 2295 1160 2314 ac
1172 2287 1196 2314 si
1212 2287 1303 2315 dicat:
1317 2287 1383 2315 Ideo
1391 2286 1501 2322 diligite.
1515 2287 1587 2314 Nam
1598 2286 1621 2314 si
1632 2294 1689 2313 non
1707 2286 1770 2313 dili-

970 2334 1071 2368 gentes
1081 2332 1196 2367 superbi
1203 2331 1393 2366 fueritis,cum
1401 2330 1534 2359 omnibus
1543 2330 1772 2367 superbientibus

970 2376 1147 2409 retribuerit,
1163 2376 1304 2404 retribuet
1320 2378 1349 2414 et
1372 2375 1466 2403 vobis:
1495 2374 1574 2408 Dico,
1602 2374 1714 2409 diligite.
1739 2375 1773 2402 Et

971 2421 1040 2457 quia
1047 2421 1162 2449 dilectio
1179 2420 1250 2448 nihil
1262 2421 1304 2447 est
1314 2419 1376 2447 sine
1388 2419 1465 2447 bono
1472 2427 1569 2455 opere;
1577 2418 1688 2446 viriliter
1702 2419 1773 2454 agite

972 2465 1001 2493 in
1008 2465 1091 2494 bonis
1099 2463 1330 2501 operibus.Unde
1341 2463 1599 2498 beatusGregorius
1615 2462 1720 2498 (Hemi!
1730 2464 1774 2496 30,

973 2510 1000 2536 in
1014 2509 1159 2544 Evangel,)
1174 2517 1180 2536 :
1208 2519 1222 2533 ‹‹
1242 2507 1382 2536 Probatio
1396 2507 1568 2541 dilectionis,
1584 2506 1718 2534 exhibitio
1734 2508 1777 2533 est

975 2554 1078 2590 operis.
1095 2564 1109 2578 ››
1126 2554 1159 2581 Et
1172 2551 1348 2588 Apestolus:
1366 2564 1379 2578 ‹‹
1396 2551 1459 2578 Non
1472 2551 1655 2580 coronabitur
1665 2550 1780 2587 nisiqui

959 2620 963 2628 .
975 2598 1105 2633 legitime
1114 2594 1266 2628 certaverit
1277 2593 1298 2628 Δ1
1307 2596 1337 2625 .1
1341 2600 1427 2632 ,im.u,
1441 2595 1486 2632 5).
1494 2605 1510 2622 »
1518 2595 1681 2627 Etviriliter,
1694 2601 1785 2630 agen-
