4008 6030
519 366 624 422 759

1125 367 1183 425 S.
1224 364 1568 426 BRUNONIS
1607 362 2243 426 CARTHUSIANORUM
2283 363 2749 425 INSTITUTORIS
2791 367 2945 424 OPP.
2986 364 3164 424 PARS
3205 366 3229 422 ῐ

3733 366 3843 423 760

522 484 596 541 do
627 502 699 541 ne
722 485 1017 555 deﬁciatis,
1046 488 1145 544 sed
1174 490 1499 561 con/artetur
1522 491 1581 547 in
1625 491 1735 547 hoc
1774 507 1864 545 cor
1906 496 2136 545 vestrum
2154 498 2210 557 Α
2232 491 2431 561 postea
2452 490 2567 545 Deo
2585 504 2703 544 non
2727 486 3226 543 satisfaciat.Unde
3247 485 3653 559 propheta:«Si
3673 503 3843 542 aver-

521 573 581 629 id
607 579 710 643 est,
746 577 865 631 sitis
888 577 943 631 in
976 578 1085 633 hoc
1114 583 1566 649 perseverantes,
1604 597 1636 635 0
1661 599 1757 635 vos
1800 582 1893 651 qui
1917 582 2133 650 speratis

520 664 577 715 in
621 663 851 718 Domino
878 666 1276 724 salvationcm.
1318 669 1497 723 Aliter
1526 669 1682 725 enim
1714 685 1831 724 non
1860 686 2006 741 spes,
2036 668 2133 722 sed

519 753 893 824 prmsumptio
925 759 1089 810 esset.

996 845 1061 898 IN
1117 845 1438 901 PSALMUM
1494 848 1662 903 XXXI.

593 929 804 984 Psalmi
834 931 1115 1002 trigesimi
1163 934 1355 1005 primi.
1407 935 1641 989 Titulus.
1688 934 1984 989 Intellectus
2007 934 2133 988 huic

520 1015 719 1071 David:
739 1018 902 1082 Quod
921 1019 998 1073 sic
1018 1022 1322 1092 exponitur
1347 1040 1359 1077 :
1402 1024 1537 1078 Huic
1559 1024 1757 1090 David,
1782 1024 1840 1078 id
1868 1026 1971 1089 est,
2002 1024 2131 1077 huic

519 1105 675 1160 ﬁdeli
703 1107 798 1178 qui
829 1108 887 1162 in
918 1109 1026 1163 hoc
1052 1112 1273 1181 psalmo
1305 1112 1444 1183 agit,
1481 1118 1565 1167 est
1594 1113 1932 1168 intellectus.
1968 1112 2132 1177 Quod

521 1197 605 1248 est
636 1194 867 1250 dicere:
912 1197 1008 1251 Hic
1045 1199 1227 1253 ﬁdelis
1280 1200 1375 1272 qui
1420 1201 1513 1255 hic
1554 1203 1827 1274 loquitur,
1880 1218 2012 1255 vere
2048 1218 2131 1255 sa-

515 1281 681 1353 piens
707 1287 810 1351 est,
843 1289 900 1339 et
922 1286 1071 1340 bene
1100 1287 1447 1360 intelligens.
1493 1290 1635 1345 Cum
1664 1295 1860 1345 autem
1892 1290 2128 1360 ponitur

513 1368 841 1427 intellectus
858 1374 1178 1443 indeﬁnite,
1202 1378 1385 1448 magis
1406 1394 1539 1431 cum
1567 1394 1687 1433 esse
1702 1378 2123 1449 intelligentcm

515 1456 725 1526 innuit,
745 1477 920 1532 quam
938 1463 982 1517 si
996 1464 1432 1519 determinarct.
1459 1467 1588 1521 Illos
1605 1466 1759 1520 enim
1776 1467 1871 1537 qui
1903 1467 2124 1537 sapien-

512 1546 715 1601 tissimi
736 1551 1639 1621 sunt,sapientesindeterminate
1663 1554 1854 1609 dicere
1879 1571 2118 1610 consue-

515 1635 719 1693 vimus.
757 1638 825 1691 Ut
852 1638 1126 1693 Salomon
1155 1641 1379 1712 sapiens
1411 1642 1618 1698 dicitur
1650 1643 2117 1697 indeterminatc.

515 1724 577 1777 In
597 1725 705 1780 hoc
731 1743 863 1782 vero
898 1731 1139 1799 psalmo,
1175 1731 1357 1785 fidelis
1404 1732 1643 1803 quilibet
1669 1732 1806 1803 agit,
1839 1732 1934 1803 qui
1965 1732 2122 1804 prius

2232 578 2365 633 terit
2379 597 2436 633 se
2444 579 2629 649 justus
2642 578 2701 648 aj
2713 576 2898 631 ustitia
2909 620 2921 644 ,
2939 576 3201 647 nunquid
3220 576 3397 630 vivet?
3412 597 3439 623 ››
3458 574 3668 645 (Ezech.
3684 592 3817 629 xvul
3829 616 3842 628 .

2271 667 2348 740 7.)
2368 668 2482 721 Nec
2508 675 2583 720 est
2611 670 2663 719 in
2692 669 2880 736 spiritu
2904 667 3039 735 ejus,
3058 666 3114 718 id
3139 665 3299 719 estin
3330 664 3528 718 anima
3553 663 3705 719 beati
3735 663 3842 717 viri

2232 756 2400 811 dolus.
2434 757 2597 822 Quod
2619 756 2914 811 estdicere
2941 772 2952 808 :
2984 756 3052 808 Et
3074 755 3166 808 ille
3195 752 3278 806 vir
3298 753 3587 807 beatusest
3601 752 3698 823 qui
3718 769 3842 806 non

2234 847 2444 913 deﬁcit,
2477 847 2576 901 sed
2598 846 2653 900 in
2687 846 2841 899 bono
2871 843 3163 915 proposito
3176 858 3275 896 suo
3300 843 3536 912 perstat,
3560 841 3840 912 quoniam

2232 934 2325 990 ille
2352 936 2615 990 dolosum
2642 934 2901 1005 spiritum
2935 932 3141 986 dicitur
3166 932 3400 997 habere,
3428 930 3525 1003 qui
3555 946 3684 984 cum
3720 931 3839 983 Deo

2232 1024 2407 1078 ﬁdem
2440 1022 2788 1094 promiserit,
2823 1025 2878 1075 et
2909 1019 3300 1076 obedientiam
3341 1035 3515 1090 opere
3544 1018 3840 1089 compiere

2230 1115 2664 1184 perseveranter
2682 1110 2901 1165 abnuit.
2931 1111 3039 1163 Per
3056 1110 3166 1163 hoc
3182 1112 3376 1163 autem
3399 1108 3567 1161 datur
3590 1106 3837 1176 intelligi

2230 1217 2348 1255 non
2381 1218 2500 1255 esse
2539 1201 2771 1254 beatum
2805 1199 2965 1253 illum
2997 1197 3113 1269 qui,
3162 1196 3420 1268 quamvis
3464 1196 3583 1267 ejus
3614 1203 3839 1266 peccata

2228 1295 2359 1342 tecta
2376 1296 2426 1342 et
2438 1290 2739 1360 iniquitates
2762 1290 2988 1341 remissa
3003 1286 3341 1351 sint,tamen
3362 1284 3420 1338 in
3445 1283 3644 1354 spiritu
3670 1284 3840 1338 dolo-

2224 1393 2318 1430 sus
2335 1380 2438 1431 est.
2478 1377 2638 1431 Unde
2659 1376 2935 1448 scriptum
2961 1377 3076 1429 est:
3100 1397 3125 1424 ι(
3148 1373 3343 1428 Melius
3357 1375 3441 1427 est
3463 1390 3581 1428 non
3603 1388 3834 1436 vovere,

2224 1482 2397 1536 quam
2419 1468 2547 1537 post
2559 1467 2689 1519 vota
2718 1481 2834 1519 non
2859 1464 3134 1534 perﬁcere
3155 1460 3465 1529 (Eccl.v,5).
3487 1482 3513 1507 ›ι
3536 1459 3831 1531 Sequitur.

2223 1551 2489 1618 Quoniam
2509 1552 2956 1619 tacui,etc.Quod
2972 1551 3047 1605 sic
3060 1549 3551 1621 exponitur:Nunc
3570 1548 3834 1619 intelligo

2222 1642 2376 1711 quod
2405 1642 2542 1695 beati
2564 1644 2695 1695 sunt
2721 1658 2944 1712 quorum
2970 1642 3195 1693 remissae
3223 1646 3347 1691 sunt
3380 1639 3830 1708 iniquitates,etc.

2218 1729 2359 1783 Aliis
2386 1746 2519 1784 vero
2550 1729 2810 1795 minime,
2839 1729 2947 1783 hoc.
2983 1732 3178 1782 autem
3211 1728 3372 1792 tacui,
3406 1725 3463 1779 id
3490 1729 3574 1779 est
3605 1742 3721 1778 non
3742 1723 3833 1777 in-

514 1809 871 1883 intelligebat
924 1832 981 1869 se
1019 1817 1329 1872 beatiﬁcari
1365 1835 1528 1889 posse
1560 1836 1663 1890 per
1689 1821 1935 1874 liberum
1968 1821 2117 1874 arbi-
2142 1825 2193 1883 B
2219 1817 2428 1885 tellexi,
2461 1818 2585 1871 dum
2624 1835 2726 1889 per
2754 1818 3001 1872 liberum
3042 1815 3342 1870 arbitrium
3377 1831 3471 1868 me
3513 1812 3833 1867 beatiﬁcari

512 1900 688 1955 trium
722 1902 842 1956 sine
874 1905 1210 1960 remissione
1236 1911 1802 1976 peccatorum;nunc
1816 1912 2011 1963 autem
2029 1925 2119 1962 er-

507 2004 639 2043 rore
672 1992 770 2045 tali
800 1995 1137 2064 postposito,
1173 1996 1244 2049 ad
1281 1997 1524 2051 aliorum
1548 1998 1995 2053 instructionem
2027 2014 2118 2051 os-

509 2078 698 2133 tendit
746 2083 967 2136 nullum
1006 2083 1110 2137 nisi
1149 2102 1251 2156 per
1290 2090 1657 2155 peccatorum
1716 2087 2119 2142 remissionem

510 2181 675 2236 posse
728 2167 1065 2237 beatiﬁcari,
1120 2171 1369 2242 seipsum
1402 2173 1536 2227 inde
1562 2190 1893 2245 proponens
1925 2191 2117 2229 exem-

511 2253 840 2323 plum;dum
857 2256 1014 2310 enim
1036 2258 1186 2312 hunc
1200 2276 1456 2315 errorem
1476 2262 1941 2330 liabuit,omnino
1965 2263 2120 2317 debi-

512 2341 707 2396 litatus
739 2348 823 2397 est
853 2345 913 2398 in
944 2348 1265 2403 virtutibus.
1297 2350 1551 2403 Tandem
1598 2368 1735 2422 ergo
1764 2353 1995 2424 cognito
2028 2368 2117 2405 er-

510 2445 666 2498 rore,
698 2436 755 2486 et
778 2431 910 2487 inde
929 2435 1348 2491 confessionem
1376 2454 1572 2507 agens,
1599 2443 1656 2492 et
1676 2442 1901 2493 veniam
1923 2444 2115 2512 postu-

512 2518 636 2572 lans
675 2520 1039 2592 impetravit:
1075 2528 1132 2578 et
1154 2525 1231 2578 sic
1270 2526 1689 2581 beatitudinem
1711 2528 1947 2598 justitiae
1981 2529 2115 2583 ade-

512 2609 644 2677 ptus
670 2612 773 2674 est,
794 2609 918 2663 etin
947 2611 1139 2667 futuro
1167 2613 1351 2684 magis
1372 2614 2119 2672 beatiﬁcatur.Adbortatur

513 2697 687 2751 etiam
711 2698 849 2751 alios
869 2715 939 2752 ne
957 2700 1015 2753 in
1043 2701 1151 2755 hoc
1169 2718 1363 2756 errore
1389 2703 1613 2775 decepti
1640 2703 1994 2759 intellectum
2025 2722 2114 2759 rc-

510 2783 798 2839 missionis
827 2803 861 2841 a
890 2804 947 2841 se
978 2789 1280 2859 repellant.
1307 2791 1373 2844 Et
1391 2791 1525 2862 quia
1552 2792 1621 2846 ad
1649 2794 1873 2865 liocper
1898 2811 1957 2848 se
1986 2796 2119 2847 sunt

507 2872 947 2930 insufﬁcientes:
982 2893 1085 2947 pro
1119 2878 1199 2931 eis
1226 2880 1599 2950 postmodum
1633 2884 1949 2937 orat.Bene
1982 2900 2116 2937 vero

509 2962 732 3032 psalmo
756 2964 1103 3035 praecedenti
1127 2968 1486 3038 supponitur.
1502 2970 1643 3023 Nam
1666 2969 1726 3024 in
1752 2971 2116 3041 superioride

511 3050 849 3106 remissione
889 3055 1080 3107 actum
1114 3058 1217 3119 est,
1266 3058 1323 3109 ct
1350 3056 1418 3110 de
1450 3058 1804 3113 beatitudine
1836 3059 2114 3114 fidelium.

510 3137 574 3191 In
599 3138 709 3192 hoc
735 3143 927 3193 autem
946 3141 1191 3211 qualiter
1203 3142 1275 3195 ad
1293 3143 1707 3199 beatitudinem
1731 3146 2116 3215 perveniatur,

511 3225 810 3282 instructio
841 3229 1028 3296 datur,
1062 3247 1131 3283 ne
1156 3231 1397 3302 quilibet
1412 3233 1483 3286 ad
1501 3234 1649 3287 lianc
1663 3251 1721 3288 se
1749 3251 1851 3305 per
1871 3235 2118 3290 liberum

518 3315 821 3369 arbitrium
840 3316 1124 3385 attingere
1138 3323 1470 3387 praesumat.

586 3401 748 3455 Beati
803 3421 1051 3474 quorum,
1085 3410 1192 3462 etc.
1229 3408 1335 3460 lste
1376 3425 1568 3462 versus
1601 3408 1677 3462 sic
1710 3415 2119 3480 prarposterate

511 3489 742 3560 legitur.
779 3491 947 3554 Quasi
980 3493 1130 3548 dicat
1159 3510 1171 3547 :
1214 3495 1366 3549 Multi
1400 3512 1503 3567 per
1545 3498 1787 3551 liberum
1816 3498 2119 3555 arbitrium

510 3578 698 3632 solum
730 3579 805 3634 ad
832 3580 1249 3636 beatitudinem
1272 3584 1570 3654 pervenire
1602 3586 1885 3654 nituntur,
1916 3589 2015 3643 sed
2039 3589 2118 3644 illi

510 3666 615 3721 soli
658 3672 791 3723 sunt
832 3669 971 3723 beati
1006 3688 1227 3741 quorum
1260 3681 1481 3743 peccata
1508 3682 1630 3727 sunt
1654 3682 1805 3743 tecta,
1838 3676 1897 3730 id
1928 3681 2012 3731 est
2042 3679 2119 3732 sic

512 3755 867 3825 abscondita,
887 3760 974 3813 vel
996 3776 1101 3830 per
1112 3760 1461 3831 baptismum
1488 3764 1696 3831 solum,
1716 3766 1803 3818 vel
1826 3765 2001 3820 etiam
2016 3784 2122 3839 per

510 3846 955 3919 confessionem,
990 3850 1143 3920 quod
1174 3867 1242 3904 ea
1270 3852 1548 3906 Dominus
1578 3870 1694 3907 non
1726 3853 1934 3921 videat,
1959 3855 2036 3909 sic
2060 3860 2121 3910 ut

510 3935 832 3993 ulciscatur.
879 3938 947 3991 Et
989 3956 1215 4009 quorum
1257 3942 1557 4011 iniquitates
1594 3948 1716 3995 sunt
1765 3945 2009 4011 remissae,
2060 3945 2117 3998 id

510 4027 615 4091 est,
635 4028 941 4096 postquam
965 4043 1167 4081 eorum
1204 4037 1423 4097 peccata
1458 4037 1589 4082 tecta
1619 4037 1772 4083 sunt:
1809 4032 1885 4085 sic
1914 4049 2115 4087 eorum

507 4113 677 4166 malae
707 4114 1203 4184 concupiscentiaz,
1237 4116 1295 4169 id
1326 4119 1430 4184 est,
1462 4117 1841 4188 cogitationes
1880 4124 2013 4175 sunt
2041 4138 2117 4175 re-

507 4202 698 4268 missa;
724 4201 781 4255 id
811 4205 916 4270 est,
948 4202 1291 4271 inefﬁcaces,
1326 4208 1387 4259 ut
1430 4206 1509 4259 eis
1539 4222 1656 4260 non
1681 4210 2053 4278 praevaleant,
2082 4228 2115 4266 a

506 4289 883 4344 similitudine
918 4307 1081 4346 arcus
1111 4292 1356 4359 remissi,
1381 4294 1477 4367 qui
1501 4294 1781 4350 invalidus
1798 4299 1974 4352 estad
1993 4303 2111 4355 tra-

2218 1922 2383 1977 posse
2424 1906 2636 1976 putavi.
2691 1907 2841 1959 Bene
2900 1913 3066 1958 tacere
3094 1903 3326 1975 ponitur
3369 1918 3473 1974 pro
3506 1919 3611 1954 non
3644 1901 3837 1954 intelli-

2216 1993 2363 2065 gere!
2395 1994 2550 2049 Sicut
2580 1994 2738 2049 enim
2769 1994 2923 2065 loqui
2956 1997 3215 2047 mentem
3239 1991 3481 2046 dicimus
3509 1990 3837 2045 dumintel-

2219 2082 2364 2153 ligit,
2398 2081 2477 2135 ita
2507 2099 2735 2154 quoque
2767 2086 2955 2136 tacere
2996 2081 3135 2135 dum
3169 2097 3285 2133 non
3339 2077 3628 2148 intelligit.
3693 2078 3832 2132 Dico

2219 2171 2352 2242 quia
2385 2171 2539 2241 quod
2580 2187 2732 2225 nunc
2757 2170 2881 2225 dico
2914 2169 3068 2240 prius
3096 2170 3254 2222 tacui.
3290 2168 3356 2221 Et
3384 2168 3633 2238 quoniam
3664 2168 3833 2233 tacui,

2220 2261 2638 2312 inveteraverunt
2667 2276 2779 2313 ossa
2807 2276 2941 2325 mea,
2973 2258 3031 2312 id
3052 2260 3139 2312 est
3175 2256 3473 2311 debilitata
3494 2257 3628 2309 sunt
3656 2254 3831 2319 ratio,

2218 2347 2466 2401 liberum
2512 2347 2838 2414 arbitrium,
2873 2348 3223 2418 virtutesque
3282 2361 3449 2411 mea),
3500 2360 3627 2415 quae
3678 2359 3830 2409 ossa,

2218 2451 2322 2506 pro
2356 2436 2438 2489 sui
2460 2435 2856 2502 similitudine,
2877 2436 3164 2489 dicuntur.
3185 2432 3615 2487 Inveteraverunt
3642 2431 3830 2504 ponit,

2218 2540 2252 2577 a
2269 2523 2640 2578 similitudine
2664 2524 2853 2587 vestis,
2883 2540 3010 2595 quae
3028 2525 3243 2594 quanto
3266 2521 3514 2575 veterior
3531 2522 3697 2573 tanto
3725 2519 3828 2573 de-

2215 2612 2385 2667 bilior
2409 2616 2510 2668 est.
2537 2612 2707 2677 Quasi
2731 2614 2980 2667 diceret:
3004 2612 3262 2682 Quiaper
3277 2626 3371 2664 me
3389 2609 3649 2664 sufﬁcere
3676 2625 3827 2680 pras-

2216 2702 2453 2771 sumpsi,
2489 2718 2614 2756 ossa
2641 2719 2771 2756 mea
2802 2702 2858 2755 in
2900 2701 3109 2772 quibus
3139 2699 3500 2755 conﬁdebam
3530 2697 3830 2752 debilitata

2218 2788 2381 2843 sunt!
2410 2790 2543 2845 Dico
2558 2790 2693 2855 quia
2725 2792 2888 2849 tacui,
2902 2789 3026 2842 dum
3053 2792 3245 2843 tamen
3274 2788 3557 2840 clamarem
3583 2791 3693 2839 tota
3718 2785 3825 2851 die,

2218 2876 2276 2931 id
2307 2880 2392 2932 est
2406 2878 2646 2949 jugiter.
2688 2878 2830 2932 lllud
2856 2878 3011 2933 idem
3044 2877 3199 2947 quod
3225 2876 3509 2932 tacebam.
3544 2873 3711 2938 Quod
3741 2877 3831 2927 est

2217 2965 2405 3021 dicere
2432 2984 2444 3021 :
2490 2969 2635 3021 Dum
2662 2966 2784 3039 ipsa
2799 2983 2929 3021 mea
2944 2965 3194 3033 miseria,
3209 2964 3368 3036 quasi
3381 2966 3831 3030 clamore,com—

2217 3056 2527 3124 probarem
2558 3056 2697 3109 illud
2728 3055 2882 3126 quod
2910 3054 2967 3108 in
3002 3054 3293 3107 intellectu
3308 3050 3831 3119 tacebam,scilicet

2220 3143 2345 3198 illos
2375 3146 2524 3199 solos
2539 3145 2737 3199 beatos
2757 3160 2900 3211 esse,
2919 3160 3145 3215 quorum
3161 3144 3387 3196 remissa
3415 3145 3547 3196 sunt
3565 3142 3827 3212 iniquita-

2220 3239 2313 3294 tes,
2333 3236 2441 3287 etc.

2291 3322 2535 3393 Exponit
2558 3338 2692 3377 vero
2715 3322 3009 3393 quomodo
3040 3321 3349 3383 clamabat,
3381 3320 3459 3375 sic
3492 3337 3505 3374 :
3537 3320 3678 3373 Vere
3708 3318 3831 3372 cla-

2223 3410 2483 3473 mabam,
2511 3413 2757 3482 quoniam
2790 3429 2978 3464 manus
3009 3418 3121 3477 tua,
3164 3410 3222 3465 id
3249 3414 3335 3464 est
3362 3408 3613 3464 vindicta
3637 3411 3761 3475 tua,
3795 3423 3830 3461 o

2220 3499 2389 3566 Deus,
2415 3515 2589 3571 quam
2613 3499 2683 3553 de
2708 3516 2801 3554 me
2825 3499 3109 3571 accepisti,
3131 3499 3260 3553 ideo
3278 3498 3415 3570 quia
3430 3498 3509 3552 sic
3538 3497 3830 3563 tacebam,

2218 3587 2302 3640 die
2328 3605 2390 3641 ac
2419 3595 2586 3654 nocte,
2628 3588 2685 3641 id
2718 3591 2802 3641 est
2842 3587 3064 3642 assidue
3093 3604 3320 3657 gravasa
3351 3593 3426 3641 est
3453 3602 3605 3656 super
3632 3601 3735 3651 me,
3770 3583 3831 3639 id

2220 3677 2522 3748 estgravis
2561 3680 2619 3731 et
2651 3677 2975 3747 ponderosa
3004 3676 3157 3731 facta
3183 3677 3291 3730 fuit
3321 3693 3491 3748 super
3516 3692 3628 3729 me.
3655 3672 3831 3737 Quasi

2220 3765 2374 3820 dicat
2402 3783 2413 3819 :
2449 3768 2572 3836 Ipsa
2606 3766 2835 3819 miseria
2860 3781 3035 3836 quam
3056 3764 3305 3819 vindicta
3330 3764 3582 3819 tuamihi
3610 3761 3828 3834 gravis-

2219 3853 2424 3907 simam
2455 3853 2758 3919 inferebat,
2782 3854 2919 3906 illud
2938 3852 3091 3923 quod
3115 3853 3377 3907 tacebam
3395 3851 3699 3917 clamabat,
3731 3866 3828 3904 os-

2217 3941 2363 3994 sium
2391 3938 2602 3995 scilicet
2641 3958 2903 3996 meorum
2937 3940 3274 3995 debilitatio.
3302 3940 3436 3995 Dico
3456 3938 3610 4011 quod
3632 3954 3828 3991 manus

2218 4036 2306 4082 tua
2335 4036 2561 4098 gravata
2591 4036 2686 4091 est,
2702 4033 2759 4083 et
2789 4044 2919 4082 cum
2941 4032 3297 4100 gravaretur,
3328 4027 3566 4082 tandem
3604 4043 3827 4080 conver-

2213 4132 2305 4173 sus
2329 4134 2447 4171 sum
2477 4118 2549 4172 ad
2576 4121 2633 4172 te
2669 4117 3044 4188 intelligendo
3069 4117 3226 4188 quod
3255 4116 3412 4189 prius
3433 4115 3718 4171 tacebam.
3753 4114 3827 4169 Et

2213 4204 2321 4259 hoc
2353 4206 2415 4259 in
2444 4223 2681 4259 erumna
2711 4205 2920 4272 mea,id
2937 4204 3095 4260 estin
3115 4204 3575 4259 consideratione
3603 4218 3826 4257 terum-

2214 4310 2303 4347 nce
2335 4310 2501 4348 meae.
2533 4294 2701 4358 Quasi
2728 4294 2881 4348 dicat
2922 4310 2935 4348 :
2998 4293 3430 4348 Considerando
3490 4306 3821 4347 aerumnam

505 4378 872 4434 hendum.Ne
889 4397 1021 4435 vero
1050 4370 1784 4454 aliquis,postpeccatorum
1797 4388 2111 4444 tectionem
2134 4401 2186 4460 D
2212 4398 2426 4450 meam,
2461 4383 2532 4437 ab
2565 4383 2769 4437 eadem
2802 4381 3134 4437 admonitus
3165 4399 3293 4437 sum
3317 4385 3380 4436 ut
3408 4380 3481 4435 ad
3504 4383 3557 4434 te
3579 4394 3822 4434 conver-

504 4465 581 4521 sic
609 4466 939 4539 iniquitates
969 4470 1187 4524 remitti
1223 4474 1455 4541 putaret
1499 4476 1561 4527 ut
1592 4475 1747 4529 nullo
1777 4477 1953 4532 modo
1985 4494 2113 4549 pec-

507 4558 754 4611 caretur:
770 4560 929 4628 vel,si
947 4563 1370 4631 peccaretur,ut
1386 4580 1501 4619 non
1517 4564 1762 4635 amplius
1778 4567 1850 4621 ad
1862 4567 2108 4625 beatitu-

503 4643 701 4699 dinem
721 4646 1008 4718 attingere
1024 4653 1233 4720 posset,
1272 4651 1459 4707 addit:
1495 4654 1561 4708 Et
1595 4655 1772 4709 beatus
1798 4658 1879 4709 vir
1911 4656 1995 4711 ille
2022 4661 2112 4713 cui

499 4749 608 4787 non
645 4735 926 4805 imputavit
946 4737 1211 4793 Dominus
1230 4749 1530 4810 peccatum,
1556 4743 1715 4814 quasi
1735 4744 1921 4799 dicat:
1958 4745 2105 4802 Con-

414 4864 417 4869 ν
500 4822 643 4878 cedo
661 4823 894 4903 quidem
918 4827 1140 4882 nullum
1162 4845 1195 4882 a
1221 4834 1453 4901 peccato
1466 4836 1594 4903 post
1609 4837 1972 4903 peccatorum
1995 4837 2107 4890 tec-

497 4896 1182 4985 tionem93immunem
1200 4933 1364 4987 posse
1388 4920 1753 4977 existerezsed
1767 4922 1861 4977 ille
1875 4925 2103 4978 tantum

495 5002 580 5056 vir
609 5006 695 5056 est
722 5003 919 5071 beatus,
950 5004 1008 5059 id
1027 5008 1111 5059 est
1119 5006 1330 5075 jussus,
1359 5009 1445 5062 vel
1467 5009 1576 5061 erit
1602 5010 1780 5065 beatus
1802 5010 1859 5065 in
1884 5012 2097 5081 futuro,

495 5092 585 5145 cui
602 5108 704 5144 non
733 5091 1041 5164 imputabit
1060 5094 1321 5148 Dominus
1350 5100 1669 5165 peccatum,
1694 5116 1859 5153 suum
1884 5101 1957 5154 ad
1983 5101 2101 5155 vin-

494 5178 709 5234 dictam
735 5184 1036 5249 aaternam,
1053 5183 1112 5237 id
1135 5185 1221 5237 est
1244 5184 1339 5255 qui
1364 5200 1479 5238 non
1498 5187 1756 5255 peccabit
1787 5188 2099 5244 criminali-

488 5268 599 5335 ter,
631 5269 717 5323 vel
740 5269 912 5324 nimis
942 5274 1232 5337 consuete,
1266 5271 1323 5326 id
1354 5275 1439 5325 est
1471 5274 1763 5342 usualiter,
1794 5276 1937 5331 sicut
1966 5294 2095 5349 pos-

488 5350 584 5403 tea
595 5366 712 5404 non
733 5351 1044 5405 satisfaciat
1060 5353 1174 5405 Deo
1192 5351 1523 5407 conﬁtendo
1539 5356 1596 5406 et
1617 5370 1823 5426 corpus
1838 5357 2097 5427 affligen-

489 5436 585 5504 do,
628 5440 687 5491 et
722 5439 1117 5510 eleemosynas
1144 5440 1357 5495 dando.
1391 5440 1470 5495 llli
1508 5459 1760 5514 namque
1791 5450 2092 5514 peccatum

483 5523 555 5578 ad
574 5539 808 5594 paznam
831 5526 1231 5599 imputabitur,
1247 5530 1343 5601 qui
1364 5534 1494 5601 post
1509 5534 1876 5602 peccatorum
1895 5536 2092 5590 tectio-

2208 4473 2381 4538 terer,
2415 4473 2473 4525 et
2504 4471 2582 4525 sic
2622 4487 2925 4526 conversus
2955 4488 3101 4526 sum.
3136 4471 3271 4527 Dico
3317 4473 3374 4525 in
3414 4485 3654 4524 aerumna
3685 4483 3819 4538 qua:

2206 4575 2337 4614 vere
2360 4559 2467 4614 fuit
2490 4576 2769 4627 agrumna,
2787 4558 2916 4613 dum
2937 4560 3219 4630 conﬁgitur
3245 4562 3416 4631 spina,
3457 4558 3517 4612 id
3559 4559 3643 4611 est
3674 4555 3818 4610 dum

2208 4648 2594 4721 configeretur
2622 4649 2681 4702 in
2709 4665 2804 4703 me
2824 4653 3145 4721 peccatum,
3169 4648 3325 4721 quod
3340 4647 3546 4703 dicitur
3558 4646 3724 4718 spina
3739 4659 3815 4698 eo

2206 4738 2359 4808 quod
2384 4741 2603 4810 pungat
2632 4739 2690 4793 in
2723 4738 3075 4794 conscientia
3095 4739 3168 4794 ad
3191 4735 3661 4809 modumjspinte,
3682 4750 3817 4806 qum

2204 4842 2409 4897 corpus
2429 4827 2653 4899 pungit.
2684 4829 2828 4882 Dum
2860 4828 3095 4899 ponitur
3123 4829 3425 4898 conﬁgitur,
3458 4824 3651 4880 innuit
3677 4821 3819 4894 quia

2202 4916 2385 4969 multa
2404 4919 2639 4987 peccata
2668 4915 2727 4970 in
2758 4933 2826 4971 eo
2858 4916 3029 4971 simul
3056 4917 3471 4989 ﬁgebanturJn
3494 4913 3608 4968 alia
3627 4916 3817 4967 trans-

2200 5004 2413 5060 latione
2436 5005 2699 5073 habetur,
2726 5005 2853 5059 dum
2883 5006 3231 5061 exardesceret
3259 5007 3434 5059 messis
3464 5020 3602 5057 mea.
3636 5000 3806 5065 Quod

2199 5096 2283 5148 est
2310 5094 2499 5148 dicere
2531 5112 2544 5148 :
2570 5096 2715 5149 Dum
2751 5095 3183 5150 destruerentur
3208 5094 3444 5149 virtutes
3473 5108 3642 5159 mete,
3675 5105 3809 5162 quae.

2198 5183 2373 5235 messis
2403 5182 2690 5250 dicuntur,
2732 5200 2799 5238 eo
2828 5185 2983 5256 quod
3008 5184 3088 5239 eis
3118 5184 3315 5243 anima
3344 5183 3699 5238 sustantatur
3731 5194 3809 5233 ne

2196 5275 2414 5342 pereat,
2438 5271 2579 5326 sicut
2607 5288 2792 5327 messe
2822 5290 3030 5344 corpus
3056 5276 3408 5328 sustentatur
3436 5273 3577 5327 dum
3606 5284 3808 5325 come-

2196 5360 2367 5416 ditur.
2403 5361 2536 5416 Dico
2564 5362 2718 5433 quod
2749 5380 3019 5418 conversus
3040 5382 3179 5418 sum.
3232 5364 3299 5418 Et
3346 5378 3649 5417 conversus
3670 5360 3807 5415 deli-

2192 5455 2335 5502 ctum
2366 5467 2537 5503 meum
2568 5453 2835 5521 cognitum
2870 5453 2966 5505 tibi
2990 5453 3114 5522 feci.
3148 5454 3341 5508 Potest
3389 5455 3448 5506 et
3493 5452 3602 5507 hoc
3645 5448 3805 5523 quod

2188 5537 2281 5592 hic
2311 5538 2633 5610 expositum
2663 5543 2749 5593 est
2784 5540 2894 5596 alio
2936 5541 3112 5597 modo
3171 5541 3377 5614 exponi
3409 5544 3467 5595 et
3497 5537 3798 5611 distingui,

478 5627 618 5669 nem
647 5614 1045 5687 criminaliter,
1068 5617 1155 5671 vel
1180 5616 1353 5673 nimis
1370 5622 1641 5675 consuete
1670 5625 1889 5694 peccat,
1916 5623 1996 5680 sic
2024 5628 2088 5681 ut
2186 5626 2401 5683 scilicet
2423 5628 2500 5684 sic
2531 5644 2545 5685 :
2574 5627 2698 5684 Dixi
2728 5628 2885 5702 quod
2913 5646 3186 5688 conversus
3214 5647 3337 5688 cum
3364 5646 3379 5687 :
3413 5631 3482 5687 Et
3525 5630 3604 5687 sic
3655 5645 3807 5688 con-
