4008 6030
362 282 459 337 761

1338 272 1697 332 EXPOSITJO
1731 273 1801 330 IN
1838 268 2174 332 PSALMOS.
2214 305 2285 316 —
2322 270 2521 329 PSAL.
2563 266 2712 329 XXXI

3580 277 3685 333 762

361 399 547 456 fracta
563 402 649 454 est
673 398 732 454 in
765 414 860 453 me
884 399 1056 469 spina,
1076 396 1136 453 id
1156 399 1241 453 est
1253 397 1540 468 superbia.
1567 395 1746 468 Spina
1767 395 1974 450 dicitur
1994 403 2049 461 Α
2082 394 2252 450 nibus
2281 397 2339 449 et
2364 393 2845 465 suggestionibus,
2871 410 2943 449 ne
2962 393 3042 450 eis
3066 395 3294 452 cedam.
3311 388 3475 461 Quod
3497 403 3583 449 est
3604 389 3685 450 di-

364 490 577 544 ossium
614 488 870 545 collectio
911 488 1029 554 illa,
1063 504 1190 559 quae
1220 505 1255 542 a
1283 488 1430 542 collo
1462 503 1640 557 usque
1681 486 1753 539 ad
1804 502 1973 539 renes

365 578 676 649 attingens,
691 593 897 649 corpus
908 578 1165 630 erectum
1194 592 1313 630 esse
1336 575 1492 630 facit.
1514 574 1650 638 Quir.
1672 573 1715 627 si
1741 574 1972 643 franga-

362 670 476 733 tur,
508 667 659 721 illico
688 665 1237 738 corpusincurvatur
1266 669 1325 719 et
1354 664 1709 718 humiliatur.
1725 663 1972 733 Ideoque

359 771 467 827 pro
495 756 737 827 superbia
758 754 1013 826 ponitur.
1034 753 1315 825 Superbia
1329 769 1581 823 namque
1605 768 1704 806 cor
1720 750 1974 805 hominis

362 843 632 898 adversus
678 845 859 899 Deum
904 841 1096 914 erigit.
1134 841 1190 896 Si
1228 858 1363 897 vero
1404 840 1804 911 confringatur
1853 856 1971 905 cor,

358 932 624 1003 protinus
652 948 792 1003 erga
802 933 986 986 Deum
1004 930 1359 985 humiliatur.
1376 930 1510 985 Dico
1526 928 1661 1001 quia
1681 928 1975 984 confracta

360 1023 448 1075 est
476 1020 537 1074 in
573 1037 668 1074 me
702 1022 876 1091 spina,
909 1023 967 1073 et
996 1019 1135 1074 dum
1169 1018 1575 1089 confringitur,
1618 1017 1678 1071 id
1717 1020 1802 1071 est
1833 1017 1974 1071 dum

359 1109 656 1164 confracta
675 1109 837 1164 estin
858 1124 952 1163 me
979 1111 1152 1180 spina,
1176 1108 1233 1162 id
1265 1111 1350 1163 est
1381 1107 1668 1179 superbia,
1699 1107 1973 1175 cognitum

358 1197 484 1267 feci,
536 1196 595 1251 id
637 1200 721 1251 est
750 1196 1107 1251 manifestavi
1150 1197 1254 1251 tibi
1297 1196 1547 1250 dilectum
1581 1213 1737 1249 suum
1784 1213 1800 1248 :
1848 1196 1971 1249 Non

363 1284 521 1357 quod
550 1284 706 1357 prius
727 1285 1048 1356 ignorares,
1066 1285 1167 1340 sed
1190 1285 1324 1357 quia
1336 1285 1492 1357 prius
1508 1284 1829 1339 excusando
1853 1300 1968 1349 me,

363 1377 646 1445 quantum
663 1374 736 1429 ad
749 1391 989 1441 me,non
1003 1377 1285 1446 quantum
1311 1375 1385 1429 ad
1406 1378 1463 1429 te
1655 1373 1967 1428 absconde-

360 1461 520 1528 bam,
557 1462 887 1517 conﬁtendo
910 1466 967 1517 et
987 1479 1080 1516 me
1114 1463 1434 1517 accusando
1462 1462 1835 1516 manifestum
1863 1461 1967 1515 tibi

360 1566 482 1605 esse
502 1550 757 1605 intellexi
779 1551 920 1605 illud
938 1550 1233 1619 delictum,
1249 1557 1298 1604 et
1319 1552 1643 1621 injustitiam
1666 1568 1837 1604 meam
1863 1568 1969 1603 non

359 1638 632 1701 abscondi,
653 1640 795 1693 sicut
828 1639 1002 1711 prius,
1024 1640 1123 1694 sed
1156 1639 1485 1694 conﬁtendo
1512 1639 1870 1695 manifestavi
1894 1638 1965 1693 si-

2078 501 2206 538 cere
2243 501 2254 538 :
2290 484 2396 537 Fac
2428 500 2521 537 me
2556 500 2941 555 perseverare,
2966 501 3035 537 ne
3068 486 3363 554 deﬁciam;
3397 486 3581 539 ethoc
3605 484 3688 540 fa-

2078 589 2206 626 cere
2238 572 2432 638 debes,
2467 590 2605 626 nam
2636 572 2947 643 promisisti
2982 573 3123 626 mihi
3156 575 3263 628 hoc
3304 574 3362 628 in
3403 574 3683 642 interiori,

2078 660 2154 714 sic
2185 662 2417 714 dicens:
2450 661 2565 731 Ego
2596 661 2729 713 dabo
2762 662 2859 713 tibi
2898 662 3237 727 intellectum,
3275 670 3323 715 et
3356 665 3613 715 instruam
3642 669 3687 715 te

2074 751 2137 805 in
2160 752 2246 802 via
2266 750 2364 802 hac
2392 767 2495 820 qua
2521 749 2796 818 gradieris.
2832 750 3247 820 Praeposteratc
3270 751 3581 822 legendum
3605 754 3689 805 est

2075 839 2184 893 hoc
2216 856 2230 893 :
2262 840 2379 909 Ego
2409 840 2692 905 instruam,
2724 838 2781 892 id
2808 841 2893 892 est
2922 839 3139 893 docebo
3173 847 3221 893 te
3251 843 3307 894 in
3338 840 3427 894 via
3454 840 3551 893 hac
3583 857 3687 911 qua

2073 927 2352 997 gradieris,
2398 925 2456 979 id
2491 930 2576 979 est
2614 926 2831 981 docebo
2866 928 3113 998 qualiter
3154 928 3421 983 incedere
3477 928 3687 982 debeas

2076 1032 2180 1088 per
2192 1015 2341 1069 viam
2358 1015 2769 1069 mandatorum
2793 1019 3153 1071 meorum.Et
3169 1020 3370 1088 postea
3384 1034 3500 1071 non
3517 1016 3687 1071 relin-

2075 1119 2272 1174 quam,
2306 1104 2404 1158 sed
2429 1105 2654 1173 ﬁrmabo
2684 1121 2839 1175 super
2866 1110 2935 1172 te,
2969 1106 3027 1160 id
3058 1110 3145 1160 est
3179 1106 3423 1160 ﬁrmiter
3467 1122 3685 1177 ponam

2074 1209 2245 1263 super
2274 1197 2351 1260 te,
2382 1211 2454 1248 ne
2486 1194 2735 1260 deﬁcias,
2763 1195 2942 1250 oculos
2965 1213 3122 1261 meos,
3158 1195 3215 1249 id
3242 1199 3326 1249 est
3357 1194 3682 1265 benignita-

2073 1284 2195 1336 tem
2229 1299 2441 1336 meam.
2486 1282 2651 1346 Quod
2695 1287 2781 1337 est
2820 1284 3008 1338 dicere
3045 1302 3056 1338 :
3103 1285 3178 1337 Te
3209 1299 3574 1355 perseverare
3605 1282 3685 1335 fa-

2074 1370 2242 1425 ciam.
2264 1372 2330 1424 Et
2359 1371 2435 1425 sic
2463 1371 2600 1425 dabo
2623 1372 2720 1425 tibi
2744 1373 3059 1426 intellectum
3087 1377 3147 1426 ut
3169 1372 3452 1443 intelligas
3473 1388 3685 1427 arcana

2072 1459 2307 1514 consilia
2334 1476 2495 1527 mea;
2519 1460 2685 1514 aliter
2706 1460 2865 1515 enim
2887 1478 3005 1515 non
3037 1461 3277 1515 haberes
3302 1460 3679 1514 intellectum.

2143 1550 2313 1603 Facta
2343 1550 2603 1604 oratione
2650 1566 2755 1620 pro
2802 1568 2880 1617 se,
2929 1551 3269 1604 adhertatur
3294 1549 3582 1603 auditores
3611 1564 3683 1601 ne

2069 1640 2357 1711 repellant
2395 1656 2428 1693 a
2479 1656 2537 1693 se
2586 1639 2941 1694 intellectum
2984 1639 3358 1705 remissionis,
3390 1639 3467 1693 sic
3500 1658 3512 1693 :
3548 1637 3681 1693 Dico

358 1730 455 1781 cut
479 1730 537 1781 et
569 1727 840 1782 delictum
876 1745 889 1782 :
920 1728 1195 1782 delictum
1221 1728 1456 1800 quidem
1490 1728 1717 1794 dicitur,
1734 1727 1965 1798 quando
1988 1735 2039 1792 Β
2072 1728 2207 1799 quia
2236 1729 2383 1782 Deus
2430 1727 2570 1781 mihi
2616 1728 2837 1782 remisit
2879 1728 3259 1798 impietatem,
3303 1730 3360 1781 et
3416 1729 3478 1780 ut
3527 1725 3685 1780 vobis

359 1815 516 1886 quod
528 1815 857 1870 faciendum
872 1820 1019 1871 esset
1040 1816 1515 1902 derelinquimys,
1547 1816 1691 1870 sicut
1706 1817 1854 1870 bene
1881 1816 1964 1893 fa:

357 1919 509 1970 cere,
536 1906 717 1959 Deum
745 1906 933 1960 colere
956 1922 971 1974 ;
996 1908 1054 1959 et
1078 1908 1289 1960 caetera
1320 1904 1486 1971 talia;
1522 1904 1803 1975 injustitia
1830 1920 1966 1957 vero

355 2008 489 2046 cum
519 1993 673 2064 quod
702 1993 1033 2048 faciendum
1057 2011 1175 2049 non
1192 1993 1575 2061 est,facimus,
1592 1995 1654 2046 ut
1668 1992 1969 2047 hominem

355 2080 638 2146 occidere,
669 2081 859 2136 aliena
885 2098 1112 2155 rapere,
1157 2085 1215 2137 et
1253 2085 1462 2137 cratera
1489 2081 1627 2136 talia
1655 2081 1790 2137 Dico
1838 2081 1973 2153 quia

355 2171 629 2239 cognitum
653 2170 786 2240 feci.

425 2258 493 2312 Et
518 2258 752 2330 exponit
783 2258 1099 2331 quomodo,
1130 2257 1209 2313 sic
1241 2275 1254 2313 :
1287 2260 1355 2314 Et
1385 2260 1495 2314 hoc
1526 2258 1685 2331 prius
1726 2258 1866 2327 dixi,
1913 2258 1973 2313 id

352 2349 441 2401 est
469 2351 665 2402 mente
713 2348 905 2415 statui,
952 2348 1030 2402 sic
1070 2348 1271 2403 aiens:
1305 2347 1606 2418 Conﬁtebor
1652 2349 1972 2418 injustitiam

352 2452 525 2488 meam
553 2437 788 2491 Domino
818 2440 875 2490 et
903 2437 1011 2491 hoc
1039 2436 1249 2491 faciam
1278 2437 1553 2490 adversum
1580 2454 1664 2490 me
1688 2452 1885 2507 agens,
1915 2436 1973 2491 id

355 2525 441 2578 est
460 2526 738 2580 accusabo
767 2542 862 2580 me
890 2525 961 2581 de
986 2525 1290 2598 iniquitate
1321 2544 1471 2592 mea,
1491 2526 1821 2582 conﬁtendo
1839 2544 1967 2582 eam

353 2612 625 2680 Domino,
645 2613 741 2685 qui
760 2613 916 2686 prius
944 2615 1188 2685 superbe
1224 2632 1317 2669 me
1335 2616 1823 2682 excusabam,hoc
1858 2615 1973 2670 dixi

355 2716 464 2771 ego
489 2700 592 2755 :Et
619 2719 725 2755 non
757 2703 1024 2770 abscondi,
1052 2707 1109 2758 et
1140 2703 1270 2758 ideo
1300 2710 1360 2757 tu
1387 2703 1713 2759 misericors
1726 2706 1976 2758 remisisti

354 2790 677 2860 impietatem
709 2794 920 2861 peccati
961 2794 1082 2846 mei.
1127 2792 1250 2847 Non
1290 2793 1477 2847 solum
1522 2797 1845 2865 peccatum,
1872 2793 1972 2848 sed

355 2879 415 2932 et
440 2879 773 2950 impietatem
802 2879 975 2951 ipsius
993 2882 1218 2951 peccati,
1251 2880 1311 2935 id
1355 2883 1440 2935 est
1466 2882 1795 2954 superbiam
1838 2897 1971 2952 pec-

352 2966 463 3021 cati
486 2984 604 3023 non
629 2968 895 3023 confessi.
930 2969 1169 3024 Ostenso
1191 2969 1321 3038 hoc,
1355 2970 1490 3042 quia
1515 2987 1619 3042 per
1656 2969 1967 3025 confessio-

353 3072 491 3110 nem
522 3056 678 3111 venit
705 3056 779 3111 ad
808 3056 1234 3126 remissionem,
1256 3075 1327 3112 ne
1352 3061 1651 3129 putaretur
1675 3058 1794 3130 ipse
1815 3059 1967 3114 solus

352 3144 449 3216 qui
470 3144 624 3216 prius
644 3147 914 3216 peccator
941 3146 1130 3201 fuerat
1148 3147 1489 3201 remissione
1507 3148 1751 3219 eguisse,
1781 3147 1965 3203 sancti

352 3249 489 3288 vero
520 3234 784 3302 minime,
831 3235 1025 3289 subdit
1057 3251 1072 3290 :
1105 3236 1240 3291 Dico
1281 3236 1416 3308 quia
1456 3244 1513 3289 tu
1555 3238 1825 3303 remisisti,
1873 3253 1964 3291 re-

352 3321 623 3377 missione
649 3340 763 3394 qua
791 3340 908 3378 non
940 3325 1091 3379 solus
1111 3342 1241 3397 ego,
1274 3326 1374 3380 sed
1383 3343 1488 3396 pro
1514 3325 1611 3379 hac
1648 3326 1823 3379 orabit
1850 3342 1965 3379 om-

352 3412 435 3464 nis
462 3418 673 3465 sanctus
700 3413 773 3467 ad
798 3419 864 3479 te,
894 3413 968 3467 ad
997 3412 1382 3468 obtinendum
1414 3413 1645 3479 scilicet,
1666 3416 1721 3466 in
1741 3421 1968 3484 tempore

351 3505 668 3569 opportuno,
698 3498 758 3554 id
787 3504 873 3555 est
891 3501 951 3554 in
982 3502 1091 3556 hoc
1120 3502 1347 3569 saeulo,
1373 3502 1527 3573 quod
1560 3505 1761 3572 aptum
1788 3504 1873 3555 est
1894 3502 1967 3556 ad

351 3586 773 3657 pmnitendum.
797 3589 1073 3644 Futurum
1094 3589 1249 3643 enim
1277 3589 1347 3644 ad
1377 3590 1484 3644 hoc
1510 3589 1967 3661 in0pportunum

354 3675 630 3730 est.Unde
648 3677 952 3747 Apostolus
971 3694 1018 3731 :«
1040 3679 1182 3732 Ecce
1195 3694 1350 3732 nunc
1364 3681 1595 3748 tempus
1617 3677 1966 3749 acceptabile

357 3760 446 3835 (II
470 3760 598 3820 Cor.
624 3780 701 3832 v1,
732 3765 804 3832 2).
829 3783 861 3817 ιθ
876 3764 1012 3822 Dico
1030 3767 1186 3837 quod
1204 3766 1394 3821 orabit.
1413 3767 1480 3820 Et
1496 3767 1617 3821 haec
1632 3766 1817 3822 oratio
1847 3782 1966 3821 non

356 3850 466 3906 erit
493 3852 867 3921 infructuosa,
890 3861 1274 3923 verumtamen,
1294 3855 1799 3928 quamvisfuturus
1818 3856 1890 3909 sit
1912 3858 1967 3909 in

355 3938 553 3995 diluvio
575 3959 835 4013 aquarum
864 3943 1177 4007 multarum,
1191 3943 1251 3998 id
1272 3947 1358 3998 est
1387 3943 1447 3998 in
1471 3944 1562 3999 die
1592 3943 1816 4015 judicii,
1840 3960 1968 4015 quae

356 4029 673 4085 continebit
702 4032 911 4085 multas
940 4031 1341 4087 tribulationes
1372 4035 1427 4086 et
1453 4032 1688 4099 subitas,
1730 4032 1801 4086 ad
1849 4049 1969 4086 eum

356 4133 465 4170 non
488 4118 931 4189 approximabunt
963 4118 1073 4174 illae
1105 4136 1289 4191 aquae,
1322 4121 1383 4174 id
1411 4125 1497 4175 est
1528 4121 1968 4187 tribulationes;

358 4204 481 4260 dies
501 4205 702 4276 judicii
751 4206 1028 4261 diluvium
1072 4207 1298 4276 dicitur,
1347 4210 1503 4281 quod
1542 4226 1611 4263 ex
1657 4209 1968 4282 improviso

355 4293 547 4348 veniet
570 4294 713 4348 sicut
731 4294 1007 4349 diluvium
1033 4311 1102 4349 ex
1132 4295 1443 4368 improviso
1458 4297 1706 4352 advenit.
1724 4298 1884 4353 Unde
1912 4298 1970 4352 in

356 4382 1259 4455 Evangelio:«DiesDomini,sicut
1272 4386 1365 4440 fur
1380 4387 1591 4458 veniet(
1600 4386 1928 4457 IThes.v.2.)
1941 4409 1967 4436 ››

356 4468 521 4533 Quod
546 4474 631 4526 est
652 4488 715 4527 ac
745 4472 790 4526 si
822 4472 975 4528 dicat
1003 4492 1017 4528 :
1042 4475 1200 4528 Bono
1229 4490 1330 4528 suo
1357 4474 1695 4541 orabit,ideo
1716 4492 1970 4548 namque

353 4557 415 4612 in
445 4559 536 4614 die
554 4560 757 4631 judicii
784 4561 954 4616 nullis
969 4560 1436 4617 tribulationibus
1455 4562 1791 4634 attingetur.
1816 4563 1969 4617 Facit

354 4651 549 4724 autem
580 4649 653 4703 ad
700 4651 885 4705 Deum
929 4651 1363 4723 apostrOpham,
1411 4668 1582 4706 orans
1616 4654 1680 4705 ut
1717 4650 1814 4725 qui
1844 4668 1903 4706 se
1935 4668 1969 4706 a

352 4736 635 4808 superiori
661 4738 1053 4805 tribulatione,
1077 4739 1148 4794 ab
1178 4738 1477 4811 impietate
1508 4740 1738 4811 eripuit,
1760 4740 1968 4811 eripiat

352 4840 583 4897 quoque
631 4826 703 4881 ab
756 4826 1107 4883 exteriorum
1155 4827 1529 4883 inimicorum
1571 4829 1962 4897 tribulatione,

351 4913 450 4984 qui
474 4913 672 4969 multis
699 4916 889 4970 modis
931 4916 1129 4971 volunt
1157 4932 1292 4971 eum
1321 4917 1622 4972 devocare.
1656 4918 1724 4971 Et
1752 4918 1862 4973 hoc
1890 4918 1966 4973 sic

352 5001 515 5057 dicit:
532 5003 668 5059 Dico
698 5005 854 5076 quod
877 5005 1128 5059 remisisti
1150 5006 1490 5076 impietatem.
1508 5007 1655 5078 Ergo
1680 5006 1964 5075 similiter,

351 5096 409 5144 tu
448 5092 546 5163 qui
583 5110 634 5148 es
681 5095 951 5165 refugium
992 5111 1186 5162 meum,
1226 5094 1287 5150 id
1326 5099 1413 5151 est
1450 5096 1524 5151 ad
1567 5112 1741 5168 quem
1782 5097 1903 5169 fugi
1933 5116 1965 5151 α

350 5179 695 5236 tribulatione
736 5183 1038 5250 intimiori,
1070 5201 1188 5256 qua
1216 5184 1583 5253 circumdedit,
1618 5184 1675 5239 id
1701 5188 1785 5239 est
1814 5186 1963 5240 mul-

346 5268 473 5321 tum
498 5271 792 5341 occupavit
810 5288 926 5338 me,
968 5271 1180 5326 scilicet
1203 5272 1273 5327 ab
1300 5272 1598 5344 impietate
1628 5274 1869 5343 peccati.
1894 5275 1963 5327 Et

349 5355 448 5427 qui
480 5358 656 5412 etiam
683 5375 742 5412 es
768 5359 1047 5414 exsultatio
1086 5378 1220 5427 mea,
1254 5361 1316 5415 id
1340 5364 1425 5415 est
1455 5377 1625 5416 causa
1657 5362 1956 5417 exultatio-

348 5444 437 5501 nis
466 5461 674 5501 eruens
703 5465 799 5503 me
829 5449 900 5504 ab
930 5465 1019 5516 ea,
1051 5466 1171 5503 erue
1203 5465 1431 5521 quoque
1460 5468 1542 5504 me
1569 5469 1602 5503 a
1628 5450 1959 5504 circumdan-

349 5534 487 5595 tibus
511 5552 617 5603 τηε,
646 5535 708 5594 id
734 5539 821 5593 est
842 5537 1007 5594 valde
1032 5538 1504 5610 persequentibus
1522 5556 1619 5595 me
1630 5538 1951 5596 tribulatio-

2069 1816 2331 1870 similiter
2362 1816 2641 1881 remittat,
2676 1816 2837 1869 nolite
2864 1817 2986 1885 ﬁeri
3018 1819 3152 1871 sicut
3191 1833 3353 1887 equus
3393 1822 3442 1868 et
3483 1814 3681 1876 mulus,

2071 1906 2260 1977 quibus
2286 1922 2391 1958 non
2420 1912 2495 1959 est
2525 1905 2836 1972 intellectus,
2875 1905 2933 1959 id
2968 1909 3051 1959 est
3086 1905 3181 1977 qui
3212 1908 3347 1959 sunt
3383 1904 3687 1958 irrationa-

2071 1992 2234 2048 biles.
2270 1992 2435 2057 Quod
2479 1996 2565 2047 est
2613 1993 2800 2047 dicere
2835 2011 2847 2046 :
2880 1994 3063 2047 Nolite
3104 1993 3226 2047 ﬁeri
3268 1991 3686 2065 comparabiles

2074 2098 2222 2153 equo
2252 2084 2309 2135 et
2341 2081 2520 2149 mulo,
2554 2084 2617 2135 ut
2637 2082 2755 2136 sitis
2781 2082 2990 2152 stupidi
3028 2084 3086 2135 et
3128 2081 3276 2153 pigri
3308 2082 3381 2135 ad
3422 2082 3573 2135 hunc
3602 2078 3689 2134 in-

2075 2171 2369 2224 tellectum
2398 2169 2771 2235 remissionis,
2806 2170 2875 2224 ad
2904 2170 3146 2224 modum
3178 2169 3341 2236 muli,
3376 2169 3472 2240 qui
3502 2168 3680 2239 stupi-

2076 2258 2213 2312 dum
2247 2258 2464 2312 animal
2503 2260 2668 2312 estet
2698 2258 2950 2329 pigrum.
2984 2259 3051 2311 Et
3072 2257 3250 2313 nolite
3277 2259 3506 2329 superbi
3536 2274 3678 2324 esse,

2075 2351 2139 2402 ut
2164 2347 2375 2418 putetis
2405 2363 2503 2401 vos
2534 2363 2638 2416 per
2658 2347 2904 2401 liberum
2927 2347 3230 2402 arbitrium
3260 2364 3424 2419 posse
3458 2346 3681 2401 beatiﬁ-

2075 2436 2214 2504 cari,
2249 2437 2323 2491 ad
2354 2436 2595 2491 modum
2617 2435 2769 2507 equi,
2804 2437 2959 2508 quod
2991 2436 3207 2490 animal
3234 2438 3545 2508 superbum
3573 2439 3679 2490 est.

2076 2526 2215 2581 Orat
2244 2526 2419 2581 etiam
2450 2541 2555 2597 pro
2587 2524 2687 2592 eis,
2734 2525 2867 2596 quia
2896 2525 3050 2580 videt
3082 2543 3178 2581 eos
3218 2527 3291 2581 ad
3337 2526 3447 2580 hoc
3495 2542 3599 2597 per
3624 2542 3683 2579 se

2073 2614 2506 2682 insufﬁcientes,
2541 2614 2617 2668 sic
2652 2632 2664 2668 :
2691 2614 2825 2669 Dico
2847 2632 2920 2668 ne
2951 2614 3095 2668 ﬁant
3131 2618 3266 2669 sicut
3290 2632 3451 2687 equus
3482 2620 3532 2668 et
3571 2630 3687 2666 mu-

2075 2703 2185 2768 lus;
2214 2704 2315 2758 sed
2338 2702 2615 2775 quoniam
2654 2703 2763 2757 hoc
2811 2719 2915 2772 per
2949 2720 3007 2758 se
3038 2720 3237 2758 cavere
3270 2719 3388 2757 non
3420 2703 3680 2773 possunt,

2074 2795 2137 2845 tu
2167 2793 2315 2845 Deus
2346 2794 2402 2844 in
2425 2808 2574 2844 camo
2607 2798 2654 2844 et
2671 2791 2826 2861 freno
2865 2792 3110 2845 maxillas
3146 2809 3325 2845 eorum
3365 2793 3679 2859 constringe,

2074 2881 2169 2950 qui
2191 2897 2295 2933 non
2314 2881 2708 2949 approximant,
2734 2879 2791 2933 id
2820 2883 2905 2933 est
2934 2880 3029 2950 qui
3052 2897 3155 2951 per
3184 2896 3243 2934 se
3274 2878 3683 2934 insufﬁcientes

2075 2970 2208 3021 sunt
2233 2967 2637 3039 approximare
2667 2968 2738 3020 ad
2764 2975 2830 3029 te,
2864 2967 2921 3021 id
2954 2971 3041 3021 est
3077 2968 3149 3022 ad
3175 2967 3256 3022 tui
3289 2967 3682 3022 obedientiam

2073 3059 2132 3111 et
2155 3056 2571 3128 cognitionem.
2599 3056 2763 3119 Quod
2779 3056 2915 3110 dicit
2943 3056 3189 3110 maxillas
3219 3074 3399 3110 eorum
3428 3056 3685 3110 constrin-

2068 3163 2152 3215 ge,
2182 3145 2335 3199 idem
2353 3148 2438 3199 est
2450 3161 2515 3199 ac
2536 3144 2581 3199 si
2613 3145 2764 3199 dicat
2790 3162 2873 3198 eos
2902 3147 3215 3215 constringe.
3252 3144 3526 3200 Similiter
3546 3143 3682 3214 quia

2070 3236 2341 3306 posuerat
2364 3251 2554 3307 equus
2585 3238 2641 3287 et
2670 3235 2878 3301 mulus,
2914 3234 3010 3306 qui
3058 3251 3162 3307 per
3201 3233 3461 3289 maxillas
3504 3232 3678 3288 strin-

2070 3305 2304 3395 guntur,
2500 3323 2570 3377 ab
2598 3340 2801 3377 eorum
2832 3305 3203 3378 similitudine
3235 3326 3548 3397 ponuntur.
3572 3324 3681 3376 Per

2071 3429 2298 3467 camum
2317 3411 2551 3483 quidem
2566 3410 2943 3481 intelligimus
2953 3411 3180 3483 gravius
3200 3412 3678 3484 gubernaculum;

2070 3518 2175 3573 per
2198 3502 2430 3555 frenum
2460 3502 2655 3553 autem
2681 3500 2877 3554 levius.
2911 3499 3119 3554 Camus
3142 3501 3353 3573 quippe
3385 3500 3483 3573 qui
3512 3500 3681 3570 vulgo

2069 3589 2431 3643 canifrenum
2460 3587 2689 3654 dicitur,
2715 3604 2832 3643 non
2855 3588 3188 3659 capistrum,
3217 3592 3280 3643 ut
3310 3590 3500 3661 plures
3530 3604 3681 3643 asse-

2070 3680 2227 3747 runt,
2272 3676 2499 3748 gravius
2542 3676 2708 3730 freno
2760 3680 2985 3730 coercet
3011 3693 3246 3748 equum.
3281 3676 3371 3731 Sic
3403 3679 3460 3730 et
3496 3676 3681 3747 piissi-

2072 3783 2202 3821 mus
2231 3766 2608 3838 gubernator,
2656 3764 2783 3819 illos
2826 3764 2923 3835 qui
2970 3764 3219 3835 graviori
3267 3768 3442 3837 egent
3479 3764 3683 3834 guber-

2071 3854 2297 3920 naculo,
2324 3853 2550 3924 gravius
2574 3852 2917 3924 constringit
2931 3853 3328 3909 tribulationes
3355 3852 3680 3919 inferendo,

2072 3946 2134 3997 ut
2164 3942 2424 4014 castigati
2480 3959 2599 3996 non
2664 3945 2925 4013 pereant.
2963 3941 3180 4006 Quibus
3229 3945 3424 3997 autem
3480 3940 3682 3995 leviori

2073 4048 2215 4102 opus
2245 4035 2331 4086 est
2357 4031 2770 4103 gubernaculo,
2799 4030 2976 4086 levius
3006 4030 3679 4101 constringuntur.Unde

2074 4121 2320 4191 Prosper
2348 4137 2361 4174 :
2399 4142 2425 4170 «
2464 4119 2905 4175 Misericorditer
2927 4120 3162 4175 adhibet
3180 4121 3565 4192 temporalem
3592 4135 3679 4173 se-

2073 4209 2396 4264 veritatem.
2444 4226 2517 4263 ne
2561 4209 2715 4280 juste
2769 4208 2979 4263 inferat
3034 4212 3317 4263 aaternam
3361 4206 3684 4263 damnatio-

2074 4314 2231 4352 nem.
2287 4319 2315 4347 »
2349 4298 2417 4351 Et
2471 4296 2747 4352 Salomon
2797 4316 2811 4352 :
2856 4319 2884 4348 ‹‹
2939 4297 3190 4368 Castigat
3242 4299 3389 4352 Deus
3442 4313 3680 4353 omnem

2072 4386 2256 4442 ﬁlium
2288 4403 2463 4459 quem
2487 4385 2710 4457 recipit.
2738 4406 2765 4435 ››
2789 4386 2975 4456 (Prov.
3010 4402 3093 4453 III,
3138 4389 3235 4454 12;
3262 4385 3435 4441 Hebr.
3475 4403 3571 4453 xu,
3602 4385 3678 4456 6.)

2072 4475 2229 4543 Dico,
2262 4475 2420 4529 nolite
2442 4476 2564 4543 ﬁeri
2579 4475 2715 4528 sicut
2746 4491 2904 4546 equus
2938 4482 2987 4529 et
3026 4475 3221 4529 mulus.
3251 4474 3417 4540 Quod
3447 4474 3491 4529 si
3509 4474 3678 4542 ﬁatis,

2071 4566 2225 4619 malo
2257 4566 2443 4618 vestro
2473 4562 2643 4616 ﬁctis.
2673 4562 2816 4617 Nam
2846 4563 2905 4617 in
2942 4564 3137 4619 futuro
3168 4564 3337 4618 multa
3385 4567 3557 4619 erunt
3583 4566 3682 4633 ﬂa-

2067 4652 2531 4723 gellapeccatoris:
2566 4650 2735 4719 illius,
2764 4651 2976 4707 scilicet
3018 4654 3115 4725 qui
3144 4653 3237 4708 hic
3276 4654 3436 4708 nolet
3476 4653 3680 4708 remis-

2070 4740 2296 4795 sionem
2349 4739 2606 4811 adipisci.
2661 4738 2976 4811 Sperantem
3014 4749 3192 4797 autem
3228 4743 3312 4796 hic
3354 4745 3410 4795 in
3447 4741 3679 4795 Domino

2069 4826 2493 4896 remissionem,
2537 4828 2891 4883 misericordia
2935 4831 3300 4896 circumdabit,
3338 4828 3399 4883 id
3433 4832 3519 4882 est
3553 4845 3678 4882 am-

2068 4918 2350 4988 plectetur
2379 4917 2607 4989 penitus
2636 4917 2696 4971 in
2727 4918 2943 4985 futuro,
2975 4921 3032 4972 et
3059 4919 3117 4973 in
3149 4918 3345 4972 anima
3371 4921 3428 4972 et
3467 4917 3525 4971 in
3547 4933 3673 4973 cor-

2068 5007 2346 5076 pore.Per
2369 5007 2479 5061 hoc
2500 5010 2695 5061 autem
2723 5008 2969 5065 multum
2988 5007 3189 5061 invitat
3209 5023 3328 5061 non
3353 5009 3670 5079 sperantes,

2068 5097 2132 5149 ut
2155 5096 2390 5165 sperent
2417 5095 2477 5149 in
2521 5095 2789 5163 Domino,
2834 5111 2971 5150 nam
3016 5095 3093 5149 sic
3137 5094 3532 5150 misericordia
3560 5094 3671 5149 cir-

2067 5185 2515 5240 cumdabuntur.
2532 5184 2685 5240 Facit
2712 5184 2887 5239 etiam
2913 5185 3324 5256 apostropham
3343 5185 3414 5239 ad
3433 5200 3671 5255 speran-

2064 5276 2171 5345 tes,
2206 5274 2521 5329 adhortans
2570 5290 2667 5329 eos
2700 5276 2765 5327 ut
2807 5272 2876 5326 de
2911 5289 3009 5344 spe
3037 5274 3194 5329 bona
3223 5290 3342 5328 non
3367 5274 3427 5328 in
3456 5291 3536 5342 se,
3568 5274 3671 5329 sed

2062 5362 2123 5416 in
2148 5363 2398 5418 Domino
2430 5365 2717 5430 lietentur,
2751 5361 2828 5415 sic
2855 5361 3049 5417 dicens
3083 5382 3095 5417 :
3130 5364 3280 5434 Ergo
3308 5364 3441 5435 quia
3459 5381 3672 5434 speran-

2063 5458 2166 5506 tem
2188 5454 2243 5505 in
2262 5454 2493 5508 Domino
2518 5451 2866 5507 circumdabit
2893 5452 3266 5519 misericordia,
3282 5453 3541 5508 latamini
3563 5471 3668 5526 pro

2055 5555 2157 5611 spe
2185 5543 2394 5609 vestra,
2440 5544 2497 5596 in
2525 5539 2783 5609 Domino,
2810 5539 2873 5596 id
2918 5543 3004 5597 est
3045 5539 3107 5596 in
3150 5540 3319 5600 laude
3348 5542 3606 5614 Domini,
3637 5560 3671 5600 ο
