4008 6030
401 275 505 329 ’763

1017 276 1074 332 S.
1117 277 1463 334 BRUNONIS
1502 274 2135 333 CARTHUSIANORUM
2171 274 2639 334 INSTITUTORIS
2682 277 2836 333 OPP.
2872 277 3048 333 PARS
3088 279 3109 331 Ι

3619 283 3733 336 ’764

387 398 546 469 justi,
580 416 697 455 non
724 400 786 454 in
818 401 996 467 vobis,
1031 405 1398 460 attribuendo
1436 404 1596 459 vobis
1623 421 1783 475 spem
1815 404 2004 458 istam.
2028 408 2082 467 Α
2112 420 2237 475 qua:
2264 404 2490 458 noviter
2515 422 2548 458 a
2578 404 2801 459 Christo
2834 405 2969 459 data
2998 408 3150 471 sunt,
3167 421 3284 460 non
3307 405 3483 460 etiam
3510 405 3569 459 in
3597 407 3728 477 lege

400 485 470 539 Et
496 504 611 541 non
646 503 849 557 parum
887 489 1160 559 la'tamini,
1201 493 1299 547 sed
1343 493 1612 558 crs-uitato,
1648 492 1703 545 id
1736 494 1820 545 est
1846 492 2008 545 valde

398 576 677 633 laetemini
720 599 731 633 :
782 597 909 650 qum
950 582 1147 636 laetitia
1192 584 1449 653 corporis
1486 583 1660 635 etiam
1708 582 2009 636 saltatione

401 664 849 722 demonstretur.
869 669 945 722 Et
965 672 1141 725 etiam
1159 674 1475 741 gloriamini
1494 673 1546 725 in
1574 670 1903 733 Domino,1d
1926 674 2012 723 est

398 754 645 823 gloriam
686 761 933 812 vestram
978 761 1270 814 attribuite
1312 760 1558 815 Domino
1593 779 1608 813 :
1642 776 1757 813 non
1790 758 2010 812 meritis

397 842 618 907 vestris,
652 861 684 898 o
716 862 814 899 vos
839 864 1013 901 omnes
1043 850 1171 901 recti
1196 849 1365 916 corde,
1394 848 1451 902 id
1495 851 1580 901 est
1605 848 1743 916 justi
1786 850 2008 901 rectum

396 928 675 985 habentes
701 934 877 987 corin
906 936 1210 1005 cogitando
1243 937 1417 1000 bon’a,
1450 953 1565 991 non
1612 936 1915 990 distortum
1948 935 2006 988 in

398 1017 706 1087 cogitando
747 1038 1033 1092 perversa,
1068 1027 1130 1078 ut
1166 1026 1472 1095 Apostolus
1506 1024 1585 1077 ait
1618 1044 1630 1078 :
1666 1046 1692 1072 ‹‹
1730 1022 1836 1087 Qui
1881 1024 2004 1093 glo-

394 1105 654 1161 riaturin
678 1110 923 1165 Domino
952 1112 1230 1180 glorietur
1263 1112 1320 1183 (I
1345 1112 1469 1166 Cor.
1500 1130 1536 1177 ι,
1572 1113 1680 1183 3l).
1720 1133 1746 1159 »

873 1201 939 1251 IN
969 1200 1294 1255 PSALMUM
1324 1203 1515 1255 XXXII.

465 1284 680 1339 Titulus
710 1286 989 1357 trigesimi
1021 1290 1279 1343 secdndi.
1312 1289 1556 1345 Psalmus
1584 1288 1784 1350 Dauid,
1820 1288 1879 1342 id
1920 1293 2004 1343 est

394 1369 653 1427 ﬁdelium
680 1376 885 1445 quibus
916 1376 1132 1431 dictum
1155 1381 1237 1431 est
1270 1378 1325 1431 in
1355 1378 1703 1447 przecedenti
1734 1378 1957 1448 psalmo
1986 1397 1997 1431 :

392 1458 679 1514 La’tamini
707 1465 761 1515 in
790 1464 1039 1529 Domino,
1084 1467 1313 1520 cxultatc
1333 1467 1474 1535 justi
1514 1484 1530 1519 :
1573 1467 2000 1520 exhortantium

392 1564 453 1602 se
480 1552 541 1602 ut
573 1553 857 1605 exsultent
890 1552 948 1605 in
981 1554 1146 1607 laude
1165 1554 1418 1620 Domini,
1452 1555 1665 1608 scilicet
1688 1557 1747 1607 ut
1769 1555 2004 1608 laudent

396 1651 528 1690 eum
563 1641 620 1691 et
646 1638 701 1691 in
731 1639 949 1695 cithara
978 1645 1035 1696 et
1062 1642 1117 1695 in
1147 1643 1437 1713 psalterio.
1468 1644 1535 1696 Et
1566 1643 1738 1696 etiam
1772 1644 2007 1697 cantent

2110 493 2285 546 veteri
2318 493 2533 557 habita,
2560 511 2687 564 quae
2720 493 2796 547 sic
2830 494 3057 547 dicebat
3088 510 3101 548 :
3133 517 3159 543 «
3192 493 3405 565 Diliges
3444 494 3726 561 amicum,

2112 585 2167 634 et
2193 581 2323 635 odio
2357 582 2593 635 habebis
2625 581 2942 635 inimicum.
2987 603 3013 630 n
3047 583 3424 647 Dico,cantatc
3457 584 3508 637 ci
3528 600 3727 636 novum

2111 671 2398 735 canticum,
2432 674 2490 723 et
2539 687 2656 723 non
2709 670 2966 724 remisse.
3014 669 3125 725 Sed
3181 671 3304 724 bene
3340 671 3556 741 psallite
3587 673 3638 725 ei
3665 673 3729 725 in

2110 760 2504 828 uociferatione,
2522 758 2579 812 id
2612 762 2696 812 est
2726 758 2783 813 in
2814 758 2996 814 nimia
3025 759 3238 814 mentis
3269 759 3729 815 intentionelau-

2110 847 2241 901 date
2272 864 2429 914 eum,
2456 865 2584 919 quae
2614 847 2743 902 ideo
2772 847 3104 902 vociferatio
3124 848 3355 914 dicitur,
3394 849 3529 920 quia
3555 848 3731 903 nimis

2109 936 2183 989 ad
2213 935 2452 989 modum
2486 935 2879 989 clementariaa
2912 934 3342 990 vociferationis
3371 936 3734 1007 impetratio—

2108 1040 2242 1076 nem
2258 1025 2488 1093 expetit.
2511 1024 2671 1078 Unde
2684 1023 2958 1093 scriptum
2974 1027 3059 1077 est
3086 1040 3099 1078 :
3124 1045 3151 1072 «
3170 1024 3496 1078 Maledictus
3524 1024 3728 1092 homo,

2107 1111 2202 1182 qui
2220 1111 2416 1165 fecerit
2436 1128 2577 1181 opus
2593 1110 2692 1164 Dei
2716 1111 3075 1181 negligenter
3091 1111 3228 1183 (Jcr.
3244 1111 3517 1181 xmu,lO),
3532 1111 3625 1166 »id
3641 1116 3734 1165 est

2105 1196 2225 1252 sine
2258 1199 2599 1253 intentione.
2632 1199 2746 1253 Sub
2780 1198 2865 1253 dit
2890 1202 3086 1254 autem
3119 1215 3316 1253 causas
3347 1216 3523 1271 quare
3552 1199 3733 1253 conﬁ-

2104 1287 2345 1340 tendum
2373 1287 2444 1340 sit
2465 1292 2521 1341 et
2535 1288 2919 1357 psallendum.
2938 1286 3030 1341 Sic
3053 1287 3178 1341 dico
3198 1285 3719 1358 Conﬁtemini,psal-

2104 1373 2210 1440 lite,
2240 1376 2306 1428 Et
2349 1375 2424 1428 sic
2467 1375 2795 1429 faciendum
2838 1378 2922 1429 est
2978 1377 3103 1447 quia
3162 1381 3357 1428 rectum
3401 1384 3476 1429 est
3509 1376 3727 1429 verbum

2102 1462 2341 1516 Domini.
2387 1462 2550 1527 Quod
2582 1466 2667 1517 est
2717 1463 2904 1517 dicere
2945 1463 3080 1535 quia
3116 1464 3224 1517 hoc
3265 1463 3499 1530 verbum,
3540 1464 3599 1518 id
3638 1468 3730 1517 est

2107 1557 2461 1624 praeceptum
2500 1554 2769 1607 cantandi
2805 1557 2891 1606 est
2928 1553 3153 1607 Domini
3178 1570 3191 1620 ;
3225 1556 3283 1606 et
3321 1553 3453 1608 ideo
3496 1560 3724 1608 rectum.

2110 1641 2201 1693 Est
2224 1641 2379 1694 enim
2411 1649 2607 1694 rectum
2630 1646 2693 1695 ut
2713 1658 2873 1695 servo
2898 1640 3176 1695 Dominus
3191 1643 3249 1694 et
3265 1644 3540 1695 creaturas
3562 1657 3725 1695 crea-

393 1723 445 1777 ei
478 1742 687 1779 novum
716 1728 1006 1783 canticum
1039 1731 1097 1783 in
1129 1731 2009 1785 vociferatione.Praetenditau-
2031 1730 2081 1787 B
2110 1732 2201 1783 tor
2230 1730 2498 1801 imperet.
2520 1731 2585 1782 Et
2618 1729 2747 1784 ideo
2784 1736 2992 1782 cantate
3026 1736 3075 1782 et
3116 1730 3446 1797 conﬁtemini
3470 1731 3541 1793 ci,
3578 1729 3728 1784 sicut

391 1814 509 1866 tem
542 1815 976 1871 honestissimas
1018 1836 1214 1873 causas
1253 1836 1354 1873 cur
1394 1820 1500 1873 hoc
1538 1819 1870 1872 faciendum
1914 1819 2006 1872 sit.

394 1898 653 1955 Ostendit
683 1905 858 1958 etiam
884 1908 942 1959 in
964 1907 1144 1974 ﬁnem,
1180 1908 1402 1961 nullum
1430 1907 1536 1960 nisi
1568 1907 1665 1961 Dei
1699 1906 1886 1977 gratia
1915 1907 2013 1961 ad-

384 1989 624 2060 juvante
654 1993 875 2047 salvari.
906 1994 1050 2048 Dicit
1081 2013 1217 2067 ergo
1249 2015 1261 2050 :

460 2077 715 2134 Exultatc
728 2082 870 2150 justi
890 2086 944 2135 in
963 2084 1221 2149 Domino,
1248 2084 1304 2138 id
1332 2087 1417 2138 est
1456 2083 1513 2137 in
1562 2085 1727 2138 laude
1756 2084 2007 2138 Domini.

391 2164 556 2230 Quod
587 2172 672 2221 est
701 2169 921 2225 dicere:
943 2173 1298 2227 Exsultantes
1320 2174 1547 2227 laudate
1580 2173 1913 2227 Dominum.
1945 2174 2011 2227 Et

391 2256 789 2310 exsultandum
836 2258 995 2312 vobis
1035 2263 1119 2313 est
1167 2260 1225 2313 in
1274 2261 1383 2314 hoc
1430 2279 1443 2314 :
1501 2261 1645 2314 Nam
1690 2278 1789 2315 vos
1847 2267 2009 2315 rectos

389 2344 584 2409 corde,
617 2344 675 2399 id
714 2348 798 2399 est
821 2346 1007 2416 justos
1048 2348 1191 2401 decet
1237 2349 1489 2403 laudatio
1532 2349 1783 2403 Domini.
1824 2372 1850 2399 (ι
1883 2350 2006 2403 Non

390 2435 477 2486 est
506 2432 662 2486 enim
695 2435 953 2505 speciosa
991 2437 1113 2491 laus
1141 2437 1197 2491 in
1242 2454 1341 2491 ore
1372 2438 1687 2509 peccatoris
1721 2454 1732 2491 :
1767 2458 1797 2489 »
1833 2437 2003 2509 (Eccl.

390 2537 481 2588 xv,
532 2521 607 2593 9),
651 2521 799 2576 illius
851 2524 1067 2579 scilicet
1116 2526 1211 2597 qui
1267 2527 1601 2597 resipiscere
1634 2543 1751 2581 non
1784 2528 1902 2580 vult
1951 2531 2009 2580 et

387 2611 576 2663 rectus
610 2611 750 2665 ﬁeri.
788 2613 1037 2683 Exponit
1084 2632 1217 2668 vero
1260 2632 1363 2686 per
1403 2619 1596 2686 partes
1635 2615 1693 2668 in
1737 2633 1848 2687 quo
1894 2617 2009 2670 lau-

391 2697 530 2751 dent
561 2716 714 2765 eum,
751 2702 827 2755 sic
859 2718 871 2755 :
903 2702 1060 2769 Dico,
1088 2705 1364 2771 cxsultate,
1390 2705 1448 2758 in
1475 2706 1583 2759 hoc
1603 2704 1834 2759 scilicet.
1872 2704 2009 2759 Con-

388 2788 611 2856 ﬁtcmim
632 2790 860 2844 Domino
880 2793 939 2845 in
964 2794 1193 2859 cit/iam,
1226 2794 1282 2848 id
1320 2798 1404 2849 est
1436 2794 1666 2848 laudate
1698 2795 2008 2849 Dominum

388 2875 446 2930 in
473 2879 640 2932 laude
666 2881 1127 2936 mortiﬁcationis
1152 2884 1339 2937 carnis
1372 2886 1588 2938 vestrae.
1625 2883 1785 2948 Quod
1819 2887 1903 2938 est
1922 2883 2006 2937 di-

388 2980 560 3021 cere:
592 2968 925 3023 Mortiﬁcate
958 2971 1225 3024 membra
1276 2975 1481 3037 vestra,
1526 2973 1634 3026 etc.
1680 2972 1831 3024 Bene
1874 2986 2006 3025 vero

387 3055 757 3109 mortiﬁcatio
800 3058 920 3111 haec
949 3058 1169 3113 cithara
1203 3059 1412 3113 dicitur
1446 3060 1620 3113 :Nam
1648 3060 1719 3113 ab
1746 3059 2008 3113 inferiori

389 3145 571 3211 parte,
606 3144 662 3198 id
692 3148 776 3198 est
796 3162 829 3199 a
850 3146 1216 3201 sensualitate
1242 3148 1588 3202 mortiﬁcata
1609 3151 1843 3201 resonat
1867 3149 2003 3214 Deo,

388 3229 446 3283 id
477 3235 561 3285 est
592 3250 723 3286 eum
760 3235 1115 3293 laudat..Non
1149 3253 1305 3303 voce,
1328 3237 1427 3290 sed
1459 3237 1581 3306 ipsa
1607 3235 1689 3289 sui
1722 3236 2007 3290 evidentia

390 3321 463 3374 ad
496 3321 733 3375 modum
762 3324 1018 3389 citharae,
1051 3341 1177 3394 quin
1218 3326 1289 3379 ab
1336 3324 1609 3378 inferiore
1652 3324 2005 3379 concavitate

387 3412 641 3462 resonat.
674 3409 1024 3464 Sensualitas
1052 3429 1303 3483 namque
1334 3429 1439 3483 per
1468 3413 1656 3467 carnis
1690 3412 2002 3467 mortiﬁca-

390 3497 611 3552 tionem
644 3499 1043 3568 mortiﬁcatur,
1073 3518 1145 3554 ne
1172 3504 1402 3555 tantum
1415 3504 1476 3554 ut
1490 3501 1647 3571 prius
1674 3502 1911 3556 vanitati
1936 3501 2005 3555 sit

390 3584 634 3641 intenta.
672 3588 739 3641 Et
779 3589 831 3639 in
855 3589 1112 3658 psalterio
1151 3589 1321 3642 (locem
1354 3590 1691 3655 cliordarmn,
1727 3589 1784 3644 id
1829 3594 1913 3643 est
1944 3590 2001 3644 in

390 3675 664 3745 psalterio
693 3676 943 3730 habente
974 3678 1173 3731 decem
1205 3678 1467 3744 chordas,
1484 3678 1701 3747 psallite
1721 3679 1817 3731 illi.
1841 3678 2003 3741 Quod

392 3766 479 3816 est
523 3763 711 3818 dicere
746 3784 758 3819 :
794 3765 1045 3820 Laudate
1088 3783 1219 3820 eum
1275 3766 1332 3819 in
1383 3766 1762 3821 viviﬁcatione
1794 3767 2003 3820 mentis

389 3854 611 3917 vestrae,
629 3870 756 3923 quin
776 3854 1090 3907 viviﬁcatur
1118 3870 1222 3924 per
1257 3855 1457 3907 decem
1489 3855 1732 3909 chordas
1755 3854 2005 3925 quasha-

390 3938 584 4005 bet,id
613 3944 697 3993 est
722 3958 824 4011 per
849 3943 1295 4012 completioncm
1337 3943 1537 3996 decem
1578 3942 1720 4011 legis
1746 3959 2000 4013 praecep-

388 4030 605 4095 torum,
630 4045 757 4098 quze
780 4029 1045 4081 dicuntur
1066 4029 1318 4096 chordas,
1352 4046 1419 4083 eo
1449 4031 1605 4100 quod
1628 4046 1859 4083 suavem
1885 4032 2001 4083 Deo

394 4118 628 4169 cantum
657 4133 775 4171 non
808 4117 864 4169 in
898 4134 1032 4171 voce
1082 4119 1167 4171 vel
1207 4134 1370 4182 sono,
1406 4118 1503 4171 sed
1536 4118 1593 4171 in
1627 4118 1747 4188 ipsa
1780 4119 1861 4172 rei
1889 4119 2000 4171 evi-

392 4202 588 4256 dentia
601 4203 867 4269 reddant,
895 4204 965 4257 ad
998 4205 1238 4258 modum
1265 4206 1611 4259 chordarum
1632 4206 1856 4260 dulcem
1875 4224 2004 4260 can-

390 4294 516 4345 tum
539 4293 862 4346 resonando
894 4293 1283 4347 reddentium.
1320 4294 1515 4349 Merito
1551 4295 1901 4365 quippelaus
1924 4296 2001 4349 vi-
2030 4272 2081 4330 D

390 4378 629 4435 viﬁcataa
659 4382 869 4435 mentis
897 4382 1231 4453 psalterium
1265 4383 1489 4451 dicitur,
1508 4400 1575 4437 co
1600 4384 1755 4455 quod
1786 4402 2000 4456 asupc-

391 4468 553 4533 riori,
584 4470 642 4525 id
669 4475 754 4525 est
789 4472 1037 4543 digniori
1073 4476 1234 4543 parte
1280 4474 1458 4529 nostri
1504 4479 1759 4541 resonat,
1791 4475 2003 4529 scilicet

392 4574 429 4612 a
453 4562 651 4613 mente
682 4560 755 4613 ad
777 4562 1015 4616 modum
1048 4562 1300 4633 psalterii
1333 4580 1400 4617 ex
1425 4563 1704 4634 superiori
1740 4565 1999 4619 concavi-

390 4648 513 4701 tate
540 4648 880 4703 resonantis.
926 4652 992 4704 Et
1025 4658 1233 4704 cantate
1260 4654 1311 4704 ci
1337 4654 1597 4705 canticum
1785 4671 1999 4717 novum,

392 4734 450 4790 id
471 4738 794 4791 estlaudate
811 4755 943 4792 eum
960 4756 1106 4793 novo
1125 4740 1593 4805 cantico,scilicet
1612 4741 2000 4811 completione

390 4829 813 4899 praceptorum
835 4844 963 4899 quae
996 4844 1174 4882 novus
1200 4829 1384 4883 Adam
1418 4830 1771 4883 construxit:
1797 4830 1856 4883 in
1890 4847 2004 4901 qua

393 4915 543 4969 Deus
572 4915 888 4971 delectatur
917 4916 1060 4970 sicut
1098 4918 1157 4970 in
1189 4918 1432 4972 cantico.
1465 4919 1628 4972 Unde
1660 4919 1999 4988 Apostolus:

396 5024 439 5052 ‹‹-
460 5004 740 5058 Exuentes
762 5008 1014 5059 veterem
1032 5006 1333 5059 hominem
1362 5023 1493 5060 cum
1514 5006 1733 5060 actibus
1759 5006 1891 5073 suis,
1916 5006 2004 5060 in-

392 5090 548 5146 duite
576 5108 789 5146 novum
815 5093 1115 5147 hominem
1128 5094 1555 5165 quisecundum
1581 5096 1761 5148 Deum
1783 5098 2007 5148 creatus

392 5182 481 5233 est
510 5179 727 5251 (Ep/tes.
764 5197 837 5245 Iv,
867 5182 989 5253 24);
1025 5204 1051 5230 ››
1069 5182 1281 5236 scilicet
1301 5206 1329 5232 ‹‹
1352 5181 1585 5252 Diligite
1620 5181 1889 5236 inimicos
1919 5199 2007 5237 ve-

393 5271 562 5334 stros,
581 5269 899 5324 lienefacite
930 5270 1017 5323 his
1040 5271 1133 5341 qui
1159 5271 1408 5325 oderunt
1436 5287 1533 5324 vos
1563 5270 1715 5335 (Luc.
1742 5287 1817 5337 v1,
1835 5273 1940 5333 ‘27).
1980 5291 2006 5318 »

395 5357 463 5410 Et
496 5373 558 5411 :«
585 5357 826 5412 Vendite
843 5359 1041 5413 omnia
1065 5377 1192 5429 qua:
1224 5358 1465 5423 habetis,
1493 5360 1552 5411 et
1582 5359 1711 5413 date
1740 5358 2007 5430 pauperi-

397 5443 523 5512 bus,
583 5448 641 5499 et
697 5446 1005 5517 sequimini
1055 5464 1170 5514 me,
1213 5447 1351 5502 dicit
1387 5446 1665 5501 Dominus
1696 5446 1918 5520 (Matth.
1953 5464 2007 5515 v,

384 5532 638 5601 44;Luc.
659 5550 735 5597 rx,
750 5534 861 5606 12).
881 5554 912 5583 »
934 5536 1002 5588 Et
1025 5536 1203 5591 etiam
1219 5535 1356 5590 talia
1384 5538 1675 5606 praecepta
1699 5536 2009 5607 complete,

2110 1816 2373 1883 dicimus,
2409 1817 2704 1895 operando
2738 1834 2751 1871 :
2786 1816 2920 1888 quia
2949 1818 3127 1870 omnia
3153 1834 3307 1886 opera
3338 1815 3419 1870 eis
3449 1833 3576 1888 quae
3603 1817 3725 1887 ipse

2111 1906 2367 1976 precepit
2399 1907 2648 1975 operari,
2681 1910 2814 1959 sunt
2855 1908 3013 1959 recta
3043 1910 3098 1959 in
3127 1906 3230 1974 ﬁde
3256 1906 3473 1977 positis,
3519 1922 3723 1977 quam-

2111 1994 2191 2048 vis
2218 1994 2526 2048 incredulis
2550 1994 2854 2048 videantur
2882 1994 3112 2063 injuste.
3135 1994 3298 2049 Unde
3315 1994 3589 2066 scriptum
3614 1999 3719 2049 est:

2114 2104 2141 2130 ‹‹
2171 2082 2285 2136 Nisi
2323 2083 2700 2149 credideritis,
2737 2100 2852 2137 non
2898 2082 3232 2153 intelligetis
3266 2082 3421 2148 (Isai.
3450 2099 3547 2147 vn,
3581 2085 3653 2151 9).
3698 2103 3719 2131 ιι

2113 2172 2179 2224 Et
2207 2171 2335 2225 ideo
2360 2171 2545 2225 adhuc
2575 2178 2783 2224 cantate
2798 2178 2848 2224 et
2872 2172 3223 2239 conﬁtemini;
3255 2170 3390 2241 quia
3418 2170 3593 2240 diligit
3618 2188 3721 2224 na-

2110 2259 2377 2313 turaliter
2407 2258 2829 2313 misericordimn
2871 2266 2921 2311 et
2959 2258 3258 2328 judicium.
3311 2258 3481 2322 Quasi
3520 2259 3673 2312 dicat
3707 2277 3720 2313 :

2112 2347 2255 2401 Cum
2304 2348 2423 2418 ipse
2472 2348 2811 2401 naturaliter
2841 2346 3162 2402 misericors
3210 2347 3301 2413 sit,
3355 2347 3724 2401 miserebitur

2108 2436 2297 2503 vestri,
2331 2437 2376 2489 si
2421 2436 2469 2489 ei
2509 2436 2891 2501 cantaveritis,
2922 2436 3079 2506 juxta
3107 2436 3245 2490 illud
3283 2435 3485 2490 Joelis:
3512 2458 3539 2484 «
3569 2434 3725 2489 Mise-

2108 2525 2288 2579 ricors
2318 2527 2421 2589 est,
2456 2528 2512 2579 et
2550 2524 2891 2595 praestabilis
2919 2540 3090 2595 super
3129 2524 3367 2578 malitia.
3402 2545 3429 2573 »
3455 2523 3612 2594 (Jocl,
3658 2540 3721 2588 n,

2112 2615 2292 2682 l3).Et
2308 2630 2439 2667 cum
2472 2614 2592 2683 ipse
2626 2613 2965 2667 naturaliter
2978 2614 3183 2683 justus,
3198 2613 3422 2684 justum
3438 2612 3723 2682 judicium

2109 2702 2328 2773 diligat,
2351 2702 2506 2772 justo
2512 2702 2534 2771 j
2547 2702 2731 2756 udicio
2746 2718 2840 2756 vos
2869 2701 3162 2756 damnavit
3187 2701 3293 2755 nisi
3323 2701 3375 2755 ei
3404 2700 3722 2755 cantavcri-

2108 2790 2180 2845 tis
2208 2795 2267 2844 et
2290 2791 2532 2845 confessi
2578 2790 2818 2844 fueritis.
2854 2790 3015 2844 Unde
3052 2790 3328 2860 scriptum
3361 2794 3449 2843 est
3480 2809 3494 2844 :
3532 2812 3558 2837 ‹‹
3590 2788 3723 2843 Mihi

2108 2878 2440 2945 vindictam,
2493 2883 2550 2933 et
2600 2896 2709 2949 ego
2766 2879 3108 2946 retribuam,
3163 2878 3301 2932 dicit
3348 2876 3643 2932 Dominus.
3687 2897 3717 2925 ι)

2111 2965 2293 3038 (Deut.
2326 2982 2494 3034 xxxn,
2547 2969 2642 3034 35;
2682 2966 2849 3020 Rom.
2882 2983 2978 3031 xu,
3030 2967 3136 3037 49).
3172 2966 3307 3020 Dico
3340 2965 3495 3037 quod
3545 2964 3725 3033 diligit

2109 3057 2541 3110 miscricordiam.
2574 3057 2640 3109 Et
2672 3056 2805 3109 inde
2835 3056 2944 3110 hoc
2974 3055 3152 3109 videri
3176 3058 3383 3125 potest,
3408 3053 3546 3126 quia
3562 3070 3718 3107 mise-

2107 3146 2334 3199 ricordia
2356 3145 2578 3198 Domini
2599 3145 2760 3215 plena
2789 3152 2865 3199 est
2895 3151 3051 3210 terra,
3077 3144 3133 3197 id
3160 3146 3245 3197 est
3283 3142 3551 3209 Ecclesia,
3592 3158 3722 3214 quae

2108 3232 2207 3287 Dei
2238 3236 2391 3287 terra
2423 3235 2717 3304 est,quam
2741 3232 3215 3302 przedicatoribus
3235 3231 3460 3286 excolit.
3478 3230 3724 3301 Exponit

2107 3325 2300 3375 autem
2352 3321 2646 3392 quomodo
2694 3321 3058 3375 misericordia
3102 3320 3173 3373 sit
3204 3321 3388 3391 plena,
3423 3319 3501 3372 sic
3531 3336 3545 3372 :
3579 3318 3722 3372 Vere

2106 3410 2279 3480 plena
2308 3414 2394 3462 est
2424 3409 2848 3477 misericordia;
2878 3410 2983 3463 hac
3014 3408 3243 3474 scilicet,
3279 3407 3448 3461 Verbo
3476 3406 3719 3471 Domini,

2105 3499 2163 3553 id
2193 3500 2277 3551 est
2306 3515 2410 3570 per
2443 3499 2643 3552 Filium
2673 3498 2903 3553 Domini
2936 3499 3064 3564 cwli,
3108 3497 3165 3550 id
3197 3500 3284 3551 est
3315 3495 3724 3567 praedicatores

2104 3587 2317 3641 ﬁrmati
2349 3590 2481 3640 sunt
2512 3587 2569 3641 in
2620 3587 2734 3640 ﬁde
2764 3590 2822 3641 et
2851 3586 3174 3641 sanctitate.
3219 3586 3287 3639 Et
3313 3588 3514 3656 postea
3540 3585 3718 3639 omnis

2104 3679 2268 3729 virtus
2303 3694 2481 3729 eorum
2508 3692 2682 3747 quam
2705 3676 2921 3729 habent
2950 3674 3283 3729 innocentia
3312 3677 3369 3727 et
3392 3673 3718 3738 sanctitate,

2104 3767 2466 3836 conﬁrmata)
2500 3768 2585 3819 est
2612 3766 2803 3835 spiritu
2829 3767 2931 3818 oris
2962 3764 3169 3833 (ᾔεις,ἱά
3196 3766 3281 3817 est
3307 3779 3410 3835 per
3438 3761 3716 3832 Spiritum

2104 3858 2385 3920 sanctum,
2420 3853 2519 3924 qui
2552 3870 2669 3908 non
2702 3854 2887 3907 solum
2920 3853 3164 3917 aPatrc,
3199 3852 3299 3906 sed
3318 3852 3493 3905 etiam
3514 3867 3549 3903 a
3578 3850 3717 3903 Filio

2103 3943 2381 4014 procedit.
2413 3942 2516 4005 Qui
2553 3942 2721 3996 Filius
2748 3958 2809 3995 os
2837 3941 2933 3995 Dei
2977 3941 3203 4005 dicitur,
3238 3957 3305 3994 eo
3352 3939 3507 4010 quod
3552 3938 3719 3992 nobis

2104 4048 2206 4102 per
2233 4047 2365 4084 cum
2394 4031 2494 4084 Dei
2520 4033 2738 4083 secreta
2768 4031 3019 4083 revelata
3060 4032 3214 4095 sunt,
3260 4028 3340 4082 sic
3385 4044 3485 4081 ore
3528 4025 3718 4079 cordis

2104 4124 2321 4173 secreta
2348 4121 2695 4172 revelantur.
2924 4105 2929 4109 ’

2174 4209 2315 4261 Nam
2347 4224 2475 4261 cum
2505 4208 2609 4277 ipsi
2634 4207 2789 4276 prius
2807 4223 2908 4278 per
2926 4207 3131 4260 Christi
3155 4206 3477 4260 doctrinam
3510 4205 3716 4259 etﬁdei

2103 4298 2160 4348 et
2204 4295 2518 4349 sanctitatis
2568 4299 2758 4348 essent
2787 4295 2995 4348 virtute
3027 4295 3261 4361 ﬁrmati,
3300 4311 3404 4366 per
3452 4297 3715 4348 sanctum

2101 4387 2297 4454 postea
2328 4383 2589 4454 spiritum
2625 4383 2680 4436 in
2714 4383 2920 4437 eadem
2944 4383 3298 4437 virtutesunt
3331 4383 3570 4437 omnino
3588 4398 3721 4436 cou-

2102 4473 2335 4527 ﬁrmati.
2373 4472 2476 4536 Qui
2511 4472 2788 4525 nimirum
2818 4489 2922 4543 per
2950 4472 3155 4526 Isaiam
3182 4494 3211 4520 ‹‹
3240 4472 3470 4541 spiritus
3500 4470 3718 4526 consilii

2103 4564 2161 4615 et
2191 4561 2545 4616 fortitudinis
2574 4560 2782 4615 dicitur
2814 4559 2940 4629 (Isa.
2970 4577 3046 4627 χι,
3082 4562 3159 4630 2),
3196 4582 3222 4609 ››
3251 4578 3317 4614 eo
3353 4560 3509 4632 quod
3542 4559 3721 4613 fortes

2101 4650 2272 4704 faciat
2299 4653 2356 4703 et
2384 4650 2601 4703 ﬁrmos.
2631 4649 2765 4703 Dico
2799 4649 2954 4719 quod
2973 4649 3150 4703 virtus
3173 4665 3374 4703 eorum
3398 4653 3483 4702 est
3511 4648 3721 4703 conﬁr—

2104 4742 2264 4793 mata
2291 4738 2497 4808 Spiritu.
2529 4739 2631 4790 oris
2660 4737 2790 4806 ejus.
2823 4737 2958 4800 Qua}
2986 4738 3059 4791 ad
3107 4738 3217 4793 hoc
3246 4740 3332 4792 est
3381 4737 3724 4792 confirmata

2104 4830 2169 4881 ut
2186 4827 2258 4880 sit
2295 4843 2635 4896 congregem,
2667 4826 2725 4880 id
2748 4829 2833 4880 est
2875 4827 3236 4898 coniungens
3261 4844 3425 4899 aquas
3458 4829 3641 4894 maris,
3663 4827 3723 4881 id

2106 4920 2193 4970 est
2218 4916 2465 4986 iniquos,
2499 4916 2597 4986 qui
2629 4915 2937 4970 deﬂuendo
2988 4932 3093 4987 per
3145 4916 3341 4971 illicita
3386 4916 3528 4971 sicut
3560 4931 3724 4986 aqum

2107 5003 2594 5058 defluuntzamari
2625 5006 2743 5058 Deo
2774 5008 2907 5059 sunt
2929 5008 2991 5059 ut
3022 5021 3206 5071 mare,
3235 5005 3381 5059 sicut
3408 5021 3571 5075 aqua:
3585 5020 3724 5059 con-

2107 5097 2425 5164 gregantur
2463 5094 2521 5147 in
2566 5096 2711 5147 utre.
2748 5094 2912 5157 Quod
2944 5098 3029 5148 est
3056 5094 3245 5149 dicere
3275 5111 3287 5148 :
3320 5094 3483 5148 Virus
3522 5110 3725 5148 eorum

2109 5182 2412 5253 conjungit
2422 5186 2479 5236 et
2497 5182 2842 5254 constringit
2858 5183 3163 5254 perlegam
3178 5183 3506 5254 impositam
3525 5182 3583 5235 in
3606 5181 3732 5235 uni-

2108 5274 2224 5326 tate
2248 5270 2379 5326 ﬁdei
2401 5275 2459 5325 et
2488 5272 2812 5327 dilectionis
2828 5276 2887 5326 et
2916 5272 3294 5344 operationis,
3324 5287 3424 5327 eos
3449 5271 3548 5342 qui
3571 5271 3729 5341 prius

2110 5360 2183 5415 ad
2224 5360 2465 5414 modum
2510 5360 2822 5415 voluntatis
2861 5376 3063 5415 eorum
3096 5376 3201 5430 per
3232 5360 3505 5432 quaelibet
3536 5358 3731 5413 illicita

2112 5448 2476 5517 deﬂuebant;
2511 5448 2655 5504 sicut
2684 5466 2847 5522 aqua:
2873 5465 3001 5521 quae
3032 5448 3188 5520 prius
3219 5449 3539 5504 deﬂuentes
3564 5447 3734 5502 erant

2109 5536 2170 5593 in
2187 5541 2327 5592 utre
2352 5537 2677 5609 conjunctae
2705 5553 2740 5593 a
2763 5536 3057 5597 deﬂuendi
3068 5537 3340 5594 facultate
3369 5538 3731 5594 coercentur.
