4008 6030
287 326 394 383 765

1257 320 1613 414 EXPOSITIO
1646 321 1717 376 IN
1756 318 2090 376 PSALMOS.
2132 351 2201 359 —
2238 319 2432 376 PSAL.
2475 321 2646 377 XXXII

3512 332 3617 394 ⁸766

289 450 392 505 vel
421 449 499 506 sic
529 467 543 505 :
572 448 910 520 congregans
935 449 1071 503 sicut
1114 448 1169 501 in
1197 453 1333 510 utre,
1362 446 1422 501 id
1462 449 1547 501 est
1601 449 1798 517 utpote
1844 445 1902 499 in
1924 450 1980 507 Α
2007 445 2191 499 malos
2220 444 2393 499 etiam
2417 445 2696 501 ﬂorerein
2722 448 2986 503 terrenis.
3009 449 3120 507 Sed
3138 470 3264 525 qua!
3289 457 3362 511 ad
3383 476 3617 515 suorum

290 542 443 594 utre.
478 539 642 603 Quod
674 541 759 593 est
802 537 990 593 dicere
1024 554 1037 590 :
1072 535 1444 607 Conjungens
1474 552 1571 590 eos
1600 534 1657 588 in
1687 534 1905 589 unitate

294 627 581 694 Ecclesiae,
615 644 742 699 quas
774 630 903 681 uter
945 627 1092 680 bene
1129 626 1535 695 muncupatur,
1570 641 1697 678 cum
1731 642 1796 678 ex
1826 624 1905 677 eis

291 717 662 771 solummodo
696 714 1094 772 constituatur.
1145 712 1251 777 Qui
1292 712 1624 768 mortiﬁcati
1669 715 1800 767 sunt
1845 712 1901 765 in

290 821 488 873 carne,
516 804 661 859 sicut
686 808 814 860 uter
839 803 904 857 ﬁt
932 821 999 858 ex
1032 806 1394 859 mortuorum
1417 803 1755 858 animalium
1782 802 1902 872 pel-

291 893 463 961 libus,
484 894 650 964 juxta
672 893 814 948 illud
829 892 1088 965 Apostoli
1122 909 1133 946 :
1164 914 1192 943 ‹‹
1223 892 1328 956 Qui
1362 895 1559 947 autem
1587 894 1721 945 sunt
1743 889 1901 945 Chri-

289 983 386 1049 sti,
408 999 645 1037 carnem
668 998 830 1036 suam
856 981 1261 1036 cruciﬁxerunt
1284 980 1429 1047 (Gal.
1474 998 1527 1045 v,
1563 982 1672 1046 2t).
1708 1001 1735 1027 »
1770 979 1903 1033 Dico

292 1087 618 1141 congregans
662 1088 866 1142 aquas;
916 1073 974 1124 et
1030 1086 1149 1123 non
1207 1070 1392 1124 solum
1449 1085 1652 1140 pravas
1705 1083 1901 1139 aquas,

289 1160 393 1215 sed
449 1161 625 1215 etiam
688 1159 864 1230 (quod
941 1157 1260 1212 mirabilius
1323 1157 1424 1227 est)
1472 1173 1673 1228 ponens
1729 1155 1903 1209 etiam

293 1249 529 1317 abyssos,
562 1248 621 1302 id
651 1251 737 1303 est
767 1247 893 1302 illos
923 1246 1019 1319 qui
1046 1245 1479 1318 profundissimi
1509 1249 1642 1299 sunt
1669 1244 1725 1298 in
1771 1260 1902 1315 pec-

291 1337 454 1404 catis,
488 1339 551 1391 ut
602 1337 832 1407 abyssus
888 1339 973 1389 est
1025 1334 1476 1407 profundissima
1520 1333 1577 1388 in
1625 1334 1898 1386 thesauris.

296 1424 463 1489 Quod
491 1424 832 1479 estdicere:
864 1425 996 1479 Illos
1032 1423 1129 1494 qui
1176 1423 1359 1494 abyssi
1403 1425 1535 1477 sunt
1577 1439 1643 1476 ex
1689 1419 1903 1491 abyssis

292 1514 594 1568 thesauros
622 1512 779 1581 facis,
811 1512 868 1567 id
899 1512 1154 1566 estadeo
1192 1512 1453 1565 doctrina
1499 1513 1557 1565 et
1601 1509 1903 1565 sanctitate

452 1601 714 1665 refertos,
738 1604 801 1654 ut
831 1603 888 1654 et
920 1600 1060 1654 alios
1090 1599 1224 1653 inde
1254 1599 1625 1670 locupletent,
1675 1598 1749 1651 ad
1776 1613 1901 1651 mo-

295 1688 434 1742 dum
464 1689 715 1743 thesauri
747 1688 953 1743 divitiis
993 1688 1357 1742 smcularibus
1403 1688 1700 1741 saiculares
1749 1687 1902 1739 locus

2005 532 2444 587 incommodum
2489 536 2939 605 complerentur,
2976 542 3216 597 omnino
3261 548 3537 617 reprobat
3564 553 3621 602 et

2008 621 2266 685 destruit,
2304 622 2563 677 videlicet
2592 641 2664 677 ne
2699 642 2901 680 eorum
2933 632 3199 702 exemplo
3245 633 3358 687 sive
3385 653 3618 708 sugges-

2008 710 2151 764 tioni
2184 710 2424 777 cedant;
2456 715 2512 765 et
2542 711 2585 765 si
2620 730 2733 783 qua
2762 719 2973 784 printer
3001 718 3123 771 haec
3163 725 3314 787 sunt,
3349 740 3474 794 quas
3506 724 3620 778 suis

2006 800 2297 870 completa
2319 804 2586 855 noceant.
2609 802 2743 855 Dico
2776 804 2931 874 quod
2955 806 3336 877 cogitationes
3363 815 3419 864 et
3433 812 3617 866 consi-

2004 888 2080 941 lia
2112 889 2456 958 populorum
2490 893 2546 943 et
2575 890 2901 963 principum
2936 897 3321 963 reprobantur
3361 902 3417 953 et
3464 900 3621 954 dissi-

2004 978 2236 1047 pantur.
2269 974 2567 1031 Consilium
2598 985 2775 1032 autem
2805 979 3055 1050 Domini,
3082 983 3143 1037 id
3181 988 3266 1039 est
3315 987 3617 1042 consilium
3704 1033 3710 1039 .

2006 1064 2161 1135 quod
2173 1065 2481 1120 verbalitcr
2495 1067 2809 1138 disponunt
2826 1068 3024 1124 ﬁdeles
3046 1072 3119 1126 ad
3138 1073 3399 1129 Ecclesiae
3412 1077 3620 1131 utilita-

2006 1156 2146 1220 tem,
2179 1159 2528 1224 cooperante
2558 1158 2744 1227 gratia
2772 1157 3005 1225 Dimini,
3032 1170 3207 1214 manet
3241 1165 3295 1214 in
3323 1171 3604 1224 aeternum.

2002 1241 2066 1296 Id
2092 1245 2177 1296 est
2206 1259 2321 1297 non
2355 1244 2681 1316 dissipatur.
2717 1246 2784 1298 Et
2819 1262 2936 1300 non
2968 1249 3154 1303 solum
3187 1253 3613 1317 consilium,sed

2004 1333 2061 1384 et
2092 1333 2436 1400 cogitationes
2465 1333 2636 1386 cordis
2657 1333 2788 1401 ejus,
2818 1335 2875 1388 id
2908 1338 2992 1389 est
3043 1336 3140 1391 illa
3185 1356 3311 1409 qum
3360 1343 3618 1413 cogitant

2005 1418 2076 1472 ad
2108 1420 2419 1473 utilitatem
2450 1439 2614 1475 suam
2649 1426 2705 1475 et
2737 1422 2981 1477 aliorum
3002 1426 3177 1479 corda
3208 1428 3461 1484 ﬁdelium
3483 1448 3617 1486 suo-

2003 1524 2154 1573 rum,
2191 1513 2432 1562 manent
2471 1509 2661 1564 eundo
2690 1512 2751 1565 in
2780 1516 3169 1580 generationem
3193 1516 3343 1571 hanc
3371 1535 3617 1588 prmsen-

2002 1599 2144 1661 tem,
2180 1604 2227 1649 et
2259 1599 2651 1664 generationem
2698 1598 2973 1667 futuram,
3025 1602 3079 1655 id
3133 1606 3217 1655 cst
3263 1607 3502 1658 manent
3554 1606 3617 1660 in

2003 1691 2280 1738 eternum.
2312 1687 2379 1739 Et
2405 1686 2509 1739 hoc
2540 1690 2725 1740 totum
2744 1691 2829 1741 est
2861 1708 2924 1743 ac
2952 1690 2995 1743 si
3020 1690 3201 1745 dicat:
3228 1693 3369 1747 Vere
3384 1694 3615 1748 Deusti-

290 1777 582 1848 pletantis.
621 1777 784 1831 Unde
814 1777 1116 1847 Apostolus
1144 1793 1156 1829 :
1193 1798 1218 1824 «ι
1252 1776 1541 1830 Habemus
1569 1775 1903 1828 thesaurum
1927 1773 1976 1830 B
2004 1774 2249 1827 mendus
2281 1778 2365 1828 est
2395 1792 2428 1828 a
2452 1776 2628 1841 vobis,
2659 1776 2795 1847 quia
2828 1781 3036 1848 potens
3057 1783 3141 1833 est
3173 1780 3447 1852 dissipare
3478 1798 3615 1836 con-

286 1864 466 1920 istum
493 1865 550 1920 in
573 1865 718 1919 vasis
749 1865 1017 1919 ﬁctilibus
1053 1863 1201 1935 (Cor.
1231 1881 1305 1930 ιν,
1334 1867 1405 1922 7).
1436 1884 1463 1912 ››
1492 1863 1685 1918 Gausis
1711 1866 1902 1917 osten-

288 1953 383 2019 sis,
419 1954 493 2007 ad
524 1953 985 2010 exhortationem
1023 1952 1347 2018 revertitur,
1403 1952 1481 2007 sic
1524 1968 1537 2006 :
1581 1953 1731 2023 Ergo
1771 1953 1903 2023 quia

290 2049 496 2096 rectum
525 2048 575 2096 et
598 2043 815 2097 verbum
845 2041 1086 2107 Domini,
1140 2048 1188 2095 et
1237 2058 1393 2112 opera
1445 2040 1557 2111 ejus
1597 2042 1654 2093 in
1703 2040 1825 2109 ﬁde,
1855 2047 1904 2094 et

288 2130 472 2199 diligit
504 2130 925 2185 misericordiam
954 2136 1006 2184 et
1018 2129 1327 2200 judicium,
1363 2132 1552 2182 timeat
1570 2145 1705 2183 eum
1743 2133 1898 2184 casto

285 2220 500 2275 timore
529 2222 698 2274 omnis
729 2226 885 2287 terra,
918 2220 975 2275 id
1003 2223 1088 2274 est
1109 2220 1391 2274 Ecclesia:
1426 2242 1454 2270 «
1483 2219 1715 2273 Initium
1743 2218 1901 2273 enim

286 2308 586 2379 sapientite
616 2309 794 2363 timor
826 2308 1057 2364 Domini
1078 2309 1252 2373 (Psal.
1278 2326 1361 2377 cx,
1391 2309 1543 2379 10).»
1570 2309 1637 2361 Et
1656 2310 1899 2379 Aposto-

286 2396 374 2450 lus
410 2414 423 2451 :
453 2417 483 2449 ς
513 2397 657 2452 Cum
688 2400 849 2452 metu
868 2399 925 2451 et
946 2400 1200 2453 tremore
1224 2402 1474 2453 vestram
1502 2398 1746 2451 salutem
1769 2412 1901 2467 ope-

285 2485 501 2539 ramini
534 2486 702 2550 (Phil.
757 2504 815 2553 ιι,
870 2486 971 2555 12).
1024 2507 1051 2534 ››
1106 2486 1242 2541 Orat
1290 2486 1467 2540 etiam
1498 2502 1603 2557 pro
1647 2485 1745 2551 eis,
1776 2485 1894 2538 sic:

284 2574 423 2628 Dico
449 2591 461 2628 :
495 2575 738 2643 Timeat;
774 2575 1052 2647 quoniam
1074 2578 1267 2630 autem
1282 2592 1386 2647 per
1411 2592 1469 2628 se
1491 2573 1900 2628 insufﬁcientes

287 2663 443 2726 sunt,
477 2661 542 2713 ab
571 2678 650 2727 eo,
683 2661 743 2715 id
767 2664 853 2715 est
879 2662 950 2715 ab
982 2661 1103 2732 ejus
1131 2661 1316 2733 gratia
1353 2667 1786 2715 commoveantur
1825 2661 1899 2715 ad

286 2746 567 2801 timorem
589 2763 771 2805 omnes
790 2749 1162 2815 inhabitantes,
1185 2765 1301 2803 non
1328 2749 1678 2816 deserentes,
1697 2749 1896 2815 orbem,

286 2835 348 2890 id
377 2839 462 2890 est
491 2837 821 2892 Ecclesiam.
851 2837 987 2902 Quae
1017 2840 1127 2896 Dei
1152 2839 1300 2894 orbis
1324 2840 1507 2905 est,ut
1528 2838 1587 2892 in
1613 2839 1901 2910 psalmum

289 2941 423 2980 mu
455 2924 724 2981 diximus.

2004 1861 2127 1915 silia
2159 1879 2284 1933 quae
2313 1867 2515 1917 contra
2554 1881 2651 1918 vos
2695 1868 2846 1919 sunt.
2904 1869 3113 1921 Potens
3159 1885 3386 1940 quoque
3429 1874 3513 1925 est
3553 1871 3614 1925 in

2004 1953 2287 2004 aeternum
2304 1955 2553 2006 statuere
2578 1970 2703 2024 qua:
2719 1970 2753 2006 a
2772 1954 2950 2022 vobis,
2974 1960 3251 2026 operante
3265 1975 3332 2012 eo
3354 1959 3613 2027 consilio,

2002 2037 2149 2091 ﬁunt
2180 2042 2237 2092 et
2280 2039 2625 2111 cogitantur.
2671 2041 2878 2096 Gentes
2930 2046 3124 2098 autem
3174 2045 3449 2101 timenda:
3495 2064 3614 2102 non

2002 2131 2154 2195 sunt,
2178 2145 2309 2182 cum
2370 2146 2569 2183 earum
2610 2131 2846 2185 consilia
2896 2133 3007 2187 cito
3051 2133 3415 2207 dissipentur.
3452 2137 3614 2191 Unde

2003 2218 2281 2277 Dominus
2302 2217 2358 2271 in
2390 2218 2695 2289 Evangelio
2726 2236 2785 2273 ;‹‹
2820 2221 3004 2275 Nolite
3033 2222 3239 2277 timere
3272 2241 3369 2277 eos
3397 2225 3493 2295 qui
3520 2242 3613 2280 oc-

2001 2306 2200 2361 cidunt
2228 2322 2471 2376 corpus;
2507 2307 2766 2363 animam
2800 2312 2993 2363 autem
3028 2327 3144 2365 non
3178 2316 3416 2383 possunt
3464 2314 3616 2367 occi-

2001 2394 2157 2449 dere.
2193 2393 2301 2448 Sed
2331 2395 2519 2466 potius
2547 2412 2678 2449 eum
2704 2397 2906 2451 timete
2924 2398 3020 2469 qui
3051 2415 3255 2471 corpus
3272 2404 3329 2454 et
3353 2400 3613 2456 animam

1999 2485 2345 2555 potestatem
2413 2484 2588 2538 habet
2645 2484 2877 2539 mittere
2952 2486 3014 2540 in
3075 2487 3407 2558 gehennam
3464 2489 3613 2562 ignis

2000 2571 2224 2645 (Matth.
2259 2590 2312 2638 Χ,
2346 2572 2457 2642 28).
2489 2592 2517 2621 »

2071 2659 2193 2714 Dixi
2220 2661 2373 2731 quod
2398 2660 2675 2716 Dominus
2719 2661 2863 2717 adeo
2911 2665 3116 2733 potens
3159 2666 3244 2717 est
3301 2666 3455 2737 quod
3508 2669 3613 2739 ipse

2000 2748 2135 2803 dixit
2160 2755 2210 2802 et
2235 2750 2383 2819 facta
2407 2758 2550 2818 sunt,
2586 2758 2635 2804 et
2659 2750 2876 2821 dissipat
2901 2752 3116 2805 consilia
3143 2755 3387 2822 gentium
3414 2762 3462 2809 et
3487 2774 3609 2810 con-

2000 2838 2181 2892 silium
2209 2838 2331 2909 ejus
2353 2847 2530 2893 manet
2561 2842 2616 2893 in
2644 2847 2921 2893 aeternum.
2953 2842 3095 2912 Ergo
3121 2842 3256 2913 quia
3284 2845 3476 2899 tantus
3504 2848 3607 2912 est,

2004 2926 2151 2980 beata
2180 2932 2254 2979 est
2288 2944 2411 2995 gens
2440 2928 2592 2996 cujus
2639 2934 2711 2981 est
2758 2929 3024 2982 Dominus
3061 2928 3207 2983 Deus
3252 2931 3382 3001 ejus,
3416 2932 3474 2987 id
3528 2937 3612 2987 est

361 3013 677 3088 Conjungit
706 3033 938 3089 quoque
967 3033 1164 3072 causas
1214 3017 1353 3072 alias
1394 3033 1571 3089 quare
1609 3017 1901 3072 timendus
1923 3038 1969 3097 α
2001 3032 2128 3087 qua:
2161 3017 2343 3070 Deum
2375 3032 2540 3069 suum
2570 3018 2801 3087 reputat
2834 3016 3169 3085 Dominum,
3198 3022 3260 3072 ut
3296 3020 3346 3072 ei
3381 3020 3611 3075 obediat

286 3101 380 3169 sit,
429 3104 507 3158 sic
546 3121 559 3158 :
601 3104 735 3159 Dico
787 3108 988 3172 timeat,
1045 3110 1104 3160 et
1158 3105 1451 3160 timendus
1491 3108 1595 3172 est,
1649 3107 1901 3177 quoniam

284 3192 420 3262 ipse,
452 3193 596 3247 adeo
629 3196 854 3263 potens,
886 3195 1041 3260 dixit,
1076 3212 1196 3249 non
1227 3194 1555 3261 verbaliter,
1577 3194 1675 3249 sed
1706 3194 1764 3248 in
1801 3210 1902 3248 sua

291 3280 666 3352 dispositione
713 3283 1026 3350 constituit,
1081 3292 1129 3338 et
1178 3286 1347 3355 facta,
1390 3284 1449 3338 id
1502 3287 1588 3338 est
1627 3284 1899 3349 formata,

290 3378 415 3424 sunt
446 3372 663 3437 omnia,
697 3375 761 3426 ut
790 3372 848 3425 in
880 3373 1083 3427 Genesi
1130 3372 1501 3427 historialiter
1533 3373 1758 3444 legitur.
1786 3372 1905 3443 Ipse

290 3459 592 3527 mandavit,
632 3460 692 3514 id
747 3462 833 3514 est
870 3461 1131 3532 prmcipit
1179 3461 1237 3515 in
1295 3460 1381 3514 sui
1431 3460 1822 3531 dispositione,
1855 3466 1905 3514 et

287 3555 464 3601 creata
491 3555 635 3611 sunt,
662 3547 793 3602 rudi
827 3551 884 3602 et
910 3548 1147 3604 informi
1176 3549 1489 3604 creatione.
1517 3548 1681 3612 Quod
1710 3551 1794 3601 est
1824 3547 1904 3601 di-

291 3649 423 3690 cere
448 3652 461 3690 :
480 3636 716 3692 Materia
728 3652 931 3692 eorum
954 3637 1107 3691 unde
1128 3636 1251 3709 ipsa
1267 3640 1460 3707 postea
1483 3636 1733 3689 formata
1749 3653 1810 3689 su
1820 3638 1900 3703 nt,

288 3722 350 3778 id
379 3727 463 3778 est
492 3726 784 3779 elementa
829 3725 1125 3792 informia,
1161 3726 1369 3780 ccelum
1397 3724 1610 3779 scilicet
1634 3726 1692 3778 et
1721 3741 1819 3779 aer
1848 3727 1905 3777 et

287 3814 447 3867 terra
488 3815 680 3868 creata
709 3816 861 3881 sunt,
891 3816 954 3868 ut
984 3813 1043 3867 in
1073 3813 1277 3868 Genesi
1308 3812 1521 3885 legitur
1554 3829 1567 3867 :
1593 3835 1621 3862 ‹‹
1651 3814 1711 3866 In
1744 3812 1902 3885 prin-

289 3900 680 3971 cipio'creavit
710 3904 860 3956 Deus
907 3903 1116 3957 coelum
1153 3905 1212 3958 et
1261 3905 1477 3956 terram
1511 3899 1662 3970 (Gen.
1692 3919 1731 3967 ι,
1763 3904 1836 3971 2).
1873 3922 1901 3949 ι)

285 3990 465 4045 Terra
494 3993 689 4045 autem
722 3993 847 4045 erat
872 3989 1062 4045 inanis
1104 3994 1161 4045 et
1189 4007 1385 4057 vacua,
1427 3994 1534 4045 etc.
1584 3990 1716 4045 Dico
1747 3989 1902 4061 quod

286 4078 436 4147 facta
468 4084 589 4131 sunt
605 4096 621 4143 ;
652 4078 949 4144 mandavit,
997 4085 1046 4131 et
1093 4084 1268 4131 creata
1318 4083 1461 4131 sunt.
1517 4078 1584 4130 Et
1630 4093 1734 4148 per
1769 4077 1898 4143 hoc,

286 4165 409 4220 imo
435 4166 571 4238 quia
603 4154 802 4220 omnia
833 4183 961 4238 quae
992 4165 1112 4236 ipse
1155 4166 1305 4220 dicet
1335 4168 1393 4219 et
1430 4164 1729 4219 mandabit
1763 4164 1903 4219 ﬁent

286 4253 572 4309 similiter.
607 4256 685 4308 Ea
715 4270 847 4309 vero
872 4271 998 4325 qua:
1017 4257 1220 4326 gentes
1247 4255 1431 4308 stultae
1463 4256 1522 4308 et
1538 4270 1901 4324 supervacuae

1998 3106 2060 3159 in
2094 3104 2385 3166 omnibus,
2410 3120 2515 3157 nec
2541 3105 2750 3158 serviat
2775 3104 2957 3158 ventri
2981 3122 3169 3178 neque
3201 3107 3367 3161 vitiis.
3395 3110 3462 3162 Et
3477 3110 3608 3177 hoc,

2003 3192 2159 3267 quod
2191 3195 2375 3247 Deum
2406 3195 2677 3264 reputant
2707 3193 3176 3263 Dominum,non
3199 3196 3413 3250 habent
3444 3213 3511 3251 ex
3527 3213 3606 3252 se.

2005 3283 2120 3338 Sed
2137 3281 2375 3354 populus
2408 3282 2501 3335 ille
2532 3282 2734 3335 beatus
2762 3285 2866 3348 est,
2914 3300 3067 3354 quem
3114 3283 3267 3353 elegit
3305 3285 3607 3354 Dominus,
3668 3341 3673 3346 ,

2002 3372 2063 3427 id
2091 3375 2175 3427 est
2207 3369 2489 3441 separavit
2512 3387 2545 3424 a
2572 3386 2760 3424 massa
2776 3370 3156 3441 perditorum,
3173 3374 3231 3427 in
3252 3373 3610 3429 hereditatem

2002 3460 2193 3523 sibi,id
2215 3463 2298 3513 est
2320 3460 2392 3514 ad
2411 3460 2517 3513 hoc
2535 3462 2597 3513 ut
2618 3459 2732 3513 sint
2751 3460 3057 3515 hmreditas
3081 3478 3200 3515 sua.
3234 3461 3402 3526 Quasi
3423 3464 3608 3518 dicat:

2005 3548 2077 3603 ad
2089 3549 2198 3601 hoc
2219 3547 2392 3618 elegit
2406 3563 2502 3601 eos
2522 3548 2800 3601 Dominus
2814 3551 3021 3624 utcum
3044 3549 3155 3603 sint
3173 3552 3449 3619 possessio
3467 3553 3514 3624 ej
3524 3570 3608 3620 us,

2005 3637 2197 3690 colant
2226 3651 2360 3689 eum
2391 3638 2455 3687 ut
2476 3635 2809 3701 Dominum,
2986 3640 3042 3690 et
3056 3654 3158 3707 per
3180 3638 3287 3692 hoc
3306 3640 3418 3693 sint
3432 3620 3606 3695 beati.

2006 3723 2167 3779 Unde
2197 3723 2501 3793 Apostolus
2535 3738 2546 3774 :
2582 3741 2612 3773 ‹‹
2643 3723 2822 3777 Nemo
2856 3727 3045 3794 potest
3093 3724 3284 3779 dicere
3335 3728 3610 3783 Dominus

2002 3813 2179 3877 Iesus,
2239 3809 2344 3864 nisi
2386 3809 2445 3862 in
2494 3809 2707 3880 Spiritu
2747 3814 2945 3865 sancto
2983 3810 3030 3880 (1
3060 3811 3185 3869 Cor.
3214 3830 3289 3880 XI,
3324 3816 3396 3878 3).
3432 3836 3460 3864 »
3503 3817 3608 3871 Ex-

2003 3899 2168 3971 ponit
2196 3915 2329 3953 vcro
2357 3898 2649 3969 quomodo
2694 3899 2866 3967 elegit.
2897 3899 2988 3953 Sic
3019 3900 3230 3955 scilicet
3260 3901 3471 3973 elegit:
3500 3905 3612 3959 Do-

2001 3990 2177 4042 minus
2208 3994 2431 4058 respexzt
2459 3986 2522 4040 de
2551 3987 2693 4052 coelo,
2721 3987 2781 4040 id
2812 3991 2897 4041 est
2928 4005 3056 4042 cum
3080 4006 3339 4045 summus
3376 3995 3523 4045 esset
3553 3997 3612 4048 et

2002 4077 2313 4143 invisibilis,
2348 4074 2592 4129 visitavit
2636 4092 2816 4146 genus
2875 4077 3194 4132 humanum
3240 4078 3311 4132 de
3354 4080 3612 4136 humana

2002 4169 2209 4220 natura
2223 4163 2620 4219 Christi.Unde
2632 4165 2934 4236 Apostolus
2950 4182 3001 4218 :«
3026 4165 3125 4220 Ubi
3141 4167 3296 4221 venit
3311 4169 3609 4239 plenitudo

2001 4253 2305 4325 temporis,
2331 4252 2467 4306 nisit
2500 4253 2648 4305 Deus
2689 4252 2893 4306 Filium
2925 4270 3091 4308 suum
3124 4257 3325 4310 natum
3366 4257 3436 4312 de
3480 4276 3609 4313 mu-

287 4343 557 4397 adversus
605 4345 789 4399 Deum
838 4347 897 4398 et
948 4343 1259 4398 Ecclesiam
1306 4343 1613 4397 verborum
1666 4342 1900 4397 consilio
1925 4337 1976 4394 D
1999 4341 2159 4410 liere,
2185 4363 2212 4390 »
2247 4344 2355 4397 etc.
2379 4340 2531 4410 (Gal.
2566 4357 2638 4408 ιν,
2670 4341 2746 4411 4).
2789 4341 2923 4395 Ilico
2955 4343 3110 4413 quod
3148 4348 3369 4415 respexit
3398 4346 3461 4400 de
3489 4348 3610 4401 ca'lo

288 4430 624 4501 disponunt,
658 4433 715 4485 et
744 4448 872 4502 quas
906 4431 1083 4486 etiam
1117 4432 1393 4502 cogitant,
1427 4447 1543 4485 non
1576 4431 1735 4486 ﬁent.
1755 4431 1899 4485 Nam

282 4517 549 4573 Dominus
580 4519 881 4590 dissipat,id
914 4523 998 4574 est
1019 4520 1260 4574 destruit
1281 4520 1376 4574 illa
1393 4519 1606 4573 consilia
1630 4522 1897 4589 gentium;

282 4607 532 4679 reprobat
556 4614 734 4661 autem
765 4610 1107 4677 cogitationes
1133 4608 1469 4678 populorum,
1527 4608 1600 4663 id.
1630 4612 1715 4662 est
1762 4625 1900 4679 gen-

278 4696 452 4763 tium,
476 4713 604 4769 qua:
625 4712 988 4768 supervacua:
1020 4700 1229 4769 putant
1256 4696 1563 4751 Ecclesiam
1589 4696 1780 4765 minis,
1800 4701 1899 4752 aut

278 4784 767 4853 tribulationibus,
819 4789 918 4841 aut
980 4786 1444 4858 suggestionibus
1485 4785 1777 4841 devorare.
1829 4787 1896 4842 Et

279 4889 402 4929 non
430 4875 618 4929 solum
649 4874 890 4930 consilia
919 4874 1122 4945 plebis,
1155 4874 1255 4929 sed
1285 4873 1461 4928 etiam
1499 4875 1740 4944 reprobat
1775 4891 1893 4928 con-

274 4961 396 5016 silia
415 4964 747 5033 principum,
779 4962 839 5017 id
866 4965 950 5017 est
980 4963 1347 5033 reprobando
1411 4979 1499 5030 ea,
1547 4962 1777 5017 deducit
1819 4963 1893 5017 ad

277 5050 546 5118 nihilum,
582 5054 643 5105 ut
674 5068 794 5106 non
826 5053 1178 5122 praevaleant
1207 5052 1339 5106 suis.
1377 5052 1535 5107 Unde
1564 5050 1838 5107 Salomon
1874 5069 1885 5106 :

276 5160 307 5188 ‹‹
340 5138 466 5193 Non
496 5143 581 5193 est
612 5139 941 5209 prudentia,
978 5156 1166 5211 neque
1197 5139 1523 5207 consilium,
1552 5156 1739 5212 neque
1769 5142 1887 5195 for-

273 5225 463 5281 titudo
496 5230 700 5282 contra
726 5228 1039 5283 Dominum
1071 5228 1257 5299 (Prov.
1287 5233 1377 5295 2t,
1410 5229 1519 5300 30).
1544 5249 1571 5277 ››
1593 5229 1660 5283 Et
1681 5233 1886 5284 notan-

274 5315 419 5370 dum
450 5316 605 5386 quod
656 5331 773 5370 non
822 5332 1025 5371 omnes
1072 5317 1453 5388 cogitationes
1488 5318 1599 5371 sive
1650 5317 1888 5372 consilia

274 5419 481 5458 eorum
504 5404 771 5475 dissipat;
803 5406 1067 5477 quaedam
1088 5406 1247 5460 enim
1271 5406 1343 5460 ad
1365 5405 1669 5460 utilitatem
1701 5407 1884 5461 Eccle-

271 5491 372 5547 sise
394 5492 507 5547 sive
526 5493 600 5547 ad
617 5493 695 5547 im
702 5493 1156 5565 piorumjustam
1172 5494 1611 5549 damnationem
1625 5493 1747 5548 ﬁeri
1760 5510 1887 5565 per-

2001 4431 2275 4485 coelorum
2311 4429 2555 4496 Christo,
2586 4432 2644 4482 et
2673 4445 2777 4500 per
2809 4429 2947 4484 illud
2974 4431 3181 4486 ccelum
3214 4433 3345 4487 vidit
3384 4435 3468 4505 (ut
3497 4436 3607 4491 mi-

1999 4523 2305 4585 sereretur)
2321 4517 2512 4572 omnis
2526 4517 2684 4572 modi
2695 4517 2837 4586 ﬁlios
2854 4519 3385 4587 hominumJudzeos
3398 4524 3610 4580 scilicet

1999 4610 2056 4662 et
2086 4612 2307 4677 gentes,
2338 4622 2617 4678 pauperes
2644 4608 2701 4659 et
2732 4606 2952 4674 divites,
2998 4624 3188 4664 servos
3216 4613 3272 4664 et
3302 4611 3533 4669 liberos.

2068 4694 2232 4757 Quod
2249 4694 2536 4748 estdicere
2552 4711 2565 4748 :
2580 4693 2835 4749 Misertus
2861 4698 2945 4748 est
2963 4696 3153 4752 omnis
3176 4698 3335 4753 modi
3352 4699 3605 4757 ﬁliorum

1993 4781 2435 4836 hominum.Ubi
2454 4799 2557 4837 nos
2579 4782 2670 4836 hic
2686 4782 2968 4838 habemus
2989 4784 3135 4840 ﬁlios
3151 4786 3478 4856 hominum,
3495 4790 3601 4845 He-

1992 4871 2131 4925 braei
2162 4871 2381 4925 habent
2409 4870 2557 4926 ﬁlios
2583 4871 2741 4926 Adae.
2776 4871 2888 4927 Sed
2920 4873 3068 4928 bene
3100 4875 3336 4945 ponitur
3351 4877 3485 4946 ﬁlios
3515 4879 3605 4932 ho-

1993 4962 2219 5026 minum,
2254 4960 2516 5032 priorum
2552 4960 2765 5014 scilicet
2806 4961 3114 5016 hominum
3159 4964 3296 5018 Adae
3341 4969 3398 5020 et
3448 4967 3597 5024 Evsc.

1995 5048 2101 5113 Qui
2140 5066 2256 5104 non
2286 5050 2470 5104 solum
2504 5048 2605 5102 ﬁlii
2637 5052 2769 5102 sunt
2797 5048 2857 5102 in
2889 5067 3122 5120 genere,
3152 5052 3251 5106 sed
3301 5057 3359 5108 et
3407 5055 3507 5110 ﬁlii
3541 5058 3599 5112 in

1990 5137 2252 5192 crimine.
2286 5138 2418 5192 Dico
2451 5136 2607 5209 quod
2635 5137 2699 5190 de
2722 5137 2842 5190 coelo
2874 5143 3203 5209 respexit-,_et
3248 5158 3367 5197 non
3412 5145 3598 5201 solum

1989 5226 2052 5279 de
2080 5225 2221 5291 coelo,
2250 5225 2349 5279 sed
2382 5224 2557 5279 etiam
2583 5226 2805 5295 respexit
2831 5240 2988 5295 super
3021 5207 3217 5294 omnes,
3251 5227 3308 5282 id
3353 5234 3439 5284 est
3469 5248 3597 5287 0m-

1988 5315 2076 5370 nis
2108 5314 2268 5369 modi
2298 5316 2393 5385 qui
2418 5314 2660 5367 habitant
2692 5322 2905 5382 terram,
2940 5313 2997 5368 id
3026 5318 3107 5369 est
3139 5315 3237 5387 qui
3269 5324 3513 5375 manent
3538 5322 3597 5377 in

1978 5404 2092 5458 hac
2119 5408 2292 5470 terra,
2334 5403 2400 5457 de
2417 5408 2719 5472 prteparato
2764 5402 3062 5455 habitacula
3108 5420 3222 5470 suo,
3264 5406 3321 5459 id
3362 5411 3446 5462 est
3492 5426 3600 5482 per

1987 5492 2312 5547 doctrinam
2339 5492 2756 5562 apostolorum,
2785 5490 2883 5561 qui
2904 5493 3037 5544 sunt
3056 5491 3448 5550 habitaculum
3472 5499 3593 5569 ejus

272 5579 479 5650 mittit,
535 5580 800 5637 videlicet
850 5597 979 5638 suos
1034 5582 1324 5656 persequi,
1392 5582 1594 5656 afﬂigi,
1658 5581 1881 5653 occidi;
1982 5580 2460 5654 praeparatum,id
2476 5579 2731 5635 estabeo
2750 5579 3002 5652 gratuita
3015 5581 3592 5648 voluntateelectum.
