3994 6042
287 256 393 316 ’769

292 399 361 439 eo
389 384 454 438 ut
473 380 734 454 superius
762 379 1029 449 diximus,
1053 382 1368 438 cauebatur
1390 399 1403 437 :
1425 405 1453 432 «
1473 382 1649 437 David
1670 397 1900 453 percus-

294 470 365 526 sit
396 470 597 526 decem
631 470 1150 539 millia,»Philistaei
1167 474 1371 526 contra
1396 488 1526 526 eum
1546 470 1757 542 partim
1776 469 1907 525 odio

293 562 351 615 et
389 559 625 629 invidia,
679 560 893 632 partim
922 576 1058 615 vero
1090 563 1251 615 metu
1283 560 1580 615 commoti.
1609 558 1912 633 Timebant

294 649 453 703 enim
476 665 631 712 eum,
662 656 793 717 cum
820 653 1045 704 essetet
1071 649 1131 703 in
1159 649 1308 703 bello
1342 652 1627 714 strenuus,
1666 663 1910 719 regnum

299 753 505 792 eorum
555 754 674 793 esse
735 742 1178 809 occupaturum;
1213 737 1365 809 apud
1395 737 1562 791 Aehis
1611 736 1772 791 illum
1804 736 1913 789 fre-

296 829 544 899 quenter
568 827 910 893 accusando,
945 830 1007 881 ut
1029 827 1101 881 ad
1130 842 1263 880 eum
1293 825 1721 880 interﬁciendus
1735 824 1912 878 David

294 914 684 970 adduceretur
717 915 1048 970 effecerunt.
1085 914 1191 980 Qui
1223 931 1354 969 cum
1418 914 1493 968 ad
1533 913 1911 967 occidendum

297 1003 690 1074 quaerebatur,
735 1003 791 1056 in
820 1006 988 1073 porta
1017 1002 1259 1057 civitatis
1295 1002 1664 1057 manentibus
1692 1005 1915 1072 tympa-

297 1090 545 1146 nisabat.
574 1094 674 1146 Ast
712 1091 830 1160 ubi,
852 1091 1053 1151 mortis
1066 1107 1181 1145 sua:
1197 1091 1431 1145 consilio
1454 1091 1635 1145 sancti
1670 1088 1913 1162 Spiritus

297 1167 514 1234 indicio
544 1182 817 1247 revelato,
849 1198 908 1235 se
938 1180 985 1249 vi
1022 1182 1349 1234 nullatenus
1386 1180 1626 1234 evadere
1648 1194 1813 1249 posse
1827 1193 1913 1232 co-

299 1268 812 1341 gnovit,insaniam
829 1268 931 1337 sibi
946 1267 1124 1323 aﬁ'ore
1138 1268 1462 1323 simulando
1477 1267 1911 1339 epilepticorum

299 1374 726 1430 more,spumas
742 1358 801 1411 in
823 1358 1067 1412 barbam
1091 1356 1631 1433 emittendo,etsese
1647 1354 1912 1421 manibus

304 1446 643 1512 deferendo,
676 1448 834 1501 vultu
848 1462 1081 1518 quoque
1110 1446 1341 1517 penitus
1356 1445 1913 1514 immutato,pronus

302 1535 479 1607 coepit
507 1534 770 1589 volutari.
789 1533 1132 1598 Quaesitores
1148 1538 1344 1588 tamen
1371 1533 1511 1604 ejus,
1543 1532 1637 1603 qui
1654 1530 1726 1586 ab
1744 1530 1912 1585 Achis

304 1622 436 1679 misi
462 1622 713 1690 fuerant,
736 1622 996 1695 quamvis
1007 1639 1140 1677 eum
1164 1623 1415 1678 insanire
1436 1621 1759 1683 crederent,
1777 1635 1911 1674 eum

304 1712 670 1786 arripientes,
725 1711 798 1766 ad
828 1728 1027 1785 regem
1061 1712 1393 1766 attulerunt.
1424 1710 1546 1774 Quo
1576 1709 1716 1771 viso,
1748 1711 1805 1762 et
1822 1708 1910 1761 in-
1936 1737 1987 1795 B

301 1815 445 1853 sane
480 1800 803 1855 existimato
837 1816 851 1855 :
882 1822 909 1851 «
943 1801 1014 1854 Ut
1055 1800 1193 1872 quid
1231 1799 1392 1865 mihi,
1424 1798 1628 1869 inquit,
1671 1796 1912 1867 arrepti-

299 1887 450 1942 tium
475 1889 630 1944 hunc
661 1888 1013 1944 addunstis?
1044 1911 1071 1938 »
1104 1889 1175 1955 (Ι,
1192 1888 1323 1959 Reg.
1352 1905 1464 1955 χιι,
1505 1885 1615 1956 ll.)
1647 1885 1914 1940 Protinus

302 1974 481 2047 igitur
510 1978 777 2032 dimissus
796 1978 937 2034 abiit
957 1978 1135 2032 David
1184 1982 1241 2032 et
1271 1976 1462 2032 evasit.
1492 1977 1552 2029 In
1582 1975 1688 2029 hac
1718 1977 1911 2028 autem

302 2065 543 2121 historia
568 2066 875 2138 diligenter
908 2066 1165 2137 inspecta
1188 2067 1319 2120 talis
1340 2066 1506 2136 juxta
1531 2062 1912 2138 Augustinum

303 2155 637 2209 continetur
676 2134 883 2210 Christi
912 2134 1116 2227 ﬁgura.
1159 2157 1268 2210 Per
1298 2134 1472 2209 David
1523 2153 1679 2207 enim

302 2243 452 2315 apud
472 2244 805 2299 Abimelech
850 2245 1196 2312 latitantem,
1234 2243 1439 2297 Christi
1464 2241 1793 2296 humanitas
1822 2240 1909 2293 in-

304 2333 599 2404 telligitur,
636 2350 763 2406 quae
775 2334 1181 2389 vehementem
1204 2349 1236 2387 a
1250 2331 1461 2386 diaboli
1478 2329 1911 2399 membris,quaa

301 2439 410 2494 per
449 2421 678 2476 Saulem
739 2422 1039 2493 ﬁguratur,
1090 2420 1551 2493 persecutionem
1603 2417 1908 2484 sustinens,

303 2510 460 2583 apud
485 2511 711 2566 Judaaos
742 2511 839 2582 qui
870 2527 974 2583 per
1018 2509 1354 2565 Abimelech
1409 2508 1780 2568 denotantur,
1808 2504 1909 2559 ali-

304 2600 561 2673 quandiu
592 2599 888 2654 humiliter
918 2599 1105 2653 latuit.
1140 2600 1292 2653 Bene
1324 2614 1456 2651 vero
1489 2595 1621 2651 Saul
1653 2595 1913 2667 quiuppe-

305 2687 907 2761 (intsiinterpretatur,
942 2687 1235 2742 diabolum
1283 2685 1583 2758 exprimit:
1607 2700 1777 2756 quem
1808 2682 1912 2736 ini-

304 2772 551 2849 quarum
566 2776 826 2849 operatio
846 2777 1001 2835 mala
1016 2779 1072 2830 et
1091 2775 1315 2830 devotio
1328 2776 1663 2846 frequenter
1673 2771 1907 2844 appetit.

306 2866 727 2922 Convenienter
757 2883 985 2937 quoque
1020 2882 1124 2937 per
1152 2864 1504 2929 Abimelech,
1558 2862 1656 2934 qui
1697 2876 1911 2931 regnum

292 2956 469 3027 patris
489 2953 925 3026 interpretatur,
968 2953 1145 3008 Judaei
1169 2952 1544 3023 designantur
1572 2968 1584 3003 :
1619 2949 1714 3021 qui
1737 2964 1911 3002 saecu-

1251 258 1605 317 EXPOSITIO
1643 259 1713 314 IN
1751 256 2083 316 PSALMOS.
2122 287 2195 300 —
2231 258 2425 315 PSAL.
2462 261 2659 317 XXXIII

3512 270 3616 330 770

2008 383 2777 453 susceperunt.UndePetrus
2791 383 2994 441 dixisse
3006 388 3371 460 perhibetur:
3392 394 3616 451 «Domi-

2009 468 2183 535 ne,ad
2198 486 2374 540 quem
2393 470 2633 526 ibimus?
2647 472 2820 527 verba
2836 473 2963 527 vitae
2983 479 3214 531 aeternae
3232 479 3408 535 habes
3426 481 3610 553 (Joan.

2008 559 2181 623 v1,68)
2193 578 2241 609 .n
2266 559 2451 613 Barba
2466 577 2758 631 vero,quze
2771 561 3001 632 signum
3021 564 3299 621 virilitatis
3318 571 3616 635 est,viriles

2010 644 2314 716 signiﬁcat.
2348 647 2481 702 Sese
2533 654 2727 704 autem
2755 651 3371 710 mirabilitermanibus
3387 659 3611 728 detulit,

2010 750 2142 787 cum
2174 752 2377 808 corpus
2394 755 2559 792 suum
2587 743 2643 792 et
2670 740 3013 811 sanguinem
3034 741 3092 798 in
3122 746 3385 799 manibus
3404 746 3613 818 ferens,

2015 821 2075 876 in
2108 841 2269 879 caena
2300 826 2589 897 discipulis
2618 828 2877 895 tradidit,
2910 831 3105 885 dicens
3135 849 3146 886 :
3171 854 3196 882 ‹‹
3217 834 3617 906 Accipite,hoc

2012 915 2097 965 est
2119 929 2325 983 corpus
2341 932 2540 969 meum
2566 915 2786 988 (Matth.
2810 935 2954 985 xxv1,
2972 920 3082 989 26).
3112 942 3139 968 ››
3168 922 3233 975 Et
3252 925 3422 993 paulo
3443 929 3572 997 post
3600 944 3614 982 :

2016 1024 2041 1051 «
2068 1002 2248 1055 Bibite
2279 1020 2344 1056 ex
2384 1004 2493 1059 hoc
2520 1022 2745 1066 omnes,
2785 1006 2874 1060 hic
2897 1010 2981 1061 est
3007 1009 3163 1064 enim
3194 1013 3425 1084 sanguis
3458 1031 3618 1070 meus

2013 1089 2252 1162 (16221).»
2276 1092 2528 1160 Vultum,
2545 1093 2599 1148 id
2630 1097 2715 1147 est
2738 1096 3093 1150 voluntatem
3124 1100 3501 1170 sacriﬁcandi,
3523 1120 3618 1159 co-

2006 1195 2138 1245 ram
2164 1180 2520 1247 Abimelcch,
2550 1182 2608 1236 id
2636 1185 2720 1236 est
2747 1184 2775 1237 J
2783 1184 2955 1238 udazis
2976 1185 3459 1255 immutavit,cum
3474 1191 3615 1263 ipse,

2013 1267 2108 1338 qui
2128 1271 2299 1323 antea
2323 1270 2641 1340 ﬁguraliter
2665 1271 2940 1326 sacriﬁcia
2955 1274 3620 1351 legaliavoluerat,quin-

2014 1374 2123 1428 que
2150 1357 2405 1411 millibus
2430 1358 2783 1424 Iudaeorum,
2818 1377 2963 1431 quos
2983 1361 3053 1415 de
3082 1363 3337 1436 quinque
3376 1368 3620 1438 panibus

2014 1450 2070 1499 et
2096 1446 2317 1500 duobus
2344 1447 2592 1517 piscibus
2613 1451 2988 1516 saturaverat,
3013 1454 3268 1523 corporis
3296 1455 3381 1509 sui
3408 1459 3467 1510 et
3487 1473 3617 1510 san-

2012 1534 2202 1603 guinis
2231 1535 2480 1590 hostiam
2534 1536 2894 1591 otl’erendam
2951 1556 3091 1607 esse,
3152 1545 3214 1595 ut
3271 1543 3535 1599 scribitur
3585 1562 3621 1600 a

2010 1621 2253 1688 Joanne,
2287 1624 2650 1679 monstravit.
2688 1624 2875 1688 Quare
2911 1642 3140 1698 quoque
3172 1629 3404 1685 insanus
3437 1632 3516 1686 eis
3536 1633 3617 1687 vi-

2012 1727 2104 1763 sus
2125 1713 2209 1763 est
2240 1728 2357 1765 non
2380 1712 2833 1785 intelligentibus
2849 1736 2860 1772 :
2876 1716 3120 1789 ideoque
3152 1719 3222 1773 ab
3246 1719 3464 1773 eisdem
3482 1722 3618 1776 Abi-

2014 1798 2239 1852 melech
2271 1800 2435 1855 dictis
2464 1802 2749 1859 dimissus.
2786 1806 2876 1860 Sic
2896 1806 3074 1878 igitur
3112 1808 3183 1861 ab
3205 1808 3288 1861 eis
3317 1808 3515 1863 abiens
3544 1809 3618 1866 ad

1972 1944 1989 1953 _
2013 1889 2214 1957 gentes
2242 1904 2301 1942 se
2356 1891 2649 1947 transtulit
2683 1910 2694 1947 :
2743 1894 2813 1948 de
2845 1896 3049 1966 quibus
3075 1895 3229 1949 idem
3254 1900 3425 1950 antea
3462 1896 3618 1952 dixe-

2012 1978 2129 2029 rat:
2160 1998 2186 2025 «
2210 1977 2361 2031 Alias
2385 1994 2516 2033 oves
2535 1981 2745 2043 habeo,
2774 2000 2900 2054 quae
2928 2000 3047 2037 non
3080 1986 3213 2038 sunt
3229 2001 3295 2038 ex
3325 1985 3615 2054 hocovili;

2013 2068 2070 2118 et
2096 2063 2218 2118 illas
2251 2069 2522 2138 opportet
2540 2085 2635 2123 me
2662 2071 2967 2136 adducere,
3002 2076 3058 2126 et
3074 2089 3274 2126 vocem
3300 2089 3493 2127 meam
3516 2090 3616 2129 au-

2014 2152 2172 2207 dient
2206 2154 2381 2215 (Joan.
2414 2172 2468 2221 Χ,
2509 2158 2614 2224 16).
2642 2177 2672 2209 ›>
2704 2159 2900 2213 Vultus
2933 2164 3127 2214 autem
3180 2177 3285 2231 pro
3325 2163 3617 2216 voluntate

2010 2242 2279 2313 ponitur;
2315 2242 2448 2315 quia
2471 2246 2529 2299 in
2564 2249 2720 2301 vultu
2736 2250 3000 2304 voluntas
3021 2250 3334 2322 saepissime
3376 2251 3616 2307 denota-

2010 2333 2125 2384 tur.
2158 2331 2416 2389 Historiae
2446 2334 2632 2405 ﬁgura
2659 2340 2717 2390 et
2742 2337 2885 2392 serie
2903 2343 3074 2408 prout
3086 2339 3194 2393 fuit
3214 2339 3481 2411 possibile
3493 2356 3620 2412 per-

2011 2422 2278 2487 tractata,
2330 2423 2405 2476 ad
2442 2422 2591 2478 tituli
2632 2426 2809 2481 verba
2855 2429 3202 2498 exponenda
3255 2430 3615 2487 accedamus.

1997 2509 2283 2573 Psalmus,
2307 2511 2366 2565 id
2405 2516 2489 2566 est
2515 2516 2789 2569 tractatus
2820 2516 2923 2570 iste
2945 2518 3240 2584 estDavid,
3260 2518 3317 2572 id
3343 2523 3427 2573 est
3456 2519 3616 2574 Chri-

2011 2590 2118 2665 sti';
2148 2599 2467 2655 intellectus
2499 2603 2804 2658 aﬁdelibus
2825 2606 2910 2659 vel
2932 2606 3280 2661 insistendus
3301 2624 3335 2661 a
3354 2607 3618 2664 fidelibus

2012 2685 2071 2740 id
2097 2691 2182 2741 est
2220 2691 2620 2761 complendus,
2639 2708 2769 2746 cum
2785 2693 2903 2764 ipse
2928 2694 3185 2761 David,id
3204 2698 3288 2750 est
3307 2699 3615 2767 postquam

2012 2773 2134 2848 ipse
2167 2775 2420 2832 Christus
2451 2779 2780 2835 immutavit
2819 2783 3039 2836 vultum
3093 2800 3280 2849 suum,
3316 2784 3375 2838 id
3413 2788 3497 2839 est
3526 2801 3619 2840 vo-
3728 2786 3742 2794 “

2014 2863 2297 2919 luntatem
2329 2884 2490 2921 suam
2522 2869 2898 2936 sacriﬁcandi,
2933 2887 3128 2925 coram
3159 2872 3511 2941 Abimelech,
3557 2874 3616 2928 id

2014 2956 2099 3006 est
2118 2954 2361 3010 ludar-is:
2395 2960 2453 3009 et
2508 2962 2816 3029 postquam
2852 2959 3186 3014 Abimelech
3218 2961 3435 3015 dimisit
3481 2978 3615 3016 eum

303 3020 506 3097 lariter
528 3020 855 3115 per-patres
882 3041 1223 3097 suos.David
1250 3020 1462 3095 scilicet
1480 3020 1913 3112 regisicontem-
1934 3020 1982 3079 Ο
2016 3041 2326 3109 Christum,
2360 3048 2417 3098 et
2470 3020 2590 3116 ipse
2624 3020 2874 3101 Christus
2914 3048 3056 3102 abiit
3103 3049 3176 3103 ad
3202 3053 3422 3120 gentes,
3458 3054 3514 3103 et
3543 3051 3615 3105 ab

303 3132 883 3205 poraneos,ejusdem
902 3131 1081 3187 David
1100 3131 1248 3202 regis
1259 3147 1504 3202 regnum
1522 3130 1755 3184 fuerunt
1775 3144 1787 3182 :
1817 3126 1915 3198 qui

306 3221 513 3277 Christi
533 3226 698 3295 pater
717 3222 1033 3277 secundum
1075 3237 1310 3275 carnem
1334 3220 1514 3274 dictus
1552 3223 1657 3285 est,
1675 3233 1742 3272 eo
1759 3214 1914 3288 quod

306 3312 379 3367 de
408 3311 587 3384 ipsius
604 3312 827 3366 semine
845 3310 1099 3366 Christus
1133 3314 1299 3365 natus
1340 3311 1443 3365 est.
1464 3308 1625 3362 Unde
1644 3307 1703 3361 in
1731 3307 1911 3360 Evan-

304 3401 456 3472 gelio
481 3418 694 3456 caecum
737 3400 940 3457 dixisse
962 3401 1241 3472 legimus:
1266 3398 1610 3465 «FiliDavid,
1640 3396 1913 3450 miserere

304 3490 424 3545 mei
461 3490 663 3561 (Marc.
689 3509 743 3559 Χ,
774 3490 884 3563 47).
904 3512 933 3539 ›)
958 3490 1063 3555 Qui
1090 3490 1287 3557 David,
1328 3489 1387 3543 id
1410 3491 1491 3543 est
1509 3488 1760 3542 Christus
1782 3501 1913 3539 cum

303 3580 461 3650 apud
479 3579 897 3647 Abimelech,id
911 3582 997 3635 est
1008 3579 1231 3634 Judaaos
1248 3596 1281 3632 a
1296 3576 1593 3632 Pharisaais
1606 3578 1663 3630 et
1674 3574 1915 3630 summis

305 3668 700 3723 sacerdotibus
749 3671 806 3724 et
838 3668 1049 3723 Scribis
1104 3670 1418 3732 accusatus,
1471 3665 1544 3719 ad
1600 3662 1915 3734 perniciem

307 3760 685 3829 quaereretur,
716 3756 774 3812 in
804 3759 975 3830 porta
1005 3755 1246 3811 civitatis
1287 3753 1658 3809 manentibus
1687 3754 1914 3823 tympa-

306 3845 537 3914 nisavit,
568 3846 628 3901 id
658 3849 743 3901 est
766 3845 1039 3918 apostolis
1069 3845 1126 3899 in
1155 3844 1268 3899 ﬁde
1281 3844 1407 3915 jam
1434 3842 1650 3914 positis,
1686 3840 1916 3913 quaein-

307 3934 515 3990 troitus
554 3938 637 3989 est
688 3934 1045 3990 Hierusalem
1094 3933 1337 3988 civitatis
1392 3936 1644 3997 aeternae,
1713 3944 1919 3983 sonum

311 4025 540 4079 dulcem
589 4025 659 4079 de
687 4028 964 4096 tympano
1013 4023 1253 4096 protulit
1284 4040 1296 4078 :
1332 4022 1655 4078 doctrinam
1703 4018 1914 4074 scilicet

312 4113 501 4168 carnis
524 4113 964 4180 mortiﬁcandee,
988 4116 1045 4167 et
1064 4113 1141 4168 sic
1160 4113 1388 4168 dulcem
1416 4114 1647 4165 cantum
1676 4108 1920 4164 Domino

311 4204 644 4275 prolaturae,
673 4218 801 4275 qua:
831 4219 934 4273 per
966 4204 1306 4274 tympanum
1328 4201 1645 4272 ﬁguratur;
1677 4197 1831 4270 quod
1857 4212 1924 4250 ex

2015 3130 2096 3184 eis
2133 3131 2343 3186 Iudaeis
2388 3134 2639 3188 recessit.
2672 3136 2858 3190 Antea
2898 3153 3149 3207 namque
3193 3154 3367 3208 quam
3400 3138 3616 3192 immu-

2016 3220 2190 3275 tasset
2216 3222 2456 3287 vultum,
2491 3239 2678 3294 neque
2709 3225 2962 3294 psalmus
3007 3224 3111 3279 iste
3165 3225 3616 3297 intelligebatur,

2015 3324 2253 3379 nequea
2277 3311 2474 3365 multis
2504 3313 2921 3383 complebatur.
2958 3314 3024 3367 Et
3049 3317 3133 3367 est
3162 3314 3253 3368 hic
3283 3332 3384 3369 vox
3418 3314 3618 3386 primi-

2016 3398 2265 3453 tivorum
2289 3399 2566 3467 ﬁdelium,
2598 3403 2990 3472 apostolorum
3026 3402 3289 3458 videlicet
3306 3407 3363 3458 et
3383 3408 3621 3460 cmtero-

2013 3505 2143 3542 rum
2160 3488 2573 3560 discipulorum
2589 3491 3055 3560 promittentium
3075 3494 3252 3563 quod,
3268 3494 3626 3566 quandoqui-

2016 3577 2148 3631 dem
2173 3578 2349 3631 David
2374 3579 2614 3645 vultum,
2652 3580 2708 3633 id
2738 3584 2822 3632 est
2853 3583 3209 3636 voluntatem
3241 3582 3622 3637 sacriﬁciiim-

2015 3666 2282 3733 mutabit,
2299 3683 2431 3720 eum
2454 3667 2817 3734 benedicent,
2844 3668 2901 3721 id
2924 3672 3008 3722 est
3032 3670 3349 3723 laudabunt
3373 3686 3507 3724 eum
3524 3671 3624 3725 be-

2018 3772 2090 3809 ne
2120 3755 2448 3823 vivendo,et
2476 3756 2598 3810 aliis
2614 3757 2943 3826 exemplum
2964 3758 3132 3812 bonae
3148 3757 3275 3811 vitae
3295 3758 3624 3826 tribuendo,

2019 3844 2336 3898 secundum
2391 3844 2545 3915 quod
2591 3844 2933 3899 sacriﬁcium
2979 3845 3100 3915 ejus
3162 3846 3520 3916 expostulat;
3569 3849 3628 3901 et

2020 3932 2195 3987 etiam
2225 3948 2344 3987 ore.
2378 3933 2732 3987 Adhortatur
2763 3933 2939 3987 etiam
2971 3934 3111 3987 alios
3143 3933 3214 3989 ad
3251 3936 3626 4005 Deum-mag-

2020 4019 2765 4082 niﬁcandum,ostendendo
2782 4019 2865 4073 sui
2882 4021 3147 4090 exemplo
3170 4037 3296 4091 quae
3319 4020 3530 4074 utilitas
3548 4020 3631 4075 in-

2024 4109 2094 4163 de
2109 4109 2811 4181 sequitur.Docetquoque
2835 4125 2931 4163 eos
2952 4125 3160 4181 corpus
3184 4109 3554 4163 Dominicum
3572 4112 3629 4164 et

2024 4197 2365 4269 sanguinem
2410 4214 2525 4251 non
2552 4201 2793 4259 temere,
2819 4198 2917 4251 sed
2950 4214 3078 4251 cum
3111 4197 3323 4253 timore
3341 4202 3571 4269 gustare
3614 4213 3627 4251 :

310 4291 556 4365 pellibus
587 4294 956 4346 mortuorum
969 4290 1309 4346 animalium
1330 4287 1732 4361 compositum,
1752 4284 1925 4341 dulci-
1947 4305 2000 4364 Ι)
2025 4286 2162 4358 quid
2180 4286 2251 4339 sit
2272 4285 2446 4340 etiam
2460 4285 2637 4339 timor
2658 4284 2889 4339 Domini
2906 4286 3271 4357 exponendo.
3290 4288 3349 4340 In
3365 4287 3479 4340 ﬁne
3497 4302 3635 4358 quo-

315 4384 403 4435 ter
424 4383 611 4435 sonat.
656 4378 767 4443 Qui
810 4379 987 4433 etiam
1020 4378 1275 4433 Christus
1317 4377 1552 4431 salivam
1597 4375 1655 4429 in
1684 4374 1925 4428 barbam

315 4469 658 4536 emisit,sese
678 4469 945 4524 manibus
978 4468 1208 4523 detulit:
1244 4471 1301 4522 et
1335 4466 1510 4522 etiam
1531 4467 1688 4519 vultu
1710 4464 1923 4518 immu-

314 4561 435 4614 tate
460 4574 653 4613 coram
664 4557 996 4612 Abimelech
1018 4556 1250 4611 insanus
1267 4556 1411 4610 visus
1423 4558 1589 4622 est,et
1602 4554 1841 4608 dinissus
1855 4551 1924 4605 ab

313 4646 650 4702 Abimelech
705 4646 865 4701 abiit.
899 4645 1144 4701 Salivam
1178 4644 1235 4699 in
1263 4645 1505 4699 barbam
1533 4642 1750 4697 emissit
1794 4656 1924 4693 cum

315 4735 589 4807 apostolis
630 4752 867 4790 carnem
898 4752 1060 4789 suam
1121 4734 1447 4800 comedere,
1482 4736 1537 4787 et
1568 4732 1764 4787 bibere
1794 4748 1923 4784 san-

314 4823 554 4895 guinem
590 4823 885 4895 praecepit.
914 4822 1079 4887 Quod
1118 4826 1469 4895 praeceptum
1501 4821 1629 4875 ideo
1648 4819 1821 4874 saliva
1848 4817 1927 4871 di-

316 4910 484 4979 citur,
520 4912 657 4983 quia
679 4912 873 4967 multis
900 4911 1505 4983 nonintelligentibus,
1525 4910 1691 4963 stulte
1714 4912 1770 4962 et
1790 4924 1925 4980 pue-

312 4999 504 5054 riliter
543 5000 837 5074 prolatum
856 5018 978 5055 esse
1009 5000 1190 5055 visum
1222 5003 1308 5054 est
1339 5016 1352 5053 :
1388 4999 1461 5052 ad
1488 4997 1925 5052 similitudinem

315 5088 505 5143 saliva:
540 5084 610 5142 de
644 5106 957 5161 puerorum
978 5105 1077 5143 ore
1110 5087 1420 5143 manantis.
1479 5086 1640 5141 Unde
1693 5085 1926 5157 quidam

318 5176 495 5232 etiam
531 5177 600 5231 de
624 5178 912 5250 discipulis
941 5178 1141 5232 dixisse
1156 5178 1427 5247 leguntur
1450 5193 1463 5230 :
1488 5172 1927 5239 «Quomodohic

316 5267 483 5321 nobis
495 5283 728 5321 carnem
750 5285 911 5323 suam
926 5268 1083 5322 dabit
1115 5266 1181 5320 ad
1203 5262 1923 5337 manducandum?»(Joan.

316 5356 703 5424 v1,52).Saliva
730 5356 965 5428 quidem
984 5356 1089 5411 ista
1108 5355 1164 5409 in
1201 5356 1438 5409 barbam
1465 5352 1754 5418 cecidit,id
1771 5350 1925 5406 estin

318 5445 625 5516 apostolos,
659 5445 776 5517 qui,
798 5444 985 5499 viriles
1016 5444 1137 5515 ejus
1182 5443 1390 5496 milites
1445 5442 1766 5506 existentes,
1795 5455 1925 5492 eam

318 5549 438 5593 non
535 5533 889 5606 adjecerunt,
976 5533 1075 5591 sed
1149 5531 1457 5605 diligenter
1539 5526 1923 5602 intelligendo

2025 4393 2135 4447 que
2156 4374 2364 4445 agitur,
2396 4375 2465 4429 de
2502 4390 2635 4428 eum
2663 4373 2871 4428 timore
2890 4374 3249 4445 gustantium
3275 4375 3546 4443 salute,ut
3562 4374 3635 4429 ad

2024 4464 2376 4535 gustandum
2400 4462 2721 4517 alliciantur
2752 4480 2765 4529 ;
2795 4465 2851 4516 et
2881 4463 2951 4517 de
2979 4464 3268 4517 malorum
3316 4480 3435 4518 non
3487 4463 3637 4517 bene

2026 4552 2381 4624 gustantium
2412 4551 2808 4617 damnatione,
2843 4555 2906 4605 ut
2936 4568 3033 4606 eos
3063 4552 3336 4607 terrendo
3377 4552 3636 4607 retrahat

2026 4646 2083 4696 et
2113 4642 2185 4696 ad
2202 4642 2362 4715 bene
2383 4641 2733 4712 gustandum
2762 4641 3014 4695 attrahat
3063 4642 3209 4715 Dicit
3242 4659 3380 4713 ergo
3409 4659 3422 4695 :

2133 4715 2149 4800 Ι
2171 4714 2234 4801 Ο
2256 4716 2272 4800 Ι
2312 4729 2724 4795 Bcnedz'cam,id
2740 4734 2823 4783 est
2835 4730 3067 4801 quando
3085 4714 3321 4801 quidem
3334 4732 3508 4787 David
3526 4731 3637 4785 im-

2026 4819 2268 4874 mutavit
2291 4819 2784 4885 vultum,laudabo
2804 4819 2963 4873 illum
2977 4819 3636 4888 existentemDomz'num;

2024 4908 2172 4961 bene
2195 4907 2838 4979 operando,secundum
2864 4907 3019 4978 quod
3036 4907 3305 4975 vultus,id
3331 4911 3417 4961 est
3436 4909 3636 4962 volun-

2026 5000 2112 5051 tas
2142 4995 2401 5051 sacriﬁcii
2432 4997 2575 5066 ejus,
2613 5012 2788 5068 quem
2822 4995 3168 5063 immutavit,
3203 4997 3540 5067 expostulat.
3574 4998 3638 5051 Et

2025 5085 2133 5139 hoc
2158 5087 2211 5138 in
2239 5088 2385 5139 omni
2409 5084 2723 5155 tcmporejd
2739 5083 2894 5137 estin
2918 5084 3206 5155 prosperis
3222 5083 3350 5137 etin
3368 5085 3635 5140 adversis.

2027 5174 2094 5228 Et
2126 5190 2241 5228 non
2270 5175 2454 5228 solum
2512 5172 2851 5227 benedicam
2892 5187 3087 5242 Opere,
3127 5171 3225 5225 sed
3271 5188 3473 5244 semper
3526 5173 3639 5227 laus

2027 5263 2137 5333 ejus
2171 5262 2279 5315 erit
2305 5265 2359 5315 in
2390 5278 2477 5315 ore
2504 5278 2638 5328 meo,
2670 5260 2729 5314 id
2756 5261 2840 5312 est
2870 5276 3100 5331 semper
3129 5260 3374 5315 laudabo
3412 5277 3543 5313 cum
3584 5264 3642 5314 et

2028 5370 2125 5408 ore
2148 5353 2404 5423 corporis
2436 5352 2491 5403 et
2513 5366 2617 5403 ore
2642 5346 2849 5403 cordis.
2884 5349 2948 5403 Et
2978 5350 3057 5406 sic
3084 5348 3422 5405 benedicam
3440 5352 3497 5400 et
3526 5348 3641 5402 lau-

2028 5440 2198 5506 dabo,
2232 5440 2385 5511 quod
2417 5454 2622 5503 (Imma,
2656 5436 2711 5489 id
2752 5438 2837 5488 est
2863 5436 2981 5491 vita
3005 5439 3305 5495 bonamea
3336 5438 3387 5489 in
3416 5433 3645 5487 Domino

2029 5526 2235 5598 posita,
2266 5526 2321 5580 id
2351 5527 2436 5580 est
2458 5522 2515 5576 in
2544 5522 2719 5579 laude
2750 5525 2807 5575 et
2828 5522 3164 5585 obedientia
3181 5519 3647 5595 ejus,laudabitur
