4008 6030
351 237 446 292 771

967 232 1023 289 S.
1065 229 1412 286 BRUNONIS
1454 224 2085 285 CARTHUSIANORUM
2127 226 2597 284 INSTITUTORIS
2638 226 2793 284 OPP.
2833 224 3012 282 PARS
3051 225 3074 281 Ι

3571 226 3676 282 772

350 358 422 412 ab
435 354 558 410 aliis
578 371 682 426 pro
695 353 849 411 bono
866 353 1128 425 exemplo
1145 368 1245 406 suo
1275 351 1388 405 Hac
1405 354 1599 405 autem
1613 351 1769 422 quod
1782 346 1959 405 David
1982 352 2037 410 A
2076 363 2270 403 versus
2300 365 2418 403 non
2446 352 2767 404 mutantur.
2801 348 2872 403 Et
2901 346 3036 422 quia
3053 364 3261 420 pauper
3292 349 3396 415 est,
3424 345 3678 403 clamau-

350 444 676 499 immutavit
696 445 935 506 vultum,
966 444 1141 510 etego
1159 441 1286 495 ideo
1324 441 1620 493 benedicam
1648 439 1959 492 Dominum.

350 533 599 588 Audiant
615 548 752 587 aure
768 530 954 585 cordis
970 538 1253 593 mansueti,
1299 528 1355 581 id
1377 531 1460 581 est
1484 528 1699 594 ﬁdeles,
1733 527 1827 599 qui
1846 542 1960 579 non

352 625 486 676 sunt
505 619 1041 685 contumaces,sicut
1060 618 1138 671 illi
1158 617 1254 688 qui
1282 616 1561 670 dixerunt.
1603 638 1629 665 ‹‹
1657 613 1959 679 Quomodo

352 728 589 766 carnem
610 727 773 764 suam
792 710 958 764 nobis
981 708 1138 762 dabit
1153 708 1226 761 ad
1247 706 1675 761 comedendum
1695 705 1957 777 (deamvi,

356 803 463 871 12).
476 801 573 853 ηΕι
591 799 879 853 audiendo
904 798 1275 861 laetenturmec
1296 794 1708 848 contristentur
1721 794 1864 847 sicut
1881 793 1961 847 illi

351 887 669 943 contristati
693 885 1008 940 sunt.Facit
1031 885 1241 939 audem
1260 883 1519 937 ﬁdelium
1541 882 1954 953 collectio,qum

347 977 408 1030 in
440 977 546 1031 hoc
576 977 795 1047 psalmo
822 973 1519 1045 loquitur,apostr0pham
1543 972 1615 1025 ad
1635 973 1962 1025 mansuetos

350 1064 712 1119 adhortando
750 1080 848 1117 eos
862 1062 934 1116 ad
955 1063 1269 1115 Dominum
1295 1060 1809 1130 magnificandum,
1838 1059 1914 1112 sic
1946 1076 1958 1113 :

348 1153 494 1222 Ergo
516 1151 651 1223 quia
665 1151 943 1222 promitto
960 1149 1113 1221 quod
1129 1148 1509 1213 benedicam,et
1526 1148 1602 1201 sic
1617 1165 1789 1219 opere
1809 1164 1963 1202 com-

347 1240 515 1311 plebo
530 1257 627 1294 vos
645 1242 905 1292 mansueti
919 1255 1080 1293 exem
1090 1240 1182 1308 plo
1202 1238 1600 1304 mei’magni/ica
1608 1243 1654 1289 te
1667 1238 1959 1291 Dominum

348 1329 1006 1394 mecum,etc.Potcsthoc
1025 1327 1189 1380 aliter
1211 1324 1533 1379 continuari
1562 1342 1573 1378 ε
1611 1324 1731 1378 Dixi
1755 1325 1959 1378 benedi-

348 1435 465 1471 cam
510 1420 565 1469 et
588 1416 870 1483 laudabo;
905 1419 961 1468 et
992 1419 1053 1469 ut
1077 1415 1170 1467 alii
1200 1414 1351 1467 istud
1372 1413 1525 1467 idem
1559 1414 1820 1482 exemplo
1845 1414 1959 1467 mei

348 1504 583 1569 faciant,
618 1503 856 1557 audiant
882 1520 1017 1556 aure
1048 1503 1237 1557 cordis
1268 1500 1737 1557 adhortationem
1762 1518 1958 1555 meam

346 1608 522 1663 quam
546 1590 624 1645 eis
645 1591 875 1645 faciam.
910 1592 976 1644 Et
1026 1591 1174 1644 hanc
1200 1592 1463 1643 mansueti
1489 1589 1732 1656 audiant,
1784 1589 1843 1643 id
1876 1591 1962 1643 est

2068 440 2187 490 tem
2220 438 2509 503 exaudivit,
2539 441 2595 492 et
2626 438 2880 495 salvavit.

2134 523 2337 579 [mittet
2366 527 2582 596 angelus
2612 528 2835 581 Domini
2865 529 2920 580 in
2949 527 3177 581 circuitu
3207 527 3503 580 timentium
3531 542 3672 593 eum,

2062 612 2124 675 id
2149 616 2234 666 est
2261 613 2513 668 Christus
2538 614 2634 686 qui
2664 618 2749 669 est
2776 615 3013 684 angelus,
3048 615 3105 669 id
3137 617 3223 669 est
3273 614 3506 668 nuntius
3560 616 3673 669 Do-

2061 701 2203 754 mini
2236 702 2438 769 Patris;
2461 703 2788 773 quiangelus
2823 704 3031 757 dicitur
3057 702 3256 773 magni
3494 703 3677 759 consi-

2066 788 2148 843 lii:
2170 790 2590 845 immissionem
2614 791 2785 845 faciet
2807 793 3147 863 angelorum
3165 793 3453 846 bonorum
3486 795 3541 845 in
3561 794 3671 847 cir-

2061 880 2262 931 cuitum
2283 882 2580 933 timentium
2597 880 2907 944 eum.Quod
2922 884 3006 934 est
3027 880 3449 936 dicerezMuniet
3462 898 3560 935 eos
3570 881 3678 935 cir-

2061 984 2424 1040 cumquaque
2441 968 2663 1039 angelis
2676 967 2891 1023 suis.Et
2906 969 2982 1023 sic
2996 971 3178 1040 eripiet
3199 986 3281 1023 eos
3297 987 3331 1024 a
3351 970 3674 1025 tribulatio-

2061 1055 2227 1109 nibus
2242 1072 2315 1109 ne
2337 1056 2718 1121 deficiant,vel
2743 1057 3019 1128 eripietin
3031 1058 3243 1112 futuro.
3268 1058 3596 1113 Undeidem
3612 1057 3672 1112 in

2063 1144 2368 1215 Evangelio
2392 1162 2404 1198 :
2423 1167 2449 1193 «
2466 1145 2671 1216 Angeli
2687 1162 2890 1200 eorum
2906 1163 3136 1218 semper
3146 1146 3343 1201 vident
3356 1147 3673 1202 faciemPa-

2062 1232 2163 1285 tris
2179 1232 2292 1286 mei
2311 1231 2525 1301 (Matth.
2551 1250 2703 1300 xvui,
2724 1236 2866 1299 10).»
2887 1233 3009 1288 Dixi
3032 1251 3043 1288 :
3069 1234 3317 1288 Accidite
3329 1241 3378 1289 et
3394 1234 3663 1288 illumina-

2060 1323 2223 1385 mini;
2256 1324 2313 1375 et
2342 1321 2419 1375 sic
2447 1329 2658 1391 gustate
2687 1339 2893 1393 corpus
2924 1323 3153 1381 Domini
3197 1326 3255 1378 et
3300 1324 3664 1395 sanguinem.

2060 1409 2342 1463 Dominus
2402 1410 2559 1464 enim
2603 1410 2739 1464 dicit
2765 1427 2777 1464 :
2803 1432 2830 1459 «
2862 1410 2969 1474 Qui
3004 1411 3318 1466 manducat
3376 1428 3493 1479 me,
3538 1412 3674 1465 vivit

2059 1502 2297 1569 propter
2325 1514 2417 1552 me
2445 1498 2621 1566 (ιῙοαη.
2646 1515 2719 1565 γι,
2745 1499 2852 1568 57).
2898 1520 2926 1547 »
2966 1500 3034 1552 Et
3062 1499 3346 1569 gustando
3390 1500 3578 1565 videte,
3610 1500 3671 1554 id

2063 1589 2147 1639 est
2170 1586 2497 1657 cognoscite
2529 1587 2653 1659 ipsa
2702 1586 2785 1640 rei
2813 1587 3169 1656 experientia
3206 1587 3264 1641 in
3312 1587 3505 1642 futuro
3536 1604 3669 1642 cum

345 1680 741 1746 assentientes,
764 1696 878 1732 non
906 1680 1167 1744 rebelles,
1201 1685 1248 1731 et
1280 1679 1521 1731 laetentur
1582 1678 1652 1731 de
1707 1694 1795 1744 ea,
1854 1694 1959 1731 nec
1988 1669 2038 1727 B
2059 1674 2553 1741 beatiﬁcahimini,
2587 1678 2838 1747 quoniam
2867 1676 3128 1731 Dominus
3157 1692 3332 1748 quem
3373 1676 3673 1748 gustabitis

345 1768 779 1822 contristentur.
816 1767 952 1831 Quae
976 1767 1295 1821 exhortatio
1343 1767 1471 1820 talis
1503 1769 1589 1820 est
1641 1783 1653 1820 :
1706 1766 1962 1837 Magniﬁ-

345 1865 458 1911 cate
480 1857 776 1910 Dominum
812 1874 1034 1923 mecum,
1079 1856 1134 1909 id
1174 1859 1259 1909 est
1280 1856 1527 1921 laudate,
1572 1855 1715 1909 sicut
1745 1872 1873 1927 ego,
1906 1860 1962 1910 et

345 1962 519 2016 opere
552 1949 607 2000 et
634 1962 755 1999 ore.
784 1946 850 1998 Et
879 1946 987 1999 hoc
1022 1962 1137 1998 non
1170 1944 1454 1998 faciamus
1484 1961 1593 2015 ego
1641 1949 1699 1997 et
1736 1960 1834 1997 vos
1862 1942 1981 1999 ho-'

342 2034 514 2101 rarie,
571 2035 670 2088 sed
718 2034 1004 2087 exaltemus
1034 2050 1222 2086 nomen
1253 2033 1385 2103 ejus,
1415 2034 1474 2086 id
1505 2036 1589 2086 est
1628 2033 1964 2103 magniﬁce-

342 2140 471 2176 mus
502 2139 636 2176 eum
664 2121 762 2193 qui
784 2122 1064 2176 Dominus
1088 2121 1693 2188 vocatur,exaltatione
1714 2121 1960 2175 tenden-

342 2215 398 2264 te
429 2213 485 2264 in
526 2210 775 2280 idiosum,
809 2210 869 2263 id
899 2214 982 2263 est
1021 2209 1079 2263 in
1130 2210 1640 2280 perseverantiam.
1677 2209 1842 2273 Quod
1878 2213 1963 2263 est

347 2299 918 2353 dicerezExaltemus
965 2315 1098 2351 eum
1141 2301 1595 2368 perseveranter.
1646 2298 1712 2352 Et
1760 2296 1818 2350 in
1851 2299 1961 2351 hoc

344 2404 464 2441 non
496 2387 624 2441 ideo
652 2386 1033 2457 magniﬁcetis
1060 2389 1120 2440 ut
1149 2386 1362 2457 aliquid
1393 2388 1604 2458 praeter
1640 2403 1773 2439 eum
1822 2386 1959 2440 inde

341 2475 630 2546 quaeratis.
684 2474 795 2528 Sed
838 2475 955 2528 mei
1005 2476 1267 2546 exemplo
1320 2475 1601 2545 exquirite
1644 2473 1957 2529 Dominum

342 2562 775 2635 magnificando
792 2566 1009 2629 eum,et
1022 2563 1141 2634 ipse
1158 2580 1254 2616 vos
1273 2563 1636 2617 audiet.Nam
1653 2579 1761 2633 ego
1779 2565 1958 2634 exqui-

337 2654 439 2705 sivi
459 2652 835 2718 Dominum,id
856 2655 940 2704 est
971 2656 1129 2705 extra
1158 2651 1356 2705 omnia
1382 2651 1613 2722 quaesivi
1646 2651 1958 2705 Dominum

340 2739 767 2811 magnifieando
797 2758 963 2795 eum:
1001 2747 1049 2793 et
1073 2740 1192 2810 ipse
1218 2741 1487 2794 exaudivit
1524 2758 1626 2807 me,
1657 2740 1715 2793 id
1747 2744 1831 2793 est
1856 2757 1955 2793 au-

340 2828 479 2883 divit
508 2832 570 2881 ut
625 2828 1020 2899 impetrarem.
1054 2828 1131 2881 Et
1162 2828 1239 2881 sic
1286 2847 1348 2879 er,
1380 2830 1621 2881 omnibus
1654 2828 1955 2881 tribulatio-

356 2934 373 2947 ν
389 2917 500 2970 ibus
525 2919 650 2969 meis
684 2918 872 2986 eripuit
904 2935 983 2969 me
1014 2934 1085 2969 ne
1113 2916 1379 2969 cederem
1423 2918 1538 2981 eis;
1574 2933 1690 2969 non
1743 2919 1805 2968 ut
1863 2932 1958 2970 eas
1981 2954 2027 3013 Ο

338 3024 455 3060 non
489 3009 748 3077 paterer;
776 3008 859 3059 vel
895 3008 1110 3075 eripuit,
1156 3005 1211 3059 id
1258 3009 1342 3058 est
1394 3005 1599 3075 eripiet
1648 3005 1704 3057 in
1739 3006 1952 3058 futuro.

340 3094 495 3161 Dico,
519 3095 875 3164 magni/irate.
910 3095 975 3147 Et
993 3098 1051 3147 ut
1068 3095 1214 3147 bene
1234 3094 1607 3164 magniﬁcare
1623 3093 1959 3163 possitis,ac-

336 3183 498 3238 cedite
531 3183 600 3235 ad
638 3201 756 3236 eum
784 3182 1041 3252 passibus
1069 3182 1224 3247 fidei,
1251 3186 1308 3235 et
1330 3182 1669 3235 accedentes
1691 3182 1958 3233 illumina-

336 3272 778 3325 miniintcllectu
795 3270 1095 3341 spirituali.
1121 3269 1459 3323 Act-edendo
1486 3269 1641 3323 enim
1671 3269 1743 3322 ad
1757 3269 1953 3322 Domi-

336 3377 498 3426 num,
534 3358 894 3411 illuminatur
920 3357 1271 3427 ignorantia.
1303 3358 1369 3409 Et
1401 3361 1707 3427 postquam
1747 3355 1954 3409 illumi-

338 3447 461 3501 nati
494 3446 668 3512 eritis,
711 3447 875 3515 facies
898 3453 1079 3499 vestite
1104 3464 1207 3498 non
1233 3445 1645 3514 con/mulcatur,
1680 3445 1737 3498 id
1759 3447 1841 3497 est
1865 3461 1955 3498 co-

336 3534 644 3607 gitationes
665 3552 805 3605 quas
835 3533 1117 3587 habebitis
1145 3534 1213 3588 de
1240 3535 1357 3588 Deo
1390 3534 1536 3587 bene
1573 3533 1951 3603 intelligendo

336 3641 453 3679 non
473 3624 1005 3691 conturbabuntur;
1040 3623 1184 3677 sicut
1208 3639 1409 3677 eorum
1442 3622 1633 3690 facies,
1670 3624 1790 3695 qui,
1819 3639 1950 3677 cum

336 3713 627 3767 audissent
651 3730 685 3766 a
721 3712 969 3767 Domino
1000 3730 1011 3766 :
1050 3711 1950 3767 uNisicomederitiscarnemlilii

334 3801 1033 3869 hominis,nonhabebitis
1050 3799 1227 3854 vitam
1248 3801 1303 3854 in
1328 3800 1485 3855 vobis
1510 3800 1685 3861 (Joan.
1712 3818 1784 3865 vi,
1805 3804 1945 3868 60),»

334 3890 601 3981 abierant
633 3892 810 3946 retro.
835 3889 1026 3943 Facies
1045 3906 1149 3960 pro
1174 3891 1495 3957 cognitione,
1514 3889 1781 3960 ponitur;
1817 3889 1950 3960 quia

340 3977 541 4043 oculis,
576 3979 673 4049 qui
729 3977 786 4031 in
837 3978 984 4031 facio
1043 3980 1196 4044 sunt,
1232 3978 1666 4047 cognoscimus;
1694 3978 1779 4031 vel
1815 3978 1951 4048 quia

332 4065 390 4119 in
414 4068 558 4119 faeie
575 4066 814 4136 quilibet
837 4065 1001 4119 citius
1034 4064 1560 4136 cognoscitur.Dico
1579 4082 1590 4118 :
1612 4066 1750 4129 Quia
1775 4068 1951 4137 exqui-

331 4155 434 4207 sivi
463 4155 774 4215 Dominum,
814 4161 862 4205 et
884 4153 1153 4223 extrudi-vit
1184 4170 1282 4206 me.
1319 4154 1386 4205 Et
1422 4153 1530 4207 hoc
1558 4170 1675 4206 non
1704 4154 1855 4208 solus
1875 4155 1952 4208 fe-

2060 1766 2236 1817 suavis
2274 1763 2434 1817 cibus
2460 1767 2563 1830 est,
2597 1763 2656 1817 id
2687 1767 2791 1832 est,
2821 1764 3194 1831 delectabilis,
3228 1764 3371 1819 dans
3402 1764 3579 1820 vitam
3598 1766 3665 1819 fi-

2063 1854 2308 1908 delibus.
2345 1852 2507 1906 Unde
2540 1852 2598 1906 in
2631 1852 2878 1907 Canticis
2896 1868 3107 1925 sponsa
3123 1852 3194 1907 de
3219 1869 3466 1924 sponso:
3500 1855 3673 1909 «Fru-

2062 1947 2183 1997 ctus
2215 1942 2355 2012 ejus,
2390 1940 2448 1994 id
2480 1944 2564 1994 est
2587 1957 2794 2012 corpus
2846 1944 2904 1995 et
2947 1941 3196 2012 sanguis,
3229 1941 3410 1997 dulcis
3455 1943 3672 2013 gutturi

2064 2048 2196 2086 meo
2228 2028 2410 2098 (Cant.
2436 2047 2495 2097 ιι,
2520 2028 2598 2100 3).
2635 2052 2663 2079 ››
2696 2029 2832 2085 Dico
2864 2030 3032 2084 videte
3056 2031 3114 2084 in
3144 2030 3336 2085 futuro
3361 2034 3448 2086 :et
3471 2032 3560 2086 hic
3580 2031 3670 2086 in-

2060 2120 2233 2173 terim
2264 2122 2490 2191 sperate
2520 2118 2655 2190 quia
2684 2119 2966 2173 videbitis.
3019 2118 3219 2173 Beatus
3250 2120 3408 2175 enim
3437 2137 3520 2174 vir
3561 2121 3672 2175 erit

2062 2210 2157 2279 qui
2196 2214 2368 2278 sperat
2419 2210 2475 2261 in
2530 2224 2612 2264 eo.
2682 2207 2806 2262 Dixi
2839 2224 2853 2262 :
2887 2207 3257 2278 Magniﬁcate,
3302 2216 3351 2263 et
3382 2209 3607 2264 accedite
3625 2217 3675 2264 et

2059 2303 2266 2366 gustate
2294 2312 2306 2348 :
2337 2299 2394 2349 et
2422 2296 2502 2350 sic
2532 2296 2754 2362 timete,
2788 2295 2847 2350 id
2875 2298 2979 2363 est,
3012 2313 3145 2351 cum
3187 2296 3396 2351 timore
3433 2314 3672 2353 venera-

2062 2384 2205 2437 mini
2234 2384 2545 2438 Dominum
2585 2400 2790 2439 omnes
2815 2384 2995 2438 sancti
3025 2384 3164 2455 ejus.
3195 2385 3264 2439 Et
3286 2385 3438 2442 bono
3484 2390 3671 2441 vestro

2058 2472 2374 2540 timebitis;
2410 2472 2688 2544 quoniam
2720 2489 2838 2527 non
2882 2477 2968 2527 est
3011 2472 3208 2544 inopia
3235 2472 3350 2528 veri
3399 2474 3537 2528 boni
3595 2474 3667 2529 ti-

2058 2561 2349 2615 mentibus
2380 2578 2535 2616 eum.
2595 2560 2756 2615 Unde
2790 2561 2924 2616 alibi
2956 2560 3164 2616 dicitur
3207 2578 3220 2616 :
3257 2585 3283 2612 «
3312 2562 3671 2618 Timentibus

2058 2652 2240 2705 Deum
2264 2650 2405 2704 nihil
2428 2650 2587 2704 deest
2616 2649 2787 2722 (Eccl.
2814 2668 2851 2717 Ι,
2885 2651 2997 2721 28).
3026 2669 3058 2703 ››
3089 2650 3211 2705 Dixi
3242 2652 3395 2722 quod
3440 2652 3674 2705 timenti-

2060 2740 2151 2793 bus
2177 2757 2281 2792 non
2312 2746 2384 2793 est
2410 2741 2585 2809 inopia
2614 2756 2628 2806 ;
2668 2738 2855 2793 divites
2886 2742 3082 2795 autem
3103 2747 3354 2809 eguerunt
3392 2747 3440 2794 et
3478 2742 3669 2794 esurie-

2058 2836 2199 2883 runt.
2223 2830 2711 2898 Przeposteratum
2741 2831 2847 2883 est.
2875 2827 3042 2891 Quod
3070 2832 3158 2882 est
3200 2829 3387 2884 dicere
3420 2847 3433 2884 :
3468 2830 3671 2885 Divites

2059 2916 2283 2987 spiritu,
2316 2917 2376 2971 id
2401 2921 2487 2970 est
2505 2917 2731 2987 superbi
2744 2919 3055 2983 ,esuricrunt
3067 2921 3124 2971 et
3142 2917 3392 2972 esurient
3412 2935 3664 2989 semper,

2058 3004 2119 3058 id
2149 3008 2234 3058 est
2255 3004 2664 3059 desiderabuut
2687 3004 2826 3058 illud
2854 3005 3095 3059 bonum.
3128 3006 3323 3061 Nullus
3348 3006 3505 3061 enim
3525 3007 3668 3063 adeo

2060 3092 2272 3163 impius
2301 3093 2398 3163 qui
2419 3109 2717 3146 summum
2744 3093 2963 3146 bonum
2997 3109 3116 3147 non
3144 3094 3450 3163 desideret,
3473 3112 3672 3167 quam-

2058 3182 2137 3235 vis
2168 3182 2241 3235 ad
2266 3181 2456 3252 ipsum
2485 3185 2638 3235 recte
2670 3198 2788 3235 non
2813 3182 3032 3236 tendat.
3058 3183 3127 3236 Et
3156 3194 3404 3252 eguerunt
3437 3185 3534 3238 illo
3573 3186 3672 3240 bo-

2056 3287 2131 3324 no
2159 3274 2216 3323 et
2246 3270 2503 3340 egebunt
2531 3286 2780 3341 semper,
2814 3270 2873 3324 id
2911 3275 2998 3325 est
3026 3272 3327 3326 carebunt.
3366 3274 3525 3328 Unde
3555 3275 3665 3328 Do-

2055 3358 2246 3412 minus
2278 3358 2335 3412 in
2365 3358 2723 3429 Evangelico.
2760 3378 2790 3411 «
2822 3359 3060 3413 Facilius
3101 3364 3185 3414 est
3228 3364 3516 3416 camelum
3567 3380 3672 3434 per

2054 3446 2321 3500 foramen
2378 3463 2511 3500 acus
2536 3446 2800 3513 transire,
2845 3464 3019 3518 quam
3049 3447 3284 3503 divitem
3328 3449 3386 3503 in
3417 3466 3667 3521 regnum

2054 3536 2323 3590 cwlorem
2345 3535 2561 3589 intrare
2580 3534 2806 3604 (Matth.
2833 3553 2977 3603 xxix,
3003 3535 3115 3608 24),
3136 3556 3158 3583 ι
3206 3536 3442 3592 divitem
3469 3539 3671 3609 spiritu

2052 3623 2283 3677 scilicet.
2316 3623 2458 3687 Quia
2478 3639 2612 3676 vero
2632 3627 2902 3695 posuerat
2941 3641 3047 3678 non
3082 3632 3155 3678 est
3172 3628 3346 3697 inopia
3369 3628 3670 3681 timentibus

2050 3729 2190 3779 eum,
2225 3711 2460 3781 exponit
2491 3729 2596 3764 non
2639 3720 2713 3765 est
2743 3714 2942 3782 inopia,
2975 3712 3073 3767 sic.
3109 3714 3246 3768 Dico
3303 3715 3437 3785 quia
3485 3715 3669 3769 divites

2050 3808 2299 3869 eguerunt
2318 3808 2365 3852 et
2390 3800 2720 3863 esurierunt;
2770 3802 3083 3871 inquirentes
3127 3809 3303 3855 autem
3353 3803 3667 3861 Dominum.

2052 3889 2110 3943 id
2130 3893 2225 3942 est‘
2243 3905 2526 3959 pauperes
2558 3892 2615 3942 et
2640 3887 2930 3955 timentet,
2954 3889 3115 3943 valde
3147 3895 3469 3960 quaerentes
3485 3892 3669 3945 Domi-

2050 3995 2197 4043 num,
2226 3995 2329 4030 non
2360 3979 2660 4029 minuentur
2688 3979 2837 4030 omni
2865 3978 3014 4044 bono,
3047 3976 3106 4031 id
3138 3981 3223 4031 est
3253 3996 3550 4051 nunquam
3562 3981 3664 4034 ha-

2050 4066 2269 4120 bebunt
2300 4064 2509 4131 minus,
2542 4064 2697 4135 quod
2744 4065 2851 4136 ipsi
2892 4069 3151 4136 quaerent
3197 4067 3511 4122 Dominum
3570 4068 3667 4139 qui

2052 4158 2137 4208 est
2158 4170 2333 4208 omne
2355 4152 2659 4219 bonum,id
2673 4157 2913 4220 est,cum
2927 4154 3304 4209 sitsummum
3326 4156 3439 4211 bon
3451 4173 3568 4219 um,
3592 4158 3665 4212 ab

332 4241 403 4299 ci.
438 4241 544 4296 Sed
582 4246 643 4296 ut
675 4241 944 4295 libentius
970 4242 1079 4294 hoc
1116 4256 1214 4293 vos
1244 4241 1482 4307 faciatis,
1540 4241 1740 4295 scitote
1798 4243 1951 4314 quod
1974 4237 2025 4296 D
2051 4243 2172 4313 ipso
2201 4245 2285 4295 est
2323 4257 2495 4295 omne
2552 4241 2792 4295 bonum.
2831 4241 2975 4305 Quia
3029 4259 3161 4297 vero
3194 4243 3434 4311 dixerat,
3469 4248 3662 4308 timete,

330 4332 423 4383 iste
432 4348 658 4400 pauper,
684 4346 859 4400 quem
882 4328 1196 4383 Dominum
1215 4328 1325 4381 dixi
1347 4328 1629 4398 superius,
1666 4329 1908 4386 dicendo
1934 4349 1946 4385 :

332 4417 632 4471 benedicam
652 4417 1101 4484 Dominum,etc.,
1133 4416 1192 4469 id
1212 4419 1296 4469 est
1310 4416 1853 4487 Christus,clamavit,
1896 4420 1952 4474 id

332 4508 418 4560 est
440 4506 669 4559 intenso
689 4505 941 4559 clamore
977 4504 1167 4576 Operis
1200 4507 1257 4557 et
1280 4505 1395 4559 oris
1421 4506 1721 4576 exquisivit
1752 4509 1948 4561 Domi-

331 4608 493 4646 num.
522 4591 596 4644 Et
608 4591 872 4647 Dominus
885 4592 1148 4648 exaudivit
1176 4610 1315 4659 eum,
1349 4598 1458 4647 etc.
1484 4595 1549 4647 Et
1568 4595 1763 4661 hoc,ut
1780 4614 1948 4669 supe-

328 4680 447 4735 rius
477 4680 783 4752 cxponitur
824 4697 839 4735 :
870 4680 1124 4735 Christus
1155 4682 1315 4735 enim
1347 4700 1474 4736 cum
1508 4684 1788 4738 Dominus
1818 4703 1942 4740 om-

330 4769 489 4824 nium
506 4772 873 4840 esset,pauper
884 4770 1067 4823 factus
1086 4770 1257 4836 est,id
1277 4774 1361 4823 est
1382 4772 1530 4825 Patri
1553 4773 1943 4845 obediensper

329 4859 548 4924 omnia,
584 4861 648 4913 ut
676 4874 898 4931 pauper
928 4857 1086 4911 diviti
1152 4858 1430 4912 obediens
1489 4863 1593 4913 est.
1628 4860 1723 4913 Vel
1755 4864 1942 4932 potest

328 4965 450 5004 esse
480 4948 770 5019 repetitio,
804 4946 939 5018 quia
981 4946 1407 5017 interposuerat
1436 4948 1679 5014 accedite,
1714 4953 1844 5015 etc.,
1881 4954 1939 5004 ut

329 5037 505 5092 addat
540 5053 553 5090 ε
589 5037 656 5089 Et
687 5034 940 5106 loquitur
961 5034 1030 5088 de
1052 5051 1111 5088 se
1145 5034 1401 5088 ﬁdelium
1426 5036 1706 5102 collectio,
1730 5053 1854 5107 quin
1878 5037 1934 5090 in

325 5126 434 5180 hoc
466 5125 690 5196 psalmo
748 5122 887 5194 agit,
948 5125 1010 5175 ut
1051 5122 1121 5175 de
1150 5123 1319 5176 tertia
1349 5139 1614 5192 persona,
1655 5123 1730 5176 sic
1766 5140 1778 5176 :
1813 5124 1935 5179 Dixi

327 5214 462 5287 quia
492 5213 785 5282 crquisivi;
820 5214 877 5264 et
904 5227 1100 5264 verum
1130 5214 1245 5277 cst;
1280 5212 1372 5263 istc
1392 5211 1550 5264 enim
1572 5228 1796 5280 pauper,
1836 5213 1933 5283 (111i

326 5302 603 5374 loquitur,
636 5300 693 5355 id
725 5301 810 5353 est
837 5316 964 5368 ego.
1000 5298 1276 5365 clamavit,
1322 5298 1379 5351 id
1429 5302 1513 5351 est
1551 5300 1803 5353 clamore
1856 5300 1937 5353 in-

324 5391 489 5444 teuso
531 5387 828 5461 exquisivit
873 5386 1207 5456 Dominum,
1252 5390 1358 5441 etc.
1408 5387 1716 5460 Sequentia
1769 5389 1936 5461 hujus

2053 4335 2114 4384 ut
2131 4334 2330 4401 postea
2356 4329 2559 4384 doceat
2583 4345 2681 4383 eos
2710 4331 2949 4383 timorem
2968 4330 3206 4397 Domini,
3231 4331 3308 4385 sic
3329 4332 3667 4388 adhortatur

2053 4419 2123 4473 ad
2156 4418 2507 4473 audiendum
2542 4434 2554 4470 :
2579 4417 2724 4485 Dixi,
2756 4420 2948 4472 timete.
2978 4419 3047 4473 Et
3076 4422 3138 4473 ut
3160 4419 3348 4475 sciatis
3374 4421 3599 4489 timere,
3630 4439 3663 4477 ο

2050 4509 2295 4576 vos,/ilii,
2326 4525 2442 4561 non
2490 4506 2806 4560 secundum
2830 4523 3065 4561 carnem
3089 4507 3190 4561 sed
3219 4509 3535 4563 secundum
3566 4509 3665 4564 ἀο-

2048 4596 2314 4662 ctrinam,
2336 4597 2504 4649 venite
2522 4594 2777 4665 passibus
2807 4594 3142 4661 affectionis,
3176 4600 3233 4650 et
3252 4598 3429 4650 avertite
3452 4615 3532 4650 me
3561 4614 3660 4652 au-

2047 4684 2169 4739 ditu
2199 4683 2470 4749 cordis,et
2488 4684 2564 4737 sic
2578 4685 2817 4737 timorem
2837 4683 3060 4736 Domini
3070 4684 3254 4738 decebo
3271 4703 3374 4739 vos.
3387 4687 3658 4740 Utautem

2044 4772 2229 4843 magis
2259 4771 2583 4841 instintiget
2616 4770 2689 4825 ad
2720 4772 2828 4825 hoc
2846 4771 3001 4842 quod
3028 4771 3281 4827 dicturus
3294 4777 3400 4840 est,
3429 4775 3505 4828 sic
3519 4790 3660 4844 qua-

2041 4861 2085 4915 si
2118 4860 2526 4931 interrogative
2550 4861 2941 4930 praehortatur
2969 4877 3101 4915 eos:
3129 4860 3267 4916 Dico
3296 4862 3453 4933 quod
3470 4862 3660 4916 docebo

2041 4967 2146 5002 vos.
2184 4950 2249 5002 Et
2282 4966 2353 5002 ne
2384 4949 2595 5002 frustra
2627 4948 2888 5014 doceam,
2916 4950 3010 5020 qui
3035 4956 3109 5002 est
3134 4950 3289 5003 homo
3318 4952 3413 5022 qui
3452 4951 3561 5004 vult
3587 4952 3662 5003 vi-

2037 5038 2192 5091 tam?
2225 5038 2291 5090 Et
2315 5037 2549 5107 exponit
2580 5053 2755 5106 quam
2788 5038 2975 5105 vitam,
3027 5054 3159 5091 cum
3208 5038 3473 5109 adjungit
3515 5038 3660 5093 scili-

2035 5128 2124 5179 cet
2158 5142 2169 5179 :
2204 5128 2345 5197 quies
2367 5132 2438 5178 est
2469 5125 2622 5178 homo
2647 5124 2743 5196 qui
2772 5125 2945 5195 diligit
2976 5125 3152 5179 videre
3202 5126 3326 5197 ipsa
3374 5126 3456 5180 rei
3487 5143 3655 5199 expe-

2033 5213 2241 5267 rientia
2265 5214 2372 5267 dies
2411 5214 2586 5279 bonos,
2614 5213 2671 5267 id
2702 5217 2787 5267 est
2824 5214 2947 5268 dies
2992 5215 3119 5269 vitae
3151 5217 3405 5282 internae,
3434 5216 3493 5270 in
3528 5215 3653 5288 qui-

2037 5302 2141 5355 bus
2173 5302 2331 5355 nulla
2360 5300 2656 5355 tribulatio
2678 5302 2807 5369 erit,
2831 5301 3078 5375 ideoque
3104 5303 3243 5357 boni
3267 5303 3654 5359 dicuntuszli

2036 5406 2170 5445 vero
2196 5389 2316 5445 dies
2348 5389 2484 5445 mali
2524 5389 2812 5459 dicuntur,
2843 5407 2961 5447 non
2994 5392 3151 5464 quod
3178 5393 3235 5447 iu
3274 5392 3520 5448 essentia
3548 5410 3651 5448 sua
