4008 6030
265 252 378 311 773

1233 253 1589 311 EXPOSYI‘IO
1631 255 1702 310 IN
1739 253 2074 313 PSALMOS.
2105 283 2178 294 —
2213 253 2409 310 PSAL.
2449 254 2642 310 XXXIV

3493 254 3600 312 ’774

264 372 408 430 mali
439 370 574 443 sint,
601 373 702 430 sed
734 373 870 448 quia
898 374 957 430 in
987 374 1066 431 eis
1080 375 1236 432 mala
1257 375 1612 432 diversarum
1636 375 1874 432 tribula-
1897 383 1954 441 Α
1988 373 2178 443 modi;
2198 378 2256 430 et
2275 392 2401 446 quae
2418 375 2490 430 ab
2509 373 2990 440 aliisinferuntur,
3005 377 3067 428 ut
3080 346 3594 447 ﬂagellari,occidi.

261 462 496 518 tionum
526 462 894 518 immineant.
925 465 1041 519 Hoc
1063 468 1256 519 autem
1298 468 1384 520 est
1409 481 1474 520 ac
1506 465 1550 519 si
1582 465 1736 520 dicat
1763 482 1776 519 :
1801 465 1881 519 Tu

260 551 468 618 homo,
498 551 594 622 qui
620 551 702 606 vis
727 552 925 619 vitam,
959 553 1093 608 audi
1116 553 1399 625 quidquid
1429 553 1524 608 alii
1550 553 1766 608 faciant
1790 570 1803 620 ;
1824 555 1884 608 et

262 638 344 693 sic
355 639 544 693 docebo
575 645 623 693 te
649 642 888 695 timorem
911 641 1152 704 Domini,
1180 641 1619 713 scilicetprohibe
1643 643 1881 710 linguam

263 735 416 781 tuam
441 745 474 780 a
489 727 648 795 malo,
668 729 728 784 id
751 733 836 784 est
855 731 927 784 ab
949 729 1161 785 amaris
1178 730 1380 784 verbis.
1406 733 1472 784 Et
1491 731 1624 802 quia
1641 730 1880 801 quidam

260 831 386 870 non
409 815 592 871 amari
617 817 676 871 in
700 818 882 872 verbis
905 819 1104 873 dolosa
1129 819 1460 890 loquuntur,
1485 823 1543 873 ct
1565 819 1642 872 sic
1676 819 1882 873 timen-

259 906 351 958 tes
376 920 496 960 non
528 908 682 972 sunt,
715 906 912 960 addit:
940 906 1018 960 Et
1045 907 1185 960 labia
1235 913 1326 959 tua
1362 925 1426 960 ne
1473 907 1759 977 loquantur
1783 907 1878 960 d0-

262 991 398 1054 lum,
426 992 484 1047 id
514 996 599 1046 est
625 993 823 1048 dolosa
859 995 1034 1050 verba
1066 1013 1080 1062 ;
1114 999 1172 1050 et
1217 995 1394 1049 etiam
1433 995 1636 1049 divorte
1663 1013 1695 1048 a
1741 995 1878 1049 malo

261 1083 396 1134 actu
421 1098 434 1148 ;
463 1084 521 1134 et
550 1082 685 1152 quia
705 1099 822 1138 non
853 1084 1160 1152 sufﬁceret,
1181 1084 1272 1156 fac
1300 1085 1510 1150 bonum,
1543 1087 1600 1138 et
1620 1085 1728 1138 hoc
1758 1101 1878 1138 non

259 1184 372 1239 pro
405 1169 662 1226 humano
705 1171 922 1238 favore,
982 1173 1082 1227 sed
1117 1189 1222 1244 per
1269 1173 1393 1227 haec
1437 1175 1644 1244 inquire
1689 1189 1879 1244 pacem

261 1260 594 1327 aeternam;
627 1262 685 1313 et
735 1276 853 1316 non
899 1261 1112 1331 tepide,
1152 1262 1251 1316 sed
1275 1279 1586 1333 persequere
1643 1261 1783 1328 eam,‘
1822 1259 1880 1314 id

262 1349 352 1401 est
379 1351 818 1418 perseveranter
831 1349 909 1403 sic
935 1348 1162 1420 inquire
1188 1367 1340 1404 eam.
1365 1350 1528 1414 Quod
1546 1353 1630 1404 est
1655 1351 1877 1404 dicere:

264 1434 413 1489 Cum
447 1435 747 1490 diverteris
776 1453 809 1490 a
841 1437 1019 1505 malo,
1053 1441 1111 1492 et
1139 1439 1342 1493 feceris
1365 1440 1607 1504 bonum,
1652 1439 1741 1492 fac
1771 1439 1878 1491 hoc

261 1523 527 1578 contuitu
555 1525 710 1596 pacis
734 1529 988 1594 aeterna},
1022 1526 1081 1580 id
1111 1530 1197 1581 est
1235 1527 1464 1593 Christi,
1497 1526 1594 1598 qui
1639 1543 1670 1580 e
1693 1530 1726 1580 .t
1770 1543 1880 1598 pax

260 1628 422 1666 vera.
449 1613 614 1667 Juxta
639 1613 776 1668 illud
813 1615 1072 1686 Apostoli
1101 1631 1116 1670 :
1143 1635 1174 1667 ‹‹
1221 1617 1344 1688 lpse
1383 1618 1468 1670 est
1505 1632 1617 1687 pax
1661 1619 1877 1681 nostra,

1982 463 2059 517 Et
2078 481 2142 518 ex
2169 465 2418 518 omnibus
2447 465 2526 517 his
2549 464 2790 518 liberabit
2814 479 2897 516 eos
2921 463 3206 518 Dominus.
3247 466 3372 519 Hoc
3401 470 3597 521 autem

1982 556 2068 607 est
2098 553 2370 626 expositio
2404 553 2571 623 hujus
2611 553 2766 623 quod
2821 552 3080 622 superius
3127 553 3316 622 posuit
3343 570 3354 606 :
3377 555 3600 608 humiles

1980 643 2168 711 spiritu
2189 642 2434 696 salvabit.
2472 641 2604 695 Dico
2635 640 2791 712 quod
2812 640 3037 694 salvabit
3065 639 3124 694 in
3167 641 3382 700 futuro.
3405 643 3472 696 Et
3506 642 3594 697 in-

1982 731 2153 784 terim
2179 731 2405 784 custodit
2444 729 2708 783 Dominus
2749 730 2935 784 omnia
2974 747 3108 797 ossa,
3160 729 3221 784 id
3265 735 3350 783 est
3395 748 3599 788 omnes

1980 818 2218 874 virtutes
2239 836 2462 886 eorum,
2489 819 2566 873 sic
2594 818 2751 891 quod
2773 836 2941 872 unum
2967 836 3030 872 ex
3077 821 3148 873 eis
3179 835 3285 872 non
3308 827 3601 874 conteretur

1980 907 2040 962 id
2072 913 2156 962 est
2185 925 2304 963 non
2357 910 2703 963 destruetur.
2747 907 2868 962 Dixi
2919 908 3074 980 quod
3108 909 3296 979 justos
3333 909 3558 964 salvabit
3583 953 3598 978 ,

1981 1001 2290 1068 postquam
2307 998 2519 1052 scilicet
2549 997 2874 1052 morientur
2911 1001 3100 1053 morte
3130 999 3436 1067 corporali,
3469 1017 3598 1071 qua:

1982 1085 2093 1140 erit
2144 1085 2224 1139 eis
2269 1090 2436 1156 porta
2491 1086 2640 1140 vitae.
2689 1085 2841 1140 Mors
2907 1089 3102 1140 autem
3138 1093 3412 1158 pectorum
3476 1105 3596 1143 non

1981 1173 2091 1228 erit
2119 1177 2288 1244 porta
2315 1174 2464 1240 vitae,
2498 1175 2598 1228 sed
2604 1176 2835 1244 pessima
2857 1174 2986 1241 erit,
3005 1174 3064 1228 id
3083 1179 3167 1230 est
3197 1178 3365 1246 porta
3395 1175 3598 1232 mortis

1980 1266 2295 1333 perpetuae.
2350 1263 2416 1315 Et
2471 1262 2630 1317 dixi:
2691 1262 2956 1316 Dominus
3005 1263 3208 1316 custodi
3258 1280 3371 1317 ossa
3415 1281 3598 1318 eorum

1973 1350 2268 1419 justorum
2301 1367 2372 1404 ne
2413 1354 2672 1422 peccent.
2708 1351 2774 1404 Et
2803 1368 2870 1405 ex
2921 1351 3185 1421 opposito
3233 1353 3329 1422 qui
3371 1351 3598 1406 oderunt

1971 1439 2203 1510 justum,
2237 1439 2295 1493 id
2325 1443 2412 1493 est
2428 1442 2776 1511 peccatores,
2797 1439 3100 1511 delinquont
3130 1439 3320 1494 eundo
3353 1439 3422 1494 de
3441 1441 3594 1495 malo

1981 1526 2040 1580 in
2070 1527 2250 1598 pejus.
2282 1527 2528 1598 Exponit
2555 1532 2750 1582 autem
2781 1527 3074 1599 quomodo
3097 1527 3364 1582 liberabit
3385 1529 3593 1599 justas,

1982 1619 2040 1669 et
2061 1617 2355 1686 quomodo
2377 1617 2626 1670 custodit
2642 1616 2734 1670 hic
2746 1615 3044 1687 justos,sic
3078 1634 3091 1670 :
3122 1617 3256 1670 Dico
3284 1618 3438 1688 quod
3458 1618 3599 1674 libe-

261 1700 364 1772 qui
413 1701 548 1756 fecit
595 1705 835 1774 utraque
886 1719 1066 1758 unum
1097 1704 1316 1776 (Ephes.
1373 1721 1434 1771 ιι,
1491 1706 1595 1774 lli).
1632 1726 1660 1754 υ
1719 1704 1876 1771 Dico,
1905 1714 1954 1771 Β
1981 1703 2134 1758 rabit
2143 1703 2898 1774 justos,scilicetrcdimet,id
2919 1705 3476 1759 esteruetDominus
3491 1721 3596 1776 per

259 1789 464 1843 diverte
492 1807 524 1843 a
555 1790 714 1856 malo,
749 1795 858 1846 etc.
891 1793 960 1845 Et
987 1793 1059 1846 ad
1086 1793 1195 1847 hoc
1225 1796 1280 1847 te
1309 1795 1456 1848 Deus
1487 1793 1804 1864 adjuvabit.

341 1877 500 1932 Oculi
524 1895 776 1950 namque
801 1879 1007 1934 domini
1031 1885 1165 1936 sunt
1188 1898 1342 1952 super
1366 1883 1534 1951 iustos
1567 1881 1876 1954 respicien-

260 1968 370 2032 tes,
409 1966 469 2020 id
499 1969 584 2020 est
609 1967 797 2038 gratia
830 1969 952 2039 ejus
986 1971 1217 2042 respicit
1247 1987 1417 2041 super
1447 1987 1544 2026 eos
1579 1975 1642 2025 ut
1668 1970 1878 2025 conﬁr-

259 2058 406 2120 met,
441 2071 514 2108 ne
547 2055 816 2110 deﬁciant
833 2073 867 2111 a
885 2057 1261 2114 similitudine
1287 2060 1457 2127 illius,
1477 2060 1574 2131 qui
1596 2075 1769 2130 quem
1791 2059 1878 2112 di-

260 2142 394 2214 ligit
423 2143 673 2216 respicit.
705 2144 782 2199 Et
813 2164 986 2214 aures,
1029 2149 1089 2202 id
1131 2153 1218 2204 est
1259 2149 1384 2219 ipsa
1429 2148 1635 2219 gratia,
1663 2151 1797 2202 sunt
1824 2149 1880 2201 in

247 2248 434 2304 preces
457 2249 659 2300 eorum,
681 2234 742 2289 id
761 2237 846 2289 est
861 2252 1041 2308 prore
1070 2255 1270 2309 preces
1287 2254 1510 2303 eorum,
1531 2241 1593 2292 ut
1615 2236 1882 2290 exaudiat

257 2337 381 2387 eos,
407 2325 464 2375 et
488 2321 561 2377 sit
582 2323 662 2377 eis
688 2328 1033 2395 cooperator
1052 2325 1109 2380 in
1129 2327 1375 2382 bonum.
1407 2325 1600 2380 Gratia
1622 2343 1757 2380 vero
1777 2326 1875 2380 be-

257 2426 337 2463 ne
365 2409 574 2464 dicitur
615 2415 674 2465 et
717 2413 870 2468 auris
915 2417 972 2468 et
1014 2415 1226 2481 oculos,
1256 2431 1324 2470 eo
1365 2415 1519 2487 quod
1544 2431 1648 2488 per
1681 2431 1810 2468 eam
1844 2431 1878 2468 a

257 2498 514 2554 Domino
537 2503 595 2554 et
618 2501 994 2576 exaudiamur
1018 2507 1076 2558 et
1100 2504 1420 2562 videamur.
1451 2504 1546 2558 Vel
1570 2504 1724 2576 quod
1741 2503 1878 2558 dicit

247 2587 480 2657 prohibe
510 2587 753 2658 linguam
1004 2599 1150 2646 tuam
1175 2611 1207 2646 a
1229 2593 1396 2661 malo,
1419 2574 1742 2666 specialiter
1763 2592 1876 2664 legi

259 2677 456 2746 potest
477 2674 554 2730 sic
579 2693 591 2731 :
621 2677 740 2732 Dixi
777 2695 790 2732 :
822 2678 1044 2735 Gustate
1067 2688 1117 2734 et
1148 2683 1346 2748 timete,
1371 2683 1428 2736 id
1450 2685 1536 2736 est
1555 2698 1687 2736 cum
1709 2682 1880 2736 timo-

259 2779 329 2818 re
358 2768 606 2834 gustate.
643 2767 711 2820 Et
740 2771 804 2821 ut
833 2784 964 2822 cum
997 2769 1208 2825 timore
1235 2774 1444 2842 gustes,
1479 2776 1539 2825 tu
1569 2769 1666 2842 qui
1699 2770 1878 2824 vitam

259 2851 476 2922 diligis,
509 2854 733 2923 prohibe
764 2856 1001 2926 linguam
1033 2865 1182 2912 tuam
1221 2878 1254 2912 a
1301 2860 1460 2922 malo,
1498 2859 1558 2914 id
1585 2862 1669 2913 est
1698 2876 1732 2912 a
1755 2859 1876 2912 bla-

1979 1793 2232 1864 pretium
2259 1794 2463 1849 mortis
2492 1812 2606 1848 suae
2628 1795 2700 1848 ab
2730 1794 2866 1866 ipsis
2893 1794 3358 1848 tribulationibus
3383 1796 3594 1850 animas

1978 1899 2249 1938 servorum
2271 1900 2506 1936 suorum.
2538 1885 2606 1937 Et
2637 1884 2762 1938 dico
2791 1883 2944 1954 quod
2975 1883 3202 1936 custodit
3235 1900 3350 1937 ossa
3379 1900 3592 1950 eorum;

1979 1978 2027 2024 et
2065 1971 2144 2024 sic
2172 1959 2278 2024 non
2315 1971 2619 2042 delinquent
2649 1970 3026 2025 criminaliter
3051 1988 3228 2024 omnes
3253 1972 3348 2042 qui
3380 1978 3596 2042 sperant

1981 2060 2127 2126 ineo,
2145 2058 2318 2126 idest,
2339 2060 2478 2114 nulli
2501 2060 2838 2130 delinquent
2870 2059 2966 2130 qui
2981 2074 3143 2128 spem
3173 2062 3400 2128 ponunt
3423 2059 3484 2114 in
3500 2076 3589 2114 eo.

2451 2149 2519 2201 IN
2550 2148 2875 2203 PSALMUM
2902 2147 3118 2201 XXXIV.

2049 2237 2264 2291 Titulus
2309 2236 2582 2292 tricesimi
2637 2236 2846 2307 quarti.
2881 2235 3132 2292 Psalmus
3178 2235 3286 2305 ipsi
3311 2235 3512 2302 David,
3535 2235 3595 2291 id

1981 2330 2067 2380 est
2108 2326 2426 2397 signiﬁcato
2479 2325 2680 2392 David,
2740 2324 2963 2379 Christo
3006 2323 3223 2378 scilicet
3271 2324 3592 2379 attribuen-

1980 2414 2104 2468 dus.
2131 2414 2465 2484 Ubicunque
2509 2413 2745 2484 ponitur
2789 2413 2848 2466 in
2872 2411 3110 2482 psalmis
3139 2411 3242 2482 ipsi
3274 2411 3468 2478 David,
3502 2411 3591 2466 in-

1979 2502 2273 2572 telligitur.
2354 2501 2626 2568 Christus,
2702 2518 2870 2555 verus
2934 2499 3131 2555 David.
3205 2499 3597 2554 Introducitur

1977 2590 2069 2644 hic
2095 2593 2265 2661 caput
2285 2607 2462 2662 agens
2493 2590 2812 2644 concessive
2861 2589 2932 2644 de
2983 2589 3315 2643 Iudaeorum
3347 2588 3591 2658 judicio,

1981 2684 2042 2734 ut
2062 2680 2326 2734 excaacati
2359 2696 2462 2750 pro
2491 2679 2657 2733 malis
2695 2679 2915 2734 meritis
2943 2679 3058 2732 suis
3082 2677 3142 2732 in
3176 2681 3426 2732 mortem
3459 2695 3594 2732 eum

1981 2768 2232 2822 tradant.
2257 2768 2395 2822 Orat
2417 2767 2596 2822 etiam
2619 2767 2690 2820 de
2720 2766 3085 2837 superatione
3112 2765 3484 2820 inimicorum
3501 2807 3514 2832 ,
3536 2770 3596 2820 et

1981 2857 2050 2910 de
2077 2855 2419 2922 constantia,
2453 2873 2524 2909 ne
2557 2855 2721 2909 cedat
2745 2855 2803 2908 in
2833 2850 3120 2925 passione,
3151 2856 3210 2907 et
3239 2853 3309 2908 de
3336 2869 3591 2909 resurre-

258 2940 530 3012 sphemia
553 2945 920 3014 sacramenti;
949 2949 1008 3000 et
1037 2947 1214 3001 etiam
1231 2947 1384 3002 labia
1404 2955 1494 3000 tua
1511 2966 1576 3002 ne
1589 2947 1880 3018 loquantur
1909 2939 1956 2998 C
1981 2943 2190 2998 ctione.
2206 2943 2344 2998 Orat
2356 2943 2724 3014 postmodum
2749 2959 2853 3014 pro
2867 2941 3594 3013 quibusdaminimicorum

257 3028 467 3096 dolum,
486 3029 544 3084 id
569 3033 654 3085 est
699 3033 873 3088 verba
911 3033 1108 3090 dolosa
1145 3035 1215 3090 de
1245 3035 1366 3108 ipso
1397 3037 1780 3099 sacramento,
1817 3037 1880 3088 ut

260 3116 423 3172 dicas
441 3118 591 3174 bene
628 3120 699 3175 de
737 3137 828 3190 eo,
855 3125 913 3176 et
941 3124 1092 3178 male
1135 3123 1443 3196 intelligas.
1489 3125 1708 3179 Caetera
1745 3139 1878 3177 vero

259 3223 387 3262 non
407 3210 848 3266 mutantur.Hoc
869 3214 1064 3266 autem
1087 3214 1241 3284 quod
1263 3213 1395 3268 dicit
1400 3215 1623 3284 prohibe
1643 3215 1882 3282 linguam

259 3296 404 3362 etc.,
438 3311 556 3350 non
588 3301 673 3352 est
693 3298 872 3354 timor
886 3301 1140 3368 Domini,
1175 3302 1522 3357 sedeﬁ‘ectus
1546 3303 1790 3358 timoris.
1814 3303 1882 3356 Et

257 3399 372 3456 per
403 3383 674 3441 effectum
715 3404 944 3444 causam
995 3390 1278 3462 designat.
1330 3391 1644 3463 Sequitur:
1688 3392 1880 3446 Vultus

259 3479 465 3541 autem,
491 3477 598 3529 etc.
630 3475 774 3540 Quia
793 3478 1013 3534 dixerat
1031 3483 1225 3535 oculos
1253 3481 1484 3536 Domini
1504 3498 1676 3554 super
1695 3482 1880 3552 justos

263 3577 413 3627 esse,
457 3579 526 3617 ex
570 3566 834 3636 opposito
870 3569 1174 3623 ostendere
1224 3569 1474 3624 intendit
1521 3570 1662 3640 quid
1717 3569 1882 3624 malis

261 3650 589 3722 continget,
613 3669 686 3708 ne
707 3671 828 3710 sese
850 3660 1055 3728 putent
1079 3657 1414 3728 impunitos,
1434 3658 1513 3712 sic
1537 3675 1550 3712 :
1574 3658 1708 3713 Dico
1725 3659 1881 3730 quod

196 3791 200 3794 .
261 3739 409 3793 oculi
440 3739 664 3796 Domini
695 3747 830 3798 sunt
873 3762 1026 3816 super
1051 3747 1244 3816 justas.
1266 3747 1344 3801 Ex
1379 3747 1642 3819 opposito
1685 3752 1878 3800 autem

265 3828 462 3886 vultus.
498 3829 558 3884 id
585 3834 671 3886 est
699 3834 1032 3891 vultuositas
1061 3834 1287 3890 Domini
1323 3840 1409 3891 est
1449 3855 1601 3908 super
1627 3839 1880 3908 facientes

265 3917 434 3984 mala,
457 3917 516 3973 id
541 3923 628 3974 est
657 3919 745 3976 ira
797 3923 920 3995 ejus
967 3941 1138 3996 super
1188 3941 1307 3992 eos,
1360 3933 1418 3980 ut
1449 3926 1616 3996 perda
1647 3927 1710 3980 de
1740 3933 1877 3980 terra

265 4004 584 4064 viventium
614 4011 790 4066 etiam
816 4017 1126 4068 memoriam
1153 4031 1354 4082 eorum,
1375 4019 1436 4070 ut
1458 4031 1564 4070 nec
1595 4015 1665 4070 de
1695 4015 1776 4070 eis
1799 4013 1879 4069 ibi

267 4097 493 4152 mentio
524 4098 625 4153 ﬁat
653 4116 760 4155 nec
789 4101 994 4160 oratio.
1019 4103 1249 4158 Vultum
1282 4120 1386 4176 pro
1417 4105 1502 4160 ira
1527 4105 1712 4176 ponit,
1745 4105 1880 4175 quia

267 4183 358 4239 ira
371 4186 518 4240 solet
546 4186 605 4242 in
627 4189 786 4244 vultu
816 4207 1115 4263 apparere.
1145 4193 1236 4246 lra
1258 4209 1394 4247 vero
1425 4193 1525 4247 Dei
1553 4192 1694 4246 nihil
1725 4192 1879 4246 aliud

270 4277 359 4328 est
386 4291 564 4346 quam
593 4259 870 4333 vindicta.—
891 4259 1016 4334 Dixi
1045 4280 1200 4352 quod
1230 4298 1382 4335 aures
1402 4281 1632 4336 Domini
1663 4284 1797 4336 sunt
1822 4283 1879 4336 in
1902 4259 1956 4316 Ῑ)

259 4379 444 4434 preces
480 4381 681 4420 eorum.
715 4367 784 4422 Et
810 4368 920 4424 hoc
949 4372 1136 4438 potest
1165 4369 1342 4424 videri
1373 4387 1478 4442 per
1501 4369 1705 4425 simile.
1735 4371 1879 4424 Nam

271 4451 640 4509 clamauerunt
651 4455 811 4526 justi,
844 4456 902 4511 id
929 4462 1014 4511 est
1055 4459 1308 4513 clamore
1362 4459 1590 4514 intenso
1634 4463 1882 4531 egerunt

265 4539 484 4614 justiin
527 4543 703 4597 veteri
736 4545 882 4616 lege,
916 4547 1206 4601 Abraham
1260 4547 1472 4602 scilicet
1502 4551 1559 4600 et
1599 4548 1768 4612 lsaac,
1825 4551 1882 4601 ct

273 4630 466 4684 cteteri
521 4631 873 4702 hujusmodi.
941 4633 1014 4688 Et
1073 4635 1315 4689 dominus
1359 4635 1630 4689 exaudivit
1669 4653 1753 4689 eos
1783 4653 1800 4688 :
1832 4643 1882 4689 et

274 4717 354 4772 sic
383 4735 447 4772 ex
495 4721 736 4774 omnibus
795 4723 1219 4778 tribulationibus
1257 4740 1437 4779 eorum
1485 4724 1728 4778 liberavit
1773 4741 1876 4778 eos.

274 4806 524 4878 Ideoque
552 4825 654 4880 per
681 4812 1008 4882 exemplum
1052 4829 1254 4866 eorum
1287 4816 1475 4883 potest
1511 4811 1878 4883 comprobari

275 4895 434 4966 quod
445 4895 632 4965 juxta,
662 4897 722 4952 id
755 4903 840 4952 est
880 4915 1058 4970 prope
1103 4908 1176 4954 est
1203 4901 1466 4954 Dominus
1497 4900 1582 4954 his
1612 4899 1708 4972 qui
1755 4907 1879 4954 sunt

277 4983 662 5040 contribulato
693 4986 864 5052 corde,
889 4987 947 5041 id
967 4992 1052 5042 est
1082 4988 1207 5042 illos
1237 4989 1467 5044 exaudit
1491 4988 1588 5060 qui
1611 4988 1882 5044 scindunt

278 5071 474 5138 corda,
501 5075 790 5144 gemendo
809 5075 878 5129 de
907 5076 1172 5146 peccatis,
1206 5081 1263 5131 et
1287 5094 1404 5132 non
1433 5080 1791 5131 vestimenta.
1816 5077 1882 5130 Et

279 5160 432 5232 ipsos
454 5161 639 5231 justos
667 5163 888 5216 humiles
911 5165 1122 5234 spiritu,
1157 5182 1274 5219 non
1305 5167 1580 5236 superbos
1635 5166 1877 5220 salvabit.

282 5251 478 5304 Causae
505 5250 761 5304 inscrtio.
787 5251 951 5315 Quod
975 5255 1262 5308 estdicere
1297 5271 1309 5310 :
1345 5255 1476 5309 ldeo
1495 5254 1718 5307 salvabit
1751 5255 1886 5324 quia

282 5341 416 5392 sunt
434 5338 655 5393 humiles
679 5339 738 5394 in
793 5345 1000 5412 spiritu.
1051 5343 1118 5398 Et
1159 5359 1388 5398 necesse
1445 5347 1530 5398 est
1574 5348 1636 5397 ut
1688 5344 1881 5397 salvet.

283 5427 476 5482 Multa
499 5445 753 5500 namque
781 5435 914 5486 sunt
933 5433 1295 5486 tribulationes
1333 5433 1626 5503 justormn,
1673 5435 1730 5484 et
1759 5447 1886 5502 quae

285 5536 389 5595 per
415 5535 475 5577 se
503 5522 870 5594 contingunt,
903 5526 966 5576 ut
1001 5521 1336 5589 febricitari,
1369 5524 1427 5576 et
1455 5524 1663 5577 caetera
1690 5520 1886 5592 hujus-

1983 3032 2284 3086 salvandis.
2303 3033 2370 3085 Et
2387 3031 2707 3086 concessive
2739 3031 2858 3101 agit
2883 3030 2953 3084 de
2976 3029 3319 3101 quibusdam
3345 3030 3590 3100 perden-

1983 3121 2088 3176 dis.
2123 3121 2384 3177 Ostendit
2415 3137 2642 3192 quoque
2670 3137 2898 3174 causam
2933 3119 3322 3174 damnationis
3353 3136 3588 3189 eorum;

1981 3214 2234 3265 mortem
2258 3209 2518 3264 videlicet
2539 3211 2597 3263 et
2613 3208 2944 3280 opprobria,
2977 3225 3104 3280 qua:
3133 3208 3183 3262 ei
3199 3207 3594 3279 gratisintule-

1981 3303 2118 3355 runt
2151 3315 2164 3354 :
2189 3316 2318 3370 qua:
2346 3302 2548 3368 postea
2577 3298 2769 3369 ample
2801 3297 2934 3352 satis
2955 3297 3210 3369 exponit,
3232 3297 3590 3353 ostendendo

1981 3403 2210 3460 quoque
2229 3390 2508 3459 quantam
2529 3403 2667 3457 erga
2689 3402 2787 3440 eos
2807 3386 3074 3440 habuerit
3111 3385 3502 3440 humilitatem
3535 3390 3594 3442 et

1981 3476 2467 3531 benevolentiam.
2515 3475 2631 3530 Hoc
2657 3479 2852 3528 autem
2885 3491 2954 3528 ea
2997 3473 3320 3529 intentione
3369 3473 3595 3530 videtur

1983 3580 2176 3635 agere,
2211 3567 2272 3617 ut
2296 3567 2354 3617 et
2383 3562 2646 3617 inimicos
2677 3562 2748 3616 de
2777 3561 3076 3632 impietate
3105 3562 3362 3633 ipsorum
3406 3565 3592 3619 exter-

1980 3656 2124 3720 reat,
2177 3656 2235 3706 et
2279 3668 2377 3706 eos
2419 3657 2544 3722 (pro
2577 3665 2826 3722 quorum
2870 3651 3050 3704 salute
3096 3650 3240 3721 orat)
3263 3649 3371 3705 sibi
3409 3651 3596 3723 magis

1983 3740 2260 3796 obnoxios
2287 3739 2470 3794 redat.

2049 3829 2274 3892 Judida,
2304 3828 2552 3890 Domine,
2589 3834 2824 3880 nocentes
2870 3843 2971 3879 me.
3025 3826 3193 3890 Quasi
3236 3828 3388 3886 dicat
3417 3851 3432 3889 :
3464 3834 3592 3892 Scio

1980 3919 2135 3992 quod
2164 3917 2526 3989 exigentibus
2554 3915 2724 3970 malis
2754 3915 2973 3969 meritis
3003 3915 3118 3969 suis
3136 3916 3432 3988 judicandi
3462 3927 3597 3980 sunt

1977 4007 2210 4062 Judaeia
2231 4010 2306 4072 te,
2321 4005 2378 4059 id
2395 4008 2499 4072 est,
2524 4002 2865 4071 excaecandi;
2890 4005 2952 4057 ut
2970 4001 3114 4058 mihi
3135 4012 3382 4062 noceant
3423 3994 3440 4080 I
3463 3995 3596 4082 O4

1979 4095 2040 4150 in
2060 4097 2374 4161 voluntate,
2407 4109 2526 4148 non
2558 4091 2618 4146 in
2640 4094 2790 4157 actu,
2822 4091 3070 4146 volendo
3098 4092 3312 4147 scilicet
3330 4095 3389 4150 in
3403 4103 3596 4157 morte

1981 4201 2076 4238 me
2106 4183 2384 4238 detinere.
2409 4182 2476 4236 Et
2507 4180 2642 4252 quia
2663 4179 2800 4246 scio,
2829 4179 3321 4236 concedo.Judica
3340 4183 3592 4256 Domine,

1979 4289 2078 4328 eos
2114 4269 2451 4326 excaecando
2495 4272 2560 4322 ut
2609 4268 2724 4323 sint
2755 4275 2996 4322 nocentes
3041 4285 3144 4336 me,
3193 4287 3310 4326 non
3349 4272 3412 4336 in
3439 4279 3591 4346 actu,

1979 4361 2080 4416 sed
2109 4363 2326 4414 mente.
2362 4359 2430 4412 Et
2450 4357 2624 4412 etiam
2644 4374 2904 4428 expugna,
2938 4355 2997 4410 id
3023 4359 3108 4410 est
3132 4362 3448 4430 expugnari
3471 4364 3594 4422 sine

1980 4467 2078 4505 eos
2098 4466 2132 4503 a
2161 4449 2349 4519 prima
2370 4446 2832 4518 concupiscentia
2855 4462 2976 4511 sua,
3003 4447 3065 4500 ut
3091 4445 3190 4514 illi,
3215 4448 3312 4519 qui
3334 4450 3594 4524 aliquam-

1980 4539 2165 4592 tulum
2189 4537 2460 4590 resistunt
2491 4535 2549 4588 in
2566 4551 2766 4588 amore
2793 4534 2927 4601 mei,
2952 4533 3073 4601 sed,
3097 4538 3415 4594 secundum
3439 4544 3596 4613 quod

1979 4627 2205 4682 ratione
2231 4642 2332 4679 sua
2358 4627 2645 4694 coguntur
2673 4623 3033 4694 acquiescere
3076 4640 3266 4695 pravae
3317 4629 3595 4686 voluntati

1981 4732 2095 4770 suae
2121 4715 2191 4769 de
2217 4716 2408 4768 morte
2442 4727 2592 4778 mea,
2613 4711 2922 4782 expugnati
2951 4711 3020 4766 ab
3042 4711 3164 4782 ipsa
3189 4715 3597 4785 voluntate,sic

1981 4809 2043 4859 ut
2061 4804 2271 4859 cedant
2288 4803 2360 4868 ei,
2389 4803 2504 4856 sint
2524 4803 2890 4872 impugnantes
2919 4817 3002 4854 me
3023 4802 3338 4856 secundum
3358 4821 3597 4863 carnem

1979 4898 2043 4949 ut
2067 4911 2161 4948 me
2191 4892 2558 4948 interﬁciant.
2589 4889 3158 4958 Factaconcessione,
3183 4895 3310 4945 orat
3335 4893 3404 4947 de
3426 4911 3596 4967 supe-

1978 4983 2202 5038 ratione
2233 4981 2622 5046 inimicorum,
2658 4983 2716 5033 et
2745 4979 2816 5032 de
2847 4981 3113 5032 constant
3133 4996 3186 5046 a,
3238 4979 3316 5033 sic
3341 4997 3354 5036 :
3377 4982 3456 5036 De
3487 4982 3598 5040 illis

1980 5071 2232 5128 concessi
2260 5075 2321 5125 ut
2345 5071 2585 5141 judiccs,
2616 5072 2679 5122 ut
2703 5071 2899 5122 autem
2950 5066 3092 5120 mihi
3133 5067 3439 5137 auxilieris,
3491 5089 3594 5130 oro

1980 5160 2302 5234 apprehende
2329 5177 2481 5214 arma
2497 5166 2546 5212 et
2573 5164 2802 5224 scutum,
2830 5155 2888 5210 id
2919 5158 3005 5208 est
3033 5155 3122 5210 fac
3154 5173 3247 5211 me
3279 5159 3600 5230 apprehen-

1985 5252 2125 5307 dera
2149 5265 2332 5314 arma,
2365 5247 2424 5301 id
2452 5250 2536 5301 est
2565 5245 2822 5300 rationes
2850 5244 3067 5312 ﬁrmas,
3103 5248 3162 5300 et
3191 5245 3489 5315 miracula,
3537 5251 3597 5304 et

1985 5341 2097 5396 alia
2123 5353 2301 5408 opera
2323 5335 2528 5408 quibus
2565 5337 2763 5404 aperte
2796 5349 2892 5386 eos
2932 5332 3269 5388 convincam
3300 5337 3362 5388 ut
3395 5337 3595 5392 armis.

1987 5429 2054 5482 Et
2080 5427 2170 5480 fac
2201 5441 2295 5478 me
2313 5421 2748 5495 apprehendere
2779 5424 3022 5488 scutum,
3054 5421 3112 5475 id
3135 5425 3220 5476 est
3261 5439 3424 5492 spem
3465 5440 3598 5495 pro-

1985 5515 2250 5572 tectionis
2277 5516 2388 5568 tusc
2411 5529 2538 5586 quae
2569 5527 2663 5565 me
2699 5513 2985 5583 protegat,
3039 5510 3112 5566 ad
3155 5510 3596 5572 similitudinem
