4008 6030
257 242 363 309 7‘77

1210 240 1568 302 EXPOSITIO
1604 242 1675 300 IN
1712 236 2049 300 PSALMOS.
2086 270 2156 283 -ι
2192 236 2386 301 PSAL.
2425 236 2619 300 XXXIV

3466 228 3574 303 778

257 372 318 428 et
337 368 416 425 sic
434 364 525 436 sit,
554 363 723 423 cadat
741 362 959 422 scilicet
980 361 1039 420 in
1074 361 1435 439 laqueum,in
1469 364 1657 438 ipsum
1705 377 1879 436 quem
1897 365 1951 425 A
1976 362 2113 419 bam
2135 364 2290 438 quod
2305 380 2404 422 eos
2433 365 2760 434 induerem,
2776 361 2838 421 id
2861 362 2946 420 est
2967 359 3112 420 mihi
3131 358 3568 439 conjungerem,

258 459 406 513 mihi
432 473 635 529 parare
682 455 894 511 voluit:
930 457 993 509 ut
1023 453 1351 510 detineatur
1398 454 1457 508 in
1489 458 1699 520 morte,
1731 452 1874 506 sicut

258 562 358 602 me
392 546 651 601 detinere
682 544 878 599 voluit.
914 542 1077 608 Quod
1108 544 1300 615 ponit:
1339 544 1495 598 cadat
1523 545 1579 598 in
1604 543 1869 614 laqueum,

258 633 420 690 idem
472 636 558 689 est
588 634 744 705 quod
772 633 1033 704 superius
1063 632 1225 701 dixit,
1257 632 1449 687 veniat
1486 632 1570 687 ilti
1598 632 1867 703 laqueus:

259 724 363 779 sed
390 724 518 778 ideo
551 722 764 794 repetit
795 725 856 777 ut
887 722 1256 790 determinet,
1290 722 1555 777 addendo
1586 724 1641 775 in
1670 722 1869 793 ipsum.

257 811 594 868 Notandum
623 814 820 866 autem
850 811 1005 883 quod
1053 813 1246 883 captio
1288 811 1524 882 ponitur
1552 815 1609 866 et
1636 812 1873 882 laqueus

259 900 580 955 secundum
603 899 875 954 diversos.
907 897 1157 962 Quidam
1182 914 1247 952 ex
1277 899 1358 954 eis
1379 899 1530 971 capti
1545 903 1707 954 sunt:
1740 899 1871 970 qui-

259 989 396 1044 dam
428 986 721 1061 illaqueati
744 990 933 1041 morte
966 1004 980 1041 :
1013 986 1140 1042 dico
1164 988 1320 1060 quod
1346 987 1426 1042 illi
1448 988 1639 1043 veniat
1658 988 1870 1059 laqueus

256 1085 307 1133 et
325 1080 520 1149 captio,
557 1082 615 1133 et
646 1077 727 1131 ita
749 1076 878 1130 erit.
921 1076 1133 1130 Anima
1167 1068 1343 1130 autem
1370 1093 1484 1130 mea
1510 1093 1576 1131 ex
1606 1077 1867 1148 opposite

255 1182 385 1237 qua:
428 1164 723 1238 putabitur
766 1163 1077 1235 illaqueata
1105 1164 1386 1218 exsultabit
1414 1166 1477 1219 in
1512 1165 1744 1218 Domino
1798 1165 1869 1219 de

256 1253 677 1308 resurrectione
697 1269 845 1307 mea.
880 1251 957 1306 Et
986 1252 1161 1307 etiam
1200 1252 1541 1307 delectabitur
1558 1270 1716 1324 super
1732 1254 1871 1307 salu-

257 1344 369 1396 tari
389 1359 503 1404 suo,
534 1341 593 1395 id
614 1345 702 1396 est
727 1341 796 1396 de
830 1340 1143 1395 salvatiene
1166 1340 1272 1407 sui,
1300 1358 1428 1412 quae
1449 1342 1748 1413 continget
1770 1341 1871 1396 hu-

257 1446 435 1484 mane
469 1429 668 1501 generi
699 1445 803 1500 per
834 1445 950 1485 me.
988 1430 1055 1482 Et
1092 1428 1269 1483 etiam
1295 1431 1479 1484 omnia
1505 1432 1619 1484 ossa
1647 1446 1784 1497 mea,
1809 1428 1871 1483 id

258 1520 346 1572 est
374 1515 632 1588 discipuli
659 1515 757 1587 qui
789 1517 922 1569 sunt
959 1515 1227 1570 fortiores
1267 1516 1403 1583 mei,
1437 1517 1629 1572 dicent
1658 1520 1716 1571 et
1744 1533 1867 1571 vero

257 1605 347 1660 bis
371 1609 431 1660 et
451 1603 838 1675 cogitatione:
877 1604 920 1659 Ο
944 1603 1193 1671 Domine,
1222 1607 1338 1676 quis
1371 1608 1455 1659 est
1482 1606 1669 1661 similis
1699 1604 1779 1660 tui
1809 1605 1868 1660 in

258 1674 800 1766 potentiaiNullus.
831 1693 933 1759 Tu,
969 1692 1116 1759 dico,
1147 1674 1414 1761 Domine,
1444 1693 1540 1765 qui
1563 1711 1622 1748 es
1649 1696 1870 1765 eripiens
1895 1674 1947 1732 Β

257 1785 469 1854 inopem
523 1782 801 1853 populum
860 1784 1047 1849 tuum,
1111 1781 1174 1834 de
1226 1800 1391 1835 manu
1435 1783 1722 1851 fortiorum
1759 1783 1872 1854 ejus

275 1800 348 1836 no
385 1800 469 1836 em
523 1800 801 1853 populum
860 1800 1047 1849 tuum,
1111 1800 1174 1834 ac
1226 1800 1391 1835 manu
1435 1800 1722 1851 [amorum
1759 1800 1871 1854 ejus

275 1855 293 1941 Ι
466 1869 527 1924 id
542 1873 627 1924 est
640 1870 709 1924 de
731 1872 1011 1940 potestate
1030 1869 1421 1941 malignorum
1440 1870 1871 1941 spirituumzqni

256 1958 554 2030 hucusque
601 1957 866 2013 fortiores
908 1956 1163 2025 fuerunt,
1218 1957 1553 2013 deducendo
1581 1958 1640 2012 in
1671 1958 1874 2013 mortis

257 2047 529 2103 tenebras
560 2063 663 2120 per
690 2047 920 2117 culpam
949 2046 1108 2100 Adae.
1139 2045 1306 2109 Quod
1336 2050 1531 2101 autem
1565 2046 1730 2118 ponit
1762 2047 1873 2101 fer-

257 2135 474 2189 tiorum
508 2134 631 2205 ejus
651 2150 815 2188 more
836 2135 1163 2188 Graecorum
1188 2133 1350 2188 facit:
1375 2134 1471 2206 qui
1491 2150 1595 2205 pro
1626 2134 1870 2191 ablativo

258 2240 375 2297 quo
407 2226 623 2289 carent,
658 2222 973 2295 genitivum
1006 2225 1249 2293 ponunt.

332 2313 401 2366 Et
432 2315 489 2366 tu
522 2311 699 2366 etiam
721 2328 780 2365 es
806 2311 1058 2382 eripiens
1076 2329 1297 2381 egenum
1324 2318 1373 2365 et
1387 2329 1672 2383 pauperem
1694 2329 1872 2384 popu-

261 2402 385 2456 lum
409 2404 572 2455 tuum
588 2418 620 2454 a
638 2400 1006 2471 diripientibus
1043 2416 1182 2467 enirn,
1212 2417 1286 2453 ne
1307 2401 1553 2470 amplius
1574 2401 1868 2473 diripiant,

260 2488 321 2544 id
354 2492 439 2543 est
490 2506 523 2543 a
555 2488 822 2561 malignis
875 2488 1183 2559 spiritibus,
1213 2488 1310 2560 qui
1340 2489 1444 2543 sibi
1478 2490 1715 2544 virtutes
1742 2507 1871 2545 suas

264 2576 831 2647 anteadiripiebant:
866 2576 1031 2647 inops
1055 2577 1282 2643 dicitur,
1314 2576 1411 2648 qui
1441 2577 1563 2632 sine
1591 2594 1698 2649 ope
1728 2579 1869 2633 alte-

260 2665 382 2720 rius
411 2668 520 2719 est:
554 2681 773 2737 pauper
804 2667 1019 2732 autem,
1038 2664 1133 2736 qui
1167 2665 1287 2719 sine
1310 2683 1440 2729 sua;
1472 2682 1689 2736 egenus
1713 2682 1868 2732 vero,

261 2753 361 2824 qui
414 2752 569 2807 idem
613 2756 699 2807 est
745 2751 901 2823 quod
931 2754 988 2805 et
1018 2752 1351 2806 mendicus:
1384 2752 1475 2806 ille
1506 2752 1713 2807 dicitur
1740 2769 1872 2807 cum

264 2844 509 2912 utraque
537 2856 645 2911 ope
674 2843 898 2907 careat;
917 2840 1230 2907 mendicat,
1254 2839 1312 2895 id
1333 2844 1417 2894 est
1431 2857 1561 2894 cum
1580 2840 1801 2911 gemitu
1818 2844 1875 2896 et

1972 468 2006 507 a
2034 453 2408 510 similitudine
2432 456 2622 522 vestis,
2674 471 2822 527 quae,
2857 454 2996 509 dum
3036 452 3312 521 induitur,
3344 455 3573 529 corpori

1971 542 2384 615 cenjungitur;
2427 546 2485 598 et
2524 544 2671 599 bene
2699 543 2837 599 dicit
2863 541 3111 597 cilicium
3134 542 3375 610 futuros,
3402 543 3462 599 id
3488 547 3577 602 est

1970 632 2317 701 pcenitentes
2340 649 2351 686 :
2372 632 2552 688 cilicio
2571 649 2823 705 namque
2846 630 3191 702 pmnitentes
3218 630 3570 701 induuntur;

1972 722 2030 773 et
2058 736 2190 775 cum
2216 721 2325 776 hoc
2353 720 2730 793 providebam
2757 719 2910 792 quad
2940 735 3037 774 eos
3065 718 3369 774 induturus
3388 737 3571 789 eram,

1971 807 2319 863 humiliabam
2371 812 2426 863 in
2453 810 2664 881 jejunio
2695 811 2934 863 animam
2962 825 3154 862 meam.
3185 806 3350 872 Quod
3378 812 3461 863 est
3487 810 3573 864 di-

1969 911 2136 951 cere:
2196 897 2338 952 Cum
2394 914 2622 969 possem
2669 897 2847 952 libere
2897 913 3068 967 super
3108 913 3206 951 eos
3261 897 3573 956 vindictam

1970 1000 2163 1040 meam
2178 987 2427 1042 exaltare
2440 987 2572 1058 quia
2584 1003 2679 1041 me
2686 986 2763 1058 jej
2774 1003 2952 1041 unum
2967 1003 3000 1040 a
3010 985 3094 1040 sui
3108 985 3574 1065 incorporatiene

1970 1073 2247 1138 facerent,
2275 1074 2414 1131 illud
2430 1075 2719 1146 jejunium
2747 1074 3043 1130 humiliter
3060 1074 3120 1129 in
3133 1076 3576 1148 secretojanimaa

1970 1163 2314 1232 patiebar,et
2333 1165 2444 1219 hec
2468 1164 2597 1219 ideo
2626 1163 2760 1235 quia
2778 1165 2946 1218 oratio
2966 1180 3081 1217 mea
3100 1166 3155 1217 in
3172 1161 3362 1218 sinum
3377 1180 3575 1220 meum

1970 1258 2317 1306 convertetur.
2373 1251 2711 1324 Emphatice
2761 1250 2978 1306 dictum
3020 1254 3124 1319 est,
3156 1251 3215 1306 id
3246 1254 3332 1306 est
3359 1252 3439 1307 illi
3468 1268 3575 1324 pro

1970 1339 2176 1410 quibus
2230 1356 2491 1407 oravere,
2549 1339 2799 1412 ideoque
2829 1342 2997 1394 oratio
3035 1356 3151 1393 mea
3182 1339 3472 1404 dicuntur,
3502 1341 3577 1397 ad

1969 1428 2396 1498 protectionem
2426 1444 2623 1483 meam
2649 1430 3080 1495 convertentur,
3114 1444 3148 1483 a
3185 1445 3299 1501 qua
3328 1430 3572 1485 malevi-

1970 1516 2156 1571 vendo
2198 1516 2600 1571 discesserunt.
2646 1516 2815 1572 Mittit
2850 1516 2942 1571 hic
2987 1532 3093 1572 nos
3127 1516 3201 1572 ad
3246 1517 3574 1574 similitudi-

1970 1621 2107 1660 nem
2136 1604 2388 1660 historiae
2415 1605 2486 1660 de
2516 1605 2726 1676 Moyse,
2769 1603 2857 1658 cui
2897 1604 3175 1660 Dominus
3212 1606 3486 1679 praecepit
3512 1610 3579 1663 ut

1971 1710 2213 1748 manum
2228 1693 2286 1748 in
2304 1692 2496 1748 sinum
2518 1693 2754 1747 missam
2774 1692 2909 1747 inde
2922 1693 3448 1766 extraheret(Exod.
3470 1694 3570 1767 ιν).

1972 1781 2109 1846 Quae
2125 1798 2257 1836 cum
2289 1784 2543 1837 extracta
2558 1781 2784 1852 leprosa
2800 1781 3172 1852 apparuisset,
3205 1782 3572 1853 praecipiente

1972 1869 2240 1937 Domino,
2266 1885 2459 1924 rursus
2487 1868 2766 1935 immissa,
2791 1871 2991 1923 sanata
3007 1871 3122 1923 est:
3156 1870 3265 1925 hoc
3280 1873 3475 1925 autem
3498 1870 3573 1927 ad

1970 1959 2300 2013 Judaaorum
2331 1958 2547 2013 factum
2582 1960 2668 2011 est
2692 1955 2962 2027 ﬁguram.
2988 1955 3095 2021 Qui
3114 1956 3346 2012 Domini
3377 1961 3571 2030 prete-

1972 2046 2149 2101 ctioni
2170 2046 2403 2113 subditi,
2437 2045 2560 2100 sani
2592 2034 2670 2098 lin
2698 2044 3001 2100 virtutibus
3025 2044 3394 2101 exstiterunt:
3437 2046 3573 2101 inde

1971 2150 2106 2189 vero
2134 2134 2248 2189 suis
2279 2133 2448 2189 malis
2474 2132 2699 2188 meritis
2724 2133 2981 2200 extracti,
3010 2132 3182 2188 variis
3204 2136 3573 2204 peccatorum

1970 2222 2229 2290 maculis,
2249 2222 2322 2277 ad
2348 2221 2590 2277 modum
2611 2222 3077 2293 lepraa,corrupti
3098 2224 3249 2275 sunt.
3282 2222 3425 2277 Cum
3436 2238 3571 2278 vero

1971 2326 2103 2382 pars
2122 2327 2324 2366 eorum
2340 2309 2599 2381 adipsius
2616 2309 3037 2381 protectionem
3056 2325 3160 2380 per
3180 2311 3575 2380 apostolorum

1971 2398 2447 2472 praedicationem
2467 2414 2696 2453 reversa
2715 2401 2820 2464 est,
2844 2400 3111 2453 resanata
3131 2401 3235 2452 est.
3259 2399 3325 2452 Et
3353 2399 3465 2454 hoc
3492 2402 3578 2453 est

1971 2487 2127 2558 quod
2151 2487 2243 2542 hic
2282 2487 2438 2543 dicit.
2466 2487 2650 2543 Oratio
2679 2503 2796 2540 mea
2818 2488 2873 2540 in
2903 2487 3095 2540 sinum
3131 2502 3330 2541 meum
3362 2504 3575 2542 conver-

1974 2576 2265 2638 tetur,dico
2290 2576 2446 2648 quod
2466 2575 2815 2629 humiliabam
2831 2576 3069 2628 animam
3079 2592 3255 2628 meum
3275 2577 3331 2628 in
3348 2575 3573 2646 jejunio.

1973 2664 2041 2716 Et
2056 2663 2230 2718 etiam
2243 2666 2317 2717 sic
2329 2663 2713 2734 complacebam
2732 2662 3273 2730 mihi,admonendo
3294 2663 3475 2729 eos,id
3494 2666 3580 2717 est

1974 2750 2053 2805 sic
2084 2752 2413 2806 delectabar
2441 2751 2521 2805 ibi
2551 2750 2711 2822 quasi
2736 2749 2795 2804 in
2824 2749 3195 2805 admonendo
3224 2751 3574 2822 proximum.

1976 2840 2044 2893 Et
2075 2839 2310 2911 exponit
2337 2856 2512 2911 quem
2545 2837 2899 2909 proximum,
2932 2854 3063 2892 cum
3094 2838 3288 2893 addit:
3319 2838 3488 2902 Quasi
3519 2837 3577 2893 in

260 2928 601 2983 confusione
632 2929 838 3001 quaerit
862 2944 1013 2982 eam.
1041 2928 1203 2992 Quod
1234 2932 1418 2983 totum
1439 2929 1496 2983 in
1510 2930 1764 2983 humano
1779 2945 1877 2999 po-
1899 2953 1946 3011 ρ
1978 2928 2350 2983 admonendo
2396 2926 2624 2996 fratrem
2677 2932 2933 2979 nostrum.
2982 2926 3123 2981 Cum
3151 2926 3287 2981 dicit
3319 2935 3576 2996 nostrum,

264 3018 400 3087 pulo
419 3016 544 3071 fuit.
570 3017 874 3088 Nunquam
898 3016 1053 3071 enim
1079 3034 1265 3088 neque
1283 3035 1383 3071 sua
1403 3012 1747 3088 ncque‘legis
1768 3034 1877 3089 ope

263 3105 457 3174 potuit
485 3104 736 3172 liberari,
772 3104 1014 3176 ideoque
1043 3121 1146 3159 sua
1172 3105 1345 3176 ipsius
1382 3104 1614 3159 miseria
1647 3104 1878 3160 liberari

267 3193 637 3247 mendicavit.
672 3194 955 3257 Quoniam
989 3196 1181 3247 autem
1216 3198 1484 3265 posuerat
1504 3196 1876 3265 eripiens,etc.

266 3283 415 3346 Quia
427 3287 616 3353 posset
628 3283 806 3353 qumri
820 3282 1115 3354 quomodo
1130 3286 1213 3336 est
1225 3284 1579 3352 eripiensdioc
1595 3300 1881 3353 exponere

264 3370 515 3425 intendit
533 3370 632 3437 sic,
656 3371 777 3440 ipsa
801 3387 925 3424 ossa
948 3369 1159 3436 dicent,
1181 3372 1335 3441 quod
1371 3389 1476 3442 ego
1494 3389 1618 3425 sum
1637 3374 1878 3441 eripiens,

264 3462 322 3512 et
356 3458 433 3511 sic
461 3461 563 3511 est.
599 3459 665 3511 Et
684 3474 788 3528 per
816 3459 923 3511 hoc
954 3474 1079 3511 sum
1111 3461 1353 3529 eripiens,
1374 3460 1660 3530 quedha‘ac
1683 3458 1882 3512 omnia

263 3562 393 3617 quae
422 3545 608 3599 dicam
640 3544 928 3615 patienter
948 3563 1144 3617 passus
1166 3563 1313 3600 sum.
1332 3546 1660 3601 Notandum
1683 3549 1879 3599 autem

263 3632 422 3705 quod
449 3633 545 3687 illa
583 3649 709 3704 quia
741 3632 832 3686 hic
859 3650 925 3687 ex
967 3633 1151 3687 nimia
1198 3633 1543 3688 certitudine
1591 3632 1880 3703 praeterito

264 3720 659 3786 denuntiatur,
690 3720 881 3775 future
902 3721 1411 3794 accipiendasunt:
1439 3721 1878 3790 scilicetsurgen-

264 3815 336 3862 tes
362 3809 417 3861 in
438 3826 518 3861 me
531 3814 678 3862 testes
703 3811 892 3881 iniqui,
923 3828 1040 3882 qua:
1063 3810 1396 3880 ignorabam,
1420 3826 1539 3864 non
1574 3808 1876 3879 sapientia,

263 3896 367 3950 sed
380 3895 464 3949 rei
491 3896 1260 3968 experientiainterrogabant
1288 3915 1387 3963 me,
1412 3897 1471 3952 id
1497 3902 1582 3953 est
1611 3896 1877 3968 impene-

262 3983 407 4037 bant
438 3983 577 4038 mihi
610 4002 644 4038 a
673 3984 1050 4038 similitudine
1082 3985 1313 4039 illorum
1344 3984 1439 4056 qui
1472 3987 1584 4041 tale
1615 3987 1754 4058 quid
1775 3987 1828 4041 al
1842 3986 1882 4039 i-

265 4086 443 4141 quem
475 4070 858 4143 interrogant,
891 4072 1045 4143 quod
1092 4072 1341 4144 ignorat,
1376 4076 1438 4127 ut
1465 4072 1525 4128 in
1569 4075 1878 4147 Evangelio

266 4157 472 4212 dixisse
504 4159 791 4230 leguntur,
824 4183 850 4209 «
892 4161 1092 4213 Nonne
1140 4161 1288 4214 bene
1317 4161 1560 4217 dicimus
1587 4179 1713 4231 nos,
1747 4163 1881 4234 quia

1980 3016 2169 3070 innuit
2194 3015 2516 3070 trinitatem
2548 3029 2950 3084 personarum.
2976 3013 3140 3077 Quod
3159 3018 3244 3069 est
3257 3031 3321 3069 ac
3342 3015 3386 3071 si
3409 3015 3577 3071 dicat:

1983 3107 2063 3159 Ita
2094 3103 2419 3158 delectabar
2450 3102 2507 3156 in
2531 3101 2930 3156 admonitione
2957 3118 3180 3169 eorum,
3214 3119 3318 3157 ceu
3343 3102 3585 3175 quilibet

1981 3192 2039 3246 in
2100 3190 2497 3245 admonitione
2541 3188 2736 3244 fratris
2763 3206 2776 3243 :
2812 3192 2869 3244 et
2900 3189 2977 3243 sic
3006 3190 3374 3258 humiliabar,
3413 3192 3470 3246 id
3500 3195 3586 3246 est

1982 3281 2281 3351 aflligcbar
2297 3294 2840 3345 meerore,meorum
2860 3278 3410 3350 induratione;quasi
3423 3284 3588 3352 pater

1982 3371 2069 3424 vel
2102 3368 2319 3423 amicus
2347 3368 2553 3438 lugens
2569 3371 2626 3421 et
2648 3367 3019 3422 centristatus
3048 3367 3118 3421 de
3146 3371 3331 3423 morte
3370 3368 3470 3423 ﬁlii
3499 3370 3586 3424 vel

1981 3457 2171 3511 amici.
2202 3455 2471 3526 Sequitur
2484 3454 2760 3525 expositio
2779 3457 3088 3522 malorum,
3114 3456 3185 3511 de
3210 3456 3413 3528 quibus
3427 3474 3590 3528 supe-

1979 3544 2097 3598 rius
2121 3528 2136 3614 I
2159 3528 2835 3614 O7dixitzlietribuebant
2850 3545 3156 3602 mala.Dice
3179 3546 3334 3617 quod
3345 3547 3591 3601 humilia-

1986 3633 2081 3685 bar
2091 3648 2196 3702 pro
2210 3632 2373 3696 eis,et
2390 3631 2493 3703 ipsi
2515 3632 2837 3687 econtrario
2852 3633 3019 3687 laetati
3035 3640 3158 3687 sunt
3176 3640 3224 3687 et
3240 3644 3591 3692 convenerunt

2052 3722 2542 3790 Praspesteratum
2587 3723 2691 3773 est.
2755 3717 3126 3774 Convenerunt
3182 3721 3459 3775 adversum
3506 3742 3591 3778 me

1980 3808 2327 3880 capiendum
2346 3813 2394 3862 et
2424 3807 2593 3860 laetati
2602 3811 2726 3860 sunt
2757 3806 2828 3861 de
2851 3822 2944 3861 me
2968 3811 3156 3877 capto,
3189 3811 3247 3862 et
3270 3808 3342 3862 ab
3375 3809 3456 3864 eis
3470 3828 3591 3865 con-

1980 3902 2199 3966 gregata
2223 3901 2345 3949 sunt
2375 3911 2534 3966 super
2552 3911 2655 3960 me,
2687 3893 2747 3948 id
2772 3898 2857 3949 est
2888 3894 2961 3949 ad
2988 3894 3441 3967 opprimendum
3470 3915 3586 3967 me,

1979 3984 2190 4053 ﬂagella
2219 4000 2236 4047 ;
2261 3986 2321 4038 et
2348 3982 2694 4055 ignorabam
2719 3999 2952 4038 causam
2978 4000 3091 4055 qua
3102 3982 3589 4055 ﬂagellabar.Nen

1984 4073 2267 4143 quantum
2298 4071 2372 4126 ad
2402 4070 2770 4141 sapientiam,
2800 4070 2899 4125 sed
2922 4074 3204 4143 quantum
3218 4072 3386 4127 adrei
3417 4090 3587 4144 expe-

1981 4159 2271 4214 rientiam.
2315 4158 2481 4223 Quod
2521 4162 2606 4214 est
2657 4159 2846 4214 dicere
2880 4178 2893 4214 :
2951 4159 3075 4215 Non
3109 4176 3270 4215 eram
3302 4177 3452 4216 reus.
3481 4163 3589 4217 Per

267 4245 671 4299 Samaritanus
692 4263 751 4301 es
773 4250 853 4312 tu,
880 4250 937 4301 et
951 4247 1305 4302 daemonium
1320 4249 1538 4306 habes?
1562 4251 1741 4321 (Joan.
1761 4268 1876 4319 vm,
1901 4236 1954 4294 D
1979 4248 2088 4303 hoc
2120 4248 2275 4319 quod
2303 4247 2487 4319 ponit,
2522 4254 2839 4317 congregata
2866 4255 2990 4302 sunt
3014 4248 3246 4318 ﬂagella,
3295 4249 3585 4305 diversita-

264 4335 381 4396 48.)
406 4353 433 4382 »
466 4334 535 4388 Et
569 4335 924 4388 retribuebant
955 4336 1089 4389 mihi
1122 4337 1264 4389 mala
1310 4355 1415 4408 pro
1449 4338 1612 4406 bonis,
1643 4356 1769 4410 quae
1798 4339 1878 4394 eis
1981 4339 2100 4390 tem
2135 4340 2193 4390 et
2220 4335 2703 4406 multiplicitatem
2752 4335 3119 4406 ﬂagellorum
3151 4336 3358 4392 innuit.
3409 4338 3588 4393 Multi-

266 4420 522 4475 feceram
556 4421 950 4491 praedicando,
1000 4428 1259 4478 mortuos
1299 4426 1646 4493 suscitando,
1680 4430 1737 4481 et
1766 4427 1879 4481 alia
1980 4423 2152 4478 mode
2184 4440 2436 4494 namque
2479 4425 2558 4494 (ut
2589 4422 2646 4477 in
2674 4423 2984 4493 Evangelio
3014 4423 3242 4494 legitur)
3264 4425 3586 4496 ﬂagellatus

269 4508 549 4563 miracula
572 4509 858 4576 faciendo,
899 4515 956 4565 et
995 4511 1230 4583 exponit
1260 4512 1317 4566 in
1348 4514 1718 4585 sequentibus
1748 4531 1890 4591 quae.
1978 4515 2063 4566 est
2092 4509 2311 4581 (Matth.
2341 4527 2510 4576 xxvn,
2561 4511 2670 4579 26).
2703 4511 2771 4563 Et
2810 4510 2944 4581 quia
2970 4510 3090 4564 hac
3119 4511 3401 4579 fecerunt,
3432 4514 3587 4571 dissi-

266 4598 425 4651 mala
451 4598 869 4653 retribuebant.
905 4600 971 4653 Et
1011 4600 1184 4654 etiam
1214 4602 1569 4655 retribuebant
1594 4607 1875 4673 quantum

262 4684 337 4738 ad
371 4684 732 4757 impietatem
782 4704 966 4754 suam,
1016 4690 1343 4742 sterilitatem
1389 4691 1589 4743 animae
1635 4708 1780 4757 meae,
1812 4696 1875 4746 ut

262 4790 395 4827 cum
430 4790 533 4844 per
550 4775 1023 4844 prazdicationem
1047 4778 1217 4831 vellet
1236 4794 1333 4832 eos
1354 4781 1635 4848 quantum
1653 4779 1725 4833 ad
1747 4796 1875 4850 gra-

263 4860 407 4915 tiam
436 4864 495 4915 ct
525 4862 991 4919 benevolentiam
1008 4882 1232 4937 parcre,
1257 4866 1509 4921 sterilem
1537 4883 1667 4922 eam
1695 4885 1872 4939 quan-

258 4952 387 5003 tum
440 4950 513 5004 ad
558 4968 680 5006 sese
724 4952 1000 5019 facerent,
1044 4954 1210 5025 juxta
1265 4955 1418 5026 quod
1458 4955 1517 5010 in
1563 4957 1869 5029 Evangelio

260 5036 522 5107 legitur:
576 5056 605 5090 α
643 5039 876 5104 Quoties
928 5042 1076 5096 volui
1129 5060 1484 5116 congregare
1527 5045 1673 5101 ﬁlios
1720 5049 1866 5114 tuos,

265 5125 763 5196 quemadmodum
794 5129 1009 5199 gallina
1035 5134 1350 5202 congregat
1381 5134 1565 5203 pullos
1594 5134 1697 5188 sub
1727 5135 1865 5201 alas,

264 5216 322 5266 et
344 5212 577 5268 noluisti
605 5214 751 5284 (Luc.
770 5233 883 5284 xm,
911 5218 1020 5288 34).
1048 5239 1074 5266 ››
1100 5218 1217 5273 Dixi
1237 5220 1658 5290 quodanimam
1673 5237 1867 5276 meam

261 5301 519 5355 sterilem
536 5300 842 5357 faciebant.
864 5302 983 5372 Ego
1002 5313 1177 5358 autem
1199 5324 1315 5359 cum
1336 5308 1466 5359 mihi
1477 5309 1682 5361 molesti
1705 5315 1867 5362 essent

258 5404 366 5460 pro
401 5389 497 5444 illa
519 5389 840 5457 sterilitate,
881 5394 1133 5446 imit/(bar
1158 5394 1262 5448 illis
1293 5397 1458 5447 cilicio
1489 5395 1713 5463 futuris,
1748 5413 1864 5449 non

257 5494 321 5534 re
347 5477 581 5545 scilicet,
605 5478 704 5534 sed
729 5496 848 5550 spe.
872 5480 1035 5544 Quod
1071 5485 1157 5537 est
1186 5482 1374 5537 dicere
1404 5499 1415 5537 :
1442 5482 1566 5554 jam
1594 5483 1859 5557 provide-

692 5577 927 5634 Paraon.
962 5576 1113 5634 CLII.

1966 4600 2093 4671 pati
2121 4606 2262 4664 sunt,
2297 4598 2356 4653 id
2395 4602 2480 4652 est
2527 4598 2820 4666 destructi,
2876 4598 2935 4653 in
2967 4598 3286 4668 virtutibus,
3318 4619 3410 4656 nec
3440 4620 3583 4657 com-

1966 4688 2160 4758 puncti
2186 4688 2319 4740 sunt
2346 4686 2545 4756 postea
2575 4685 2647 4740 ad
2674 4686 3108 4756 paenitentiam;
3143 4705 3177 4743 a
3203 4690 3321 4744 Dee
3346 4690 3584 4746 fuerunt

1974 4774 2247 4847 dissipati.
2284 4775 2378 4829 Vel
2400 4773 2477 4829 sic
2506 4791 2529 4828 :-
2546 4775 2686 4830 Cum
2717 4780 3141 4847 congregarent
3159 4794 3332 4848 super
3360 4795 3455 4832 me
3473 4779 3551 4834 ﬂa
3572 4813 3589 4825 η
3626 4840 3627 4843 η

1972 4866 2124 4937 gella
2172 4864 2414 4935 dissipati
2451 4871 2591 4931 sunt,
2644 4864 2703 4918 id
2753 4868 2837 4929 est
2864 4864 3024 4920 divisi
3051 4882 3084 4919 a
3131 4865 3472 4936 quibusdam
3507 4868 3578 4922 de

1970 4954 2178 5010 eodem
2210 4954 2444 5026 populo,
2476 4952 2571 5024 qui
2605 4953 3026 5007 condoluerunt
3070 4952 3246 5007 morti
3278 4970 3445 5021 meas,
3479 4956 3577 5027 qui

1971 5044 2145 5099 etiam
2168 5045 2439 5113 leguntur
2462 5040 2924 5112 ﬂevisse,quibus
2940 5040 3131 5111 etipse
3155 5040 3321 5096 dixit:
3341 5065 3368 5092 «
3393 5043 3577 5101 Nolite

1970 5136 2109 5188 llerc
2137 5147 2306 5202 super
2360 5146 2457 5183 me
2487 5129 2639 5199 (Luc.
2672 5143 2837 5195 xxm,
2871 5131 2979 5199 28).
3018 5150 3046 5177 »
3102 5128 3216 5183 Nec
3267 5138 3388 5185 sunt
3431 5150 3573 5187 com-

1958 5220 2152 5292 puncti
2168 5233 2304 5289 erga
2336 5234 2431 5273 me
2453 5217 2666 5290 pietate
2690 5219 2952 5288 exemplo
2978 5234 3200 5273 eorum.
3228 5219 3456 5275 Perhoc
3473 5238 3571 5276 au-

1967 5313 2085 5362 tem
2119 5323 2321 5361 eorum
2354 5306 2626 5361 duritiam
2659 5305 2898 5360 nimiam
2919 5306 3326 5373 innuitfuisse;
3370 5310 3569 5366 vclsic.

1969 5395 2113 5461 Quia
2138 5396 2307 5449 laetati
2327 5404 2450 5450 sunt
2476 5403 2523 5449 et
2551 5402 2921 5462 convenerunt,
2959 5395 3206 5467 dissipati
3226 5404 3369 5459 sunt,
3402 5398 3459 5453 id
3490 5405 3574 5456 est

1961 5484 2388 5560 dissipabuntur
2420 5502 2523 5559 per
2554 5488 2741 5541 totum
2773 5484 2996 5543 orbem.
3024 5484 3139 5543 Nec
3168 5486 3297 5542 ideo
3322 5502 3574 5561 compun-

3285 5587 3352 5641 25
