4008 6030
419 253 539 313 ’779

1027 235 1086 312 s.
1128 243 1473 311 BRUNONIS
1513 244 2144 308 maruusnuoauu
2182 243 2651 307 msn'm'roms
2691 244 2845 307 opp.
2891 248 3066 306 PARS
3104 248 3126 306 1

3630 250 3747 311 780

422 381 499 440 oti
527 360 697 436 erunt
727 376 801 434 ad
826 374 1229 451 poénitentiam
1258 364 1389 431 etim
1424 379 1560 431 tunc
1587 374 1896 447 compungi
1931 373 2031 427 tle-
2052 378 2103 434 Α
2136 372 2381 427 tualibus
2405 392 2420 437 ;
2441 374 2736 429 iracundia
2764 392 2898 429 vero
2929 376 3240 444 bonorum,
3270 378 3354 431 est
3385 380 3582 431 contra
3604 377 3743 433 vitia

423 471 651 525 berent.
702 470 769 523 Et
808 466 885 521 sic
936 482 1166 538 quoque
1217 481 1421 519 eorum
1476 463 1748 517 duritiam
1809 462 2028 516 innuit:

426 558 546 613 Dixi
581 557 734 628 quod
775 562 1150 620 convenerunt,
1195 558 1304 607 etc.
1352 553 1418 605 Et
1462 551 1641 605 etiam
1697 556 2033 603 tentaremth

424 664 526 713 me,
551 645 838 700 dicentes:
864 641 1235 713 «Prophetiza
1259 641 1384 713 quis
1397 643 1479 694 est
1499 640 1595 709 qui
1614 643 1667 693 te
1690 638 2028 709 percussit?»

427 736 584 807 (Luc.
611 750 721 787 χχιι
761 733 872 802 64.)
896 728 973 785 Et
1014 728 1559 807 subsannaremnt,id
1579 730 1662 781 est
1688 727 2030 792 deriserunt,

424 841 512 877 me
531 823 965 883 subsannatione,
992 819 1049 872 id
1072 821 1157 872 est
1176 817 1358 879 nimia
1381 814 1705 870 derisionc:
1738 838 1764 863 ‹‹
1790 815 1908 868 Vah
1934 812 2030 885 qui

425 909 687 977 destruis,
721 930 747 957 »
772 912 880 963 etc.
915 907 1110 973 (Marc.
1152 922 1240 959 xv.
1287 904 1401 975 29.)
1430 903 1799 958 Subsannare
1833 906 1919 957 est
1958 903 2032 957 ad

423 999 666 1054 nimiam
700 996 1048 1052 derisionem
1082 1011 1250 1048 nares
1298 1008 1633 1063 corrugare,
1664 991 1910 1063 ideoque
1935 990 2029 1044 hic

422 1104 526 1159 pro
572 1087 752 1141 nimia
808 1083 1095 1139 derisione
1149 1082 1406 1155 ponitur.
1443 1080 1610 1144 Quod
1641 1083 1835 1135 autem
1867 1079 2029 1134 addit

418 1175 848 1240 subsannatione,
874 1172 947 1226 ad
967 1171 1209 1225 nimiam
1237 1169 1777 1233 subsannationem,
1799 1184 2022 1238 expres-

418 1264 643 1319 sionem
666 1261 896 1316 facit.Et
916 1260 1095 1313 etiam
1110 1259 1463 1329 [renduerunt
1480 1258 1720 1311 dentibus
1748 1259 1856 1309 suis
1874 1273 2029 1326 super

419 1370 503 1406 me
523 1351 857 1415 existentes,
887 1349 944 1402 id
972 1351 1056 1402 est
1070 1348 1142 1401 ad
1161 1346 1617 1418 opprimendum
1648 1360 1741 1399 me
1756 1343 1961 1415 parati,
1996 1360 2030 1397 a

418 1438 800 1496 similitudine
832 1437 986 1491 illius
1015 1435 1114 1507 qui
1154 1451 1326 1505 super
1369 1434 1624 1505 aliquem
1662 1438 1774 1487 stat
1801 1437 1863 1487 ut
1894 1449 2025 1487 eum

421 1529 735 1601 opprimat.
761 1526 905 1580 Cum
927 1524 1065 1579 dicit
1083 1522 1438 1593 [renduerunt
1461 1523 1720 1588 dentibus,
1754 1521 1909 1575 idem
1944 1525 2029 1575 est

420 1635 486 1673 ac
515 1618 559 1671 si
592 1616 770 1670 dicat:
801 1615 988 1667 Tanta
1015 1628 1122 1667 con
1138 1614 1227 1665 tra
1248 1627 1342 1665 me
1364 1610 1449 1665 ira
1465 1614 1800 1665 exarserunt
1832 1613 1894 1663 ut
1923 1625 2027 1663 nec

419 1704 576 1777 loqui
607 1704 860 1775 possent,
894 1700 995 1755 sed
1046 1700 1317 1754 dentibus
1360 1699 1743 1754 frendebant:
1792 1698 2029 1753 Ostensa

420 1793 686 1867 passione
713 1791 905 1845 futura
943 1804 1048 1860 per
1076 1790 1306 1858 tempus
1337 1786 1722 1858 praeteritum.
1758 1786 2029 1857 Sequitur

420 1881 605 1938 oratio
633 1880 704 1935 de
732 1877 1154 1935 resurrectione
1178 1876 1291 1931 sic:
1331 1875 1451 1930 Dixi
1483 1876 1638 1947 quod
1665 1875 1745 1930 ita
1798 1877 1860 1929 ut
1901 1888 2031 1928 nar-

419 1970 541 2027 ravi
562 1967 705 2024 mihi
733 1967 1017 2032 fecerunt,
1048 1968 1261 2018 etcum
1288 1964 1584 2019 humiliter
1608 1967 1859 2035 paterer.
1884 1962 2030 2016 visus

420 2076 548 2114 sum
574 2055 845 2113 oblivioni
872 2053 1134 2110 traditus.
1170 2054 1237 2107 Et
1289 2056 1370 2118 tu,
1405 2054 1653 2119 Domine,
1705 2050 1915 2124 quando
1954 2068 2032 2103 re-

420 2149 622 2218 spicies,
652 2146 748 2217 qui
780 2142 990 2198 videris
1015 2157 1109 2195 me
1136 2140 1412 2196 oblivioni
1445 2140 1708 2195 dedisse?
1748 2139 1871 2193 Noli
1904 2156 2028 2192 am-

422 2234 572 2307 plius
602 2230 878 2288 oblivioni
914 2245 1009 2283 me
1038 2227 1409 2294 tradere,sed
1432 2230 1645 2281 restitue
1673 2227 1899 2297 corpori
1918 2228 2031 2280 ani-

421 2340 569 2376 mam
616 2338 808 2387 meam,
841 2336 875 2372 a
918 2317 1255 2386 malignitate
1296 2333 1478 2370 eorum
1508 2318 1813 2371 extortam.
1865 2314 2029 2378 Quod

423 2414 511 2466 est
541 2410 752 2465 dicere:
779 2422 954 2479 quam
977 2404 1085 2476 ipsi
1117 2404 1357 2475 maligni
1381 2404 1451 2458 de
1475 2421 1715 2476 corpore
1743 2404 2025 2457 auferent.

426 2499 494 2553 Et
543 2495 786 2570 apponit
832 2508 1066 2548 causam
1126 2509 1245 2564 qua
1302 2491 1511 2546 debeat
1542 2491 1786 2558 restitui,
1818 2492 1929 2545 sic:
1964 2491 2030 2542 Et

423 2589 637 2643 restitue
665 2586 882 2638 unicam
903 2599 1071 2635 meam
1097 2598 1129 2634 α
1162 2580 1396 2635 leonibus
1422 2581 1730 2634 extortam.
1750 2580 1914 2644 Quod
1945 2583 2030 2634 est

423 2676 612 2731 dicere
631 2690 645 2729 :
680 2674 747 2727 Et
773 2672 903 2726 ideo
925 2672 1159 2735 restitue,
1177 2668 1312 2740 quia
1337 2667 1506 2722 unica
1525 2671 1630 2735 est,
1656 2668 1714 2722 id
1736 2672 1821 2722 est
1841 2668 2030 2739 singu-

420 2762 636 2835 gularis
654 2762 711 2815 in
729 2759 1053 2825 sanctitate,
1073 2760 1130 2810 et
1151 2756 1259 2827 ipsi
1280 2757 1475 2811 leones
1492 2755 1712 2822 sunt,id
1727 2760 1812 2809 est
1825 2756 2027 2810 crude-

418 2852 522 2914 les,
555 2849 891 2905 crudelitate
919 2862 1049 2901 eam
1077 2846 1426 2899 auferentes.
1451 2861 1570 2899 non
1598 2845 1825 2899 merito.
1844 2844 2028 2908 Quam

2134 462 2318 517 irasci.
2356 463 2514 516 Unde
2548 463 2681 516 alibi
2718 464 3057 518 Psalmista:
3088 490 3111 513 υ
3137 465 3451 520 lrascimini
3480 469 3533 518 et
3561 467 3742 520 nolite

2133 566 2369 620 peccare
2419 552 2588 619 (Ps-al.
2630 568 2699 618 IV,
2733 555 2787 620 5)
2846 573 2871 600 ››
2928 552 3061 607 ilico
3094 553 3248 624 quod
3286 552 3515 625 paciﬁre
3562 554 3741 608 locuti

2131 644 2283 703 sunt,
2316 642 2373 693 et
2406 657 2523 695 non
2557 642 2740 695 solum
2763 641 3005 707 hoc,sed
3030 641 3369 720 etiamsuper
3392 659 3472 695 me
3488 643 3738 696 existen-

2134 729 2236 794 tes,
2261 728 2319 782 id
2350 731 2433 782 est
2450 728 2777 799 superiores
2789 745 2883 783 me
2908 745 3012 800 pro
3027 730 3392 801 reputatione
3411 747 3530 795 sua,
3544 730 3742 784 dilata-

2131 822 2316 869 verunt
2344 834 2399 871 os
2423 817 2673 882 suum,id
2709 822 2793 871 est
2820 818 3052 872 dilatate
3070 821 3128 872 et
3141 818 3385 890 superbe
3415 819 3741 873 locutisunt

2131 904 2384 960 dicentes
2409 921 2422 959 :
2460 928 2487 955 «
2517 904 2796 978 Crucifige
2817 905 3013 960 vMarc.
3041 922 3126 973 xv,
3164 909 3182 960 1
3199 909 3270 976 3).
3290 907 3405 961 »Εἰ
3424 906 3736 978 gaudendo

2128 993 2406 1047 dixerunt:
2426 993 2599 1063 Euge,
2623 1011 2768 1063 euge,
2793 994 2852 1049 id
2882 998 2967 1049 est
2984 995 3131 1049 bene
3156 994 3319 1050 nobis
3333 997 3415 1049 est
3445 1011 3459 1060 ;
3491 995 3739 1049 viderunt

2127 1082 2284 1137 enim
2314 1082 2650 1148 oculinostri,
2685 1083 2841 1152 quod
2873 1083 3367 1145 desiderabamus,
3401 1100 3535 1137 eum
3573 1084 3731 1139 vide-

2130 1171 2260 1224 licet
2286 1169 2532 1240 turpiter
2563 1170 2912 1232 morientem
2956 1171 3092 1226 Dico
3125 1172 3279 1243 quod
3304 1172 3661 1226 dilataverunt
3684 1178 3735 1226 et

2126 1276 2280 1312 suum
2312 1261 2371 1312 et
2391 1261 2600 1313 caetera
2631 1276 2760 1330 qua;
2791 1263 3019 1313 ostensa
3052 1263 3202 1321 sunt,
3236 1260 3516 1321 fecerunt,
3551 1263 3606 1313 et
3621 1277 3730 1330 ego

2128 1347 2325 1402 omnia
2355 1346 2652 1401 humiliter
2675 1347 3051 1413 sustinebam,
3082 1351 3137 1401 et
3167 1351 3227 1401 tu
3249 1348 3444 1413 vidisti,
3477 1349 3728 1415 Domine,

2129 1438 2186 1490 et
2218 1435 2330 1490 mei
2378 1435 2761 1505 dejectionem
2805 1439 2862 1489 et
2900 1437 3186 1506 justitiam
3218 1454 3408 1491 meam
3442 1441 3499 1491 et
3523 1454 3727 1491 eorum

2129 1525 2492 1596 iniquitatem
2548 1528 2605 1579 et
2635 1526 3033 1595 arrogantiam
3093 1527 3239 1597 Ergo
3270 1544 3333 1579 ne
3361 1528 3512 1581 sileas
3544 1528 3600 1580 in
3632 1543 3731 1582 eos

2128 1613 2341 1668 scilicet
2397 1630 2431 1668 a
2472 1614 2882 1685 redargutione
2913 1614 3199 1680 vindictae,
3234 1615 3337 1669 etsi
3368 1616 3542 1669 modo
3572 1616 3730 1669 vide-

2127 1701 2205 1756 ris
2233 1701 2418 1755 silere.
2462 1700 2625 1765 Quod
2656 1705 2739 1755 est
2784 1701 2973 1756 dicere
3008 1718 3021 1755 :
3080 1702 3407 1772 Comproba
3450 1720 3548 1758 eos
3581 1705 3731 1757 male

2129 1788 2311 1862 egisse
2334 1806 2436 1860 per
2458 1790 2768 1844 vindictam
2799 1807 2973 1861 quam
3011 1791 3222 1845 inferes
3238 1793 3412 1862 juste,
3435 1808 3498 1845 ac
3530 1792 3575 1846 si
3606 1809 3730 1846 ver-

2128 1877 2216 1931 bis
2249 1879 2596 1933 ostenderes.
2631 1879 2697 1931 Et
2723 1878 3081 1949 respiciendo
3112 1880 3494 1934 humilitatem
3518 1898 3730 1946 meam,

2128 1982 2193 2019 ne
2214 1966 2444 2019 discedas
2474 1984 2506 2019 a
2538 1984 2637 2031 me,
2673 1966 2775 2021 etsi
2806 1967 3049 2020 videaris
3079 1967 3428 2035 discessisse;
3462 1969 3621 2039 quasi
3655 1969 3735 2023 di-

2130 2057 2254 2109 cat:
2288 2054 2413 2108 Noli
2465 2054 2739 2108 auxilium
2792 2056 2952 2108 tuum
2991 2056 3264 2126 elongare
3297 2073 3330 2110 a
3356 2073 3469 2110 me.
3500 2057 3612 2111 Sed
3643 2075 3732 2111 er-

2128 2159 2300 2211 surge,
2343 2142 2591 2209 Domine,
2652 2143 2707 2197 id
2763 2146 2847 2195 est
2878 2146 3082 2213 potens
3133 2160 3365 2214 appare,
3406 2145 3734 2199 auxiliando

2132 2230 2294 2297 mihi,
2351 2230 2447 2302 qui
2491 2230 2572 2284 eis
2602 2230 2890 2302 impotens
2919 2230 3144 2284 videris.
3204 2230 3279 2283 Et
3309 2233 3517 2285 intende
3528 2232 3737 2301 judicio

2130 2335 2263 2381 meo,
2285 2318 2343 2373 id
2364 2322 2451 2372 est
2479 2318 2705 2372 intense
2732 2318 3040 2388 diligenter
3072 2319 3391 2385 considera,
3413 2336 3741 2392 nonsecun-

2130 2406 2270 2461 dum
2300 2406 2848 2467 considerationem,
2877 2424 3006 2461 cum
3037 2424 3270 2478 semper
3295 2408 3496 2463 omnia
3521 2408 3735 2474 videas,

2129 2495 2229 2549 sed
2250 2495 2564 2549 secundum
2598 2495 3133 2549 remunerationem
3169 2514 3180 2550 :
3219 2496 3501 2566 judicium
3537 2514 3734 2551 meum

2130 2583 2364 2655 quidem
2398 2583 2674 2653 injustum
2703 2587 2806 2649 est,
2831 2601 2959 2638 cum
2980 2584 3035 2638 in
3070 2589 3318 2639 mortem
3333 2586 3404 2639 ab
3426 2586 3741 2656 eisjudica-

2130 2670 2360 2738 tussim,
2381 2672 2556 2725 etlioc
2575 2687 2677 2741 pro
2695 2672 2771 2725 tui
2792 2673 2994 2727 obedie
3012 2674 3131 2728 ntia
3147 2673 3445 2727 humiliter
3472 2674 3734 2729 sustinui.

2131 2758 2294 2821 Quod
2320 2762 2403 2813 est
2434 2759 2622 2813 dicere
2649 2778 2659 2813 :
2698 2761 3025 2816 Remunera
3052 2762 3214 2828 mihi,
3249 2762 3402 2833 quod
3438 2780 3538 2833 pro
3572 2764 3739 2832 teju-

2130 2848 2350 2903 dicatus
2395 2864 2521 2901 sum
2583 2849 2811 2917 injuste,
2866 2854 2927 2903 tu
2957 2851 3053 2922 qui
3099 2868 3157 2904 es
3186 2850 3327 2904 Deus
3362 2869 3521 2916 nwus,
3556 2851 3613 2905 id
3654 2854 3742 2905 est

421 2939 466 2993 si
492 2934 1127 3003 restitueri6,60nﬁlebor
1154 2933 1252 2986 tibi
1271 2935 1325 2986 ίη
1355 2932 1595 2986 Εεσίεεία
1623 2950 1836 3001 magna,
1857 2931 1913 2984 id
1947 2934 2031 2985 est
2050 2957 2097 3016 ο
2130 2940 2374 3003 creator,
2404 2940 2462 2990 et
2484 2939 2541 2990 tu
2570 2938 2665 3008 qui
2692 2955 2750 2991 es
2786 2938 3044 2991 Dominus
3074 2957 3237 3001 meus,
3289 2940 3376 2993 cui
3410 2955 3510 3010 per
3540 2940 3743 2993 omnia

420 3027 654 3083 laudem
685 3024 789 3080 tibi
822 3039 1017 3095 agam,
1051 3038 1157 3093 per
1187 3037 1466 3092 magnam
1515 3019 2029 3091 congregationem

424 3115 824 3170 membrorum
860 3127 1148 3177 meorum,
1183 3126 1310 3181 quae
1364 3126 1481 3164 non
1513 3109 1623 3163 erit
1664 3125 1858 3178 parva,
1892 3108 2036 3161 sicut

423 3206 731 3274 Synagoga
758 3200 885 3254 fuit.
912 3200 978 3252 Et
1007 3199 1104 3253 illa
1137 3197 1384 3251 Ecclesia
1401 3213 1519 3252 non
1548 3196 1658 3251 erit
1679 3196 1815 3250 levis
1843 3196 1915 3249 ad
1942 3197 2036 3250 de-

424 3290 777 3346 ﬂectendum
808 3287 867 3356 in
896 3286 1049 3353 vitia,
1083 3289 1145 3341 ut
1173 3284 1501 3357 Synagoga,
1527 3284 1626 3338 sed
1658 3283 1883 3337 laudabo
1914 3291 1960 3336 te
1981 3286 2038 3336 in

416 3378 615 3451 papula
638 3378 811 3445 gravi.
832 3373 995 3438 Quod
1018 3377 1104 3428 est
1123 3374 1314 3427 dicere
1341 3390 1354 3426 :
1377 3373 1628 3444 Populus
1641 3389 1802 3426 meus
1828 3374 2035 3443 gravis,

428 3468 488 3522 id
503 3470 587 3521 est
612 3464 972 3538 ponderosus
993 3462 1051 3515 in
1066 3461 1368 3515 virtutibus
1390 3476 1507 3516 non
1531 3460 1642 3515 cito
1664 3461 2039 3526 mobilis,lau-

433 3554 592 3611 dabit
614 3557 671 3609 te
694 3551 1033 3608 omnimoda
1054 3550 1243 3605 laude.
1266 3551 1383 3605 Dixi
1404 3550 1532 3604 ideo
1547 3553 1760 3605 restitue
1780 3552 2040 3612 animum,

433 3643 569 3717 quia
599 3641 767 3697 unica
796 3644 901 3710 est,
951 3642 1009 3694 et
1050 3638 1185 3711 quia
1220 3639 1520 3707 conﬁtebor.
1577 3639 1645 3692 Et
1674 3638 1803 3693 ideo
1836 3638 2041 3706 adhuc,

433 3749 498 3787 ne
545 3729 964 3803 supergaudeant
997 3729 1135 3782 mihi
1163 3728 1258 3800 qui
1295 3728 1665 3794 adversantur,
1712 3727 1772 3782 id
1799 3731 1883 3782 est
1912 3730 2046 3781 sunt

437 3820 711 3879 contrarii
741 3821 879 3876 milii
903 3820 1123 3891 inique,
1152 3834 1271 3873 non
1302 3833 1369 3872 ex
1394 3818 1636 3872 merito:
1656 3816 1821 3883 Quod
1851 3820 1937 3871 est
1962 3816 2047 3870 di-

439 3927 601 3969 cere:
656 3910 737 3964 Ne
785 3908 1080 3981 gaudeant
1128 3907 1199 3961 de
1231 3907 1558 3961 retentione
1600 3906 1715 3959 mei
1747 3905 1805 3958 in
1837 3909 2047 3966 morte,

440 3998 539 4071 qui
570 4001 711 4052 tunc
765 3999 954 4051 essent
1002 4010 1175 4067 super
1220 4009 1336 4060 me,
1380 3992 1441 4047 id
1469 3996 1555 4048 est
1578 3993 1901 4065 superiores
1930 4009 2047 4060 me,

441 4084 846 4142 convincentes
862 4099 978 4138 me.
994 4081 1261 4150 Quoniam
1280 4084 1477 4137 autem
1496 4080 2048 4149 dixeratindefinite,

440 4173 787 4229 adversantur
805 4188 878 4227 ne
900 4170 1140 4243 quidam
1155 4170 1301 4225 sicut
1324 4169 1548 4240 paci/tce
1568 4169 1870 4240 loquentes
1895 4169 2050 4225 vide-

2131 3024 2335 3091 servio,
2384 3025 2590 3078 intende
2630 3027 2685 3078 in
2737 3044 2948 3079 causam
2992 3044 3184 3094 meam,
3226 3044 3328 3098 pro
3385 3045 3497 3098 qua
3544 3044 3743 3098 passus

2134 3129 2282 3179 sum,
2315 3129 2489 3184 quam
2541 3114 2781 3167 honesta
2833 3114 2925 3167 sit.
2970 3115 3035 3167 Et
3065 3114 3192 3168 ideo
3244 3132 3574 3169 remunera.
3616 3116 3739 3169 Non

2136 3202 2293 3255 enim
2326 3217 2495 3255 causa
2527 3201 2825 3271 cujuslibet
2851 3202 3039 3255 delicti
3066 3219 3258 3273 passus
3284 3220 3431 3269 sum,
3455 3204 3553 3257 sed
3571 3221 3742 3257 causa

2137 3289 2331 3343 salutis
2356 3289 2682 3343 hominum.
2718 3291 2783 3343 Et
2813 3291 2984 3344 etiam
3004 3291 3191 3361 judico
3245 3309 3346 3357 me,
3382 3309 3494 3345 non
3560 3292 3744 3345 solum

2138 3393 2312 3448 supra
2358 3377 2575 3431 dictum
2627 3378 2910 3447 judicium
2962 3383 3017 3432 et
3066 3395 3318 3445 causam,
3350 3380 3439 3433 sed
3464 3379 3749 3434 secundum

2130 3467 2403 3537 justitiam
2458 3471 2627 3529 tuam,
2657 3466 2715 3519 id
2756 3469 2839 3520 est
2867 3466 3156 3533 resuscita,
3190 3467 3468 3538 glorifica,
3506 3471 3563 3520 et
3611 3468 3750 3539 quia

2137 3553 2426 3623 judicatus
2466 3570 2593 3607 sum
2627 3569 2729 3624 pro
2759 3557 2813 3607 te
2861 3558 2917 3608 et
2962 3559 3200 3625 propter
3248 3556 3396 3609 hanc
3426 3572 3657 3609 causam
3693 3560 3754 3609 et

2144 3641 2279 3713 quia
2310 3642 2497 3712 justus
2525 3659 2603 3696 es.
2632 3641 2933 3712 Etjustum
2949 3647 3034 3697 est
3063 3644 3245 3697 utboc
3265 3643 3436 3698 facias
3455 3660 3587 3697 cum
3621 3660 3750 3715 pro-

2148 3730 2492 3798 meruerim;
2519 3734 2575 3785 et
2590 3730 2718 3784 ideo
2743 3730 2928 3785 adhuc
2942 3731 3132 3802 judica
3157 3749 3239 3784 me
3270 3733 3581 3787 secundum
3598 3731 3755 3804 quod

2141 3817 2489 3888 judicandus
2521 3835 2670 3884 sum,
2700 3825 2758 3870 ut
2788 3836 2891 3871 non
2923 3820 3344 3891 supergaudeant
3363 3822 3512 3873 mihi.
3530 3821 3597 3874 Et
3623 3821 3754 3881 hoc,

2150 3910 2212 3961 ut
2235 3907 2493 3979 superius
2520 3906 2844 3978 exponitur,
2863 3908 3018 3979 quod
3033 3924 3097 3961 ex
3122 3908 3423 3963 affectione
3456 3909 3634 3962 nimia
3665 3925 3754 3962 re-

2149 3993 2396 4065 petitum
2428 3997 2532 4051 est.
2567 3994 2690 4048 Non
2746 3994 2903 4049 enim
2938 3996 3117 4050 semel
3149 4012 3314 4067 orare
3343 3997 3572 4064 sufficit,
3602 3996 3758 4068 quod

2150 4082 2312 4138 valde
2358 4082 2663 4138 desiderat.
2698 4083 2766 4137 Et
2803 4083 3053 4139 Ostendit
3083 4084 3236 4139 unde
3294 4102 3412 4140 non
3443 4086 3759 4157 gaudeant,

2153 4187 2286 4227 cum
2316 4171 2499 4235 addit,
2525 4171 2740 4226 scilicet
2776 4188 2789 4226 :
2844 4172 2973 4226 Non
3000 4172 3184 4227 dicant
3230 4175 3286 4227 in
3315 4174 3556 4228 cordibus
3593 4176 3699 4228 suz's
3736 4192 3755 4228 :

441 4264 646 4318 rentur
657 4277 776 4317 non
790 4234 1243 4325 adversantes,et
1255 4234 1764 4314 sic—inexcusabiles
1775 4258 1953 4314 addit.
1987 4260 2055 4314 Et
2076 4234 2129 4294 D
2151 4259 2325 4330 Euge,
2353 4277 2479 4330 euge
2506 4263 2701 4315 anima;-
2737 4268 2946 4316 nostrae.
2983 4261 3146 4325 Quod
3173 4265 3257 4316 est
3282 4262 3472 4318 dicere
3507 4281 3519 4318 :
3546 4264 3630 4318 Illi
3660 4262 3758 4335 qui

373 4362 381 4371 ’
444 4350 707 4424 quamvis
728 4365 935 4406 omnes
954 4346 1591 4419 adversentur,quidam
1613 4347 1945 4416 annuunt,id
1968 4351 2055 4402 est

442 4441 639 4496 favent
651 4436 1157 4503 oculismeis.Quod
1168 4440 1255 4493 est
1268 4436 1763 4493 dicerezFaventes
1773 4440 1906 4493 sunt
1920 4440 2054 4492 ante

446 4528 640 4585 oculos
666 4543 849 4595 meos,
880 4527 940 4583 id
964 4530 1053 4583 est
1094 4525 1155 4581 in
1172 4525 1484 4598 praesentia
1496 4541 1647 4594 mea,
1671 4525 1772 4581 sed
1785 4541 1916 4580 cum
1937 4541 2056 4580 non

442 4620 580 4673 sunt
597 4618 732 4672 ante
749 4617 1123 4685 me,multum
1138 4614 1598 4683 adversantur,vel
1613 4621 1857 4669 annuunt
1872 4615 2054 4681 oculis,

445 4706 602 4762 idest
624 4704 942 4762 secundum
973 4709 1201 4778 gestum
1229 4705 1529 4760 oculorum
1559 4720 1949 4773 suorum,non
1969 4720 2058 4759 se-

444 4794 701 4853 cundum
730 4794 918 4851 carnis
934 4796 1320 4864 assensum,ut
1335 4792 1415 4848 illi
1441 4792 1538 4866 qui
1561 4791 2056 4865 dixerunt:<<Magi-

447 4887 585 4953 ster,
616 4883 829 4941 scimus
858 4883 993 4958 quia
1021 4899 1190 4939 verax
1223 4898 1302 4950 es,
1333 4884 1442 4937 etc.
1476 4900 1504 4931 ››
1542 4880 1740 4953 (Marc.
1784 4898 1881 4949 χιι,
1945 4883 2050 4952 14).

517 4973 764 5047 Exponit
773 4977 969 5029 autem
984 4988 1089 5045 per
1100 4969 1778 5042 praeteritum,quomodo
1792 4973 2056 5025 annuunt

443 5063 761 5120 sic:Verum
781 5063 868 5117 est
881 5061 1036 5134 quod
1052 5059 1179 5115 dico
1201 5059 1327 5114 illos
1340 5057 1485 5113 mihi
1498 5074 1776 5127 annuere,
1801 5060 2051 5130 quoniam

444 5152 579 5206 mihi
611 5151 821 5225 quidem
838 5150 1062 5221 paciﬁce
1093 5148 1460 5221 loquebantur,
1486 5154 1537 5202 et
1573 5147 2052 5225 loquentes_cogita-

446 5219 724 5294 bantdolos
741 5219 1045 5293 adversum
1068 5219 1166 5292 me
1182 5239 1351 5290 utme
1370 5235 1683 5307 perderent
1704 5220 1719 5305 I
1741 5219 2049 5305 O8etboe

443 5327 723 5381 iracundia
750 5332 906 5383 terra:
918 5342 1033 5380 sum
1049 5324 1406 5380 amittendae.
1432 5324 1757 5379 Metuebant
1777 5324 1931 5377 enim
1948 5340 2050 5394 per

440 5432 533 5471 me
556 5419 770 5470 terram
786 5414 1076 5481 amittere,
1102 5415 1187 5468 vel
1211 5414 1309 5479 sic,
1344 5429 1461 5468 non
1500 5413 1724 5467 inbona
1746 5411 1851 5477 ira,
1879 5413 1972 5465 sed
1994 5415 2046 5465 in

441 5503 716 5559 iracundia
737 5510 907 5571 terra,
942 5503 1002 5559 id
1017 5506 1101 5559 est
1115 5502 1358 5559 terrenis
1376 5502 1722 5575 pertinente,
1758 5515 1875 5557 non
1889 5501 2050 5577 spiri-

2153 4347 2361 4411 verbis,
2402 4351 2465 4403 ut
2510 4348 2768 4421 superius
2796 4348 3041 4417 ostendi,
3080 4348 3366 4418 dixerunt,
3396 4349 3570 4422 Euge.
3609 4368 3754 4421 euge,

2154 4453 2261 4490 non
2301 4436 2484 4492 dicant
2514 4437 2622 4492 hoc
2654 4439 2709 4490 in
2747 4437 3009 4505 cordibus,
3032 4438 3091 4493 id
3120 4440 3206 4493 est
3235 4441 3298 4493 ut
3326 4438 3654 4512 intelligant
3682 4438 3759 4495 sic

2156 4541 2297 4592 esse,
2332 4527 2395 4580 ut
2421 4522 2654 4580 vocibus
2686 4525 2906 4589 dicunt,
2940 4525 3041 4581 sed
3081 4543 3175 4582 me
3209 4531 3547 4601 resurgente
3577 4544 3758 4601 appa-

2155 4616 2325 4668 reant
2345 4612 2451 4669 sibi
2482 4614 2792 4669 mendaces
2816 4615 2874 4669 in
2905 4614 3259 4671 conscientia
3287 4633 3408 4683 sua,
3441 4616 3544 4671 etsi
3577 4616 3762 4671 verbis

2157 4700 2299 4756 illud
2330 4704 2568 4773 negent.
2604 4702 2866 4758 Ostendit
2897 4706 3094 4759 autem
3123 4704 3278 4759 unde
3305 4700 3406 4759 non
3439 4704 3621 4759 dicant
3640 4720 3765 4775 euge

2158 4807 2291 4847 cum
2323 4792 2483 4848 addit
2517 4791 2750 4859 scilicet,
2797 4808 2907 4847 non
2938 4792 3121 4848 dicant
3152 4794 3208 4846 in
3231 4792 3473 4846 cordibus
3496 4790 3765 4845 devorabi-

2156 4898 2272 4935 mus
2296 4898 2435 4949 eum,
2468 4880 2528 4936 id
2553 4884 2638 4936 est
2659 4899 2726 4936 ex
2756 4884 2878 4937 toto
2910 4881 3293 4937 destruximus
3306 4898 3377 4936 ne
3405 4883 3671 4952 resurgat
3691 4879 3764 4934 ad

2120 5018 2123 5023 .
2154 4969 2396 5025 modum
2416 4987 2558 5025 escae
2585 4987 2712 5042 qua.1
2735 4970 3059 5025 devoratur.
3079 4970 3220 5024 Nam
3249 4969 3293 5024 si
3316 4986 3514 5025 revera
3530 4970 3765 5041 possent

2151 5057 2342 5114 dicere
2367 5058 2753 5123 devorabimus,
2788 5058 2983 5129 utique
3012 5057 3271 5113 dicerent
3292 5075 3438 5128 euge,
3472 5061 3528 5112 et
3561 5056 3639 5110 sic
3670 5073 3761 5110 su-

2147 5147 2578 5219 pergauderent
2633 5146 2818 5201 milii:
2872 5146 2996 5202 dico
3028 5163 3130 5200 non
3157 5145 3599 5217 supergaudeant,
3658 5144 3763 5199 sed

2148 5235 2451 5289 erubescant
2489 5235 2546 5289 in
2592 5237 2810 5291 bonum
2840 5241 2890 5289 et
2928 5240 3282 5300 rerereantur,
3320 5233 3375 5288 id
3405 5237 3490 5287 est
3515 5232 3763 5287 timeant

2150 5323 2587 5379 damnationem
2620 5324 2690 5377 de
2721 5324 2829 5377 hoc
2850 5322 3004 5395 quod
3035 5324 3183 5376 male
3207 5321 3527 5393 egeruntin
3558 5319 3761 5389 me,illi

2148 5416 2242 5485 qui
2263 5413 2607 5484 gratulantur
2627 5410 2993 5467 solummodo
3012 5410 3076 5464 de
3100 5410 3253 5465 mulis
3280 5413 3405 5464 meis
3435 5409 3605 5463 simul
3636 5409 3769 5464 cum'

2152 5502 2262 5559 illis
2290 5502 2387 5577 qui
2419 5505 2477 5558 et
2534 5502 2897 5576 gratulantur
2929 5501 2986 5557 et
3040 5502 3370 5573 operantur.
3412 5498 3567 5554 Multi
3598 5498 3758 5557 enim
