4008 6030
187 299 296 362 '18!

1170 293 1526 360 EXPOSITIO
1562 299 1632 358 IN
1668 293 2002 358 PSALMOS.
2041 325 2112 340 --
2147 289 2342 356 PSAL.
2379 293 2551 355 XXXV

3413 291 3520 358 782

195 428 362 484 fuere
395 425 770 500 gratulantes,
807 424 905 500 qui
935 425 1076 482 nihil
1109 425 1330 500 operati
1356 427 1510 481 sunt.
1537 425 1702 491 Quod
1725 426 1812 480 est
1831 429 1885 487 Α
1911 425 2120 495 potest.
2147 422 2294 480 Nam
2325 421 2555 496 iniquus
2581 418 2723 478 dixit
2742 423 2801 476 ut
2829 415 3118 494 delinquat,
3149 417 3208 478 id
3219 421 3304 477 est
3317 422 3517 480 statuit

199 517 415 584 dicere,
443 520 500 571 et
533 517 611 570 illi
639 515 1054 588 erubescantqui
1091 515 1311 587 operati
1341 517 1492 582 sunt,
1527 516 1584 568 et
1601 512 1698 586 qui
1719 528 1808 567 so-

196 605 506 660 lummodo
535 603 832 676 gratulati.
1329 590 1334 595 ”

268 693 601 749 Notandum
625 697 840 760 autem,
861 692 1016 766 quod
1029 709 1148 748 non
1163 707 1267 764 pro
1281 689 1572 757 omnibus,
1592 689 1692 744 sed
1704 704 1807 760 pro

195 782 488 838 salvandis
509 785 656 848 orat,
673 781 926 854 alioquin
951 781 1301 834 infructuose
1321 776 1811 848 oraret.Superius

195 887 335 926 vero
351 871 502 926 istud
520 871 673 926 idem
691 869 999 938 oravit,sed
1011 886 1076 924 ex
1091 867 1391 923 affectione
1405 867 1585 922 nimia
1604 865 1812 938 repeti-

193 964 324 1015 tum
347 959 588 1028 est,dico
607 959 912 1015 erubescant
927 964 978 1012 et
994 959 1412 1024 revereantur,et
1430 972 1548 1010 non
1577 970 1806 1026 parum,

191 1048 298 1102 sed
311 1048 604 1102 induantur
619 1045 1007 1118 confusioneﬁd
1020 1049 1102 1100 est
1113 1046 1184 1100 ad
1203 1045 1444 1100 modum
1457 1042 1710 1115 corporis
1725 1041 1810 1096 in-

192 1137 321 1192 duti
335 1137 490 1208 quod
509 1135 752 1191 vestibus
767 1133 1575 1202 circumdatur,erubescentia
1586 1135 1645 1188 et
1655 1147 1810 1186 reve-

194 1224 391 1278 rentia
417 1223 868 1291 circumdentur,
895 1227 952 1277 et
975 1223 1033 1277 in
1057 1221 1255 1276 anima
1271 1225 1330 1276 et
1354 1221 1414 1274 in
1434 1219 1811 1291 corpore.Qui

193 1312 439 1382 maligna
462 1311 912 1383 loquuntursuper
923 1328 1025 1378 me,
1049 1311 1107 1366 id
1127 1314 1212 1365 est
1227 1310 1296 1364 de
1315 1327 1430 1375 me,
1459 1312 1516 1364 et
1534 1309 1610 1362 sic
1631 1307 1810 1380 paeni-

192 1401 379 1454 teant.
406 1400 474 1452 Et
507 1415 571 1452 ex
612 1399 874 1470 Opposita
892 1399 1149 1454 exsultent
1163 1404 1212 1451 et
1233 1398 1493 1464 la’tentur,
1516 1398 1612 1467 qui
1628 1395 1808 1450 volunt

190 1488 465 1558 justitiam
481 1488 734 1548 meam,id
753 1491 837 1542 est
853 1486 1334 1540 resurrectionem
1355 1502 1482 1556 quas
1500 1483 1644 1538 mihi
1653 1483 1805 1554 juste

193 1575 510 1648 contingit,
542 1575 830 1646 discipulis
861 1573 1272 1648 scilicet.rQ_ugd
1315 1573 1452 1626 dicit
1481 1572 1735 1626 exsultent
1757 1575 1807 1624 et

193 1644 446 1717 laetentur
468 1644 945 1734 pra-posteratum
963 1665 1048 1716 est
1087 1647 1103 1731 I
1297 1660 1460 1724 Quod
1475 1664 1560 1715 est
1578 1676 1641 1714 ac
1662 1658 1706 1712 si
1726 1657 1807 1712 di-

1913 514 2072 586 prius
2091 514 2150 568 in
2169 513 2341 568 corde
2361 528 2464 568 suo
2486 519 2546 566 ut
2573 512 2866 584 delinquat,
2899 513 2956 565 et
2985 527 3103 566 non
3129 527 3198 566 ex
3217 513 3517 568 necessita-

1909 605 1967 657 te
2007 601 2382 674 providentia:
2433 600 2663 667 divinae,
2693 601 2782 655 vel
2811 616 2880 655 ex
2933 599 3265 655 necessitate
3295 604 3516 657 natura

1913 708 2050 760 sua,
2082 692 2182 746 sed
2225 692 2336 746 hoc
2363 693 2451 745 est
2491 692 2547 744 in
2581 690 2874 760 semetipso,
2897 688 2955 744 id
2977 691 3081 755 est,
3099 688 3182 743 sui
3205 687 3353 760 juris
3381 693 3466 744 est
3497 705 3513 746 :

1913 783 2102 850 potest
2152 780 2260 835 hoc
2290 795 2358 833 ex
2387 778 2568 834 libero
2611 777 2846 832 arbitrio
2894 776 3085 832 facere
3113 779 3172 833 et
3200 775 3515 838 dimittere.

1909 867 2061 922 Nihil
2092 883 2232 938 ergo
2265 865 2400 922 inde
2431 865 2783 937 culpandum
2814 868 2916 933 est,
2947 865 3056 922 nisi
3085 867 3230 939 ipse.

1982 956 2280 1020 Quzereret
2307 955 2546 1027 aliquis:
2582 954 2695 1010 Cur
2721 969 2859 1024 ergo
2891 953 3214 1026 delinquit?
3257 955 3515 1027 Respon-

1909 1045 2108 1100 detur:
2137 1045 2282 1108 Quia
2300 1061 2406 1098 non
2435 1050 2510 1098 est
2537 1045 2697 1098 timor
2721 1042 2830 1097 Dei
2853 1042 2913 1097 in
2947 1043 3067 1106 illo,
3100 1045 3416 1100 secundum
3437 1047 3516 1100 ef-

1905 1133 2120 1189 fectum
2153 1133 2365 1192 scilicet
2393 1133 2577 1187 Timor
2602 1131 2728 1188 dico
2755 1138 2878 1186 ante
2901 1133 3074 1188 oculos
3097 1132 3210 1203 ejus
3251 1136 3512 1206 proposi-

1906 1226 2017 1289 tus,
2069 1225 2204 1277 ante
2243 1223 2436 1277 oculos
2478 1220 2668 1276 cordis
2697 1219 2929 1287 scilicet,
2965 1220 3101 1275 etin
3133 1221 3242 1276 hoc
3271 1227 3512 1295 apparet

1907 1311 2064 1382 quod
2104 1327 2209 1366 non
2260 1317 2334 1364 est
2391 1311 2550 1364 timor
2577 1308 2684 1363 Dei
2717 1308 2777 1363 in
2809 1325 2899 1376 eo,
2933 1308 3010 1364 sic
3041 1311 3104 1364 ut
3131 1325 3266 1365 eum
3291 1327 3510 1368 cessare

1907 1399 2103 1466 faciat,
2136 1401 2392 1472 quoniam
2413 1397 2585 1452 dolose
2614 1397 2748 1468 egit,
2783 1399 2840 1450 et
2859 1397 2966 1452 hoc
2992 1399 3047 1451 in
3075 1405 3349 1470 conspectu
3375 1401 3510 1471 ejus.

1907 1487 2072 1552 Quod
2088 1489 2173 1541 est
2193 1485 2412 1541 dicere:
2431 1484 2595 1549 Quod
2624 1484 2744 1558 ipse
2773 1484 3070 1556 conspicit,
3092 1486 3228 1542 licet
3243 1487 3512 1546 homines

1904 1577 2101 1643 lateat,
2142 1576 2200 1628 et
2242 1573 2320 1627 sic
2351 1573 2546 1630 dolose
2579 1573 2718 1644 egit,
2769 1579 2832 1626 ut
2875 1575 3198 1642 inveniatur,
3231 1575 3290 1630 id
3318 1577 3512 1634 estita

1903 1667 1968 1718 ut
1993 1663 2352 1734 intelligatur
2383 1663 2455 1716 ab
2489 1661 2697 1716 eodem
2714 1660 2836 1732 ipso
2859 1663 3113 1734 iniquitas
3135 1663 3267 1734 ejus,
3291 1679 3412 1720 esse
3441 1665 3513 1720 ad

192 1755 292 1806 cat
318 1769 331 1805 :
355 1751 824 1814 Latentur,etnon
839 1749 1174 1820 parum,sed
1189 1748 1529 1817 exsultent,id
1551 1751 1635 1803 est
1656 1747 1804 1800 mul-
1829 1747 1880 1804 B
1902 1751 2084 1806 odium
2111 1751 2263 1822 apud
2303 1751 2486 1805 Deum
2513 1765 2526 1817 ;
2557 1748 2714 1820 quod
2744 1751 2829 1803 est
2856 1765 2920 1803 ac
2942 1749 2988 1803 si
3021 1750 3203 1805 dicat:
3234 1751 3378 1807 Vere
3403 1770 3510 1808 non

191 1843 326 1894 tum
373 1840 658 1900 laetentur,
710 1838 798 1892 vel
846 1839 940 1908 qui
967 1837 1149 1890 volunt
1175 1837 1448 1907 justitiam
1478 1853 1667 1902 meam,
1714 1833 1807 1888 in-

193 1931 481 2000 quantum
515 1928 749 1996 possunt
781 1925 1014 1979 imitari.
1047 1925 1114 1978 Et
1140 1924 1244 1996 ipsi
1283 1926 1379 1996 qui
1399 1924 1576 1977 volunt
1611 1938 1806 1993 pacem

189 2017 338 2070 servi
361 2015 494 2086 ejus,
525 2013 583 2068 id
621 2018 706 2067 est
742 2030 944 2085 pacem
1003 2017 1286 2067 aeternam
1327 2011 1584 2082 adipisci,
1629 2026 1805 2082 quam

190 2121 305 2174 ego
333 2103 456 2174 jam
475 2102 680 2169 habeo,
701 2102 799 2172 qui
822 2119 947 2156 sum
969 2118 1163 2156 servus
1183 2102 1324 2172 ejus,
1349 2100 1560 2154 scilicet
1574 2099 1804 2154 Domini

191 2191 380 2246 Patris
405 2190 722 2245 secundum
739 2207 995 2256 carnem,
1019 2190 1075 2244 id
1097 2193 1181 2244 est
1203 2206 1307 2262 per
1327 2189 1528 2244 omnia
1547 2187 1654 2259 ipsi
1675 2187 1806 2242 obe-

194 2279 390 2345 diens,
417 2277 609 2332 dicant
631 2281 688 2331 et
713 2294 812 2332 ore
835 2281 892 2330 et
921 2277 1220 2332 affectione
1243 2281 1301 2332 et
1317 2293 1522 2349 opere;
1543 2275 1806 2330 Dominus

191 2367 565 2437 magni/icetur
593 2382 713 2420 sem
723 2381 844 2436 per,
872 2365 930 2419 id
947 2370 1032 2420 est
1053 2365 1321 2420 laudetur
1341 2365 1411 2420 de
1430 2363 1804 2435 generatione

193 2455 259 2509 in
291 2453 754 2525 generationem,
796 2454 854 2508 in
904 2455 1276 2508 conversione
1321 2453 1598 2518 ﬁdelium,
1633 2456 1692 2507 et
1743 2453 1806 2506 in

199 2545 359 2598 bona
389 2542 727 2614 operatione
763 2557 986 2596 eorum.
1014 2543 1081 2595 Et
1110 2541 1152 2595 si
1183 2540 1592 2595 exsultaverint
1623 2541 1806 2610 lingua

195 2647 338 2697 mea,
373 2631 432 2684 id
452 2635 538 2684 est
565 2646 828 2685 meorum
853 2629 1219 2696 meditabitur,
1238 2629 1296 2682 id
1318 2631 1403 2682 est
1416 2645 1546 2683 cum
1563 2628 1806 2699 diligen-

197 2719 282 2773 tia
315 2719 570 2790 prot‘eret
597 2723 653 2772 et
678 2717 1014 2788 praedicabit
1042 2717 1165 2771 aliis
1174 2717 1446 2786 justitiam
1473 2716 1705 2784 tuam,id
1725 2718 1812 2771 est

197 2823 377 2878 quam
399 2807 587 2878 justus
619 2805 792 2860 fueris
819 2805 877 2859 in
905 2807 1034 2870 hoc,
1069 2805 1222 2876 quod
1248 2822 1340 2858 me
1356 2805 1504 2859 bene
1533 2805 1812 2877 promeri-

203 2899 335 2950 tum
360 2895 725 2961 resuscitasti,
753 2898 809 2948 et
841 2901 951 2947 tota
981 2893 1086 2956 die,
1104 2893 1163 2948 id
1189 2897 1274 2947 est
1291 2894 1513 2964 jugiter
1531 2893 1810 2947 meditabi-

200 2991 291 3037 tur
317 2983 526 3038 laudem
561 2991 726 3050 tuam,
775 2983 833 3037 id
856 2985 947 3041 est
979 2999 1112 3036 cum
1145 2981 1446 3052 diligentia
1477 2980 1813 3053 praedicabit

199 3073 330 3127 aliis
359 3076 417 3128 et
449 3089 546 3127 ore
595 3077 651 3127 et
698 3073 966 3143 exemplo
1009 3074 1073 3124 ut
1103 3071 1340 3124 laudent
1368 3073 1424 3124 te
1451 3071 1810 3136 omnimode,

201 3161 372 3226 Quod
403 3160 539 3216 dicit
565 3159 1082 3223 meditabitur,idem
1109 3161 1194 3212 est
1215 3175 1278 3212 ac
1295 3156 1341 3212 si
1360 3161 1538 3229 ponat
1567 3158 1810 3230 diligen-

200 3253 294 3303 ter
323 3247 705 3313 enuntiabit,a
721 3245 1100 3300 similitudine
1117 3245 1268 3299 bene
1283 3246 1813 3318 meditantium,qui

201 3337 348 3392 nihil
377 3340 594 3390 temere
612 3334 958 3389 dicunt.Non
985 3336 1180 3387 autem
1206 3333 1810 3403 poniturmeditabitur,

198 3429 266 3480 ut
299 3423 605 3496 discipulos
629 3421 898 3477 meditari
921 3424 1237 3492 oporteret,
1259 3421 1327 3474 de
1362 3421 1495 3491 ipsis
1525 3421 1813 3492 discipulis

200 3513 363 3569 enim
392 3511 662 3582 legiturzu
685 3511 866 3565 Nolite
889 3509 1142 3581 cogitare
1167 3509 1303 3580 quid
1323 3509 1811 3580 loquamini,netc.

203 3601 414 3674 (Matth
467 3617 520 3664 x,
557 3604 665 3661 l9.)
695 3599 791 3653 Vel
823 3598 868 3652 si
900 3598 973 3652 ad
999 3597 1140 3652 alios
1171 3597 1368 3651 fideles
1386 3597 1688 3663 referatur,
1711 3612 1812 3667 p0-

200 3693 314 3744 test
345 3686 462 3742 dici
493 3687 860 3754 meditabitur,
885 3685 942 3740 id
970 3689 1054 3740 est
1085 3685 1360 3739 meditate
1387 3685 1662 3756 proferet,
1697 3701 1815 3740 non

200 3780 444 3832 temere.

674 3863 742 3916 IN
787 3863 1112 3918 PSALMUM
1156 3863 1344 3916 XXXV.

272 3952 492 4006 Titulus
531 3950 809 4022 trigesimi
863 3951 1069 4021 quinti.
1115 3949 1181 4002 In
1213 3950 1375 4019 ﬁnem
1419 3967 1564 4002 servo
1596 3949 1822 4004 Domini

204 4041 389 4095 David
418 4041 688 4094 Psalmus.
725 4039 889 4103 Quod
921 4038 996 4092 sic
1029 4037 1332 4108 exponitur
1365 4054 1378 4092 :
1433 4039 1688 4092 Psalmus
1712 4038 1816 4094 iste

206 4129 609 4186 attribuendus
632 4131 718 4181 est
745 4144 906 4182 servo
939 4126 1189 4190 Domini,
1214 4126 1266 4180 id
1284 4131 1369 4180 est
1387 4126 1617 4180 cuilibet
1637 4127 1814 4193 fideli,

205 4220 301 4291 qui
333 4221 508 4290 prout
532 4219 715 4287 potest
738 4233 959 4270 servum
988 4232 1044 4268 se
1077 4215 1208 4268 fecit
1230 4214 1652 4281 Domini;serv0
1667 4215 1814 4281 dico,

204 4283 474 4361 existenti
504 4283 677 4360 David
711 4304 769 4358 in
797 4305 994 4365 iidem,
1020 4303 1076 4356 id
1103 4307 1208 4363 est,
1227 4303 1322 4372 qui
1345 4319 1521 4355 manu
1541 4303 1704 4356 fortis
1733 4305 1817 4356 est
1841 4283 1890 4340 D

206 4397 265 4450 in
281 4393 969 4466 perseverantia,viriliter
981 4392 1206 4460 agendo
1225 4393 1426 4444 contra
1445 4389 1733 4444 diabolum
1760 4393 1818 4444 et

205 4482 360 4536 vitia.
395 4479 751 4535 lntenditliic
767 4479 948 4533 fidelis
974 4478 1215 4549 quilibet
1237 4477 1476 4546 injustas
1502 4494 1559 4528 se
1590 4477 1660 4530 de
1683 4494 1815 4548 pec-

205 4570 349 4624 catis
375 4574 728 4634 excusantes,
763 4572 820 4622 et
849 4569 1074 4638 culpam
1089 4583 1250 4618 suam
1267 4564 1586 4618 necessitati
1610 4565 1816 4618 divinae

206 4657 586 4729 providentim
614 4657 990 4710 altrilmentes
1016 4654 1381 4708 convincere:
1409 4668 1524 4706 non
1545 4653 1815 4722 ponendo

207 4747 334 4816 ipsa
367 4746 540 4799 verba
571 4745 936 4814 injuslorum,
957 4741 1055 4795 sed
1087 4745 1289 4795 contra
1319 4757 1414 4793 eos
1447 4739 1694 4810 agendo:
1727 4755 1815 4793 os—

209 4832 458 4888 tendens
475 4833 939 4903 quodpeccatum
961 4846 1136 4885 omne
1161 4845 1272 4883 non
1294 4845 1327 4880 a
1355 4827 1592 4892 Oeo,sed
1611 4827 1815 4881 aliberi

213 4919 438 4974 arbitrii
474 4919 750 4974 abusione
781 4919 1060 4989 procedit.
1092 4915 1476 4971 Commendat
1515 4913 1688 4968 etiam
1717 4915 1816 4968 Dei

211 5006 695 5073 misericordiam,
721 5006 838 5059 sine
871 5023 984 5076 qua
1017 5021 1190 5059 nemo
1219 5003 1502 5074 perfectus
1533 5003 1678 5056 effici
1714 5019 1815 5072 po-

209 5099 344 5163 test,
377 5112 504 5167 quas
539 5095 712 5148 etiam
739 5093 827 5147 hic
856 5098 914 5146 et
939 5093 1120 5147 bonus
1150 5094 1208 5145 et
1231 5091 1412 5144 malos
1437 5090 1820 5161 corporalisa-

211 5187 353 5251 lule,
389 5185 588 5238 salvat.
618 5181 753 5253 Agit
777 5197 1004 5252 quoque
1034 5181 1104 5234 de
1127 5181 1412 5234 bonorum
1447 5178 1818 5242 beatitudine,

133 5285 136 5287 ‘
212 5289 320 5344 pro
353 5289 468 5344 qua
498 5269 869 5342 adipiscenda
895 5271 1036 5322 orat.

285 5361 444 5414 Dixit
471 5359 716 5429 injustas,
748 5363 805 5409 ut
824 5356 1094 5426 delinquat
1112 5357 1164 5408 in
1197 5358 1466 5426 semetipso
1491 5371 1505 5422 ;
1547 5353 1708 5427 quasi
1734 5354 1820 5408 di-

214 5453 341 5505 cat:
377 5447 623 5511 Quidam
648 5461 706 5500 se
729 5447 1082 5511 excusantes,
1109 5443 1305 5498 dicunt
1322 5459 1379 5498 se
1397 5460 1464 5498 ex
1487 5441 1822 5498 necessitate

219 5552 480 5613 peccare,
513 5535 613 5590 sed
645 5549 818 5590 nemo
851 5533 1270 5588 rationabiliter
1301 5533 1436 5588 inde
1467 5549 1526 5587 se
1555 5548 1822 5588 excusare

1905 1845 1986 1893 est
2017 1841 2176 1893 timor
2203 1838 2308 1891 Dei
2321 1837 2380 1891 in
2408 1837 2552 1908 ipso.
2571 1836 2717 1891 Nam
2739 1836 2817 1890 sic
2835 1835 3008 1891 dolose
3035 1839 3159 1908 egit,
3179 1839 3511 1910 quodintel-

1904 1927 2040 1982 lexit
2059 1926 2426 1998 iniquitatem
2452 1941 2614 1980 suam
2647 1923 2780 1980 odio
2808 1941 2930 1980 esse
2960 1927 3077 1981 Deo
3103 1943 3118 1993 ;
3149 1927 3382 1998 exponit
3403 1945 3505 1984 au-

1905 2018 2025 2070 tem
2050 2015 2416 2086 iniquitatem
2443 2014 2490 2085 ej
2501 2031 2564 2068 us
2585 2029 2689 2084 per
2708 2017 2900 2086 partes
2911 2013 2988 2069 sic
3009 2031 3021 2069 :
3043 2013 3268 2071 Diceret
3282 2017 3505 2090 aliquis,

1905 2104 2044 2176 quid
2082 2104 2220 2160 dicis
2251 2103 2618 2175 iniquitatem
2655 2103 2684 2159 ‘l
2723 2105 3158 2177 Respondetur:
3199 2105 3373 2160 Verba
3402 2111 3509 2162 oris

1903 2194 2015 2265 ejus
2034 2195 2286 2265 iniquitas
2301 2199 2352 2245 et
2376 2192 2546 2259 dolus,
2571 2191 2932 2247 intransitive
2952 2192 3170 2248 dictum
3188 2196 3274 2248 est
3298 2211 3312 2262 ;
3353 2197 3510 2266 quod

1907 2283 1992 2336 est
2023 2281 2250 2336 dicere:
2285 2281 2494 2336 Dolosa
2523 2279 2680 2333 verba
2702 2281 2808 2334 oris
2823 2281 2934 2351 ejus
2967 2284 3101 2336 sunt
3125 2284 3378 2354 iniquitas
3399 2300 3417 2336 :
3449 2287 3510 2338 et

1903 2370 2014 2424 hoc
2033 2373 2118 2424 est
2128 2367 2554 2440 iniquitas,quia
2571 2369 2746 2423 noluit
2761 2369 3046 2438 intelligere
3082 2375 3143 2424 ut
3165 2371 3287 2426 bene
3311 2379 3510 2442 ageret,

1905 2459 1963 2514 id
1977 2461 2062 2512 est
2086 2457 2271 2512 noluit
2290 2455 2650 2511 intellectum
2666 2473 2837 2528 quem
2852 2457 3510 2516 habebatbenefaciendi

1907 2545 1981 2599 ad
2011 2545 2120 2599 hoc
2159 2543 2470 2610 deducere,
2501 2549 2562 2596 ut
2589 2544 2711 2598 bene
2739 2549 2934 2614 ageret.
2980 2545 3177 2600 Nullus
3197 2547 3341 2603 adeo
3371 2548 3510 2603 bru-

1906 2635 1997 2686 tus
2025 2635 2110 2686 cst
2134 2635 2191 2686 et
2221 2631 2500 2702 stupidus,
2535 2629 2632 2702 qui
2652 2631 2802 2686 bene
2836 2632 3129 2702 agendum
3153 2650 3274 2688 esse
3291 2652 3408 2690 non
3432 2637 3517 2692 in-

1907 2719 2148 2792 telligat.
2183 2719 2261 2774 Et
2290 2720 2625 2791 iniquitatem
2661 2719 2946 2774 meditatus
2972 2727 3049 2774 est
3081 2723 3137 2774 in
3187 2723 3352 2778 cubili
3394 2743 3512 2795 suo,

1908 2809 1968 2863 id
1997 2811 2084 2862 est
2111 2807 2170 2862 in
2196 2807 2370 2862 corde
2391 2823 2513 2862 suo.
2549 2807 2706 2878 quod
2736 2805 2920 2861 cubile
2952 2807 3159 2863 dicitur
3183 2826 3251 2866 eo
3274 2813 3432 2883 quod
3455 2815 3517 2869 in

1912 2912 1980 2950 eo
2012 2895 2272 2950 diabolus
2310 2895 2520 2948 cubet:
2579 2895 2639 2948 et
2679 2893 2788 2948 hoc
2827 2897 2912 2948 est
2941 2897 3212 2967 iniquitas,
3254 2899 3408 2969 quod
3438 2918 3521 2955 as-

1913 2985 2021 3037 titit
2041 2984 2190 3036 omni
2201 2999 2300 3036 me
2316 2998 2421 3035 non
2437 2979 2667 3047 bonae,id
2684 2983 2768 3035 est
2789 2979 3038 3036 libenter
3049 2983 3205 3038 stetit
3219 2989 3515 3056 operando

1913 3072 1972 3126 in
2003 3069 2166 3126 omni
2207 3085 2384 3140 prava
2412 3069 2658 3135 actione,
2699 3085 2828 3141 quia
2858 3072 2944 3124 est
2968 3070 3059 3124 via
3081 3087 3197 3126 non
3223 3073 3397 3142 bona,
3417 3077 3520 3132 sed

1913 3161 2086 3227 mala,
2116 3159 2190 3214 ad
2230 3161 2486 3213 mortem
2518 3157 2767 3212 ducens:
2800 3159 2890 3212 vel
2929 3142 2946 3228 I
3117 3161 3313 3229 astitit,
3345 3163 3404 3218 id
3434 3167 3522 3220 est

1912 3249 2348 3320 perseveranter
2358 3245 2534 3300 stetit.
2554 3246 2704 3300 Bene
2717 3245 2951 3317 quidem
2964 3263 3070 3318 per
3084 3247 3377 3307 similitudi
3385 3266 3521 3310 nem

1913 3335 2162 3409 operari,
2195 3327 2347 3390 stare
2369 3334 2593 3389 dicitur.
2639 3332 2793 3388 Sicut
2823 3351 3076 3408 namque
3102 3338 3340 3410 quilibet
3363 3341 3520 3398 ince-

1914 3423 2076 3488 dens,
2094 3424 2403 3493 postquam
2428 3437 2543 3493 quo
2570 3421 2851 3476 tendebat
2875 3425 3138 3492 pervenit
3158 3425 3234 3482 ibi
3259 3431 3408 3496 stat;
3444 3431 3523 3486 sic

1914 3513 1973 3564 et
2009 3509 2211 3580 aliquis
2238 3525 2342 3580 per
2364 3509 2582 3562 malam
2610 3509 3023 3580 cogitationem
3045 3513 3204 3584 prius
3225 3515 3520 3586 incedens,

1913 3601 2220 3670 postquam
2233 3596 2306 3651 ad
2321 3599 2513 3650 aclum
2534 3595 2814 3666 pervenit,
2843 3597 2920 3652 ibi
2941 3600 3221 3670 subsistit;
3239 3603 3350 3658 dixi
3368 3607 3524 3676 quod

1915 3685 2226 3750 invenitur,
2247 3683 2304 3738 id
2323 3686 2408 3738 est
2425 3682 2764 3754 intelligitur
2785 3686 3037 3756 iniquitas
3061 3689 3176 3758 ejus
3201 3690 3272 3743 ad
3291 3692 3474 3746 odium
3503 3711 3521 3748 :

1915 3773 2192 3828 Malitiam
2227 3778 2404 3825 autem
2434 3787 2541 3824 non
2576 3770 2762 3836 adivit,
2791 3771 2851 3825 id
2891 3776 2974 3826 est
3005 3772 3220 3829 scilicet
3256 3777 3386 3834 ideo
3416 3797 3525 3836 non

1917 3861 2083 3916 adivit
2105 3860 2286 3931 ipsam
2310 3859 2593 3924 malitiam,
2621 3858 2679 3913 id
2697 3861 2782 3912 est
2807 3857 3192 3930 iniquitatem.
3209 3865 3524 3937 Postquam

1919 3947 2170 4002 ostendit
2200 3947 2357 4018 quod
2381 3947 2622 4017 injustus
2649 3963 2765 4001 non
2786 3962 2854 4000 ex
2869 3947 3329 4018 necessitate,sed
3345 3971 3452 4024 per
3465 3973 3526 4011 se

1917 4037 2104 4108 ipsum
2119 4038 2336 4106 peccat,
2360 4033 2610 4089 ostendit
2627 4033 2784 4106 quod
2804 4035 2914 4090 hoc
2937 4037 3090 4106 quod
3108 4037 3525 4100 fidelescoelum

1918 4127 2051 4178 sunt
2073 4142 2139 4177 ex
2157 4121 2548 4177 misericordia
2569 4122 2668 4176 Dei
2682 4125 2788 4186 est,
2812 4122 2957 4176 sicut
2976 4124 3086 4178 dixi
3108 4127 3264 4198 quod
3286 4128 3530 4200 injustus

1917 4229 2045 4267 cum
2064 4211 2366 4282 delinquit,
2389 4210 2446 4263 in
2461 4209 2770 4288 semetipso
2791 4210 3092 4283 delinquit,
3119 4229 3152 4267 ο
3167 4213 3526 4284 Domine;sed

1917 4303 1971 4354 in
1985 4302 2104 4354 cu’lo
2118 4303 2200 4353 est
2217 4297 2582 4352 misericardia
2600 4305 2766 4351 tumet
2779 4300 3054 4365 veritas,id
3069 4303 3156 4355 est
3161 4302 3184 4372 j
3197 4303 3387 4358 ustitia
3402 4310 3520 4362 tua.

1918 4389 2082 4453 Quod
2107 4392 2190 4442 est
2215 4386 2542 4452 dicere,hoc
2555 4386 2709 4457 quod
2729 4387 2933 4457 aliquis
2945 4388 3318 4462 delinquit,ex
3337 4410 3395 4448 se
3414 4401 3520 4460 est,

1916 4477 2014 4530 sed
2036 4477 2140 4529 hoc
2154 4473 2308 4545 quod
2322 4473 2524 4543 aliquis
2537 4477 2622 4526 est
2637 4473 2841 4526 coelum
2853 4475 3044 4540 ,efﬁcit
3059 4478 3452 4538 misericordia
3465 4488 3540 4540 et'

1910 4561 2134 4634 justilia
2155 4561 2438 4631 tua;quasi
2462 4559 2762 4615 dicatzNon
2779 4561 2886 4616 hoc
2903 4580 2970 4617 ex
2987 4581 3053 4618 eo
3068 4569 3153 4619 est
3175 4583 3186 4621 :
3214 4567 3522 4627 illiserieor-

1917 4651 2004 4702 diu
2024 4657 2069 4702 et
2083 4651 2274 4702 reritas
2297 4649 2716 4719 dico,potentes
2740 4667 2897 4721 usque
2909 4652 2980 4704 ad
2997 4654 3154 4709 nubes
3169 4659 3520 4716 constituen-

1919 4737 2102 4804 das,id
2123 4739 2209 4790 est
2226 4752 2352 4806 quae
2372 4737 2562 4806 ipsum
2583 4738 2787 4792 coelum
2805 4742 3243 4808 possuntfacere
3259 4749 3523 4816 nubes,id

1917 4829 2001 4880 est
2029 4824 2432 4896 praedicatores
2445 4825 2540 4894 qui
2560 4825 2699 4879 alios
2717 4827 3152 4898 compluant,ad
3171 4833 3408 4888 modum
3422 4855 3526 4892 nu-

1917 4917 2079 4970 bium
2105 4918 2321 4966 terram
2365 4913 2841 4984 compluentium,
2877 4919 2935 4968 et
2952 4915 3170 4984 justitia
3201 4926 3314 4987 tua,
3349 4923 3405 4977 id
3437 4931 3524 4982 est

1909 5002 2050 5074 justi
2082 5000 2161 5054 tui
2193 5004 2326 5054 sunt
2345 5017 2448 5072 per
2468 5001 2738 5055 eamdem
2766 5001 3219 5059 misericordiam
3240 5011 3296 5060 et
3324 5012 3526 5070 verita.

1920 5095 2040 5146 tem
2064 5093 2202 5144 sicut
2223 5096 2422 5143 montes
2439 5089 2626 5156 Dei,id
2642 5092 2726 5144 est
2750 5106 2784 5144 a
2811 5093 2867 5142 te
2891 5091 3008 5145 Deo
3026 5093 3336 5152 constituti.
3361 5100 3527 5164 Quod

1921 5181 2008 5234 est
2039 5178 2250 5243 dicere,
2282 5180 2416 5232 sunt
2461 5177 2616 5231 firmi
2664 5177 2721 5230 in
2753 5177 3074 5245 virtutibus,
3109 5184 3166 5234 et
3193 5185 3424 5243 stabiles
3453 5193 3528 5248 ad

1921 5265 2164 5320 modum
2198 5266 2486 5320 montium
2517 5263 2901 5318 immobilium
2923 5282 2937 5334 ;
2961 5267 3049 5320 vel
3077 5273 3211 5324 sunt
3239 5275 3525 5346 refugium

1924 5354 2244 5420 minorum,
2275 5356 2515 5426 prepter
2535 5351 2897 5408 sanctitatem
2925 5371 3111 5422 suam,
3143 5356 3286 5414 sicut
3301 5369 3529 5424 montes

1922 5442 2216 5514 refugium
2239 5444 2371 5498 sunt
2389 5439 2731 5497 timentibus
2741 5445 2978 5513 propter
2992 5443 3102 5502 hoc
3119 5447 3252 5520 quia
3266 5450 3393 5509 loca
3406 5471 3529 5515 mu.

1923 5533 2045 5590 uita
2073 5534 2224 5588 sunt.
