3994 6042
522 306 626 363 783

1138 306 1195 365 S.
1237 308 1581 367 BRUNONIS
1621 308 2245 367 CARTHUSIANORUM
2288 309 2751 369 lNSTlTUTORIS
2793 312 2946 371 OPP.
2989 314 3168 372 PARS
3208 317 3229 372 Ι

3786 325 3901 382 ’784

597 432 892 498 Qumreret
919 431 1123 504 aliquis
1149 449 1163 487 :
1204 434 1345 488 Cum
1370 433 1557 505 justos
1587 434 1735 487 Deus
1758 432 1930 486 faciat
1956 449 2121 487 mon-
2146 439 2199 495 Α
2235 433 2537 487 Videbimus
2565 437 2620 488 te
2650 434 2823 488 lumen
2862 453 3083 503 verum,
3134 442 3649 512 contemplatione
3716 447 3902 519 spiri—

522 524 629 588 tes,
658 539 834 593 quare
862 521 1101 592 injustos
1139 539 1255 577 non
1299 522 1595 593 justiﬁcat,
1645 524 1708 575 ut
1752 520 1925 574 etiam
1956 520 2127 574 faciat

528 610 787 665 montes?
810 610 1226 683 Respondetur:
1252 611 1295 664 Ο
1311 612 1479 676 Deus,
1506 610 1628 664 hinc
1630 609 1843 679 judicia
1861 616 1953 661 tua
1974 609 2126 679 quod

524 699 771 770 injustos
808 700 1032 771 judicas
1088 717 1208 754 esse
1255 699 1665 771 repudiandos,
1729 702 1862 752 sunt
1913 698 2128 767 abyssus

521 791 711 856 multa,
744 789 801 843 id
829 791 914 843 est
936 789 1184 843 multum
1210 787 1516 859 profunda.
1548 786 1712 850 Quod
1731 789 1815 840 est
1831 785 2131 851 dicere,in-

534 877 865 933 scrutabilia
891 879 1025 931 sunt
1053 876 1126 931 ad
1152 876 1394 930 modum
1425 874 1610 946 abyssi
1638 873 2127 945 profundissimae,

529 967 691 1037 cujus
742 964 942 1036 nequit
984 966 1140 1018 meta
1170 963 1376 1034 attingi
1401 980 1415 1030 ;
1464 962 1598 1029 dixi,
1628 962 1783 1034 quod
1810 963 1873 1017 in
1897 962 2018 1016 ccelo
2046 965 2131 1016 est

526 1054 890 1110 misericordia
919 1060 1033 1120 tua,
1066 1056 1122 1107 et
1152 1052 1331 1106 etiam
1361 1052 1594 1105 homines
1613 1059 1661 1105 et
1665 1052 1939 1121 jumenta,
1962 1050 2020 1105 id
2045 1054 2130 1104 est

527 1147 587 1198 et
616 1143 742 1197 illos
771 1142 867 1214 qui
882 1139 1305 1195 rationabiliter
1324 1156 1382 1194 se
1399 1139 2019 1205 habentuthomines,id
2044 1142 2130 1192 est

517 1232 723 1303 justos,
759 1234 817 1285 et
860 1230 987 1285 illos
1016 1228 1113 1301 qui
1145 1228 1618 1283 irrationabiliter
1639 1231 1700 1282 ut
1719 1228 1988 1297 jumenta,
2021 1226 2125 1281 sci-

519 1320 655 1375 licet
683 1319 738 1373 in
740 1320 762 1390 j
772 1321 925 1373 ustos
940 1317 1189 1383 salvabis,
1214 1315 1914 1382 Domine,misericorditer
1930 1332 2128 1385 corpo-

519 1408 630 1465 rali
667 1407 1001 1474 salvatione,
1065 1405 1256 1459 dando
1288 1404 1368 1458 eis
1418 1404 1715 1458 saecularia
1780 1403 2121 1458 necessaria.

524 1498 697 1569 Ergo,
728 1514 764 1551 ο
798 1498 967 1563 Deus,
999 1492 1461 1566 quemadmodum,
1486 1491 1543 1546 id
1559 1496 1644 1545 est
1658 1491 1922 1563 qualiter,
1950 1492 2125 1545 multi-

505 1587 730 1659 plicain
784 1583 1202 1638 misericordiam
1254 1583 1442 1635 tuam?
1467 1580 1631 1644 Quod
1657 1584 1742 1635 est
1768 1580 1956 1635 dicere
1987 1580 2121 1635 inde

520 1677 782 1747 apparet,
816 1688 991 1744 quam
1014 1669 1395 1741 multiplicem
1410 1669 1623 1724 habeas
1644 1667 2119 1735 misericordiam;

2230 522 2387 575 luali.
2452 522 2615 577 Unde
2674 523 2831 578 idem
2864 524 2924 579 in
2958 526 3302 598 Evangelio:
3339 552 3366 579 ‹‹
3401 530 3510 594 Qui
3556 533 3738 589 videt
3772 553 3896 603 me,

2227 611 2382 664 videt
2412 615 2467 664 et
2511 611 2743 665 Patrem
2778 613 2962 682 (Joan.
2996 630 3109 679 χιχ,
3153 617 3225 684 9).
3262 638 3290 665 ››
3337 617 3481 673 Orat
3516 626 3748 677 autem
3783 643 3894 696 pro

2229 697 2352 769 ipsa
2378 698 2784 769 inebriatione,
2836 701 2915 755 sic
2951 702 3077 756 dico
3118 705 3531 761 inebriabuntur
3561 712 3685 779 ﬁlii
3714 714 3899 767 horni-

2228 803 2376 852 num,
2433 789 2489 840 et
2516 789 2577 840 ut
2608 787 2701 841 ine
2724 788 3011 856 brientur,
3030 793 3326 861 pra’tende,
3357 794 3622 865 Domine,
3654 799 3767 854 hic
3801 806 3899 856 mi-

2227 874 2565 928 sericordiam
2622 883 2769 929 tuam
2812 878 3091 932 scientibus
3146 886 3214 946 te,
3248 880 3308 935 id
3338 885 3425 936 est
3456 884 3897 945 misericordia

2226 965 2325 1016 tua
2339 961 2773 1018 innocentesfac
2789 964 2967 1019 ﬁdem
2990 982 3095 1038 erg
3111 984 3145 1021 a
3168 972 3225 1023 te
3235 969 3364 1039 jam
3379 970 3706 1043 habentes,
3738 994 3895 1033 non-

2229 1051 2369 1104 dum
2406 1053 2603 1104 tamen
2644 1052 3003 1108 innocentes.
3033 1053 3111 1108 Et
3131 1056 3212 1109 his
3237 1059 3334 1128 qui
3358 1064 3500 1114 recto
3529 1070 3666 1116 sunt
3687 1067 3883 1135 corde,

2220 1154 2345 1208 jam
2364 1137 2702 1194 innocentes
2714 1141 2987 1211 praetende
3006 1142 3279 1213 justitiam
3321 1152 3493 1215 tuam,
3514 1148 3579 1203 id
3611 1155 3706 1205 est
3739 1160 3886 1210 ante

2228 1226 2673 1281 inebriationem
2697 1228 2876 1296 illam,
2908 1232 2971 1283 ut
2996 1229 3069 1284 ad
3092 1230 3250 1286 illam
3278 1234 3591 1303 pervenire
3616 1242 3881 1311 possint,

2228 1313 2300 1367 da
2330 1313 2412 1367 eis
2434 1314 2719 1384 justitiam
2752 1317 3013 1380 tuam,id
3042 1321 3128 1373 est
3154 1320 3544 1391 eosjustifica.
3587 1326 3775 1390 Quod
3794 1336 3880 1386 est

2226 1417 2291 1455 ac
2304 1402 2351 1455 si
2373 1402 2555 1456 dicat:
2580 1404 2708 1458 Illos
2739 1420 2806 1459 ex
2834 1405 3022 1472 nobis,
3057 1407 3155 1478 qui
3182 1407 3533 1465 innocentes
3548 1431 3678 1470 non
3703 1422 3871 1485 sunt,

2225 1488 2563 1545 innocentes
2578 1490 2686 1559 fac,
2711 1494 2771 1545 ut
2793 1496 2919 1563 post
2932 1493 3413 1565 justiﬁcentur,et
3433 1499 3514 1554 sic
3528 1504 3870 1562 salventur.

2222 1578 2565 1633 Innocentes
2616 1596 2845 1652 quoque
2886 1582 3157 1652 justifica,
3215 1588 3273 1639 et
3327 1587 3407 1640 sic
3438 1590 3863 1650 salvabuntur.

2222 1666 2535 1737 Postquam
2573 1673 2767 1724 autem
2820 1671 2959 1724 recti
3011 1673 3184 1727 corde
3252 1674 3493 1745 erimus,
3530 1696 3644 1734 non
3678 1688 3865 1738 veniat

512 1764 623 1819 hoc
640 1765 835 1817 autem
867 1758 1205 1815 admirative
1224 1757 1447 1813 dicitad
1465 1756 1695 1811 laudem
1718 1755 2121 1811 misericordia:
2146 1767 2196 1825 Β
2220 1755 2373 1817 mihi,
2403 1772 2509 1810 nec
2539 1755 2649 1811 illis
2680 1776 2795 1827 pes,
2830 1758 2887 1813 id
2948 1763 3031 1813 est
3062 1761 3292 1816 affectio
3335 1766 3622 1835 superbia,
3666 1774 3737 1825 ut
3796 1773 3853 1827 in

512 1851 635 1907 Dei.
671 1849 792 1905 Dixi
826 1849 981 1920 quod
1009 1847 1238 1901 salvabis
1287 1845 1388 1900 tali
1445 1844 1755 1899 salvatione
1813 1846 2045 1899 homines
2073 1851 2123 1898 et

500 1941 835 2013 jumenta,ct
848 1938 1119 2009 jumenta
1138 1936 1358 1990 nullam
1391 1933 1564 1989 aliam
1586 1932 2119 2005 quierentsalvatio-

518 2044 686 2096 nem;
703 2028 808 2097 ﬁlii
834 2032 1010 2080 autem
1033 2024 1329 2090 hominum,
1352 2022 1410 2077 id
1438 2024 1523 2076 est
1538 2020 1617 2075 illi
1635 2021 1732 2092 qui
1751 2020 2121 2075 rationabiles

515 2121 650 2173 sunt
681 2119 745 2171 ut
770 2112 1059 2179 homines,
1084 2112 1142 2166 id
1159 2114 1245 2166 est
1261 2109 1911 2182 justi,sperabuntaliam
1939 2110 2117 2164 salva-

509 2207 755 2272 tionem,
786 2204 1039 2258 futuram
1066 2200 1298 2267 scilicet,
1354 2199 1523 2270 positi
1555 2201 1610 2252 in
1657 2200 1880 2268 tegmine
1909 2199 2118 2252 alarum

512 2304 749 2362 tuarum,
788 2292 848 2347 id
878 2296 963 2345 est
987 2290 1045 2344 in
1070 2288 1431 2361 protectione
1463 2287 1707 2342 duarum
1739 2287 1956 2359 legum,
1990 2303 2117 2358 quas

510 2383 713 2442 solatio
744 2379 1165 2438 sententiarum
1193 2393 1427 2433 suarum
1448 2378 1761 2448 protegunt
1773 2391 1891 2442 eos,
1924 2392 1996 2429 ne
2018 2375 2115 2429 de-

508 2474 706 2529 ﬁciant
731 2472 791 2526 in
824 2467 1112 2541 prosperis
1140 2469 1240 2521 aut
1266 2466 1323 2520 in
1353 2464 1703 2531 adversis,ad
1734 2465 1974 2518 modum
2002 2465 2118 2519 ala-

507 2579 642 2619 rum
672 2558 941 2625 volueris,
975 2574 1103 2630 qua:
1134 2557 1447 2627 protegunt
1462 2554 1645 2625 pullos
1664 2553 1737 2608 ab
1758 2556 1900 2607 aestu
1919 2556 1975 2607 et
1990 2554 2112 2625 plu-

520 2650 629 2718 via;
656 2650 746 2704 vel
768 2648 879 2703 sic:
912 2645 1161 2712 Domine,
1197 2646 1253 2697 in
1290 2642 1410 2698 caelo
1439 2640 1798 2697 misericordia
1844 2647 1934 2695 tua
1965 2641 2108 2695 erit:

508 2739 724 2798 scilicet
754 2740 811 2793 et
835 2736 1027 2808 ipsum
1056 2733 1265 2789 coelum
1286 2730 1665 2785 constituetur
1691 2746 1759 2783 ex
1784 2729 2114 2785 hominibus

510 2832 570 2884 et
609 2825 911 2899 jumentis,
966 2823 1027 2879 id
1056 2826 1142 2878 est
1188 2837 1256 2875 ex
1281 2819 1654 2891 sapientibus,
1678 2821 1736 2873 et
1764 2818 1913 2873 bene
1944 2818 2115 2873 ratio-

507 2916 813 2982 nabilibus,
848 2912 946 2985 qui
993 2910 1123 2966 ideo
1152 2908 1417 2965 homines
1441 2908 1534 2962 hic
1562 2910 1858 2975 vocantur,
1916 2909 1973 2960 et
2014 2908 2110 2978 ju-

511 3005 747 3072 mentis,
774 3019 843 3057 ex
872 2999 1110 3056 rudibus
1133 2996 1349 3053 scilicet
1376 2999 1435 3052 et
1462 2995 1818 3069 simplicibus
1841 3012 1947 3050 nec
1964 2997 2111 3050 mul-

504 3099 632 3151 tum
679 3088 1137 3155 rationabilibus,
1190 3086 1287 3159 qui
1340 3084 1471 3140 ideo
1497 3085 1767 3156 jumenta
1812 3088 2109 3139 vocantur.

501 3185 654 3256 Ergo
678 3177 1139 3255 quemadmodum,
1178 3177 1288 3230 etc.
1351 3175 1480 3229 Haec
1523 3190 1640 3228 non
1692 3175 2011 3228 mutantur.
2046 3174 2115 3227 Et

512 3288 633 3328 non
661 3269 850 3326 solum
875 3267 985 3321 hoc
1014 3263 1334 3330 habebunt,
1366 3264 1430 3316 ut
1457 3264 1591 3315 sunt
1643 3263 1851 3318 coelum
1878 3261 1983 3331 ﬁlii
2012 3279 2110 3315 au-

504 3367 609 3415 tem
645 3359 941 3421 hominum,
990 3352 1052 3408 id
1096 3354 1181 3407 est
1227 3349 1441 3405 scilicet
1493 3348 1601 3422 ipsi
1624 3350 1750 3420 jam
1781 3350 1987 3405 coelum
2012 3350 2117 3419 ﬁlii

503 3447 779 3502 hominum
806 3442 1131 3507 existentes,
1162 3438 1225 3493 id
1268 3440 1354 3493 est
1382 3436 1774 3506 rationabiles,
1809 3440 1866 3492 in
1887 3441 2113 3509 tegmine

502 3537 713 3592 alarum
741 3540 958 3587 tuarum
998 3527 1170 3602 positi
1196 3527 1476 3599 sperabunt
1503 3526 1676 3582 aliam
1712 3528 2107 3583 salvationem.

504 3626 575 3681 Et
604 3625 726 3679 haec
757 3638 875 3676 non
908 3619 1229 3682 mutantur,
1258 3615 1384 3670 dico
1414 3615 1700 3686 sperabunt
1729 3615 1904 3669 aliam
1930 3616 2109 3671 salva-

502 3713 747 3779 tionem,
780 3708 993 3765 scilicet
1021 3705 1339 3777 sperabunt
1368 3703 1639 3758 inebriari
1669 3704 1736 3758 ab
1766 3705 2001 3759 ubertate
2023 3705 2113 3759 do-

504 3820 622 3857 mus
642 3808 765 3855 tuae:
786 3802 843 3852 et
869 3812 1070 3851 revera
1094 3793 1521 3859 inebriabuntur,
1555 3790 1614 3845 id
1648 3795 1732 3846 est
1762 3791 1989 3863 copiose
2019 3808 2109 3845 re-

504 3891 818 3965 plcbuntur
846 3886 915 3941 ab
972 3885 1229 3951 ubertate,
1282 3881 1340 3936 id
1367 3883 1453 3935 est
1483 3897 1517 3935 a
1559 3881 1725 3952 cepia
1771 3880 1954 3935 domus
1986 3888 2108 3947 tuae,

505 3980 721 4035 scilicet
747 3972 1104 4033 beatitudine
1117 3987 1290 4044 quam
1307 3970 1525 4024 habent
1551 3969 1630 4023 illi
1649 3968 1743 4041 qui
1765 3970 1887 4040 jam
1906 3968 2110 4023 suntin

508 4071 684 4125 domo
710 4070 830 4127 tua,
861 4062 1215 4118 Hierusalem
1236 4058 1468 4115 caelesti.
1492 4060 1644 4115 Bene
1670 4075 1804 4113 vero
1830 4058 2115 4129 ponitine—

511 4153 822 4209 briabuntur
850 4163 954 4219 per
968 4144 1430 4211 similitudinem,
1446 4142 1505 4197 id
1526 4145 1629 4209 est,
1644 4143 1721 4197 sic
1738 4144 2115 4214 replebuntur

508 4246 573 4299 ut
601 4239 790 4297 omnis
820 4241 1053 4292 terrena
1084 4232 1424 4288 sensualitas
1462 4232 1535 4286 ab
1567 4230 1648 4286 eis
1679 4232 2015 4300 expellatur,
2040 4231 2114 4285 ad

2134 3045 2181 3105 C

2223 1843 2389 1897 nobis
2420 1861 2486 1898 ex
2511 1846 2851 1900 rectitudine
2872 1846 3175 1917 gloriando
3194 1866 3556 1908 corruamus.
3574 1857 3687 1911 Pes
3710 1876 3854 1915 vero

2220 1947 2327 2002 pro
2340 1932 2639 1988 affectione
2654 1935 2981 2004 ponitur,eo
3005 1939 3159 2008 quod
3184 1938 3415 1994 animus
3436 1944 3858 2005 affectionibus

2221 2021 2539 2092 gradiatur.
2568 2022 2643 2076 Et
2675 2041 2883 2091 manus,
2912 2024 2969 2078 id
3005 2030 3092 2079 est
3120 2027 3395 2098 impulsio
3444 2038 3857 2106 suggestionis

2209 2110 2594 2179 peceatoris,id
2624 2114 2709 2165 est
2739 2111 2974 2179 diaboli,
3002 2117 3468 2174 antonomastice
3496 2127 3852 2194 peccatoris,

2219 2199 2303 2253 vel
2330 2199 2645 2269 peccatoris
2701 2200 3023 2271 cujuslibet,
3057 2221 3163 2256 non
3196 2215 3407 2261 moveat
3436 2226 3519 2264 me
3548 2229 3658 2266 nec
3690 2214 3852 2283 illos,

2219 2303 2253 2339 a
2269 2287 2423 2341 bono
2444 2287 3045 2359 proposito,quoniam
3066 2295 3263 2347 autem
3289 2296 3562 2351 manibus
3583 2299 3850 2372 impelli-

2218 2390 2376 2428 mus:
2410 2391 2618 2429 manus
2648 2392 2752 2447 pro
2776 2376 3124 2449 impulsione
3151 2381 3413 2450 ponitur,
3442 2386 3521 2438 ibi
3552 2388 3745 2456 enim,
3792 2392 3850 2445 id

2218 2465 2302 2516 est
2350 2462 2409 2516 in
2451 2464 2740 2536 superbia,
2793 2466 3090 2521 ceciderunt
3137 2467 3195 2522 in
3232 2469 3708 2539 damnationem,
3752 2484 3854 2551 qui

2216 2557 2498 2622 operantur
2535 2546 2866 2624 iniqititatem
2896 2554 3267 2626 incessanter,
3300 2558 3361 2613 id
3382 2565 3469 2616 est
3500 2563 3719 2620 diaboli
3747 2546 3847 2622 z—et

2216 2638 2343 2694 ideo
2371 2641 2585 2713 expulsi
2611 2644 2744 2695 sunt
2772 2642 2843 2696 de
2863 2644 3027 2709 coelo,
3048 2662 3139 2698 nec
3157 2653 3454 2716 potuerunt
3468 2656 3674 2721 postea
3692 2662 3845 2711 stare

2215 2730 2273 2781 et
2312 2728 2433 2799 ipso
2475 2730 2638 2791 coelo,
2683 2731 2770 2785 vel
2816 2731 2916 2794 sic,
2972 2733 3048 2785 ibi
3073 2734 3372 2789 ceciderunt
3419 2742 3516 2810 qui
3540 2750 3842 2811 operantur

2215 2818 2569 2888 iniquitatem,
2600 2818 2784 2873 Adam
2812 2822 2868 2873 et
2907 2820 3038 2884 Eva,
3072 2825 3129 2875 et
3172 2823 3297 2894 ejus
3339 2827 3700 2897 conformes,
3736 2833 3836 2905 qui

2214 2905 2399 2959 adhuc
2434 2905 2492 2959 in
2525 2908 2942 2962 successoribus
2992 2914 3308 2980 operantur
3335 2912 3735 2986 iniquitatem,
3779 2923 3837 2974 et

2214 2992 2343 3048 ideo
2370 2994 2571 3065 expulsi
2604 3002 2724 3048 sunt
2780 2996 2852 3050 ab
2882 2996 3220 3079 innocentia
3251 3003 3310 3055 et
3339 3001 3476 3069 vita,
3520 3022 3612 3059 nec
3636 3014 3831 3078 potue-

2213 3088 2336 3135 runt
2366 3085 2567 3153 postea
2592 3091 2732 3139 stare
2765 3083 2823 3138 in
2855 3100 2924 3139 ea
2956 3102 3061 3157 per
3098 3103 3178 3150 se,
3212 3087 3323 3143 nisi
3360 3091 3462 3146 Dei
3488 3095 3680 3162 gratia
3710 3114 3835 3152 suc-

2213 3175 2498 3226 currente.

2675 3262 2744 3316 IN
2770 3262 3098 3320 PSALMUM
3137 3267 3310 3323 XXXV
3312 3270 3354 3323 Ι.

2280 3347 2499 3404 Titulus
2536 3349 2812 3406 tricesimi
2871 3352 3032 3408 sexti.
3074 3353 3326 3412 Psalmus
3385 3360 3488 3430 ipsi
3525 3361 3711 3417 David
3742 3368 3826 3420 at-

2213 3435 2578 3502 tribuendus,
2611 3439 2670 3493 id
2718 3442 2803 3494 est
2843 3440 3068 3497 Christo
3098 3459 3111 3497 :
3168 3446 3255 3499 vel
3295 3446 3341 3501 si
3372 3448 3640 3506 dicamus
3674 3453 3830 3507 Psal-

2211 3542 2326 3579 mus
2381 3526 2564 3582 David
2601 3529 2964 3585 solummobo
3000 3531 3163 3602 juxta
3211 3536 3492 3605 quosdam
3547 3542 3829 3612 exposito-

2211 3630 2322 3679 res,
2376 3615 2485 3669 erit
2540 3631 2646 3670 vox
2694 3616 2965 3687 perfecta!
2998 3620 3280 3677 Ecclesiae.
3339 3625 3706 3683 Adhortatur
3738 3631 3825 3685 hic

2213 3702 2486 3765 Christus,
2516 3706 2600 3758 vel
2620 3705 2886 3768 Ecclesia,
2917 3706 3266 3778 simpliciora
3279 3714 3570 3782 membra,
3600 3734 3677 3772 ne
3694 3735 3823 3774 cum

2210 3792 2459 3846 viderint
2486 3792 2695 3864 impios
2718 3793 2775 3847 in
2808 3794 2916 3848 hoc
2940 3797 3159 3852 mundo
3187 3797 3417 3863 ﬂorere,
3445 3805 3503 3856 et
3529 3805 3717 3861 bonos
3733 3825 3826 3880 0p-

2211 3878 2409 3948 primi,
2432 3879 2750 3934 irascantur
2780 3881 2935 3945 inde,
2953 3885 3210 3954 putando
3229 3887 3317 3940 vel
3345 3890 3528 3945 Deum
3543 3878 3821 3963 injustuin

2212 3983 2353 4035 esse,
2405 3968 2492 4021 vel
2524 3984 2615 4022 res
2670 3970 2994 4025 mundanas
3022 3988 3141 4027 non
3167 3990 3389 4039 curare,
3425 3995 3617 4051 neque
3651 3984 3825 4039 velint

2213 4071 2330 4122 eos,
2364 4054 2499 4127 quia
2523 4058 2754 4124 ﬂorent,
2790 4058 2849 4113 in
2876 4060 3253 4131 malignando
3271 4063 3618 4129 imitari,sed
3637 4072 3826 4142 potius

2213 4143 2336 4196 haec
2361 4145 2581 4199 occulta
2604 4146 2702 4200 Dei
2712 4146 2931 4216 judicia
2958 4148 3248 4220 patienter
3265 4153 3817 4215 sustineant.Osten-

2216 4230 2300 4285 dit
2327 4248 2555 4304 quoque
2577 4234 2651 4288 ad
2663 4235 2800 4306 quid
2820 4235 3136 4306 impiorum
3149 4241 3407 4313 prosperi
3416 4245 3820 4312 tas,bonorum

511 4330 754 4386 modum
785 4323 1098 4387 ebriorum,
1126 4320 1222 4393 qui
1248 4319 1515 4375 omnibus
1537 4318 1684 4373 curis
1702 4319 1947 4390 expediti
1962 4323 2112 4373 sunt.
2138 4329 2191 4387 D
2216 4336 2349 4374 vero
2381 4321 2698 4377 deventura
2725 4323 2797 4377 sit
2812 4325 3141 4389 adversitas,
3174 4328 3456 4385 admonet
3489 4349 3592 4388 eos
3623 4340 3819 4393 utnon

512 4415 758 4490 Exponit
778 4416 975 4469 autem
990 4410 1159 4465 istam
1190 4409 1512 4464 ubertatem
1533 4407 1760 4461 siczdico
1778 4408 2116 4462 inebriabun-

515 4515 603 4562 tur
624 4508 682 4560 et
704 4505 813 4559 hoc
832 4518 936 4573 per
959 4504 1035 4556 te.
1064 4500 1146 4553 Tu
1169 4496 1323 4553 enim
1332 4496 1544 4567 potabis
1558 4513 1661 4563 eos,
1679 4495 1736 4549 id
1753 4499 1837 4549 est
1861 4496 2115 4563 satiabis,

516 4600 740 4650 torrente
768 4590 1048 4659 voluptatis
1081 4594 1204 4652 tute,
1246 4584 1306 4639 id
1327 4588 1414 4638 est
1433 4583 1753 4638 delectabili
1784 4584 1968 4655 gloria
1996 4586 2113 4652 tua,

514 4699 643 4757 quae
668 4682 817 4736 bene
841 4681 1069 4732 torrens
1102 4673 1328 4739 dicitur,
1347 4672 1405 4726 id
1435 4674 1521 4726 est
1551 4671 2042 4726 abundantissime
2057 4677 2118 4727 ut

512 4776 761 4834 torrens,
788 4766 875 4820 vel
930 4763 1223 4835 depellens
1272 4759 1471 4816 omnia
1500 4760 1738 4815 adversa
1767 4778 1800 4814 a
1832 4760 2115 4829 ﬁdelibus,

514 4859 587 4915 ad
617 4856 859 4913 modum
875 4851 1166 4918 torrentis,
1234 4849 1290 4904 ui
1316 4864 1447 4902 cum
1471 4847 1692 4919 impetu
1708 4848 1894 4903 ﬂuens
1922 4849 2120 4904 omnia

514 4944 803 5003 obstantia
833 4939 1088 5007 depellit,
1276 4920 1292 5007 Ι
1352 4937 1419 4990 Et
1448 4951 1580 4989 vere
1628 4938 1828 5006 potare
1855 4953 1953 4991 eos
1985 4936 2118 4991 inde

514 4944 803 5003 obstantia
833 4939 1088 5013 depellit,
1163 4923 1179 5008 I
1276 4920 1292 5007 Ι
1352 4937 1419 4990 Et
1448 4951 1580 4989 vere
1628 4938 1828 5006 potare
1855 4953 1953 4991 eos
1985 4936 2118 4991 inde

510 5040 694 5109 potes.
726 5032 990 5100 Quoniam
1043 5027 1186 5099 apud
1245 5032 1292 5079 te
1333 5032 1406 5079 est
1434 5025 1556 5094 fons
1602 5026 1722 5077 vita:
1772 5025 2043 5090 Christus,
2085 5043 2119 5080 a

512 5141 625 5197 quo
658 5127 885 5177 torrens
908 5120 1002 5174 ille
1032 5114 1292 5189 procedit
1315 5113 1496 5182 ;unde
1509 5113 1760 5167 Joannes
1785 5130 1797 5167 :
1827 5135 1854 5165 «
1878 5115 1938 5167 In
1963 5113 2117 5186 prin-

509 5212 657 5285 cipio
690 5211 816 5265 erat
842 5208 1081 5264 verbum
1107 5204 1283 5276 (Joan.
1319 5219 1357 5270 ι,
1385 5202 1461 5274 4).
1491 5222 1518 5250 ››

581 5301 726 5356 Cum
755 5301 948 5354 autem
979 5293 1297 5367 ponitapud
1328 5299 1395 5359 te,
1418 5291 1812 5346 diversitatem
1840 5308 2114 5363 persona-

506 5406 637 5447 rum
668 5387 873 5453 innuit,
898 5392 945 5440 et
974 5384 1264 5456 quia,fons
1292 5383 1415 5435 vita
1448 5382 1533 5434 est
1562 5379 1707 5449 apud
1733 5386 1798 5446 te,
1832 5382 1886 5433 in
1918 5380 2115 5436 lumine

508 5489 617 5543 tuo,
680 5476 734 5530 id
767 5474 941 5529 estin
991 5473 1126 5527 Filio
1168 5476 1287 5539 tuo,
1342 5469 1437 5542 qui
1492 5470 1576 5522 est
1606 5470 1800 5522 lumen
1835 5472 2018 5535 tuum,
2053 5474 2113 5525 ut

502 5568 757 5624 Joannes
772 5564 1046 5619 testatur:
1094 5561 1263 5615 «Erat
1305 5560 1399 5614 lux
1420 5560 1722 5622 vera,»etc.
1758 5558 1932 5631 (Joan.
1962 5576 2000 5628 1,
2034 5562 2109 5629 9,)

2216 4408 2276 4462 in
2306 4426 2386 4476 se,
2415 4410 2515 4464 sed
2546 4410 2603 4464 in
2656 4412 2902 4467 Domino
2951 4419 3188 4485 sperent
3242 4421 3302 4471 et
3349 4418 3732 4487 delectentur,
3767 4404 3852 4482 et.

2216 4496 2262 4549 si
2292 4497 2654 4568 peccaverint
2679 4499 2727 4554 ei
2745 4500 3040 4556 humiliter
3063 4504 3471 4571 confiteantur,
3493 4509 3573 4565 sic
3592 4513 3818 4570 veniam

2218 4583 2607 4655 impetrando,
2633 4588 2917 4657 justitiam
2947 4590 3355 4662 adipiscentur.

2288 4672 2417 4727 Non
2443 4674 2712 4739 aemulari,
2744 4676 2800 4731 id
2848 4680 2933 4732 est
2970 4678 3138 4734 irasci
3188 4683 3241 4734 in
3276 4683 3712 4754 malignantibus,
3761 4692 3817 4746 id

2219 4762 2303 4815 est
2340 4760 2398 4815 in
2416 4762 2875 4820 consideratione
2924 4768 3318 4838 prosperitatis
3346 4773 3817 4847 malignantium,

2219 4848 2462 4905 dicendo
2519 4852 2699 4906 Deum
2740 4852 2948 4925 injuste
2978 4855 3058 4910 eis
3109 4857 3218 4913 hoc
3247 4862 3603 4918 concedere:
3636 4865 3819 4939 Neque

2217 4938 2491 5009 zelaveris,
2536 4940 2596 4996 id
2657 4946 2742 4997 est
2768 4943 3051 5014 dilexeris,
3082 4950 3144 5000 ut
3174 4946 3417 5005 imiteris
3443 4952 3698 5021 facientes
3721 4938 3818 5010 ini-

2216 5029 2494 5099 quitatem.
2528 5029 2642 5084 Hoc
2674 5032 2943 5087 autemin
2975 5036 3349 5106 sequentibus
3380 5039 3622 5097 lucidius
3646 5044 3814 5109 dicet,
3962 5020 3963 5091 ι

2217 5114 2381 5171 dico:
2436 5116 2570 5173 Noli
2613 5121 2872 5175 aemulari.
2920 5121 3185 5187 Quoniam
3231 5136 3466 5181 arescent
3504 5132 3745 5187 velociter
3783 5153 3816 5190 a

2216 5202 2359 5260 ﬂore
2389 5206 2782 5280 prosperitatis
2809 5225 2924 5264 suta
2950 5226 3081 5265 cum
3100 5212 3442 5278 morientur,
3472 5224 3724 5290 tanquam
3739 5224 3816 5293 [e-

2215 5311 2345 5346 num
2374 5294 2700 5359 existentes,
2729 5297 2883 5368 quod
2922 5298 3033 5354 cito
3063 5301 3268 5357 arescit
3297 5320 3330 5357 a
3361 5304 3505 5358 ﬂore
3527 5307 3747 5373 viroris,
3766 5320 3813 5366 et

2214 5384 2314 5436 cito
2340 5383 2575 5438 decident
2597 5386 2667 5440 ab
2698 5385 2793 5441 illa
2806 5388 3208 5458 prosperitate,
3233 5391 3540 5449 existentes
3562 5403 3808 5469 tanquam

2213 5472 2357 5526 olera
2389 5473 2693 5543 herbarum,
2743 5476 2801 5531 id
2826 5480 2909 5531 est
2931 5478 3088 5532 olera
3117 5478 3338 5545 viridia,
3363 5498 3492 5553 quae
3524 5490 3680 5540 secta
3705 5487 3809 5544 cito

2214 5563 2829 5621 marcent.Notandum
2848 5566 3000 5640 quod
3016 5566 3328 5643 perfenum
3348 5569 3812 5632 denotanturmi-
