4008 6030
266 245 371 303 785

1229 242 1581 302 EXPOSITIO
1620 244 1688 300 IN
1728 242 2061 303 PSALMOS.
2099 277 2172 287 —
2207 244 2401 302 PSAL.
2441 244 2632 301 XXXVI

3484 251 3587 304 ’786

266 385 375 423 nus
423 366 642 423 divites.
678 369 786 421 Per
833 368 993 422 olera
1041 382 1173 421 vero
1226 366 1482 422 ditiores.
1532 366 1877 423 Pretiosiora
1905 370 2067 430 Aest
2115 366 2350 422 dicere:
2394 365 2927 422 Exhaaredabuntur
2978 384 3013 421 a
3056 371 3211 422 terra
3250 367 3584 434 viventium,

268 472 523 526 namque
555 456 688 509 feno
720 456 879 509 olera
906 458 1061 520 sunt,
1091 455 1228 508 dum
1263 458 1571 527 utrumque
1604 455 1661 509 in
1694 455 1879 510 virore

265 544 539 609 subsistit,
560 543 685 597 dico
710 544 822 598 noli
834 543 1100 609 aemulari,
1130 544 1230 598 sed
1264 561 1415 614 spera
1449 546 1504 597 in
1533 544 1785 610 Domino,
1821 543 1879 598 id

264 637 351 687 est
377 648 548 703 spera
578 634 800 686 aeterna
832 633 1005 699 bona,
1030 648 1157 703 qua:
1182 637 1316 686 sunt
1351 633 1407 686 in
1443 632 1712 698 Domino,
1745 633 1880 704 quia

264 736 396 792 spes
437 721 564 774 sine
596 735 770 790 opere
808 720 1184 790 praesumptio
1229 725 1334 788 est,
1364 721 1457 790 fac
1489 721 1796 787 bonitatem,
1821 720 1878 775 id

267 813 352 863 est
370 809 525 863 bona
551 824 749 880 opera,
766 818 823 862 et
843 810 1081 863 inliabita
1106 816 1301 864 terram
1316 808 1562 875 tuam,id
1585 812 1670 863 est
1698 809 1880 879 possi-

265 899 359 965 de,
395 902 451 952 et
479 914 637 968 rege,
667 901 724 952 et
745 898 894 951 bene
924 900 1119 953 excole
1156 899 1590 953 sensualitatem
1630 900 1878 953 terrenas

263 986 457 1040 carnis
484 989 618 1052 tuae,
646 986 960 1040 resecando
992 986 1128 1040 vitia
1159 990 1217 1040 et
1244 988 1397 1040 mala
1426 1001 1625 1056 opera,
1655 985 1729 1040 ad
1754 1002 1877 1040 mo-

265 1074 408 1128 dum
451 1073 593 1127 boni
647 1073 988 1128 habitatoris
1056 1075 1152 1146 qui
1214 1076 1368 1129 bene
1401 1073 1607 1128 excolit
1636 1077 1877 1140 terram,

263 1161 581 1216 resecando
613 1161 806 1233 spinas
836 1166 893 1216 et
918 1168 1126 1217 czetera
1157 1163 1383 1217 inutilia
1410 1170 1492 1215 :et
1515 1161 1557 1216 si
1590 1160 1877 1215 inhabita-

264 1248 436 1325 veris,
458 1251 715 1318 pasceris,
745 1249 802 1302 id
833 1254 917 1304 est
942 1250 1215 1325 reﬁciaris
1242 1249 1300 1302 in
1329 1250 1546 1315 anima,
1586 1250 1641 1301 in
1680 1248 1880 1302 divitiis

285 1320 301 1404 I
477 1337 590 1405 ejus
620 1341 824 1405 terrm;
867 1320 1085 1393 scilicet.
1133 1339 1191 1393 in
1234 1338 1501 1408 operibus
1530 1336 1718 1403 bonis,
1752 1352 1878 1406 quae

268 1425 591 1495 precedent
622 1427 692 1480 ab
726 1427 994 1481 exercitio
1028 1427 1179 1481 illius
1221 1430 1411 1481 terras.
1454 1428 1609 1480 Bene
1641 1424 1879 1496 quidem

268 1512 521 1581 positum
540 1516 909 1585 estpasceris;
945 1515 1088 1570 sicut
1114 1516 1268 1569 enim
1305 1514 1432 1570 cibo
1459 1530 1737 1586 corporeo
1755 1529 1878 1567 cor-

269 1616 377 1670 pus
402 1602 672 1670 pascitur,
696 1602 777 1656 ita
805 1603 972 1657 bonis
1003 1604 1272 1675 operibus
1294 1604 1490 1658 anima
1505 1602 1882 1673 saginatur,et

1982 472 2155 526 quam
2188 472 2246 509 se
2266 471 2624 525 possessuros
2653 454 3045 526 nequidquam
3068 459 3426 526 praesumunt
3443 456 3592 511 :Sus-

1980 546 2201 598 tinentes
2236 551 2414 598 autem
2458 543 2754 598 Dominum
2805 561 2872 598 ex
2917 542 3202 616 opposito,
3246 543 3304 597 id
3341 547 3425 597 est
3468 543 3589 597 sine

1980 648 2280 686 murmure
2310 633 2596 703 patientes
2614 631 2831 703 judicia
2856 630 3110 698 Domini,
3133 630 3230 702 qui
3250 630 3469 702 judicat
3497 631 3588 685 hic

1980 722 2164 775 malos
2197 721 2428 788 ﬂorere,
2451 724 2510 775 et
2538 721 2722 775 bonos
2762 719 3036 790 opprimi,
3067 721 3169 789 ipsi
3194 719 3291 791 qui
3323 719 3457 773 viles
3496 719 3586 772 hic

1979 807 2246 864 videntur
2276 813 2333 864 et
2365 808 2990 880 abjecti,havreditabunt
3021 815 3217 862 terram
3250 806 3583 862 viventium.

1980 896 2125 961 Quia
2150 914 2283 953 vero
2312 901 2602 969 posuerat,
2634 898 2943 951 sustinentes
2985 895 3279 950 Dominum
3306 895 3586 949 haeredita-

1982 984 2111 1039 bunt
2129 990 2348 1043 terram.
2372 1002 2445 1040 ne
2469 984 2702 1039 cuilibet
2738 985 3017 1039 sustinere
3047 984 3186 1039 illud
3226 987 3373 1038 esset
3391 983 3585 1049 tzedio,

1979 1073 2116 1127 dicit
2143 1075 2297 1144 quod
2325 1090 2534 1145 parum
2578 1073 2974 1128 sustinendum
3011 1074 3140 1140 erit,
3178 1072 3254 1126 sic
3298 1072 3410 1125 dixi
3454 1071 3588 1143 quia

1977 1168 2291 1217 sustinentes
2307 1163 2561 1217 haredita
2570 1162 2716 1216 bunt.
2735 1161 2810 1215 Et
2833 1161 2847 1215 i
2854 1161 2937 1232 psi
2951 1161 3124 1217 adhuc
3131 1161 3390 1231 pusillum
3421 1159 3585 1214 susti-

1979 1251 2220 1319 nebunt,
2262 1257 2311 1304 et
2347 1254 2476 1322 post
2516 1251 2625 1305 hoc
2662 1250 2942 1321 pusillum,
2975 1267 3082 1304 non
3128 1251 3226 1303 erit
3247 1255 3497 1320 peccator
3526 1247 3585 1301 in

1978 1338 2087 1393 hoc
2135 1342 2282 1393 statu
2338 1340 2396 1394 in
2446 1355 2560 1411 quo
2620 1357 2775 1394 nunc
2803 1342 2907 1406 est,
2940 1338 3153 1393 scilicet
3182 1338 3261 1392 ita
3289 1337 3501 1391 ﬂorens
3530 1340 3589 1390 et

1972 1426 2158 1497 justos
2183 1428 2519 1499 opprimens
2540 1431 2612 1510 μὶ
2641 1429 2840 1494 modo,
2872 1435 2921 1481 et
2945 1431 3006 1481 tu
3036 1426 3240 1498 aliquis
3266 1444 3464 1496 quan-es
3496 1441 3585 1479 ra-

1981 1515 2136 1569 tione
2169 1520 2225 1569 et
2253 1516 2583 1587 cognitione
2618 1519 2719 1570 tua
2760 1516 2933 1569 locum
2962 1516 3094 1585 ejus,
3119 1522 3168 1569 et
3196 1532 3303 1568 non
3336 1516 3584 1567 invenies.

1982 1603 2146 1667 Quod
2171 1608 2257 1658 est
2277 1603 2497 1658 dicere:
2527 1603 2583 1658 Si
2617 1608 2678 1658 tu
2703 1604 2926 1659 ratione
2950 1608 3008 1659 et
3036 1603 3416 1658 meditatione
3430 1619 3586 1673 quiu-

266 1688 531 1744 faciendo
561 1691 969 1758 bonitatem,ct
999 1692 1373 1746 inliabitando
1398 1696 1756 1757 terram,non
1782 1689 1880 1743 de-
1908 1683 1958 1740 B
1982 1692 2160 1759 sieris,
2193 1709 2266 1746 an
2296 1692 2593 1746 habiturus
2631 1692 2703 1747 sit
2758 1692 2838 1746 ibi
2883 1694 3073 1747 locum
3116 1690 3505 1760 superbiendi,
3533 1694 3591 1744 et

266 1776 496 1831 lecteris
522 1778 579 1832 in
610 1782 663 1833 te
697 1781 1066 1835 attribuendo
1100 1782 1203 1835 tibi
1227 1780 1498 1835 hoc:Sed
1515 1779 1773 1833 delectare
1810 1777 1880 1831 de

267 1865 391 1947 hoq
412 1868 465 1918 in
496 1867 751 1934 Domino,
811 1869 869 1923 id
919 1872 1004 1923 est
1044 1869 1319 1939 gaudium
1353 1872 1410 1922 et
1439 1866 1881 1922 delectationem

268 1954 418 2008 habe
454 1955 524 2009 de
551 1956 659 2010 hoc
689 1956 749 2010 in
782 1957 1052 2023 Domino,
1084 1958 1193 2011 hoc
1223 1954 1329 2028 ipsi
1359 1956 1808 2023 attribuendo,et
1836 1954 1881 2008 si

269 2041 501 2109 feceris,
529 2043 678 2098 dabit
710 2046 809 2098 tibi
827 2045 1176 2117 quandoque
1198 2052 1479 2115 petitiones
1500 2044 1670 2098 cordis
1691 2046 1791 2110 tui,
1824 2042 1882 2096 id

269 2133 378 2195 est,
430 2131 538 2185 hoc.
583 2132 739 2203 quod
768 2134 1056 2204 sperando
1088 2134 1231 2205 petit
1260 2150 1357 2188 cor
1378 2137 1541 2187 tuum
1569 2134 1722 2188 bona
1752 2131 1883 2186 aﬂ'e-

268 2217 482 2285 ctione,
514 2219 728 2274 scilicet
759 2225 976 2275 mterna
1003 2222 1173 2275 bona.
1199 2223 1263 2275 Et
1295 2222 1337 2275 si
1371 2222 1709 2294 peccaveris,
1727 2220 1882 2291 quod

269 2306 593 2361 humanum
627 2312 731 2375 est,
761 2309 930 2363 revela
960 2314 1243 2380 quantum
1276 2310 1345 2364 ad
1378 2314 1453 2376 te,
1484 2309 1740 2375 Domino,
1774 2309 1878 2361 bu-

269 2394 393 2447 mili
430 2396 810 2463 confessione,
844 2400 985 2450 viam
1018 2406 1184 2463 tuam,
1207 2414 1383 2469 quam
1403 2398 1529 2468 jam
1553 2398 1711 2451 novit
1744 2412 1877 2466 pro-

268 2482 403 2535 vida
432 2484 915 2551 consideratione,
946 2485 1002 2538 id
1035 2489 1120 2539 est
1149 2489 1449 2556 peccatum
1486 2487 1640 2556 quod
1667 2484 1757 2538 via
1781 2488 1880 2538 tua

1983 1782 2092 1836 bon
2103 1798 2166 1836 os
2182 1781 2696 1852 opprimendi,non
2711 1781 3192 1846 invenieslocum,
3213 1779 3269 1833 id
3287 1782 3589 1849 estoppor-

1981 1868 2290 1922 tunitatem
2323 1868 2463 1939 ejus.
2482 1871 2794 1939 Postquam
2811 1868 2967 1922 enim
2982 1883 3187 1922 aurum
3214 1867 3362 1920 bene
3387 1866 3590 1937 proba-

1981 1960 2105 2010 tum
2135 1961 2241 2023 est,
2272 1956 2470 2027 ignem
2493 1956 2551 2010 in
2582 1957 2814 2011 fornace
2838 1956 3040 2011 ardere
3065 1972 3181 2010 non
3204 1957 3289 2007 est
3318 1954 3590 2025 opportu-

1983 2060 2145 2099 num.
2168 2045 2265 2098 Vel
2293 2062 2491 2116 quaeres
2520 2045 2691 2098 locum
2728 2045 2861 2114 ejus,
2906 2043 2963 2097 id
2989 2047 3073 2097 est
3097 2042 3286 2097 statim
3312 2059 3384 2095 an
3410 2040 3485 2094 ibi
3517 2040 3590 2093 sit

1982 2149 2285 2187 mansurus
2302 2149 2434 2187 cum
2461 2133 2647 2203 justis,
2683 2136 2740 2187 et
2770 2148 2886 2186 non
2916 2130 3369 2186 invenies.Unde
3392 2128 3593 2194 Domi;

1983 2238 2088 2275 nus
2118 2220 2176 2275 in
2195 2222 2500 2293 Evangelio
2531 2221 2699 2276 dicit:
2737 2243 2764 2271 α
2792 2220 3040 2274 Exibunt
3065 2218 3265 2303 angeli
3279 2232 3593 2301 ct‘separa-

1979 2310 2121 2364 bunt
2136 2311 2318 2365 malos
2331 2311 2400 2365 de
2418 2309 3147 2391 mediojustowgﬁillatth.
3164 2337 3279 2386 xm,
3307 2319 3594 2385 49).»Βὶαο

1981 2399 2114 2470 (luta
2144 2398 2827 2479 peccatormhshebit
2852 2411 3071 2464 locum:
3105 2407 3378 2462 Mansueti
3419 2413 3596 2460 autem

1979 2486 2370 2566 Ιιίεζςᾷέὲίὴῆῐηι
2401 2506 2595 2552 terram
2626 2497 2958 2552 viventium.
2977 2498 3143 2552 Juxta
3172 2496 3312 2551 illud
3341 2497 3594 2566 Evange-

268 2573 420 2624 esset
450 2572 524 2624 ad
558 2576 831 2639 mortem,
866 2572 909 2627 si
939 2575 1260 2628 excusando
1294 2577 1372 2637 te,
1402 2574 1541 2628 illud
1569 2574 1879 2644 occultare;

1981 2572 2082 2641 iii:
2108 2610 2136 2637 «
2166 2587 2321 2641 Beati
2354 2587 2543 2654 mites,
2567 2586 2843 2660 quoniam
2864 2587 2969 2658 ipsi
2995 2578 3593 2658 possidebuntt’erram

269 2661 334 2710 ut
362 2659 567 2713 Adam.
602 2659 677 2713 Et
707 2662 1011 2716 revelando
1042 2680 1193 2732 spera
1234 2665 1287 2715 in
1334 2680 1390 2715 eo
1416 2662 1679 2757 ww};
1703 2680 1751 2726 et
1776 2658 1886 2743 ipse

265 2746 454 2835 faciet,
484 2748 543 2801 id
569 2753 655 2802 est
670 2750 985 2820 complebit
1004 2751 1158 2821 quod
1177 2746 1883 2835 SBQWa’ﬁisfetmostquam

268 2833 596 2904 indulserit,
620 2837 957 2920 justiﬁcabi}
990 2833 1323 2906 LQ/E‘tboc
1353 2852 1439 2903 est
1464 2852 1623 2903 extra
1647 2848 1880 2916 librum,

268 2923 370 2976 80d
402 2940 468 2977 ex
506 2926 881 3001 Seqllﬁ'fitibus
912 2936 1170 2990 innuitur
1203 2954 1332 2990 cum
1367 2937 1544 2991 dicit:
1577 2936 1653 2990 Et
1679 2938 1877 3004 educet,

267 3010 433 3075 ida-3':
463 3022 781 3077 notiticabi‘t
809 3024 932 3078 aliis
964 3024 1237 3095 justitiam
1259 3032 1407 3078 tuam
1433 3034 1687 3097 tanquam
1707 3025 1881 3079 lumen

274 3107 637 3177 existentem,
670 3111 729 3165 id
748 3112 928 3165 estita
953 3117 1212 3183 apertam
1241 3113 1408 3167 faciet
1429 3113 1572 3168 sicut
1592 3115 1787 3168 lumen
1820 3114 1880 3168 in

272 3198 550 3265 tenebris,
568 3203 631 3253 ut
648 3203 706 3254 et
722 3200 816 3253 alii
839 3202 1099 3272 exemplo
1124 3206 1218 3257 tuo
1234 3202 1517 3273 justitiam
1548 3208 1880 3274 operentur,

262 3283 431 3354 juxta
461 3285 603 3341 illud
647 3288 841 3342 Isaias:
892 3310 919 3338 «
976 3289 1204 3344 Orietur
1252 3290 1311 3343 in
1351 3291 1606 3345 tenebris
1644 3292 1736 3345 lux
1784 3295 1885 3345 tua

270 3371 421 3440 (Isai.
446 3390 599 3441 Lvm,
640 3378 743 3443 l0).
774 3395 805 3427 >>
834 3376 911 3431 Et
925 3377 1196 3446 judicium
1229 3385 1401 3446 tuum,
1436 3396 1548 3450 quo
1578 3383 1637 3432 tu
1662 3380 1885 3450 judicas

272 3462 331 3514 te
362 3464 424 3514 ut
448 3478 674 3517 servum
709 3465 826 3519 Deo
854 3468 911 3518 et
942 3465 1190 3520 Domino
1223 3465 1282 3519 in
1330 3467 1597 3520 omnibus
1625 3467 1881 3533 obedire,

271 3548 479 3603 educet
493 3557 749 3622 tanquam
780 3544 1253 3618 meridiem,idest
1284 3557 1549 3625 apertum
1562 3554 1732 3608 faciet
1762 3555 1885 3609 aliis

273 3635 344 3689 ad
358 3637 598 3692 modum
616 3640 876 3696 meridiei
889 3682 901 3706 ,
920 3643 982 3695 ut
1001 3644 1058 3694 et
1071 3641 1165 3695 alii
1183 3643 1445 3713 exemplo
1462 3639 1715 3697 tuo'illud
1728 3643 1882 3696 idem

264 3723 550 3793 judicium
564 3727 913 3782 habeant.Et
926 3745 1055 3782 cum
1078 3729 1156 3783 sic
1174 3729 1523 3797 educet,noli
1542 3730 1676 3785 inde
1694 3747 1886 3801 super-

270 3813 418 3881 bire,
469 3816 569 3870 sed
615 3817 855 3872 subditus
884 3826 989 3873 esto
1034 3819 1267 3873 Domino
1305 3820 1491 3890 magis
1517 3824 1574 3875 et
1600 3821 1806 3891 magis,
1835 3830 1884 3875 et

270 3920 367 3956 ora
397 3909 591 3959 eumut
621 3922 739 3960 non
770 3907 1019 3975 deficias,
1056 3908 1155 3962 sed
1204 3908 1392 3980 magis
1412 3908 1759 3979 justiﬁceris,
1790 3927 1882 3965 re-

270 3992 418 4064 petit
457 3996 653 4048 autem
684 3995 839 4066 quod
890 3995 950 4049 in
991 3995 1271 4068 principio
1312 3997 1520 4069 posuit,
1548 3999 1612 4051 ut
1642 3998 1884 4053 lucidius

272 4080 427 4135 dicat
456 4080 569 4136 sic:
605 4083 753 4154 Ergo
784 4083 920 4155 quia
952 4085 1157 4140 educet
1176 4084 1459 4157 justitiam
1490 4086 1633 4141 sicut
1660 4088 1879 4155 lumen,

272 4169 320 4223 si
351 4170 608 4224 subditus
640 4171 691 4224 ei
736 4171 933 4239 fueris,
976 4174 1088 4227 noli
1112 4173 1359 4227 :emulari
1384 4176 1441 4228 in
1471 4175 1618 4241 eo,id
1645 4178 1733 4229 est
1763 4176 1879 4229 noli

1984 2674 2205 2738 (Matth.
2241 2692 2295 2728 v.
2320 2676 2391 2742 5),
2412 2696 2439 2723 »
2473 2676 2581 2729 hoc
2607 2679 2799 2729 autem
2823 2674 3081 2746 superius
3098 2673 3287 2746 posuit
3312 2689 3442 2726 cum
3457 2670 3598 2725 dixit
3638 2720 3645 2729 κ

1984 2748 2332 2833 sustinentesl
2500 2763 2893 2817 haereditabunt
2925 2769 3143 2828 terram,
3168 2761 3268 2815 sed
3298 2758 3511 2830 repetit
3534 2762 3595 2812 ut

1985 2851 2178 2917 addat,
2231 2857 2280 2906 et
2332 2868 2464 2906 cum
2513 2852 2899 2906 lia'reditabunt
2954 2868 3070 2904 non
3117 2851 3175 2904 in
3215 2846 3594 2903 sollicitudine

1982 2939 2420 2992 Iza'rcditabunt:
2469 2939 2569 2993 sed
2612 2939 3012 2992 delectabantur
3054 2938 3115 2991 in
3164 2937 3261 2991 illa
3313 2939 3468 2989 terra
3530 2935 3593 2988 in

1980 3026 2321 3081 multitudine
2360 3030 2531 3098 pacis,
2586 3027 2646 3081 id
2696 3031 2782 3081 est
2810 3026 2870 3080 in
2905 3026 3088 3080 multa
3126 3040 3285 3097 pace.
3317 3023 3479 3086 Quod
3510 3026 3598 3077 est

1980 3114 2408 3169 lurreditabunt
2421 3118 2633 3169 terram
2651 3115 2806 3170 illam
2820 3131 2952 3168 cum
2967 3112 3345 3168 delectatione
3361 3116 3417 3164 et
3434 3127 3569 3182 pace
3580 3143 3594 3156 ι

1983 3203 2108 3257 Non
2142 3219 2276 3258 vero
2297 3203 2462 3274 ponit
2493 3203 2921 3258 multitudinem
2956 3202 3148 3273 pacis;
3181 3200 3337 3272 quod
3393 3200 3590 3252 multae

1984 3308 2151 3361 paces
2180 3291 2255 3346 ibi
2289 3295 2496 3346 futura:
2521 3292 2655 3354 sint,
2688 3292 2786 3346 sed
2819 3293 2953 3363 quia
2983 3308 3098 3345 una
3141 3308 3248 3363 pax
3279 3292 3497 3343 interna
3519 3287 3591 3341 de

1983 3380 2448 3435 tribulationibus
2460 3382 2673 3448 multis,
2693 3381 2809 3435 imo
2834 3380 2905 3435 de
2922 3380 3192 3435 omnibus
3211 3378 3564 3433 eisadlutura
3577 3417 3591 3443 ,

1985 3471 2042 3521 et
2069 3486 2172 3540 per
2216 3469 2325 3523 hoc
2366 3468 2561 3523 veniet
2589 3469 2662 3523 ad
2688 3469 2846 3522 illam
2873 3484 3099 3539 pacem,
3136 3467 3269 3538 quia
3295 3466 3385 3519 hic
3417 3465 3590 3518 obser-

1984 3556 2129 3609 vabit
2169 3565 2419 3627 peccator
2451 3557 2683 3627 justum,
2716 3556 2773 3610 id
2805 3559 2890 3610 est
2919 3554 3279 3610 insidiabitur
3317 3554 3495 3623 justo,
3530 3556 3593 3606 ut

1985 3643 2231 3715 decipiat
2306 3661 2461 3698 eum.
2523 3644 2599 3697 Et
2650 3644 2889 3698 stridebit
2943 3643 3185 3696 dentibus
3260 3659 3414 3711 super
3470 3657 3589 3693 eum
3682 3702 3685 3705 _

1985 3732 2300 3799 existendo,
2337 3732 2397 3786 id
2440 3736 2523 3786 est
2570 3732 2807 3786 habebit
2854 3732 3000 3784 iram
3052 3729 3498 3784 immoderatam
3531 3733 3589 3781 et

1985 3820 2439 3874 irrationabilem
2520 3819 2593 3873 ad
2673 3836 2806 3873 eum
2872 3816 3342 3889 opprimendum,
3422 3831 3585 3869 more

1984 3909 2320 3964 animalium
2351 3908 2793 3970 irrationalium,
2826 3923 2953 3977 quas
2984 3905 3127 3959 irata
3156 3904 3423 3958 dentibus
3464 3903 3588 3957 stri-

1983 3998 2152 4052 dent:
2186 4001 2243 4052 et
2269 4000 2418 4068 post,
2449 3995 2690 4067 gladium
2720 3996 3157 4065 evaginaverunt,
3190 3997 3294 4047 ctc.
3339 3993 3409 4047 L't
3432 3991 3584 4045 deci-

1983 4085 2145 4156 piant
2162 4103 2472 4157 pauperem,
2501 4087 2609 4139 etc.
2645 4085 2712 4138 Et
2739 4083 2848 4138 hoc
2877 4085 3064 4138 totum
3108 4085 3193 4135 est
3217 4097 3281 4134 ac
3310 4080 3353 4134 si
3385 4080 3535 4133 dicat
3567 4097 3580 4134 :

1983 4175 2090 4228 Per
2118 4173 2228 4228 hoc
2258 4173 2563 4229 devenient
2582 4173 2655 4227 ad
2680 4171 2839 4226 illam
2867 4187 3091 4242 pacem,
3126 4168 3281 4240 quod
3311 4168 3401 4221 hic
3454 4167 3587 4221 insi-

270 4257 438 4313 irasci
474 4259 533 4312 in
579 4260 1044 4316 consideratione
1066 4262 1210 4332 ejus,
1229 4266 1325 4334 qui
1340 4270 1687 4334 prosperatur
1707 4266 1762 4317 in
1791 4266 1878 4318 via
1899 4249 1952 4307 D
1981 4260 2294 4315 diabuntur
2325 4261 2403 4315 eis
2431 4264 2778 4332 peccatores,
2820 4262 2877 4315 et
2916 4260 3237 4314 stridebunt
3267 4258 3533 4313 dentibus
3569 4276 3581 4313 :

267 4364 389 4413 sua,
414 4347 628 4402 scilicet
673 4349 789 4403 noli
814 4350 981 4404 irasci
1008 4353 1063 4404 in
1088 4352 1299 4405 homine
1313 4352 1544 4421 faciente
1564 4352 1875 4422 injustitias,

270 4435 333 4490 id
365 4439 449 4491 est
479 4437 595 4491 noli
627 4437 789 4492 irasci
822 4438 881 4492 in
932 4439 1312 4511 prosperitate
1345 4440 1595 4495 hominis
1619 4441 1879 4496 facientis

273 4523 601 4595 injustitias,
635 4543 761 4598 quae
788 4530 959 4581 erunt
981 4528 1031 4582 ei
1063 4528 1153 4582 via
1182 4528 1254 4583 ad
1271 4531 1552 4583 mortem:
1581 4530 1679 4584 sed
1694 4531 1878 4600 potius

272 4613 450 4666 desine
478 4614 545 4667 ab
568 4616 650 4668 ira
682 4632 878 4686 parva,
911 4623 959 4670 et
989 4616 1289 4688 derelinque
1310 4617 1643 4688 furorem,id
1665 4622 1881 4673 estma-

271 4717 452 4771 gnam
509 4701 677 4757 iram.
730 4703 894 4767 Quod
946 4707 1032 4758 est
1075 4704 1305 4760 dicere:
1356 4705 1480 4759 Non
1506 4705 1720 4760 habeas
1744 4706 1879 4761 inde

269 4804 460 4859 neque
489 4806 723 4861 parvam
753 4807 940 4863 neque
962 4809 1237 4864 magnam
1253 4795 1420 4848 iram.
1450 4793 1677 4863 Repetit
1704 4794 1879 4849 etiam

270 4877 446 4931 aliam
478 4882 703 4949 partem
721 4896 894 4951 quam
926 4880 987 4935 in
1007 4880 1183 4952 priori
1211 4898 1374 4935 versu
1402 4880 1611 4953 posuit,
1635 4882 1878 4938 dicendo

272 4982 339 5019 ne
361 4966 627 5033 zelaveris,
661 4970 771 5024 etc.
806 4968 877 5023 Ut
898 4985 1093 5023 causas
1124 4960 1428 5042 supponat,
1463 4968 1574 5023 dixi
1594 4970 1879 5024 nolimu-

272 5055 400 5123 Iari,
424 5055 484 5110 id
515 5059 600 5110 est
630 5054 796 5110 irasci
820 5054 879 5111 in
916 5057 1154 5113 homine
1175 5058 1422 5113 faciente
1452 5058 1787 5129 injustitias;
1821 5065 1879 5116 et

274 5144 452 5200 etiam
486 5144 597 5198 noli
629 5145 895 5211 aemulari,
926 5146 984 5201 id
1012 5151 1098 5201 est
1132 5147 1347 5201 imitari
1390 5164 1522 5202 eum
1552 5146 1874 5216 hominem,

269 5240 335 5289 ut
357 5232 666 5303 maligneris
691 5235 953 5304 exemplo
998 5235 1139 5305 ejus,
1172 5239 1234 5289 ut
1268 5239 1325 5289 et
1356 5235 1618 5292 similiter
1642 5253 1876 5308 prospe-

270 5321 440 5375 reris.
490 5322 633 5377 Nam
660 5322 704 5376 si
735 5322 1084 5392 malignatus
1112 5324 1309 5391 fueris,
1343 5325 1496 5378 malo
1542 5329 1640 5378 tuo
1682 5324 1874 5379 facies.

347 5408 612 5475 Quoniam
631 5412 728 5482 qui
752 5410 1136 5480 malignantur,
1159 5412 1671 5479 exterminabuntur,
1711 5413 1769 5467 id
1796 5417 1881 5467 est

273 5499 439 5555 extra
465 5499 748 5555 terminos
771 5514 1035 5571 supernae
1071 5499 1271 5573 patria:
1300 5501 1674 5573 expellentur.
1710 5501 1874 5567 Quod

1979 4351 2037 4403 et
2065 4348 2457 4420 evaginabunt
2481 4350 2760 4419 gladium,
2785 4352 2842 4403 et
2872 4348 3239 4402 trucidabant
3266 4364 3383 4412 eos,
3417 4350 3474 4401 et
3496 4346 3583 4400 in-

1977 4436 2220 4491 tendent
2248 4453 2445 4492 arcum
2477 4442 2540 4493 ut
2568 4437 2875 4507 decipiant,
2902 4440 2961 4490 et
2989 4453 3104 4490 non
3132 4439 3433 4506 poterunt:
3459 4436 3585 4493 dico

1979 4527 2133 4598 quod
2163 4531 2430 4598 peccator
2459 4526 2780 4581 observabit
2806 4529 2862 4579 et
2878 4525 3169 4580 stridebit:
3202 4525 3463 4579 Dominus
3493 4544 3588 4579 au-

1981 4623 2082 4669 tem
2111 4614 2366 4669 deridebit
2394 4624 2533 4682 eu‘m,
2567 4632 2698 4668 cum
2740 4616 2849 4669 hoc
2886 4614 3108 4681 fecerit,
3142 4615 3203 4668 id
3226 4618 3312 4668 est
3340 4614 3582 4685 dignum

1981 4703 2266 4757 derisione
2310 4703 2593 4773 judicabit
2622 4720 2753 4757 eum
2785 4702 2842 4756 in
2885 4700 3243 4773 providentia
3273 4719 3371 4755 sua
3405 4718 3417 4755 :
3452 4719 3583 4772 quo-

1981 4794 2125 4845 niam
2147 4794 2423 4863 prospicit,
2456 4792 2513 4846 id
2561 4795 2647 4846 est
2696 4791 2931 4863 provide
2984 4791 3156 4856 videt,
3208 4790 3350 4862 quod
3408 4790 3584 4841 veniat

1977 4881 2085 4935 dies
2114 4882 2249 4951 ejus,
2295 4882 2352 4936 id
2403 4886 2488 4936 est
2519 4881 2876 4953 diesjudicii,
2927 4881 3025 4953 qui
3054 4878 3164 4935 erit
3196 4880 3315 4934 dies
3343 4876 3585 4932 retribu-

1975 4969 2148 5026 tionis
2176 4970 2319 5041 ejus.

2040 5059 2309 5131 Sequitur
2355 5076 2368 5113 :
2419 5059 2672 5114 Gladium
2714 5061 3145 5128 evaginavcrimt,
3173 5061 3280 5114 etc.
3314 5056 3467 5111 Istud
3504 5056 3583 5112 sic

1978 5152 2388 5219 praeposterate
2435 5150 2662 5221 legitur.
2703 5149 2827 5202 Non
2870 5145 3235 5202 solummodo
3284 5163 3437 5215 super
3465 5163 3584 5199 cum

1977 5236 2218 5290 dentibus
2266 5238 2609 5305 stridebunt,
2660 5237 2755 5291 sed
2794 5242 3092 5307 peccatores
3143 5235 3479 5288 intenderunt
3500 5253 3585 5287 ar-

1968 5326 2097 5378 cum
2121 5342 2295 5387 suum,
2331 5325 2387 5379 id
2409 5329 2492 5380 est
2508 5326 2794 5379 intonsam
2820 5324 3029 5377 facient
3045 5321 3441 5394 deceptionem
3458 5337 3588 5393 sug-

1977 5413 2305 5485 gestionum
2339 5417 2664 5479 suarum,ut
2687 5412 2976 5484 decipiant
2998 5411 3286 5466 blanditiis
3292 5427 3587 5482 pauperem

1982 5508 2032 5556 et
2056 5504 2281 5574 inopem,
2332 5501 2390 5556 id
2431 5504 2517 5557 est
2535 5500 2757 5575 justum
2789 5517 2960 5577 quem
3006 5500 3238 5556 credent
3271 5516 3587 5575 pauperem
