4008 6030
184 2082 303 2105 ..λγ

493 210 598 276 787
1108 214 1165 277 s.
1204 212 1550 278 BRUNONIS
1591 207 2220 278 CARTHUSIANORUM
2259 214 2728 279 INSTITUTORIS
2769 219 2923 278 OPP.
2963 220 3141 277 rans
3179 208 3201 276 i
3702 206 3805 278 788

494 355 637 405 esse,
670 336 729 393 id
760 341 845 393 est
870 337 1313 396 insufﬁcientem
1353 358 1461 414 Ope
1488 358 1589 397 sua
1612 340 1843 397 liberari
1874 358 1887 397 :
1921 344 1978 396 et
2002 342 2089 396 in-
2110 354 2167 414 Α
2194 343 2474 412 potestate
2507 344 2570 396 ut
2599 342 2712 397 sint
2738 358 2906 413 reges
2933 342 3022 397 vel
3047 342 3281 397 alterius
3311 342 3469 397 modi
3495 342 3806 415 principes,

496 442 691 497 opem,
724 426 782 481 id
804 430 888 480 est
917 430 1211 483 carentem
1235 430 1468 485 alterius
1487 447 1595 501 ope
1620 430 2090 486 adliberandum.

499 514 639 567 Cum
668 517 861 569 autem
895 532 1013 571 non
1044 519 1317 587 poterunt
1366 518 1629 589 decipere
1661 534 1815 585 arcu,
1855 518 2097 587 gladium

495 604 989 670 eraginaverunt,id
1002 608 1087 659 est
1101 609 1361 677 apertam
1378 609 1802 661 tormentorum
1816 610 1873 660 et
1894 608 2098 662 mortis

496 690 957 760 persecutionem
984 692 1301 763 proferant,
1325 702 1384 747 ut
1414 694 1691 762 trucident,
1731 696 1789 750 id
1812 699 1898 750 est
1925 696 2098 750 inter-

495 776 694 831 ﬁciant
712 780 1088 850 corporaliter
1124 787 1286 834 rectos
1304 782 1480 850 corde,
1512 782 1572 837 id
1603 784 1899 853 cstjustos.
1918 786 2097 838 Arcus

496 867 714 931 autem,
755 866 890 937 quia
917 882 1022 936 per
1051 884 1183 921 eum
1214 868 1270 922 in
1302 869 1637 924 abscondito
1669 874 1725 925 et
1757 871 2098 941 ignoranter

493 952 941 1024 percutitur,pro
960 954 1296 1026 deceptione
1310 956 1561 1027 ponitur.
1583 958 1777 1012 Plures
1804 958 1961 1011 enim
1986 958 2096 1012 im-

493 1039 594 1110 pii,
617 1057 806 1096 servos
828 1041 928 1095 Dei
949 1042 1243 1097 blanditiis
1263 1043 1368 1097 sibi
1400 1044 1767 1101 conformare
1790 1046 2053 1100 nituntur
2080 1064 2092 1100 :

494 1128 769 1197 quoniam
783 1146 915 1183 vero
933 1130 991 1183 in
1005 1130 1194 1200 gladio
1215 1135 1412 1203 aperte
1432 1134 1767 1203 percutitur,
1783 1150 1885 1205 pro
1900 1138 2099 1204 aperta

492 1216 748 1270 ﬁdelium
767 1219 1160 1287 persecutione
1171 1221 1576 1290 ponitur.Quia
1591 1239 1719 1277 cum
1732 1223 1917 1293 justos
1935 1222 2096 1295 impii

489 1303 782 1358 blanditiis
810 1310 1107 1376 nequeunt
1130 1310 1442 1376 attrahere,
1460 1314 1661 1381 aperta
1679 1312 1882 1366 saltem
1914 1312 2097 1366 mina-

490 1407 621 1445 rum
655 1396 713 1446 et
758 1392 1193 1449 tribulationum
1243 1399 1662 1466 persecutione,
1709 1398 1973 1453 nituntur
2002 1415 2094 1453 re-

490 1495 693 1534 vocare
718 1497 735 1532 :
787 1496 926 1551 ergo
969 1483 1101 1553 quia
1132 1480 1521 1554 evaginabunt
1551 1486 1808 1556 gladium
1840 1486 2092 1541 concedo

489 1567 647 1638 quod
694 1568 907 1637 gladius
952 1586 1133 1623 eorum
1183 1574 1343 1626 intret
1371 1576 1425 1627 in
1457 1575 1616 1627 corda
1640 1576 1891 1645 ipsorum,
1922 1575 1979 1628 id
2011 1577 2096 1628 est

2193 432 2391 484 tamen
2416 430 2656 485 interius
2681 431 2925 498 deﬁcient
2956 448 2973 483 :
3032 430 3324 498 deﬁcientes
3363 431 3806 501 quemadmodum

2193 517 2378 588 fumus
2402 519 2461 573 in
2490 520 2716 586 divitiis,
2740 518 2796 572 id
2813 523 2898 573 est
2923 518 2995 572 ad
3018 519 3256 573 modum
3275 520 3442 584 fumi,
3470 520 3565 591 qui
3586 526 3807 591 quanto

2200 607 2366 661 altius
2397 608 2674 675 ascendit,
2704 612 2865 663 tanto
2890 608 3056 662 citius
3087 602 3298 662 deﬁcit.
3334 608 3467 663 Dico
3491 610 3646 679 quod
3674 626 3808 682 pec-

2198 699 2420 749 catores
2452 697 2740 767 peribunt,
2783 700 2839 750 et
2884 696 3114 759 merito,
3153 697 3288 767 quia
3307 703 3559 766 peccator
3586 704 3807 751 mutua-

2201 783 2347 837 bitur
2374 800 2407 837 a
2444 784 2717 849 Domino,
2769 783 3124 837 intellectum
3157 783 3372 837 scilicet
3403 786 3460 836 et
3490 783 3719 836 divitias
3750 788 3809 837 et

2196 870 2525 925 sanitatem:
2555 874 2611 924 et
2636 874 2845 925 caetera
2876 870 3177 937 beneﬁcia,
3209 878 3257 923 et
3283 888 3387 923 non
3408 870 3568 923 solvet
3590 872 3707 924 Deo
3747 871 3808 924 in

2197 974 2451 1012 usuram.
2483 960 2549 1013 Et
2575 959 2721 1013 bene
2754 959 2916 1029 ponit
2940 975 3052 1013 non
3081 951 3511 1025 mutuatur,sed
3539 958 3810 1011 mutuabi-

2198 1052 2306 1111 tur,
2334 1046 2545 1100 scilicet
2577 1050 3008 1117 perseveranter
3038 1064 3050 1100 :
3098 1046 3197 1100 dat
3227 1046 3380 1100 enim
3412 1048 3559 1100 Deus
3588 1046 3686 1099 uni
3722 1047 3809 1100 in-

2195 1135 2487 1189 tellectum
2502 1138 2565 1188 ut
2581 1136 2726 1189 bene
2748 1134 3116 1205 prmdicando
3138 1134 3453 1201 usuram,id
3473 1138 3556 1187 est
3575 1135 3803 1188 lucrum

2195 1221 2443 1276 ﬁliorum
2469 1222 2990 1277 convertendorum
3015 1224 3130 1277 Deo
3150 1224 3360 1287 solvat;
3385 1222 3483 1276 dat
3510 1223 3682 1276 etiam
3704 1223 3801 1275 alii

2195 1309 2501 1363 sanitatem
2533 1314 2590 1364 et
2620 1309 2861 1376 divitias,
2895 1314 2956 1363 ut
2987 1327 3220 1364 usuram
3238 1325 3477 1379 operum
3510 1311 3799 1365 bonorum

2195 1398 2312 1451 Deo
2329 1397 2553 1452 reddat.
2579 1399 2700 1469 Ipse
2722 1415 2854 1452 vero
2877 1414 3007 1451 cum
3033 1398 3155 1452 haec
3171 1398 3449 1453 beneﬁcia
3467 1402 3668 1452 mutuo
3684 1415 3805 1451 sus-

2195 1484 2368 1554 cipiat
2394 1501 2429 1539 a
2457 1487 2596 1551 Deo,
2632 1486 2768 1539 nihil
2811 1486 2995 1541 solvit.
3028 1485 3217 1538 Justus
3247 1494 3423 1539 autem
3441 1502 3503 1539 ex
3533 1484 3803 1556 opposito

2192 1574 2474 1627 miseretur
2484 1574 2568 1627 sui
2587 1574 2936 1645 ipsius,bene
2954 1574 3382 1628 vivendo.Unde
3393 1574 3665 1644 scriptum
3690 1577 3803 1627 est:

489 1672 594 1727 pro
624 1657 815 1726 gladio
836 1659 933 1712 illo
956 1659 1252 1731 contingat
1274 1678 1431 1717 mors
1456 1662 1513 1716 in
1535 1663 1837 1717 animabus
1853 1679 2053 1717 eorum
2078 1679 2091 1717 :
2117 1674 2166 1730 Β
2197 1661 2488 1717 «Miserere
2507 1663 2717 1716 animos
2734 1667 2864 1723 tua},
2890 1664 3119 1733 placens
3139 1665 3252 1717 Deo
3273 1662 3689 1733 (Eccli.xxx,2§-,
3730 1679 3746 1716 :
3773 1685 3803 1711 υ

488 1760 523 1796 a
551 1744 925 1800 similitudine
953 1747 1119 1815 illius,
1139 1750 1297 1820 cujus
1325 1751 1549 1820 gladius
1581 1750 1638 1804 in
1662 1767 1761 1805 cor
1782 1768 1946 1805 suum
1963 1767 2096 1806 con-

485 1833 745 1899 vertitur,
780 1850 909 1889 cum
943 1836 1116 1890 alium
1165 1854 1232 1892 eo
1263 1838 1477 1909 cogitat
1504 1839 1757 1893 sauciare
1789 1856 1803 1907 ;
1834 1846 1884 1892 et
1916 1857 2089 1905 arcus,

488 1919 549 1973 id
600 1924 685 1973 est
715 1921 977 1993 deceptio
1023 1924 1433 1980 blanditiarum
1470 1943 1651 1981 eorum
1679 1933 2002 1993 conteratur,
2034 1927 2090 1981 id

487 2011 572 2061 est
603 2025 667 2062 ex
702 2012 823 2064 toto
859 2010 1205 2079 destruatur,
1228 2030 1301 2067 ne
1322 2014 1491 2085 justis
1517 2017 1844 2086 praevaleat.
1878 2016 2091 2070 Notan-

310 2095 797 2222 ΨΜ
834 2099 989 2169 quod
1021 2101 1280 2171 gladium
1325 2120 1443 2157 non
1490 2107 1618 2157 orat
1666 2103 1987 2174 confringi:
2022 2103 2094 2157 ad

489 2217 653 2222 _____-_
708 2189 867 2222 "turn
904 2188 1058 2222 anim
1107 2193 1185 2222 ac!
1226 2206 1452 2222 nnnnnnn
1490 2191 1741 2222 ΩᾹΛιξιη-νι
1778 2194 2093 2222 οηηηιανιηη

486 2188 1063 2278 augmgigm‘enim
1106 2193 1191 2243 est
1225 2206 1453 2245 coronae
1489 2191 1744 2245 ﬁdelium
1777 2194 2093 2262 spontanee

485 2289 851 2359 patientium,
879 2276 1706 2378 j‘WDominicum:
1747 2300 1775 2328 «
1811 2279 1966 2333 Beati
1997 2278 2096 2349 qui

488 2378 946 2448 persecutionem
988 2366 1317 2450 Patiuntur:
1338 2366 1895 2522 Win
1924 2386 1952 2414 ”
1983 2370 2090 2420 etc-

488 2464 715 2522 (Matth.
746 2482 798 2522 v.
828 2470 940 2522 10.)
963 2469 1174 2522 Arcum
1203 2485 1357 2522 vero.
1385 2469 1518 2522 auia
1546 2468 1709 2522 iustis
1739 2454 1755 2522 λ
1782 2512 1795 2521 .
1842 2454 1957 2522 Eis
1987 2456 2090 2519 θεῖ,

488 2464 715 2537 (Matth.
746 2482 798 2532 v,
828 2470 940 2535 10.)
963 2469 1174 2522 Arcum
1203 2485 1357 2534 vero,
1385 2469 1518 2541 quia
1539 2454 1963 2541 justis‘iﬂuﬁl‘if
1987 2456 2091 2519 θεῖν

488 2557 617 2607 orat
647 2554 954 2626 confringi.
996 2555 1119 2609 Dixi
1157 2557 1312 2628 quod
1342 2556 1626 2611 mansueti
1669 2554 2027 2611 haereditab‘u

2118 2596 2207 2633 κ

2194 1748 2288 1804 ille
2302 1766 2435 1803 vero
2454 1750 2557 1804 sibi
2581 1750 2825 1803 crudelis
2842 1754 2927 1803 est
2944 1751 3039 1820 qui
3060 1752 3210 1804 male
3227 1750 3466 1805 vivendo
3488 1767 3608 1804 sese
3624 1751 3811 1804 trahit

2193 1837 2268 1892 ad
2290 1837 2748 1892 damnationem.
2778 1838 2854 1891 Et
2880 1839 3055 1891 etiam
3089 1839 3283 1892 tribuet
3308 1838 3429 1893 aliis
3470 1841 3807 1909 exemplum

2193 1925 2342 1979 bene
2372 1925 2617 1992 vivendi,
2652 1930 2708 1979 et
2737 1926 2813 1980 sic
2845 1927 3150 1980 miseretur
3174 1927 3518 1981 aliorum.Et
3545 1916 3810 1998 quiahoc

2194 2030 2311 2066 non
2347 2013 2654 2079 sufﬁceret,
2683 2015 2899 2068 tribuet
2930 2014 3038 2068 illis
3080 2031 3207 2085 quae
3254 2014 3573 2069 necessaria
3607 2019 3808 2077 erunt,

2195 2101 2401 2171 quibus
2431 2101 2693 2155 doctrina
2710 2102 3027 2155 necessaria
3053 2102 3181 2168 erit,
3209 2103 3563 2170 doctrinam;
3595 2102 3811 2173 quibus

2196 2192 2389 2242 autem
2420 2189 2713 2243 surcularia
2743 2190 3352 2256 beneﬁcia,smcularia
3382 2190 3809 2245 beneﬁciaaVo-

2195 2274 2437 2328 tandum
2466 2277 2660 2329 tamen
2714 2276 2867 2347 quod
2898 2277 3068 2330 nullis
3104 2280 3330 2331 tantum
3357 2278 3508 2331 bona
3536 2278 3809 2331 voluntas

2196 2361 2422 2428 sufﬁcit,
2455 2363 2549 2433 qui
2578 2364 2931 2417 voluntatem
2965 2364 3037 2418 ad
3064 2367 3253 2418 actum
3274 2368 3568 2435 nequeunt
3596 2365 3812 2433 perdu-

2196 2465 2345 2503 cere.
2380 2451 2447 2504 Et
2488 2452 2596 2505 hoc
2650 2454 2835 2505 totum
2876 2456 2960 2506 est
2993 2468 3058 2505 ac
3083 2452 3125 2505 si
3165 2452 3421 2507 diceret:
3464 2454 3810 2506 Peccatores

2196 2554 2314 2592 non
2361 2554 2564 2593 omnes
2603 2540 2894 2609 peribunt,
2926 2540 3027 2593 sed
3057 2540 3133 2593 illi
3170 2540 3264 2610 qui
3295 2541 3713 2594 mutuabuntur
3742 2544 3809 2593 et

485 2643 725 2707 terram,
750 2644 808 2695 et
830 2643 985 2713 quod
1000 2626 1224 2714 gladius
1247 2647 1614 2716 peccatorum
1637 2644 1815 2699 intret
1843 2644 1901 2699 in
1920 2644 2095 2699 corda

2197 2626 2311 2693 han
2345 2626 2585 2716 sol-verit,
2605 2633 2660 2681 et
2686 2627 2815 2681 ideo
2838 2626 2969 2698 quia
2994 2644 3110 2682 non
3131 2629 3367 2682 solvent.
3389 2628 3576 2682 Justus
3602 2631 3806 2681 autem

487 2726 743 2798 ipsorum
767 2746 779 2783 :
816 2729 1061 2802 ideoque
1084 2731 1269 2787 melius
1297 2734 1376 2789 est
1405 2734 1553 2804 justo
1579 2734 1841 2787 modicum
1871 2749 2012 2799 esse,
2036 2732 2093 2787 id

487 2819 574 2871 est
603 2834 917 2888 pauperem
950 2823 1007 2873 et
1044 2819 1300 2892 inopem,
1332 2838 1488 2891 super
1514 2822 1730 2876 divitias
1754 2827 2094 2892 peccatorum

485 2905 683 2998 multas
708 2905 765 2959 id
786 2911 872 2960 est
892 2923 1075 2998 quam
1123 2909 1279 2998 quod
1322 2910 1445 2998 ipse
1476 2910 1686 2998 multas
1714 2910 1927 2998 habeat
1952 2908 2093 2998 divi-
2118 2940 2164 2998 Ο

486 2992 596 3047 tias
624 2997 681 3047 et
710 2997 979 3065 peccator
1015 2995 1105 3050 sit.
1143 2997 1213 3049 Et
1254 2997 1549 3068 subjungit
1578 3013 1809 3051 causam
1832 2997 1931 3064 sic,
1962 2997 2091 3052 ideo

487 3080 704 3135 scilicet
734 3084 818 3136 est
840 3083 985 3152 justo
1014 3084 1217 3151 melius,
1245 3088 1497 3156 quoniam
1520 3085 1733 3139 brachia
1754 3092 2095 3156 peccatorum

488 3176 839 3228 conterentur.
876 3170 933 3225 id
981 3175 1065 3226 est
1094 3172 1462 3227 destruentur
1500 3190 1567 3228 ex
1605 3177 1727 3229 toto
1777 3174 1985 3228 divitiae
2038 3176 2097 3227 et

491 3257 753 3329 potentia
807 3274 1031 3326 eorum,
1084 3276 1211 3330 qua:
1238 3261 1473 3315 brachia
1502 3260 1789 3327 dicuntur,
1827 3278 1895 3315 eo
1942 3261 2095 3331 quod

492 3345 552 3399 in
583 3345 662 3399 eis
693 3345 991 3400 conﬁdunt
1031 3363 1133 3400 ceu
1164 3348 1405 3418 quilibet
1454 3342 1514 3401 in
1567 3347 1905 3403 fortitudine
1965 3350 2096 3403 bra-

492 3431 752 3486 chiorum
780 3451 793 3499 ;
816 3433 990 3502 justas
1019 3441 1196 3489 autem
1221 3436 1501 3503 conﬁrmat
1522 3435 1790 3490 Dominus
1819 3453 1922 3507 per
1951 3437 2100 3508 ipsas

495 3520 915 3588 tribulationcs,
944 3525 1006 3575 ut
1035 3522 1304 3577 clariores
1334 3523 1479 3577 ﬁant
1507 3525 1565 3577 et
1588 3524 1856 3579 fortiores
1902 3524 1961 3577 in
1987 3524 2098 3577 vir-

494 3608 729 3662 tutibus.
772 3610 839 3662 Et
882 3608 1011 3664 ideo
1060 3610 1245 3665 adhuc
1279 3612 1460 3665 melius
1506 3618 1579 3666 est
1634 3613 1903 3667 modicum
1928 3613 2098 3682 justo,

497 3696 632 3767 quia
660 3699 805 3751 novit
836 3698 1115 3765 Dominus,
1150 3698 1206 3752 id
1238 3704 1322 3755 est
1340 3700 1466 3771 jam
1496 3700 1555 3754 in
1582 3700 1942 3772 providentia
1966 3716 2098 3770 pro-

494 3784 637 3838 vidit
673 3784 781 3838 dies
812 3784 1294 3843 immaculatorum.
1326 3788 1539 3842 scilicet
1571 3788 1692 3842 dies
1730 3805 1873 3859 quos
1899 3787 2102 3842 imma-

496 3874 718 3942 culatis,
755 3874 813 3929 id
862 3880 947 3930 est
987 3876 1156 3945 justis
1215 3880 1300 3930 est
1346 3876 1600 3932 daturus.
1630 3877 1875 3949 Exponit
1905 3880 2098 3931 autem

497 3965 694 4035 quales
715 3963 837 4017 dies
864 3963 944 4018 illi
971 3964 1149 4018 futuri
1177 3964 1309 4030 sint,
1343 3981 1472 4019 cum
1505 3965 1694 4019 addit:
1726 3965 1803 4019 Et
1827 3967 2101 4021 hereditas

497 4068 678 4104 eorum
726 4054 782 4103 in
825 4057 1082 4107 aeternum
1136 4054 1237 4105 erit
1285 4052 1581 4119 duratura,
1627 4052 1839 4108 scilicet
1869 4053 1949 4107 illi
1982 4054 2102 4109 dies

498 4138 870 4193 beatitudinis
891 4155 1032 4210 quos
1059 4141 1206 4194 Deus
1237 4139 1396 4194 dabit
1414 4140 1797 4196 immaculatis
1829 4159 1843 4208 ;
1877 4146 1935 4196 et
1972 4143 2101 4199 ideo

2194 2689 2323 2782 ideo
2358 2689 3247 2871 ianitabitur,
3280 2717 3416 2787 quia
3448 2719 3727 2769 miseretur
3753 2723 3809 2768 et

2197 2816 2408 2869 tribuet.
2439 2817 2505 2870 Et
2542 2817 2650 2870 hoc
2682 2833 2797 2871 non
2838 2832 2859 2869 Ι
2938 2804 3014 2871 'et
3056 2805 3242 2871 gratia
3287 2805 3495 2859 favoris
3532 2803 3807 2869 humani,

2197 2816 2408 2869 tribuet.
2439 2817 2505 2870 Et
2542 2817 2650 2870 hoc
2682 2803 3242 2894 non‘fmﬁeLgratia
3287 2805 3495 2859 favoris
3532 2803 3807 2869 humani,

2195 2905 2295 2959 sed
2343 2905 2452 2959 hoc
2495 2905 2590 2959 tali
2621 2905 2900 2973 contuitu,
2933 2892 3057 2976 quia
3086 2892 3458 2976 ῑδῖθέέιόθῑιέεε
3515 2895 3583 2959 εἰ,
3617 2892 3677 2945 id
3719 2896 3811 2946 est

2194 2993 2494 3047 laudantes
2523 3010 2654 3046 eum
2679 2994 2832 3047 bona
2878 2970 2994 3047 vita
3024 3009 3145 3059 sua,
3179 2970 3812 3065 Ιιέενεείίῖῶιὶπςςιζιῗναῖη

2193 3081 2912 3144 νὶγθηιίιιη],λ11αἰείίιέρηίρε
2931 3090 3109 3134 autem
3134 3080 3266 3147 ei,id
3293 3083 3379 3134 est
3408 3072 3815 3150 vituperantes

2195 3186 2327 3223 eum
2348 3170 2500 3223 mala
2522 3168 2633 3223 vita
2649 3168 3187 3239 sua,d-isperibunt,id
3203 3170 3499 3221 estextoto
3512 3165 3815 3238 peribunt,

2198 3261 2256 3312 et
2292 3258 2347 3311 in
2382 3258 2578 3312 anima
2614 3261 2672 3311 et
2711 3258 2770 3311 in
2813 3273 3072 3328 corpore.
3109 3257 3274 3320 Quod
3306 3258 3392 3310 est
3423 3254 3632 3321 dicere,
3674 3253 3816 3307 ideo

2200 3345 2506 3399 miseretur
2533 3349 2591 3399 et
2617 3346 2830 3399 tribuet
2852 3363 2865 3399 :
2896 3348 2953 3399 et
2981 3346 3058 3399 sic
3086 3347 3267 3400 Deum
3290 3342 3581 3397 benedicit
3608 3345 3671 3394 ut
3693 3345 3820 3396 ter-

2200 3450 2326 3487 ram
2359 3433 2680 3499 haereditet,
2704 3436 2761 3487 et
2792 3449 2908 3488 non
2932 3436 3132 3505 pereat
3168 3431 3442 3487 cessando
3459 3446 3493 3483 a
3512 3429 3611 3484 Dei
3630 3429 3817 3483 bene-

2202 3522 2474 3588 dictione,
2508 3525 2564 3576 et
2588 3522 2669 3575 sic
2699 3538 2834 3576 eum
2863 3521 3262 3592 vituperando.
3293 3519 3492 3574 Certus
3517 3521 3602 3571 est
3624 3517 3814 3581 enim,

2201 3610 2336 3681 quia
2357 3626 2559 3664 omnes
2590 3609 2995 3664 benedicentes
3016 3607 3459 3674 haereditabunt,
3484 3608 3541 3660 et
3566 3604 3816 3659 maledi-

2200 3701 2394 3753 centes
2415 3698 2794 3768 disperibunt.
2814 3696 3123 3751 Sciendum
3151 3699 3236 3749 est
3257 3698 3473 3760 autem,
3494 3692 3651 3764 quod
3665 3692 3817 3746 sicut

2198 3786 2348 3841 bene
2377 3785 2639 3852 vivendo,
2674 3786 2856 3840 Deum
2882 3784 3123 3856 quilibet
3150 3782 3457 3848 benedicit,
3492 3781 3551 3835 id
3573 3784 3658 3834 est
3679 3781 3811 3834 lau-

2200 3875 2319 3938 dat,
2354 3875 2435 3929 ita
2466 3875 2619 3928 male
2639 3873 2882 3928 vivendo
2909 3873 3015 3944 ipsi
3036 3871 3349 3938 maledicit,
3381 3870 3439 3925 id
3464 3872 3551 3924 est
3570 3885 3706 3923 eum
3727 3868 3810 3922 vi-

2200 3965 2449 4032 tuperat.
2483 3963 2754 4032 Apostolo
2786 3963 3070 4015 testante:
3122 3982 3149 4008 «
3181 3959 3404 4013 Nomen
3438 3956 3539 4012 Dei
3570 3972 3675 4028 per
3703 3972 3809 4011 vos

2203 4050 2637 4122 blasphematur
2667 4049 2816 4104 inter
2861 4053 3062 4120 gentes
3088 4046 3264 4119 (Rom.
3298 4064 3358 4114 ιι,
3392 4045 3502 4118 24).
3539 4067 3566 4094 ››
3600 4045 3668 4098 Et
3695 4045 3810 4099 hoc

2205 4139 2380 4193 modo
2405 4154 2522 4192 non
2554 4137 2791 4192 habebit
2815 4154 2849 4191 a
2887 4153 2945 4191 se
2967 4136 3153 4207 justus
3183 4135 3337 4207 quod
3368 4133 3445 4188 sic
3474 4132 3806 4188 miserendo

516 4209 533 4296 I
695 4226 882 4281 adhuc
919 4226 1104 4281 melius
1124 4233 1199 4280 est
1228 4228 1491 4281 modicum
1509 4229 1822 4300 justo,quia
1851 4247 1958 4284 non
1973 4248 2102 4285 cun-
2126 4224 2178 4283 D
2201 4226 2500 4291 retribuet,
2525 4228 2583 4280 et
2610 4241 2714 4296 per
2738 4224 2847 4280 hoc
2867 4224 3338 4279 hiereditabitur:
3394 4221 3495 4276 sed
3522 4220 3667 4292 apud
3688 4219 3808 4273 Do-

493 4314 882 4385 fundcntur,id
904 4317 989 4368 est
1018 4330 1134 4369 non
1165 4316 1663 4371 conturbabuntur
1688 4317 1898 4373 timore
1918 4335 2102 4390 poenae

499 4404 553 4455 in
574 4408 799 4473 tempore
824 4402 989 4465 malo,
1015 4403 1074 4457 id
1096 4402 1253 4457 estin
1288 4403 1379 4457 die
1403 4404 1625 4474 judicii.
1662 4405 1729 4459 Et
1760 4423 1878 4461 non
1917 4410 2100 4463 solum

499 4506 618 4544 non
645 4489 1092 4555 confundentur,
1124 4491 1225 4546 sed
1250 4491 1425 4546 etiam
1454 4493 1845 4547 saturabuntur
1886 4499 2103 4551 (eterna

498 4579 684 4649 gloria
702 4582 760 4632 in
786 4580 967 4633 diebus
994 4580 1179 4649 famis,
1208 4580 1265 4635 id
1296 4585 1380 4637 est
1402 4581 1461 4635 in
1489 4582 1687 4637 diebus
1711 4583 1838 4638 vita:
1872 4584 2098 4653 futurae,

497 4666 556 4721 in
571 4684 684 4738 qua
702 4667 863 4740 impii
880 4668 1130 4723 esurient
1147 4684 1265 4739 prae
1279 4670 1600 4741 inopiaveri
1612 4672 1904 4727 boni.Dies
1914 4674 2103 4745 plura-

496 4754 629 4810 liter
639 4755 964 4827 ponit,quia
981 4756 1101 4811 dies
1114 4757 1207 4811 illa
1226 4775 1351 4828 qua:
1368 4757 1538 4813 unica
1549 4762 1837 4814 etzeterna
1852 4760 2102 4823 erit,die-

494 4843 883 4899 rumistorum
900 4844 1354 4913 multitudinem,
1381 4846 1754 4902 diuturnitate
1786 4849 2094 4919 superabit.

567 4932 863 4996 Quaereret
880 4932 1083 5004 aliquis
1112 4949 1289 5004 quare
1318 4937 1551 4987 vocatur
1566 4936 1793 5004 tempus
1820 4935 1960 4990 illud
1980 4953 2100 4991 ma-

494 5021 639 5086 lum,
671 5023 730 5075 et
760 5020 878 5076 dies
907 5020 1044 5075 mali
1070 5021 1206 5075 ?Ad
1243 5021 1352 5075 hoc
1378 5023 1573 5075 autem
1603 5023 1932 5091 respondet,
1965 5024 2096 5078 red-

496 5108 687 5164 dendo
704 5125 934 5164 causam
964 5108 1042 5163 sic
1066 5126 1079 5164 :
1115 5108 1256 5175 Quia
1277 5114 1577 5179 peccatores
1591 5110 1843 5179 peribunt
1870 5114 2026 5174 tunc,
2042 5114 2100 5165 et

493 5213 614 5252 non
648 5198 835 5252 solum
877 5200 1011 5251 tunc
1065 5197 1352 5269 peribunt,
1385 5197 1484 5251 sed
1523 5199 1733 5252 inimici
1756 5197 1996 5265 Domini,
2037 5198 2097 5253 id

492 5287 578 5339 est
607 5284 783 5339 etiam
826 5284 933 5357 ipsi
972 5290 1300 5355 peccatores
1329 5285 1426 5357 qui
1446 5287 1580 5339 sunt
1606 5285 1821 5340 inimici
1861 5286 2090 5341 Domini

490 5372 645 5426 mala
674 5372 787 5426 vita
813 5389 935 5430 sua.
963 5374 1211 5428 Ponatur
1233 5373 1386 5445 quod
1406 5390 1549 5437 mox,
1573 5374 1631 5428 id
1659 5376 1744 5428 est
1763 5374 1835 5428 ab
1853 5373 2097 5428 infantia

489 5458 828 5533 honoriﬁcati
862 5460 1087 5533 fuerint,
1117 5462 1340 5518 honore
1374 5461 1606 5532 scilicet,
1661 5465 1717 5516 et
1761 5462 1990 5518 cxaltati
2036 5462 2094 5519 in

2201 4317 2429 4377 minam,
2450 4314 2508 4369 id
2540 4314 2706 4368 estin
2739 4312 3111 4383 dispositione
3141 4310 3263 4366 Dei.
3295 4309 3514 4365 Gressus
3557 4310 3809 4374 hominis,

2202 4405 2261 4459 id
2283 4408 2368 4459 est
2405 4404 2572 4458 bonae
2603 4402 2933 4457 affectiones
2964 4404 3022 4455 et
3050 4399 3413 4473 operationes
3434 4398 3593 4471 justi,
3626 4398 3808 4452 ratio-

2201 4490 2460 4547 nabiliter
2492 4507 2552 4544 se
2576 4488 2946 4556 habentis,ad
2972 4489 3212 4543 modum
3233 4486 3714 4558 hominis,quibus
3730 4484 3809 4539 ad

2199 4581 2376 4635 vitam
2407 4578 2685 4650 graditur,
2704 4577 3003 4646 dirigentur
3020 4578 3455 4649 perseveranter
3481 4574 3552 4629 de
3577 4574 3730 4628 bono
3746 4574 3807 4627 in

2200 4668 2493 4722 meliusln
2518 4665 2627 4719 alia
2647 4665 3022 4720 translatione
3044 4665 3290 4719 habetur
3322 4681 3357 4718 a
3375 4662 3808 4719 Domino.Bene

2201 4759 2395 4809 tamen
2428 4750 2682 4826 ponitur,
2712 4752 2854 4823 apud
2880 4754 3194 4820 Dominum,
3211 4768 3317 4824 per
3337 4750 3803 4806 similitudinem:

2200 4843 2335 4915 quia
2364 4843 2508 4896 sicut
2549 4841 2700 4913 apud
2747 4841 2999 4912 aliquem
3049 4841 3393 4913 principem,
3433 4840 3494 4895 id
3522 4838 3690 4894 estin
3720 4853 3810 4892 se-

2199 4934 2357 4986 creta
2376 4931 2425 5001 ej
2434 4948 2496 4984 us
2517 4929 2885 5002 dispositione
2905 4930 3077 4985 totius
3088 4930 3251 5002 regni
3265 4931 3314 5001 ej
3323 4948 3385 4985 us
3400 4930 3808 4986 moderamina

2198 5016 2728 5093 pertractantur,sic
2751 5017 2904 5089 apud
2924 5017 3175 5073 divinam
3193 5018 3627 5091 dispositionem
3642 5018 3808 5090 quid-

2198 5108 2335 5181 quid
2379 5125 2411 5161 a
2463 5107 2629 5162 bonis
2674 5105 2884 5177 agitur,
2923 5107 3240 5165 ordinatur.
3279 5108 3348 5162 Et
3376 5125 3480 5179 per
3508 5109 3616 5163 hoc
3645 5108 3807 5179 quod

2196 5198 2345 5253 Deus
2368 5195 2578 5267 diriget
2608 5211 2832 5267 gressus
2862 5195 3135 5259 hominis,
3170 5197 3303 5251 volet
3323 5197 3507 5269 magis
3528 5200 3586 5251 et
3617 5195 3807 5267 magis

2196 5284 2316 5358 ipse
2345 5285 2522 5339 homo
2541 5283 2689 5338 viam
2710 5284 2760 5355 ej
2770 5302 2832 5338 us
2851 5285 2980 5339 Dei:
2998 5286 3138 5339 viam
3158 5285 3369 5340 scilicet
3388 5284 3804 5340 mandatorum

2196 5374 2327 5445 ejus,
2351 5391 2449 5445 per
2478 5390 2652 5444 quam
2678 5374 2751 5429 ad
2771 5374 2947 5429 vitam
2977 5375 3186 5445 veniet,
3208 5376 3294 5430 vel
3318 5373 3395 5429 sic
3420 5392 3434 5443 ;
3462 5374 3586 5429 Non
3611 5375 3804 5429 solum

2196 5452 2405 5537 diriget
2450 5478 2675 5536 gressus
2722 5463 2845 5537 ejus
2888 5464 3194 5541 postquam
3225 5464 3412 5537 justus
3449 5462 3577 5533 erit,
3606 5462 3707 5519 sed
3745 5466 3805 5521 et
