4008 6030
260 261 365 317 789

1235 255 1589 313 EXPOSITIO
1629 257 1696 312 ΙΝ
1735 252 2069 313 PSALMOS.
2094 285 2166 299 -—
2206 252 2398 310 PSAL.
2440 248 2629 307 XXXVI

3486 252 3592 305 790

261 399 411 436 vnam
437 382 580 451 ejus,
602 380 659 436 id
682 383 765 433 est
785 380 999 434 bonam
1031 379 1201 432 vitam
1234 381 1374 448 ejus,
1401 397 1527 450 qua:
1570 379 1677 434 erit
1700 380 1749 434 ei
1783 380 1871 434 via
1899 383 1949 440 A
1978 382 2111 433 sunt
2141 377 2436 433 messium:
2471 373 2583 430 vidi
2605 387 2846 446 quaerens
2867 370 3588 442 panem,idestirremune-

260 473 334 527 ad
365 472 564 529 vitam.
596 471 743 525 volet
762 470 949 540 etipse
974 471 1119 522 Deus
1141 486 1272 523 eum
1298 470 1531 531 habere,
1565 469 1617 522 id
1636 473 1719 523 est
1737 486 1867 539 gra-

261 562 407 616 tuita
471 544 488 629 Ι
658 560 947 612 voluntate
973 558 1023 611 ei
1051 558 1228 611 dabit.
1249 559 1483 628 Exponit
1511 562 1703 612 autem
1728 574 1867 622 quo-

264 652 438 705 modo
467 651 673 720 diriget
702 649 881 701 sie.Et
903 647 977 701 sic
1000 647 1205 717 diriget
1234 647 1536 717 quodcum
1568 647 1615 700 ei
1646 647 1870 701 dederit

259 738 661 793 tribulationes
692 736 1020 797 exteriores,
1056 754 1159 787 nan
1190 736 1462 788 colliilctur
1495 736 1549 788 in
1583 735 1777 789 anima
1811 738 1871 787 ut

259 828 508 887 deﬁciat,
542 826 785 896 ideoque
820 841 935 878 non
968 824 1286 877 collidelur.
1320 823 1585 889 Quoniam
1611 823 1872 876 Dominus

256 918 507 986 supponit
537 915 584 968 ci
611 931 830 966 manum
852 930 1023 968 suam.
1058 911 1113 966 id
1147 915 1231 965 est
1262 914 1539 966 sustentat
1569 929 1698 965 eum
1733 928 1766 965 a
1797 911 1872 965 si-

263 1003 590 1058 militudine
622 1001 791 1065 illius,
826 999 923 1070 qui
948 1000 1179 1053 cuilibet
1213 1001 1435 1053 nutanti
1476 1016 1713 1053 manum
1746 1015 1872 1069 sup-

262 1091 450 1163 ponit,
487 1107 557 1143 ne
589 1089 775 1154 cadat,
803 1090 888 1141 vel
914 1087 1010 1142 sic.
1034 1089 1111 1141 Ne
1144 1092 1367 1158 putaret
1399 1087 1603 1157 aliquis
1625 1086 1774 1156 quod
1795 1086 1871 1140 sic

264 1180 634 1246 dirigeretur.
666 1182 726 1231 ut
758 1178 912 1231 nullo
946 1177 1121 1229 modo
1153 1177 1404 1239 caderet,
1422 1176 1575 1229 addit
1600 1192 1611 1228 :
1632 1175 1720 1229 Sic
1736 1174 1870 1228 diri-

263 1272 476 1339 gentur
527 1284 751 1337 gressus
782 1267 924 1331 ejus,
959 1265 1113 1335 quod
1143 1282 1261 1317 cum
1316 1266 1558 1317 ceciderit
1606 1264 1662 1317 in
1698 1280 1870 1335 parvo

266 1361 522 1426 peCcato,
549 1373 651 1407 non
681 1353 975 1418 collidatur,
1004 1353 1056 1404 id
1085 1356 1164 1404 est
1198 1351 1531 1419 gravissime
1559 1368 1674 1405 non
1700 1352 1843 1405 lmde

263 1446 379 1507 tur,
406 1441 762 1495 deveniem‘lo
795 1440 849 1494 in
893 1438 1211 1492 crimiualia
1243 1455 1254 1491 :
1292 1440 1373 1491 vel
1406 1456 1523 1491 cum
1544 1439 1783 1491 ceciderit
1816 1438 1897 1491 in‘

260 1531 659 1598 suggestinnes
688 1546 791 1581 ηυη
813 1528 1110 1589 συΙΙίιΙιιιιιν,
1145 1526 1521 1580 criminaliter
1559 1526 1870 1596 peccando.

261 1619 571 1689 Sequenlia
606 1634 795 1670 versus
826 1616 991 1684 hujus
1017 1632 1131 1669 non
1167 1618 1481 1667 mutantur.

340 1707 627 1770 Qumreret
669 1704 871 1775 aliquis
904 1704 1053 1757 unde
1084 1703 1188 1755 scis
1212 1703 1362 1772 quod
1382 1704 1564 1770 jus'us
1594 1721 1695 1754 non
1728 1703 1871 1755 culli—
1901 1691 1947 1747 Β

259 1795 420 1848 detur
442 1796 469 1847 Σ)
503 1793 770 1863 Sequitur
802 1791 1096 1861 responsio
1130 1791 1205 1843 sic
1241 1791 1501 1853 dicenda,
1548 1791 1591 1844 si
1623 1791 1875 1843 Christus

261 1884 322 1938 in
358 1883 463 1936 hoc
516 1882 734 1952 psalmo
781 1883 933 1948 agat.
994 1880 1110 1948 Ego
1151 1879 1344 1947 junior
1390 1879 1480 1947 [ui
1512 1877 1563 1931 in
1598 1878 1875 1931 membris

263 1971 433 2028 meis.
460 1970 517 2023 id
551 1973 631 2021 est
666 1968 721 2021 in
757 1971 1019 2037 tempore
1052 1966 1873 2036 primorumjustorum.Quod

263 2063 353 2113 es't
384 2059 570 2112 dicere
612 2073 623 2110 :
673 2055 847 2109 llabui
885 2056 1146 2108 membra
1168 2054 1422 2124 juniora,
1459 2055 1539 2107 vel
1568 2054 1665 2119 sic,
1697 2055 1739 2108 si
1775 2055 1874 2107 Ec-

261 2146 435 2201 clesia
467 2150 616 2214 agat.
649 2145 849 2200 Junior
870 2144 959 2212 fui
988 2143 1042 2196 in
1079 2142 1279 2214 primis
1300 2143 1466 2210 juslis
1495 2142 1654 2207 meis,
1688 2142 1746 2195 id
1793 2144 1878 2197 est

265 2235 327 2288 in
357 2233 767 2303 temporeAbel
795 2235 851 2284 et
871 2235 1209 2283 cmterorum
1230 2229 1878 2301 primorum,quijunio-

260 2339 359 2376 res
381 2321 668 2385 dicuntur,
702 2320 788 2372 vel
821 2318 956 2390 quia
982 2317 1154 2389 primi
1191 2318 1442 2381 fuerunt,
1475 2320 1558 2372 vel
1594 2318 1729 2389 quia
1759 2335 1876 2371 non

261 2408 412 2463 adeo
444 2409 499 2461 in
528 2407 825 2462 virtutibus
840 2406 1143 2463 maturi.ut
1176 2405 1251 2459 illi
1286 2405 1381 2476 qui
1415 2405 1753 2477 postChristi
1776 2406 1880 2459 ad-

259 2500 501 2550 ventum
563 2495 920 2548 exstiterunt.
972 2492 1047 2546 Et
1080 2493 1135 2547 in
1172 2493 1266 2546 illa
1302 2493 1604 2563 juventute
1632 2511 1737 2546 non
1767 2493 1882 2546 villi

248 2591 470 2660 justum
500 2589 830 2651 derelictum,
863 2588 919 2642 id
953 2591 1033 2642 est
1067 2605 1099 2641 a
1131 2589 1246 2641 Deo
1283 2605 1395 2640 non
1420 2587 1879 2656 adjutum.Dice-

255 2680 354 2733 ret
377 2678 612 2749 aliquis:
641 2677 789 2742 Quid
808 2677 851 2731 si
884 2677 1255 2745 injuventute
1284 2692 1398 2729 non
1418 2675 1604 2729 vidisti
1626 2676 1880 2729 ‘tTamen

261 2769 465 2837 postea
493 2766 732 2819 fortasse
765 2764 1006 2835 contigit
1021 2764 1241 2833 justum
1279 2780 1398 2817 esse
1417 2763 1775 2816 derelictum.
1797 2762 1883 2816 Ad

260 2855 375 2909 hoc
402 2857 596 2907 autem
628 2852 706 2906 sic
738 2851 1051 2922 interponit
1076 2869 1088 2904 :
1109 2851 1232 2904 Non
1267 2849 1506 2920 contigit
1530 2849 1756 2903 scilicet.
1784 2849 1883 2903 Et-

258 2942 405 2994 enim
424 2942 579 2992 senui
607 2939 895 3010 postea,id
921 2942 1180 2993 estsenes
1203 2937 1399 2991 ﬁdeles
1418 2937 1614 3002 habui,
1650 2941 1877 3009 aposto-

258 3029 350 3082 los
380 3027 594 3080 scilicet
630 3030 687 3080 et
721 3028 1022 3096 martyres,
1057 3029 1115 3079 et
1158 3025 1533 3090 confessores,
1589 3025 1683 3095 qui
1715 3042 1879 3078 senes

261 3115 570 3169 dicuntur:
601 3115 684 3168 vel
719 3114 854 3184 quia
881 3117 1140 3184 tempore
1171 3112 1534 3183 posteriores,
1556 3113 1639 3166 vel
1666 3113 1799 3184 quia
1820 3112 1877 3166 in

264 3202 574 3257 virtutibus
603 3202 867 3257 exstitere
920 3201 1281 3267 maturiores,
1338 3217 1428 3254 nec
1470 3200 1527 3254 iu
1578 3200 1737 3254 senio
1768 3200 1881 3254 vidi

260 3308 440 3345 semen
469 3289 762 3361 ejus,justi
796 3289 889 3361 qui
923 3289 1122 3358 junior
1154 3288 1281 3354 fuit,
1309 3305 1548 3359 quaerens
1570 3306 1787 3359 panem,
1824 3288 1882 3342 id

262 3383 355 3434 est
375 3395 579 3433 carens
610 3394 755 3449 pane
782 3378 908 3432 vita:
941 3380 998 3431 et
1030 3377 1369 3442 intellectus,
1399 3377 1469 3431 ad
1505 3377 1739 3431 modum
1760 3378 1881 3431 illo-

262 3483 399 3524 rum
413 3465 508 3537 qui
524 3482 735 3537 panem
759 3482 870 3518 nou
891 3464 1580 3529 babentes,mendicando
1595 3469 1882 3535 quierunt,

265 3570 376 3609 nec
403 3552 723 3618 inveniunt,
772 3552 916 3606 sicut
960 3552 1030 3606 de
1080 3552 1334 3624 quinque
1370 3552 1541 3606 fatuis
1572 3553 1885 3623 virginibus

263 3659 375 3717 per
405 3640 842 3696 similitudinem
873 3640 931 3694 in
962 3640 1496 3711 Evangeliolegitur
1517 3639 1732 3705 (Matth.
1758 3658 1883 3707 xxv,

266 3732 324 3801 5)
352 3746 480 3801 qua:
514 3745 631 3783 non
659 3728 927 3783 habendo
944 3729 1162 3795 oleum,
1183 3727 1789 3793 mendicaverunt,nec
1807 3728 1887 3781 in-

263 3822 573 3875 venerunt.
602 3817 773 3872 Panis
800 3817 1034 3888 quidem
1075 3818 1205 3871 vita:
1236 3820 1294 3871 et
1316 3817 1636 3873 intellectus
1663 3819 1761 3872 Dei
1790 3819 1887 3874 do-

269 3906 460 3961 ctrina
481 3905 707 3971 dicitur,
728 3905 1109 3975 quaﬁdelium
1139 3906 1349 3960 animm
1378 3905 1659 3959 satiantur
1671 3908 1728 3960 et
1747 3922 1884 3961 con-

266 3993 582 4058 fortantur,
614 3995 671 4046 et
700 3992 773 4046 ad
799 3992 974 4046 vitam
997 3995 1276 4046 aeternam
1301 3992 1886 4063 perducuntur.Panis

270 4097 505 4153 quoque
535 4079 661 4135 vita:
693 4084 750 4134 et
780 4080 1118 4147 intellectus,
1143 4079 1437 4134 beatitudo
1469 4080 1564 4135 illa
1594 4081 1883 4143 dicitur.in

273 4186 391 4241 qua
414 4168 667 4223 ﬁdelium
695 4168 904 4222 animae
923 4170 1050 4239 post
1064 4170 1312 4222 mortem
1332 4171 1606 4239 perpetue
1622 4169 1882 4236 vivendo,

273 4229 338 4312 ἐι
364 4258 435 4311 de
482 4259 599 4312 Deo
652 4229 994 4328 profundius
1029 4229 1452 4326 intelligendo;
1470 4229 1881 4328 jocundantur;
1908 4229 1960 4287 D

270 4345 532 4418 Apostoli
570 4361 701 4398 vero
730 4348 789 4398 et
812 4343 1011 4397 cazteri'
1032 4343 1169 4398 Novi
1186 4344 1535 4399 Testamenti
1565 4345 1782 4413 ﬁdeles,
1797 4364 1882 4401 se-

274 4449 415 4487 men
448 4432 768 4503 primorum
803 4431 1116 4501 justorum,
1166 4432 1626 4503 patriarcharum
1675 4433 1886 4488 scilicet

274 4524 337 4575 et
366 4521 780 4593 prophetarum
807 4520 955 4574 bene
979 4520 1345 4586 dicuntur,eo
1368 4523 1520 4592 quod
1553 4522 1653 4577 Dei
1677 4540 1883 4594 coope-

274 4613 443 4665 rante
470 4608 675 4679 gratia,
700 4624 902 4663 eorum
930 4608 1193 4663 doctrina
1218 4609 1274 4661 in
1307 4610 1417 4663 ﬁde
1449 4611 1707 4679 generati
1730 4616 1880 4665 sunt.

278 4696 443 4752 Unde
473 4696 750 4751 Dominus
772 4696 845 4749 ad
877 4696 1164 4766 apostolos
1184 4696 1353 4750 dixit:
1391 4720 1417 4745 «
1450 4698 1557 4751 Alii
1592 4699 1883 4754 laborave-

274 4788 416 4839 runt
436 4783 621 4855 (Joan.
656 4801 729 4850 ιν,
764 4785 876 4851 38),
913 4803 939 4832 ››
1000 4782 1341 4853 patriarchte
1375 4785 1635 4839 videlicet
1665 4790 1722 4839 et
1751 4804 1882 4857 pro-

276 4874 502 4944 phetae:
529 4892 558 4923 «
578 4876 634 4925 et
663 4888 759 4925 vos
791 4870 848 4924 in
879 4872 1107 4925 labores
1138 4887 1340 4941 eorum
1368 4872 1642 4927 introistis
1672 4874 1880 4945 »(ibicl,)

276 4962 365 5015 vel
396 4961 504 5015 sic:
537 4960 736 5014 Junior
761 4958 851 5030 fui
874 4959 931 5012 in
973 4959 1176 5029 primis
1208 4960 1489 5014 ﬁdelibus.

353 5049 647 5112 Quaereret
668 5045 870 5117 aliquis
896 5062 1073 5118 quare
1092 5047 1228 5100 dicis
1242 5048 1334 5116 fui
1351 5050 1406 5102 et
1428 5065 1543 5102 non
1565 5048 1702 5103 dicis
1727 5048 1884 5103 sum?

280 5136 641 5208 Respondet:
671 5134 894 5189 Etenim
916 5137 1069 5188 senui
1086 5134 1141 5188 in
1165 5136 1435 5206 apostolis
1448 5140 1503 5189 et
1527 5153 1727 5191 eorum
1760 5154 1882 5191 suc-

281 5224 619 5289 cessoribus,
643 5230 691 5276 et
712 5239 817 5275 non
838 5222 948 5275 victi
971 5239 1074 5276 nec
1096 5222 1485 5293 injuventutc,
1513 5242 1615 5279 nec
1635 5225 1690 5278 in
1725 5224 1883 5278 senio

277 5315 486 5387 justum
518 5327 552 5364 ξι
595 5312 708 5366 Deo
736 5309 1065 5377 derelictum,
1095 5311 1150 5364 id
1202 5315 1287 5364 est
1338 5312 1391 5366 in
1425 5313 1886 5367 tribulationibus

192 5388 197 5392 ’
284 5418 407 5457 non
438 5398 721 5471 adjutum,
782 5413 888 5452 nec
936 5414 1109 5453 semen
1144 5398 1277 5468 ejus,
1310 5398 1365 5452 id
1396 5403 1481 5454 est
1506 5400 1659 5454 bona
1689 5415 1884 5469 opera,

287 5504 416 5567 quase
452 5490 583 5543 sunt
615 5501 783 5541 causa
828 5483 956 5541 vitae
1009 5487 1264 5554 aeternae,
1297 5485 1439 5541 sicut
1469 5485 1691 5543 semina
1720 5503 1889 5543 causa

1972 470 2163 521 ratum
2197 464 2447 520 carendo
2480 480 2629 535 pane
2654 461 2785 515 vita:
2818 463 2877 514 et
2901 459 3247 525 intellectus,
3281 460 3352 514 ab
3386 460 3589 514 eadem

1970 554 2369 619 similitudine,
2404 569 2532 624 qua:
2562 551 2618 605 in
2649 547 2931 620 superiori
2953 547 3237 601 sententia
3269 547 3453 618 posita
3480 551 3584 601 est.

1971 643 2182 696 Etinde
2205 640 2625 714 apparet,quod
2665 655 2698 693 a
2730 640 2848 693 Deo
2871 653 2988 691 non
3004 634 3589 707 derelinquitur.Nam

1971 738 2079 783 tota
2117 730 2220 796 die,
2259 729 2315 784 id
2352 727 2693 800 estiugiter,
2730 728 3008 779 miseretur
3026 726 3085 777 et
3103 722 3224 793 ejus
3248 727 3304 776 et
3319 723 3586 788 aliorum,

1970 826 2019 871 et
2045 819 2342 873 commodat
2371 817 2497 872 aliis
2522 816 2736 870 bonam
2766 812 3240 886 praedicationem
3275 815 3332 864 et
3381 813 3591 866 caetera

1970 906 2341 961 beneﬁcia.Et
2365 908 2514 962 bene
2533 900 3042 976 ponit.commodat,
3068 900 3124 954 id
3144 904 3230 954 est
3244 903 3443 954 mutuo
3469 899 3586 966 dat,

1972 998 2035 1049 ut
2058 998 2115 1048 et
2146 994 2250 1064 ipsi
2269 994 2394 1049 aliis
2424 991 2819 1063 indigentibus
2842 989 3185 1055 tribuant,et
3208 987 3284 1041 sic
3309 986 3407 1042 Dei
3436 986 3591 1041 dona

1973 1080 2461 1151 multiplicentur:
2486 1081 2599 1134 hoc
2625 1081 2822 1133 autem
2844 1075 3103 1147 superius
3124 1073 3436 1146 posuitged
3457 1073 3590 1144 quia

1973 1168 2421 1223 indeterminate
2455 1164 2938 1236 dixerat,repetit,
2966 1163 3313 1235 apponendo
3336 1164 3457 1216 tota
3473 1160 3584 1215 die.

1971 1255 2047 1311 Et
2075 1258 2209 1328 quia
2260 1260 2536 1311 miseretur
2566 1264 2615 1310 et
2665 1253 2984 1319 commodat,
3016 1270 3188 1307 semen
3219 1252 3380 1317 illius,
3414 1249 3471 1303 id
3504 1252 3589 1304 est

1972 1345 2126 1398 bona
2141 1346 2526 1416 Operatio,erit
2549 1346 2605 1397 in
2632 1340 3067 1406 benedictione,id
3088 1342 3173 1394 est
3199 1340 3308 1394 erit
3335 1338 3384 1393 ei
3419 1354 3588 1392 causa

1973 1433 2409 1497 benedictionis,
2470 1433 2526 1487 id
2580 1436 2664 1486 est
2698 1428 3060 1485 exaltationis
3092 1428 3149 1482 in
3180 1428 3393 1482 futuro.
3442 1427 3585 1497 Ergo

1974 1523 2097 1591 quia
2140 1527 2439 1591 peccatores
2489 1520 2759 1590 peribunt,
2789 1521 2851 1571 tu
2882 1516 2976 1588 qui
3010 1516 3211 1570 salvari
3244 1515 3342 1580 vis,
3384 1515 3587 1568 declina

1974 1626 2006 1660 α
2038 1609 2176 1660 malo
2208 1608 2626 1662 nuiversaliter.
2653 1605 2877 1678 thnia
2903 1605 3251 1659 benedicentes
3275 1602 3587 1659 Dominum

1978 1696 2128 1750 bona
2170 1696 2281 1750 vita
2336 1713 2437 1749 sua
2487 1695 2880 1749 luereditabunt
2912 1700 3130 1751 terram,
3160 1694 3253 1760 [ac
3288 1692 3405 1745 boni
3428 1709 3503 1757 m,
3531 1694 3588 1745 et

1976 1801 2091 1838 non
2124 1784 2372 1851 horarie,
2403 1785 2515 1839 Sed
2539 1783 2778 1837 inhabita
2806 1781 2945 1836 illud
2971 1782 3189 1836 bonum
3215 1797 3391 1851 usque
3422 1783 3477 1834 in
3496 1797 3589 1834 sae-

1975 1880 2147 1932 culum
2181 1878 2378 1944 sa'culi,
2411 1877 2469 1931 id
2514 1881 2598 1931 est
2628 1873 2931 1947 persevera
2960 1874 3021 1928 in
3055 1891 3121 1927 eo
3151 1874 3304 1928 bono
3336 1890 3584 1943 semper.

1976 1967 2041 2021 Et
2068 1983 2196 2020 ecce
2220 1982 2402 2019 causa:
2421 1965 2629 2036 quibus
2660 1962 3067 2018 declinandum
3086 1961 3159 2015 sit
3188 1979 3220 2015 a
3241 1963 3412 2027 malo,
3436 1961 3589 2016 etfa-

1976 2054 2243 2109 ciendum
2266 2055 2505 2108 bonum.
2525 2052 2665 2118 Quia
2689 2052 2952 2105 Dominus
2984 2058 3128 2104 amat
3130 2050 3397 2119 judicium
3416 2050 3584 2117 istud,

1977 2144 2159 2198 uthoc
2180 2142 2393 2196 scilicet
2424 2140 2722 2196 nobiscum
2742 2139 3069 2209 judicemus
3091 2142 3147 2192 et
3172 2138 3584 2209 compleamus.

1976 2238 2054 2292 Et
2076 2239 2205 2293 ideo
2221 2239 2426 2303 adhuc,
2461 2236 2598 2308 quia
2620 2253 2726 2290 non
2740 2236 3060 2306 derelinquet
3077 2234 3367 2308 inadjutos
3384 2238 3590 2287 sanctos

1977 2344 2117 2389 suos,
2149 2327 2245 2398 qui
2272 2327 2380 2380 hoc
2416 2342 2606 2379 secum
2640 2323 3008 2395 judicabant,
3026 2306 3162 2391 sedl
3330 2324 3385 2374 in
3438 2328 3588 2375 mter.

1980 2432 2107 2469 num
2128 2414 2629 2468 conservabuntura
2660 2414 2795 2468 Deo.
2814 2413 2877 2465 Et
2898 2410 3028 2465 ideo
3054 2426 3281 2481 quoque
3305 2409 3593 2463 declinan-

1982 2505 2119 2559 dum
2144 2506 2229 2558 est
2260 2521 2294 2558 a
2325 2504 2499 2567 malo,
2529 2501 2664 2574 quia
2684 2502 2876 2571 injusti
2883 2500 3182 2571 punientur
3207 2498 3264 2551 in
3291 2497 3590 2552 futuroNe

1980 2609 2116 2647 vero
2150 2594 2377 2663 putaret
2406 2590 2611 2661 aliquis
2631 2605 2729 2644 eos
2756 2606 2875 2644 esse
2898 2586 3217 2653 salvandos,
3244 2603 3347 2657 pro
3376 2586 3593 2657 aliquot

1984 2680 2252 2751 Operibus
2265 2678 2452 2743 bonis,
2478 2695 2605 2749 quae
2632 2693 2736 2747 pro
2766 2676 2963 2730 favore
2984 2674 3221 2741 faciunt,
3241 2673 3593 2728 addil:Etse-

1982 2786 2101 2821 men
2124 2769 2407 2838 impiorum
2421 2766 2642 2837 peribit,
2672 2764 2729 2819 id
2745 2767 2831 2817 est
2852 2764 3006 2817 bona
3028 2762 3285 2833 operatio
3303 2778 3430 2832 quae
3457 2777 3596 2815 con-

1985 2854 2128 2909 tuitu
2150 2854 2357 2908 favoris
2374 2854 2567 2925 agitur
2585 2868 2699 2907 non
2715 2849 3201 2905 remunerabitur.
3225 2849 3385 2903 Unde
3403 2848 3599 2903 Domi-

1985 2960 2089 2996 nus
2112 2943 2167 2995 in
2195 2941 2745 3012 EvangeliozaAmen
2763 2939 2888 2993 dico
2903 2938 3427 3008 vobis,receperunt
3443 2954 3597 2991 mer-

1980 3031 2178 3084 cedem
2206 3046 2369 3083 suam
2387 3028 2608 3092 (Matth.
2637 3044 2710 3094 v1,
2737 3030 2819 3092 5).
2843 3026 3038 3079 »Justi
3055 3032 3228 3079 autem
3245 3042 3311 3079 ex
3332 3025 3596 3096 opposito

1979 3117 2364 3173 Ita’reditabunt
2380 3123 2574 3170 terram
2593 3114 2926 3175 viventium,
2945 3120 2995 3166 et
3020 3113 3393 3167 inhabitabant
3423 3115 3479 3166 in
3506 3129 3599 3165 see-

1981 3205 2159 3258 culum
2188 3205 2385 3271 saeculi,
2444 3204 2501 3259 id
2527 3205 2613 3257 est
2659 3202 2717 3256 in
2762 3203 3048 3256 aeternum
3083 3218 3231 3271 super
3266 3219 3401 3265 cum,
3452 3200 3599 3254 inni-

1982 3295 2170 3346 tentes
2197 3296 2253 3345 et
2278 3291 2529 3367 fundati,
2567 3307 2637 3344 ne
2668 3289 2915 3361 amplius
2964 3289 3034 3343 ab
3066 3305 3136 3343 ea
3167 3288 3591 3343 dimoveanlnr.

1984 3382 2098 3435 Hoc
2129 3384 2323 3435 autem
2344 3380 2602 3452 superius
2618 3378 2866 3449 positum
2882 3377 3012 3433 ideo
3024 3376 3321 3447 repetit,ut
3338 3377 3408 3431 sit
3429 3392 3599 3431 causa

1985 3469 2134 3523 illius
2182 3469 2506 3534 sententiae,
2559 3467 2766 3521 declina
2793 3484 2824 3520 a
2852 3467 3015 3529 malo,
3044 3470 3152 3520 etc.
3188 3465 3359 3529 Quasi
3385 3465 3537 3519 dicat
3570 3482 3583 3519 :

1985 3557 2117 3611 Ideo
2134 3556 2337 3609 declina
2368 3563 2416 3609 et
2444 3557 2557 3625 fac,
2579 3558 2641 3609 ut
2660 3571 2789 3608 cum
2808 3554 2931 3608 aliis
2949 3553 3118 3623 justis
3145 3553 3451 3607 haeredites
3482 3557 3595 3606 ter-

1987 3662 2133 3711 ram,
2156 3644 2211 3698 id
2235 3648 2320 3698 est
2343 3644 2648 3709 Christum,
2670 3642 2766 3714 qui
2790 3642 2961 3696 ﬁrma
2981 3645 3135 3696 terra
3154 3644 3259 3707 est,
3294 3640 3380 3694 cui
3404 3640 3599 3694 ﬁdeles

1985 3732 2328 3786 inniteulur.

2060 3820 2354 3885 Quaereret
2382 3819 2588 3890 aliquis
2619 3818 2717 3891 qui
2744 3822 2877 3872 sunt
2897 3816 2977 3871 illi
3003 3815 3141 3887 justi
3165 3816 3261 3888 qui
3292 3816 3596 3870 lueredita-

1984 3908 2096 3963 turi
2125 3898 2261 3962 'sunt
2308 3908 2336 3962 ‘?
2368 3909 2481 3963 Hoc
2509 3910 2703 3961 autem
2734 3905 3087 3961 determinat
3115 3904 3214 3969 sic,
3243 3920 3315 3957 ne
3359 3903 3486 3975 quis
3512 3906 3595 3957 te-

1984 4013 2143 4051 mere
2172 4013 2230 4050 se
2250 3996 2345 4067 huj
2358 3996 2582 4053 usmodi
2590 3995 2808 4065 justum
2831 4010 2950 4049 esse
2969 3992 3284 4047 diceret.0s
3293 3992 3437 4061 justi
3450 3991 3598 4044 illius

1984 4085 2081 4157 qui
2099 4084 2540 4139 beercditaturus
2560 4087 2665 4146 est,
2700 4082 3040 4137 meditabitur
3065 4083 3398 4152 sapientiam,
3426 4080 3482 4134 id
3513 4086 3599 4134 est

1985 4172 2275 4244 sapienter
2304 4171 2513 4239 vivere,
2547 4175 2827 4242 quantum
2876 4170 2950 4224 ad
2979 4186 3058 4223 se.
3101 4168 3178 4222 Et
3207 4168 3381 4222 etiam
3416 4167 3597 4237 lingua

1984 4260 2096 4331 ejus
2124 4261 2365 4332 loquetur
2391 4260 2534 4325 aliis,
2583 4259 2638 4313 id
2662 4263 2747 4313 est
2776 4257 3110 4330 praedicabit
3129 4255 3391 4328 judicium
3424 4255 3593 4319 istud,

1985 4348 2139 4421 quod
2168 4366 2227 4402 se
2260 4349 2551 4419 complere
2586 4347 2878 4416 iudicabit,
2920 4349 2980 4400 tu
3023 4348 3080 4399 et
3102 4344 3205 4417 ipsi
3242 4345 3592 4414 compleant,

1984 4437 2197 4491 scilicet
2227 4436 2565 4508 sapientiam
2584 4437 2849 4506 loquetur
2879 4434 3116 4505 ipsis.Et
3141 4449 3256 4487 non
3292 4431 3593 4486 meditabi-

1984 4527 2079 4579 tur
2130 4526 2187 4576 et
2212 4524 2483 4595 loquetur
2510 4523 2613 4588 sic,
2646 4526 2709 4575 ut
2741 4525 2939 4594 postea
2971 4522 3216 4586 deﬁciat,
3244 4520 3344 4574 sed
3375 4520 3458 4573 lex
3484 4521 3597 4590 ejus

1985 4628 2215 4682 semper
2258 4612 2312 4662 in
2361 4610 2533 4674 corde,
2584 4609 2641 4663 id
2678 4611 2761 4663 est
2816 4609 2873 4663 in
2919 4610 3211 4663 voluntate
3241 4608 3373 4677 ejus.
3418 4606 3476 4660 id
3514 4610 3600 4660 est

1984 4714 2213 4768 semper
2229 4697 2414 4767 diligit
2436 4714 2566 4751 eam
2603 4700 2662 4751 et
2682 4698 2802 4750 vult
2832 4713 2962 4750 eam
2981 4696 3294 4767 complere.
3314 4693 3390 4747 Et
3407 4694 3484 4748 sic
3511 4698 3598 4748 est

1985 4788 2042 4842 in
2077 4787 2270 4848 corde,
2303 4785 2454 4858 quod
2488 4803 2591 4839 non
2620 4786 3109 4855 supplantabuntur
3132 4800 3381 4853 gresssus,
3415 4782 3472 4836 id
3511 4786 3599 4837 est

1985 4875 2314 4930 affectiones
2345 4875 2465 4945 ejus
2495 4874 2565 4928 ab
2594 4875 2689 4928 illa
2718 4875 2863 4945 lege.
2898 4873 3192 4938 Qumreret
3219 4870 3421 4942 aliquis
3434 4873 3595 4925 estne

1985 4964 2286 5035 quisquam
2319 4961 2413 5033 qui
2442 4979 2573 5016 eum
2604 4963 2739 5016 velit
2768 4959 3175 5033 supplantare?
3196 4958 3597 5030 Respondetur

1985 5050 2060 5105 ita
2095 5068 2110 5103 :
2165 5048 2477 5104 Considerat
2509 5050 2666 5104 enim
2706 5056 2956 5119 peccator
2997 5049 3209 5117 justum
3239 5046 3295 5099 in
3326 5046 3454 5117 lege
3488 5045 3589 5101 illa

1984 5154 2378 5210 perseverare;
2407 5146 2454 5191 et
2482 5139 2672 5209 qua-rit
2698 5135 2990 5191 blanditiis
3019 5136 3102 5189 vel
3135 5121 3595 5189 tribulationibus

1984 5243 2103 5279 eum
2130 5228 2468 5296 morti/icare,
2504 5226 2561 5279 id
2594 5228 2675 5279 est
2706 5225 2778 5278 ab
2797 5224 2999 5278 eadem
3027 5224 3154 5293 lege
3185 5223 3497 5287 retrahere,
3538 5224 3596 5275 et

1987 5314 2063 5368 sic
2095 5315 2243 5368 male
2277 5314 2501 5384 operari
2528 5300 2792 5375 faciendo
2814 5311 2872 5365 in
2903 5315 3150 5367 mortem
3173 5311 3383 5365 anima:
3415 5309 3593 5364 dedu-

1990 5416 2139 5456 cere.
2166 5400 2429 5454 Dominus
2455 5405 2631 5453 autem
2662 5416 2767 5451 non
2803 5397 3127 5470 derelinquet
3165 5396 3491 5468 inadjutum
3524 5411 3598 5450 ne

1993 5487 2176 5544 cedat.
2195 5487 2363 5552 Eum,
2395 5490 2450 5542 in
2492 5487 2736 5544 manibus
2765 5487 2877 5561 ejus
2917 5486 3188 5562 positum,
3232 5483 3290 5543 id
3315 5487 3400 5541 est
3428 5483 3602 5544 faciet
