4008 6030
440 256 538 324 ’791

1054 262 1113 322 s.
1153 255 1498 323 BRUNONIS
1538 252 2170 325 CARTHUSIANORUM
2204 262 2673 325 INSTITUTORIS
2715 266 2869 324 OPP.
2904 264 3081 324 PARS
3121 262 3142 324 ι

3652 264 3772 325 792

438 408 573 447 eum
607 385 990 459 constantem,
1021 408 1152 448 cum
1180 393 1290 449 erit
1314 393 1372 449 in
1404 397 1684 467 potestate
1722 396 2040 469 peccatoris
2064 400 2119 460 Α
2146 397 2271 452 tum
2302 396 2376 452 ad
2404 412 2523 463 eos,
2546 395 2606 450 id
2629 397 2712 449 est
2754 410 2872 449 non
2901 395 3146 449 aderunt
3167 395 3250 451 eis
3272 412 3286 451 :
3312 396 3395 450 vel
3425 394 3504 450 sic
3529 411 3543 449 :
3568 395 3772 466 Opera

439 497 555 535 non
583 480 895 535 secundum
925 480 1204 548 animam,
1237 483 1336 537 sed
1356 484 1669 539 secundum
1697 501 1921 555 corpus;
1948 501 2039 538 nec

439 568 713 622 damnabit
738 586 853 622 eum
875 569 1172 637 Dominus,
1196 588 1315 625 cum
1335 572 1691 642 judicabitur,
1709 572 1766 627 id
1796 576 1879 627 est
1909 589 2039 627 cum

444 657 548 711 hoc
580 657 650 711 sit
670 656 824 728 quod
850 655 967 728 ipse
982 657 1169 727 justus
1183 658 1554 714 damnabitur
1567 677 1598 714 a
1625 663 1926 733 peccatore
1941 675 2043 731 per

443 745 761 815 corporalia
789 747 1100 801 tormenta.
1126 746 1193 800 Et
1217 746 1324 800 hoc
1339 748 1443 816 ipsi
1458 747 1536 815 id,
1559 751 1642 802 est
1658 748 1730 802 ad
1764 747 1846 802 sui
1871 747 2045 820 ipsius

440 833 743 887 utilitatem
766 850 779 887 :
810 834 969 906 quasi
999 834 1177 889 dicat:
1205 835 1487 890 Judicium
1512 837 1650 891 illud
1670 853 1789 891 non
1809 837 1919 891 erit
1943 837 2048 909 ipsi

442 921 513 975 ad
544 921 1000 989 damnationem,
1051 922 1149 978 sed
1190 923 1263 977 ad
1291 923 1600 978 utilitatem
1624 942 1642 990 ;
1664 926 1751 979 vel
1784 925 1898 980 sic:
1934 926 2049 978 Nec

441 1008 743 1063 damnabit
765 1026 897 1064 eum
914 1013 1178 1082 peccator
1198 1011 1534 1082 sicutputat,
1555 1029 1684 1067 cum
1695 1012 2051 1083 judicabitur

439 1095 540 1161 illi,
587 1096 643 1151 id
677 1101 761 1151 est
793 1115 936 1152 .cum
981 1099 1090 1152 hoc
1125 1099 1196 1152 sit
1235 1101 1692 1171 quodjudicium
1724 1101 1864 1156 illud
1895 1100 2049 1173 quod

439 1188 705 1255 peccator
748 1185 919 1240 faciet
946 1186 1212 1241 adversus
1230 1188 1449 1259 justum
1500 1189 1830 1244 tribulando
1863 1189 2046 1255 illum,

437 1272 626 1341 potius
658 1273 757 1327 fiat
787 1274 860 1327 ad
886 1274 1325 1335 damnationem
1356 1278 1503 1331 illius
1524 1278 1861 1348 peccatoris.
1893 1277 2047 1331 Dixi:

436 1358 657 1414 Declina
687 1379 719 1414 a
747 1361 893 1415 male
915 1370 963 1415 et
986 1363 1079 1432 fac
1107 1364 1317 1420 bonum.
1351 1367 1418 1419 Et
1440 1366 1485 1420 si
1507 1382 1637 1420 mox
1666 1383 1780 1420 non
1815 1382 2047 1437 accepe-

436 1447 513 1501 ris
542 1448 675 1503 inde
698 1450 1028 1520 praemium,
1062 1452 1180 1506 noli
1203 1469 1570 1508 murmurare
1598 1453 1741 1508 sicut
1762 1453 2049 1507 filiilsrael

436 1535 819 1609 fecerunt,qui
835 1554 963 1591 cum
983 1538 1094 1593 cito
1109 1556 1225 1594 non
1242 1545 1474 1611 possent
1490 1542 1561 1596 ad
1575 1546 1789 1596 terram
1808 1540 2050 1613 promis-

436 1623 609 1679 sionis
627 1627 923 1696 pervenire
936 1627 1407 1699 in.Egyptum,ad
1425 1632 1566 1685 ollas
1582 1646 1823 1685 carnum
1840 1628 2049 1684 reverti

2151 485 2308 539 bona
2327 501 2430 557 pro
2448 484 2640 538 favore
2654 484 2823 549 facta,
2845 500 2971 554 quze
2997 487 3121 554 post
3135 487 3385 539 mortem
3401 483 3760 554 relinquunt,

2152 573 2461 639 interibunt,
2505 571 2561 625 id
2606 574 2691 625 est
2737 570 3233 625 annihilabuntur.
3269 573 3376 626 Has
3405 587 3535 625 vero
3564 587 3767 625 causas

2152 660 2408 732 superius
2461 660 2651 732 posuit
2719 658 2831 713 Sed
2863 658 2953 712 hic
2984 659 3056 713 ad
3089 659 3241 714 aliud
3268 659 3493 730 repetit.
3534 660 3601 713 Et
3629 659 3764 713 ideo

2150 748 2338 802 adhuc
2366 747 2712 813 inculcat,ut
2743 747 2929 800 bonos
2959 745 3027 799 ad
3064 747 3273 801 melius
3299 747 3635 814 uttrahat,et
3654 747 3769 800 im-

2151 836 2274 907 pios
2302 835 2756 907 perterrefaciat.
2789 834 2870 887 Ne
2898 849 3031 888 vero
3062 834 3199 903 justi
3223 835 3292 889 de
3322 834 3502 889 salute
3530 852 3630 888 sua
3655 834 3763 887 ali-

2151 928 2435 995 quatenus
2458 924 2515 977 in
2551 940 2608 978 se
2641 922 2985 992 glorientur,
3023 937 3263 976 omnem
3290 939 3493 977 eorum
3514 922 3763 976 salutem

2152 1012 2444 1067 aDomino
2463 1028 2581 1066 esse
2600 1012 2678 1064 sic
2699 1010 2833 1064 dicit
2857 1026 2871 1063 :
2913 1008 3030 1064 Dixi
3047 1010 3199 1081 quod
3210 1011 3354 1081 justi
3371 1009 3764 1064 hareditabunt

2154 1109 2369 1167 terram,
2403 1104 2460 1155 et
2503 1117 2622 1153 cum
2669 1100 2912 1154 ceciderit
2946 1099 3156 1169 justus,
3209 1116 3315 1152 non
3368 1099 3667 1165 collidetur;
3702 1100 3766 1151 et

2151 1188 2416 1241 Dominus
2446 1204 2551 1240 non
2572 1186 2899 1258 dcrelinquet
2919 1204 3035 1239 eum
3077 1188 3129 1239 in
3156 1186 3405 1240 manibus
3423 1185 3760 1256 peccatoris,

2153 1280 2212 1330 et
2236 1277 2356 1330 haec
2398 1277 2549 1330 salus
2581 1293 2697 1329 non
2753 1279 2838 1329 est
2877 1275 2948 1329 ab
2979 1274 3114 1346 ipsis
3135 1274 3340 1344 justis:
3372 1274 3534 1329 Salus
3558 1282 3759 1344 autem,

2152 1364 2367 1417 scilicet
2399 1365 2548 1417 salus
2564 1363 2879 1433 justorum,
2919 1381 2950 1415 a
2988 1362 3221 1415 Domino
3248 1366 3352 1416 est.
3386 1361 3630 1432 Exponit
3657 1379 3762 1416 au-

2108 1440 2123 1457 ’
2152 1455 2272 1507 tem
2299 1453 2540 1506 salutem
2576 1468 2678 1523 per
2712 1454 2902 1523 partes
2932 1451 3009 1505 sic
3034 1467 3047 1505 :
3084 1452 3164 1506 Et
3174 1458 3448 1523 protector
3467 1468 3645 1505 eorum
3676 1453 3767 1504 est

2153 1542 2209 1593 in
2239 1547 2466 1610 tempore
2494 1539 2875 1604 tribulationis,
2904 1555 2976 1592 ne
3008 1538 3235 1592 cedant.
3267 1540 3347 1594 Et
3369 1538 3647 1609 adjuvabit
3678 1555 3765 1592 eos

2152 1628 2225 1681 ad
2256 1629 2403 1682 bene
2447 1627 2832 1699 Operandum,
2867 1633 2916 1679 et
2958 1626 3199 1679 liberabit
3240 1644 3323 1681 eos
3348 1644 3381 1682 a
3411 1626 3678 1699 peccatis,
3709 1633 3763 1679 et

435 1714 737 1767 voluerunt
771 1713 957 1785 (Nam.
991 1732 1101 1783 xxv,
1125 1718 1195 1781 4).
1222 1715 1333 1771 Sed
1353 1725 1589 1789 exspecta
1612 1717 2047 1774 Dominumsine
2077 1708 2127 1767 B
2148 1723 2293 1770 eruet
2320 1733 2417 1770 eos
2445 1733 2477 1768 a
2496 1715 2880 1785 peccatoribus,
2915 1714 2971 1768 id
2999 1718 3085 1768 est
3121 1731 3154 1768 a
3184 1717 3466 1787 potestate
3496 1718 3762 1786 peccato-

437 1802 895 1856 murmuratione
911 1802 967 1856 in
982 1803 1136 1857 brevi
1156 1809 1685 1861 remuneraturum.
1719 1806 1795 1860 Et
1813 1820 2044 1877 exspec-

433 1889 611 1943 tando
642 1890 847 1945 custodi
874 1894 1017 1945 viam
1051 1893 1246 1962 ejus,id
1268 1898 1352 1948 est
1370 1895 1559 1965 legem
1581 1913 1655 1949 ne
1674 1895 1951 1949 deﬂectas
1975 1893 2046 1947 ab

436 1992 659 2048 ea,qu:e
681 1979 790 2033 erit
821 1980 923 2033 tibi
941 1980 1029 2035 via
1048 1981 1308 2035 advitam
1343 1998 1355 2035 :
1388 1982 1644 2054 alioquin
1673 1982 1831 2036 enim
1859 1980 2047 2036 inanis

434 2069 580 2119 esset
601 2068 948 2137 exspectatio
989 2071 1107 2123 tua.
1146 2069 1395 2141 Ideoque
1421 2070 1641 2125 custodi
1664 2077 1721 2124 ut
1738 2070 2048 2124 hereditate

432 2155 616 2222 capias
652 2161 848 2209 terram
881 2155 1215 2224 viventium,
1239 2156 1297 2211 id
1318 2161 1403 2210 est
1423 2162 1484 2212 ut
1500 2158 1684 2213 sittibi
1714 2158 2039 2212 haereditas.

433 2240 590 2293 lianc
613 2245 807 2295 autem
843 2245 1059 2296 terram
1084 2244 1301 2311 videbis,
1326 2262 1445 2298 cum
1462 2248 1721 2316 perierint
1740 2251 2043 2316 peccatores

434 2327 490 2380 in
524 2327 739 2396 futuro,
767 2330 852 2384 vel
873 2329 969 2383 sic.
993 2331 1131 2385 Cum
1166 2334 1404 2402 coeperis
1432 2337 1648 2389 terram
1682 2335 2040 2407 haereditate,

433 2415 650 2469 videbis
675 2432 804 2470 cum
824 2418 1114 2487 perierent
1135 2425 1484 2491 peccatores,
1502 2423 1560 2476 id
1585 2428 1669 2477 est
1685 2425 1902 2479 videbis
1914 2444 2044 2498 per-

336 2552 343 2558 .
432 2501 711 2557 ditionem
739 2508 1128 2574 peccatorum.
1146 2508 1253 2561 Per
1267 2508 1375 2563 hoc
1392 2513 1587 2563 autem
1607 2528 1739 2565 eum
1764 2517 2041 2583 apeccato

430 2606 698 2645 revocare
749 2591 1019 2661 intendit,
1075 2612 1147 2650 ne
1197 2612 1328 2651 cum
1382 2598 1778 2670 peccatoribus
1820 2604 2040 2670 pereat.

432 2678 727 2742 Quaereret
755 2680 959 2752 aliquis
990 2684 1143 2737 unde
1170 2686 1275 2739 scis
1305 2689 1669 2756 peccatorem
1689 2688 2043 2757 periturum?

318 2834 326 2839 ,
430 2770 548 2824 Hoc
575 2772 770 2825 autem
797 2771 1107 2827 confirmat
1136 2773 1214 2827 sic
1237 2773 1575 2828 auctoritate
1608 2792 1729 2830 sua.
1755 2777 1900 2832 Vere
1929 2778 2044 2832 scio

433 2858 587 2929 quod
620 2859 908 2930 peribunt.
932 2861 1075 2914 Nam
1099 2878 1206 2933 ego
1232 2862 1361 2929 vidi,
1397 2862 1456 2917 id
1486 2866 1571 2917 est
1600 2865 1957 2921 consideravi
1983 2867 2043 2921 in

432 2952 629 3002 mente
660 2964 810 3015 mea,
844 2950 1067 3018 impium
1096 2949 1154 3003 in
1181 2950 1288 3004 hoc
1321 2950 1539 3005 mundo
1553 2968 1707 3022 super
1727 2953 1850 3024 pios
1892 2955 2038 3009 exal-
2069 2986 2117 3047 Ο

436 3041 605 3088 talum
625 3041 674 3088 et
701 3034 959 3088 eleuatum
989 3035 1047 3089 in
1082 3036 1285 3091 divitiis
1307 3039 1441 3091 sicut
1465 3037 1642 3091 cedros
1670 3039 1883 3109 Libani,
1917 3058 2044 3112 qua:

434 3123 732 3177 arboribus
762 3122 884 3176 aliis
908 3123 1091 3195 magis
1121 3125 1354 3179 elevatae
1386 3129 1538 3180 sunt.
1569 3124 1646 3179 Et
1686 3130 1882 3198 postea
1914 3145 2047 3184 con-

431 3210 777 3265 sideratione
818 3213 1044 3266 transivi
1078 3212 1151 3267 ad
1192 3213 1502 3268 novissima
1530 3214 1671 3284 ejus.
1704 3214 1780 3268 Et
1802 3233 1913 3270 ecce
1942 3235 2046 3271 non

431 3305 566 3366 erat,
589 3298 646 3352 id
679 3300 763 3351 est
786 3297 893 3351 fuit
930 3298 987 3352 in
1020 3300 1326 3370 praesentia
1364 3301 1837 3357 considerationis
1876 3322 2043 3373 meae,

433 3386 588 3458 quod
619 3386 741 3457 ipse
775 3402 891 3440 non
913 3391 1039 3440 erat
1068 3387 1146 3441 sic
1179 3388 1552 3456 exaltandus;
1586 3390 1741 3460 quod
1771 3394 1858 3445 est
1888 3392 2043 3447 dice-

433 3491 525 3528 re:
584 3472 945 3527 Consideravi
978 3474 1141 3528 illum
1186 3476 1501 3530 cariturum
1533 3478 1876 3533 exaltatione
1923 3481 2041 3535 tali.

436 3562 503 3615 Et
530 3562 751 3634 quaesivi
779 3578 918 3629 eum,
958 3561 1017 3615 id
1044 3565 1130 3616 est
1161 3561 1425 3633 diligenti
1457 3564 1680 3620 ratione
1712 3565 2047 3640 investigavi

436 3651 627 3705 locum
657 3650 799 3721 ejus,
829 3648 1041 3704 scilicet
1065 3666 1138 3703 an
1165 3649 1226 3703 in
1256 3649 1450 3705 futuro
1473 3652 1773 3708 habiturus
1805 3659 1951 3709 esset
1969 3657 2049 3710 lo-

438 3754 571 3792 cum
597 3737 990 3810 superbiendi,
1023 3740 1081 3791 et
1112 3737 1295 3792 bonos
1318 3739 1705 3809 opprimendi.
1738 3743 1820 3797 Et
1848 3761 1955 3796 non
1974 3752 2047 3798 est

441 3829 682 3881 inventus
725 3844 758 3880 a
804 3842 897 3880 me
954 3825 1377 3892 considerante,
1411 3827 1552 3881 locus
1581 3829 1712 3898 ejus.
1738 3829 2050 3885 Sciendum

442 3919 637 3970 autem
665 3914 819 3986 quod
860 3914 1009 3968 hanc
1054 3914 1402 3968 sententiam
1429 3916 1687 3987 superius
1716 3916 1773 3970 in
1802 3919 2053 3972 secunda

444 4019 692 4075 persona
720 4005 990 4073 posuerat
1032 4001 1148 4055 sic:
1201 4001 1433 4065 Quaares
1465 4003 1657 4057 locum
1689 4004 1815 4075 ejus
1894 3990 1911 4076 I

445 4094 503 4144 et
533 4108 649 4145 non
678 4089 951 4144 invenies.
986 4089 1082 4143 Hic
1117 4105 1250 4143 vero
1311 4090 1650 4145 auctoritate
1706 4109 1809 4147 sua
1844 4093 2054 4148 confir~

446 4181 587 4247 mat,
622 4178 864 4249 ideoque
894 4177 1180 4231 diversum
1208 4180 1312 4231 est.
1349 4178 1495 4250 Ergo
1534 4179 1669 4250 quia
1699 4179 1744 4234 si
1774 4185 2059 4252 exspecta-

2149 1821 2279 1858 rum
2315 1821 2387 1859 ne
2426 1804 2764 1875 corporibus
2814 1802 3010 1857 occisis
3040 1803 3094 1860 in
3124 1805 3346 1857 animas
3375 1804 3627 1857 habeant
3653 1819 3759 1874 po-

2148 1893 2525 1948 testatem.Et
2542 1896 2741 1964 postea
2759 1892 2982 1946 salvabit
3012 1909 3095 1946 eos
3119 1909 3151 1945 a
3181 1892 3529 1946 mortalitate
3561 1894 3618 1945 et
3636 1907 3763 1962 pas-

2149 1981 2442 2046 sibilitate,
2468 1980 2799 2035 reducendo
2833 1980 2905 2034 ad
2932 1979 3348 2035 beatitudinem
3380 1979 3764 2034 aeternam.Et

2148 2068 2259 2123 hoc
2288 2069 2444 2137 ideo,
2474 2086 2602 2139 quia
2635 2075 2975 2138 speraverant
3007 2071 3061 2121 in
3080 2085 3159 2135 eo,
3189 2084 3305 2122 non
3336 2067 3395 2121 iu
3428 2085 3509 2122 se.

2599 2157 2666 2209 ΙΝ
2707 2155 3029 2211 PSAIMUM
3072 2157 3308 2210 XXXVII.

2218 2244 2427 2299 Psalmi
2486 2244 2757 2299 tricesimi
2819 2244 3048 2316 septimi
3076 2244 3311 2299 Titulus.
3340 2243 3545 2298 Psalm.
3579 2243 3759 2297 David

2147 2335 2203 2387 in
2233 2336 2667 2388 rememoratione
2690 2332 2928 2396 sabbati;
2960 2333 3113 2404 quod
3145 2332 3222 2386 sic
3240 2332 3577 2404 exponitur:
3613 2332 3760 2386 Psal-

2147 2437 2276 2475 mus
2316 2420 2420 2476 iste
2471 2421 2874 2475 attribuendus
2925 2423 3006 2474 est
3062 2420 3258 2486 David,
3317 2420 3373 2475 id
3418 2425 3503 2474 est
3535 2419 3757 2474 Christo

2148 2508 2413 2579 agentiin
2427 2507 3153 2563 rememorationeSabbati
3173 2512 3404 2562 aeterna:
3418 2507 3759 2578 quietis.Per

2148 2595 2461 2650 Sabbatum
2491 2596 2649 2649 enim
2676 2596 2831 2667 quod
2865 2596 3026 2666 quies
3062 2595 3497 2668 interpretatur,
3531 2595 3761 2666 requies

2146 2687 2366 2738 aeterna
2419 2683 2773 2753 designatur.
2809 2683 2905 2736 Est
2937 2686 3128 2737 autem
3166 2683 3222 2736 in
3267 2684 3374 2738 hoc
3405 2684 3624 2754 psalmo
3650 2699 3761 2736 vox

2147 2770 2606 2841 capitis,orantis
2638 2786 2741 2840 pro
2788 2770 3069 2824 membris
3098 2770 3335 2824 futuris:
3369 2786 3441 2825 ne
3472 2771 3529 2824 in
3560 2771 3755 2824 futuro

2147 2858 2665 2921 damnentur.Qute
2680 2858 2945 2912 membra
2961 2874 3064 2930 per
3082 2858 3571 2926 Adam,zeternam
3594 2858 3757 2930 quie-

2146 2944 2263 3000 teni
2284 2945 2553 2999 oblivioni
2569 2945 3192 3011 tradiderant,taudem
3206 2962 3338 3000 vero
3354 2962 3458 3018 per
3469 2946 3758 3000 Christum

2146 3036 2295 3091 illius
2307 3034 2514 3106 quietis
2535 3038 2997 3088 rememoratura
3013 3038 3265 3102 erant,et
3282 3035 3351 3089 de
3364 3034 3608 3106 peccatis
3620 3038 3758 3088 ante

2148 3125 2455 3196 baptisma,
2487 3126 2543 3176 et
2574 3126 2702 3191 post
2723 3123 3007 3193 baptisma
3029 3122 3431 3194 pcenitentiam
3462 3123 3762 3176 actura.Ut

2147 3217 2341 3266 autem
2375 3210 2741 3264 affectionem
2777 3210 3019 3264 nimiam
3053 3227 3193 3282 erga
3222 3227 3322 3264 eos
3348 3227 3406 3265 se
3436 3211 3657 3265 habere
3674 3227 3766 3265 os-

2146 3300 2477 3370 tendat,pro
2496 3297 2761 3369 eis,quasi
2781 3313 2884 3368 pro
2898 3315 2956 3352 se
2970 3302 3117 3353 orat:
3138 3302 3202 3352 ut
3221 3299 3397 3353 etiam
3413 3298 3630 3353 facilius
3648 3298 3762 3352 im-

2148 3384 2720 3458 petret,ostendendo
2737 3401 2932 3439 causas
2953 3401 3131 3455 quare
3147 3400 3252 3457 pro
3271 3386 3351 3439 eis
3365 3384 3646 3440 orandum
3663 3385 3759 3440 sit-

2146 3473 2426 3529 Addendo
2454 3489 2683 3544 quoque
2710 3489 2906 3527 causas
2925 3474 3117 3542 plures
3137 3490 3315 3544 quare
3328 3473 3533 3528 debeat
3553 3490 3659 3544 pro
3676 3473 3762 3527 eis

2149 3561 2404 3617 exaudiri
2434 3578 2447 3615 :
2493 3561 2707 3615 scilicet
2759 3560 2894 3632 quia
2925 3560 3289 3631 poenitebunt
3329 3565 3385 3615 et
3409 3561 3479 3615 de
3513 3562 3764 3632 peccatis

2149 3651 2446 3717 dolebunt,
2471 3652 2529 3704 et
2551 3650 2736 3703 solum
2764 3651 2945 3704 Deum
2976 3648 3410 3704 desiderabunt:
3437 3652 3495 3704 et
3506 3649 3641 3722 quia
3656 3665 3762 3721 pro

2152 3740 2231 3795 eis
2253 3755 2520 3810 passurus
2551 3740 2636 3792 est
2667 3740 2725 3792 et
2748 3741 3190 3792 resurrecturus.
3220 3737 3405 3801 Quam
3432 3738 3764 3810 passionem

2155 3828 2331 3882 etiam
2363 3827 2575 3898 partim
2611 3825 2883 3881 ostendit.
2916 3825 2984 3879 Et
3016 3826 3151 3895 quia
3188 3829 3390 3895 parata
3442 3830 3614 3881 erunt
3641 3826 3768 3896 ipsa

2155 3915 2424 3969 membra
2462 3913 2534 3967 ad
2584 3912 2882 3967 subeunda
2933 3928 3038 3984 pro
3070 3911 3295 3967 Christo
3328 3914 3579 3984 ﬂagella,
3620 3913 3765 3967 sicut

2154 4018 2260 4073 pro
2293 4001 2374 4056 eis
2404 4001 2523 4072 ipse
2556 3999 2877 4071 ﬂagellatus
2902 3999 3042 4055 fuit:
3074 4002 3132 4053 et
3157 3999 3291 4071 quia
3316 4003 3552 4072 peccata
3581 3999 3763 4055 conﬂ-

2156 4091 2453 4157 tebuntur,
2476 4093 2534 4143 et
2572 4105 2675 4160 pro
2706 4088 2784 4143 eis
2823 4087 3149 4143 satisfacere
3178 4088 3541 4160 cagitabunt.

2226 4178 2455 4232 Domine
2492 4194 2557 4231 ne
2604 4178 2667 4232 in
2699 4177 2885 4247 furore
2915 4182 3004 4229 tuo
3034 4192 3232 4245 arguas
3271 4193 3374 4243 me,
3427 4178 3484 4230 et
3532 4178 3757 4232 caetera.

447 4263 889 4333 veris,exaltabit
918 4266 1069 4331 te,et
1088 4264 1224 4336 quia
1248 4266 1493 4336 amplius
1517 4268 1659 4321 sicut
1683 4269 1905 4323 ostendi
1938 4287 2056 4326 non
2079 4252 2132 4313 Ῑ)
2159 4268 2330 4333 Quasi
2385 4267 2571 4322 dicat:
2632 4256 2880 4332 Domine,
2915 4282 2980 4318 ne
3032 4281 3227 4335 arguas
3276 4280 3457 4334 meos,
3485 4265 3544 4319 id
3573 4268 3659 4320 est
3688 4282 3761 4319 ne

448 4353 576 4408 erit.
613 4352 838 4408 Custodi
878 4354 1251 4420 innocentiam,
1296 4357 1579 4424 quantum
1612 4355 1685 4409 ad
1731 4355 1920 4427 ipsum
1950 4356 2057 4414 im-

448 4442 740 4513 pium,ne,
763 4440 899 4512 quia
926 4443 981 4495 te
1007 4440 1263 4508 tribulat,
1291 4442 1429 4495 velis
1458 4442 1508 4497 ei
1539 4460 1747 4499 nocere
1770 4444 1931 4501 dictis
1944 4445 2056 4501 sive

448 4530 631 4585 iactis.
687 4531 768 4586 Et
817 4530 934 4584 vide
984 4531 1286 4601 equitatem
1335 4547 1477 4593 esse,
1535 4531 1594 4586 id
1643 4536 1729 4587 est
1782 4533 1891 4589 hoc
1935 4551 2055 4590 esse

450 4635 704 4691 aequum,
756 4620 818 4672 ut
874 4634 1012 4689 erga
1051 4634 1183 4672 eum
1227 4618 1301 4672 sis
1330 4619 1629 4675 innocens.
1665 4623 1731 4675 Et
1759 4623 1914 4679 bono
1954 4628 2052 4678 tuo

449 4707 754 4774 custodies,
782 4708 1033 4778 quoniam
1065 4707 1269 4760 homini
1284 4709 1532 4777 paciﬁca,
1562 4709 1621 4764 id
1650 4714 1735 4779 est
1760 4711 2055 4767 innocenti

447 4803 572 4852 sunt
598 4795 851 4866 reliquiae,
879 4793 938 4847 id
968 4796 1052 4848 est
1083 4797 1303 4849 interna
1330 4795 1485 4851 bona
1516 4814 1642 4869 qua:
1677 4798 1783 4854 sibi
1814 4799 1932 4871 ipse
1962 4816 2052 4854 re-

446 4884 633 4958 liquit,
667 4882 1032 4939 sazcularibus
1045 4885 1393 4956 contemptis
1416 4901 1428 4938 :
1450 4885 1640 4955 injusti
1656 4893 1832 4943 autem
1846 4888 2051 4957 disper-

447 4974 622 5041 ibuut,
682 4971 740 5026 id
797 4974 884 5026 est
913 4969 1153 5025 omnino
1201 4971 1473 5042 peribunt
1502 4975 1560 5026 et
1588 4972 1648 5026 in
1679 4975 1876 5029 anima
1904 4979 1963 5030 et
1993 4975 2050 5030 in

444 5076 705 5133 corpore.
742 5058 925 5115 Simul
955 5075 1086 5113 cum
1116 5058 1251 5129 ipsis
1279 5059 1512 5130 reliquie
1540 5061 1850 5131 impiorum,
1882 5062 1939 5116 id
1967 5065 2051 5117 est

442 5148 738 5205 saecularia
791 5147 947 5202 bona
995 5162 1123 5217 quia
1157 5145 1260 5200 sibi
1290 5146 1668 5218 reliquerunt,
1702 5150 2050 5221 contemptis

440 5236 692 5304 aeternis,
740 5234 1048 5302 interibunt,
1074 5234 1239 5305 juxta
1270 5234 1410 5291 illud
1438 5254 1451 5289 :
1495 5258 1521 5284 «
1555 5236 1773 5291 leum
1804 5241 1862 5291 et
1892 5240 2047 5293 terra

437 5325 768 5380 transibunt
806 5323 957 5395 (Luc.
986 5340 1096 5391 XXI,
1135 5324 1247 5394 33),
1284 5343 1311 5372 »
1360 5324 1448 5377 vel
1477 5323 1593 5378 sic:
1634 5323 1891 5396 Reliquiae
1943 5328 2045 5380 im-

425 5416 664 5484 piorum,
722 5410 780 5466 id
833 5414 918 5466 est
974 5415 1191 5466 aeterna
1233 5411 1410 5475 bona,
1441 5428 1569 5483 quae
1604 5413 1708 5467 sibi
1734 5417 1863 5485 post
1884 5431 2044 5470 mor-

433 5504 553 5556 tem
612 5501 1069 5577 praasumptuose
1122 5499 1476 5572 relinquunt,
1528 5500 1801 5572 peribunt
1862 5520 2041 5577 quan-

1053 5732 1127 5741 μ’.-

2158 4357 2461 4412 convincas
2491 4371 2653 4409 meos
2688 4355 2839 4409 male
2865 4354 3068 4425 egisse,
3116 4354 3445 4427 arguendos
3466 4369 3565 4409 eos
3592 4355 3647 4407 in
3665 4354 3764 4423 fu-

2157 4463 2274 4501 rore
2286 4442 2489 4517 judicii
2520 4441 2625 4509 tui,
2658 4459 2789 4496 cum
2821 4441 3169 4497 damnandis
3185 4442 3365 4497 dices:
3387 4465 3414 4492 ‹‹
3437 4441 3763 4497 Disceditea

2158 4552 2253 4591 me
2287 4530 2597 4598 maledicti,
2626 4551 2655 4579 »
2684 4533 2793 4587 etc.
2829 4528 3054 4597 (Matth.
3085 4547 3210 4598 xxv,
3229 4531 3340 4601 41.)
3362 4530 3551 4603 Neque
3576 4532 3630 4584 in
3657 4534 3760 4600 ira,

2155 4623 2211 4677 id
2226 4626 2311 4691 est
2334 4620 2584 4676 vindicta
2599 4626 2691 4672 tua
2712 4621 2953 4686 azterna,
2975 4619 3230 4689 corripias
3250 4635 3349 4687 me,
3374 4617 3434 4673 id
3454 4621 3539 4673 est
3560 4619 3764 4689 punias
3836 4667 3845 4673 .

2153 4726 2363 4765 meosa
2390 4705 2763 4763 similitudine
2792 4705 3094 4778 illius,qui,
3110 4723 3242 4761 cum
3264 4706 3762 4778 corripitur,puni-

2153 4802 2247 4853 tur
2279 4815 2294 4866 ;
2328 4801 2386 4852 et
2411 4797 2522 4851 hoc
2542 4799 2628 4850 est
2659 4810 2723 4848 ac
2754 4794 2800 4849 si
2832 4794 3079 4850 diceret:
3115 4795 3254 4850 Volo
3283 4795 3520 4867 quidem
3548 4796 3641 4850 hic
3665 4810 3763 4849 eos

2151 4903 2256 4959 per
2267 4885 2600 4940 transitoria
2612 4884 2840 4955 ﬂagella
2860 4884 3023 4956 argui
3039 4886 3097 4939 et
3108 4884 3338 4956 corripi,
3358 4901 3475 4940 non
3493 4884 3760 4940 autemin

2151 4974 2366 5040 futuro,
2401 4972 2633 5045 qnando
2665 4975 2720 5025 in
2748 4973 2937 5043 furore
2955 4973 3056 5027 fiet
3078 4973 3432 5044 redargutio.
3467 4973 3762 5037 Quaereret

2152 5063 2387 5135 aliquis:
2418 5063 2589 5116 Estne
2620 5060 2699 5115 eis
2729 5078 2978 5130 necesse,
3008 5065 3072 5116 ut
3100 5078 3206 5135 pro
3230 5063 3311 5118 eis
3337 5063 3619 5119 orandum
3646 5063 3759 5134 sitg,

2149 5151 2553 5222 Respondetur
2620 5149 2700 5204 ita
2753 5167 2766 5205 :
2825 5148 3090 5217 Quoniam
3132 5153 3344 5221 sagittae
3384 5160 3506 5219 tua,
3561 5152 3621 5206 id
3672 5154 3759 5206 est

2152 5238 2476 5294 mortalitas
2494 5245 2552 5291 et
2570 5236 2934 5309 passibilitas,
2963 5255 3103 5309 quas
3123 5241 3513 5296 comminatus
3524 5257 3584 5295 es
3594 5240 3754 5308 Adae,

2145 5330 2460 5398 antequam
2494 5328 2776 5395 peccaret,
2807 5325 3079 5382 dicendo:
3111 5350 3139 5377 ‹‹
3164 5327 3514 5401 Quacunque
3544 5328 3634 5384 die
3665 5344 3757 5383 co-

2141 5415 2410 5482 mederis,
2431 5417 2619 5469 morte
2641 5414 2908 5469 morieris
2929 5412 3086 5480 (Gen.
3122 5432 3182 5485 u,
3220 5420 3323 5486 l7),
3358 5439 3386 5467 »
3417 5417 3754 5487 iii/tranant-

2141 5505 2294 5575 mihi,
2328 5503 2385 5559 id
2417 5506 2502 5559 est
2521 5502 2705 5560 meis:
2747 5505 2804 5558 et
2827 5503 2952 5576 plus
2981 5503 3190 5573 dicam,
3234 5502 3565 5577 conﬁrmasti
3592 5521 3754 5588 supra:
