4008 6030
314 371 419 427 793

1260 358 1614 422 EXPOSITIO
1652 365 1721 420 IN
1760 356 2093 421 PSALMOS.
2132 395 2204 406 —
2242 363 2434 423 PSAL.
2467 364 2683 422 XXXVII

3523 367 3631 437 793.

316 510 399 547 me
421 508 641 570 manum
673 497 840 556 tuam,
861 488 919 545 id
947 492 1031 545 est
1069 489 1232 543 valde
1263 488 1495 544 ﬁrmam
1539 493 1597 545 et
1641 491 1930 561 pondero-
1957 492 2008 549 A
2030 488 2105 541 sic
2127 492 2184 543 et
2212 489 2686 561 concupiscentia:
2703 495 2957 548 mentem
2973 511 3173 551 eorum
3194 505 3532 570 aggravant,
3555 520 3628 557 ne

317 598 442 636 sam
485 565 502 651 Ι
663 578 843 633 fecisti
870 595 1042 649 super
1064 594 1224 631 meos
1241 578 1549 633 vindictam
1572 581 1750 636 tuam.
1778 583 1929 635 Bene

316 686 450 724 vero
476 668 640 741 ponit
667 684 841 737 super,
865 684 899 721 a
927 666 1298 721 similitudine
1326 666 1475 720 illius
1518 667 1635 738 qui,
1660 684 1792 723 eum
1825 669 1925 723 ali-

318 774 492 829 quem
522 757 662 811 dure
688 756 955 828 percutit,
979 755 1227 827 graviter
1243 757 1300 808 et
1328 755 1572 809 ﬁrmiter
1601 774 1773 827 super
1791 774 1925 812 eum

317 862 556 900 manum
576 844 817 916 premit;
842 860 1136 915 exponens
1156 847 1349 898 autem
1364 844 1423 897 in
1437 861 1549 915 quo
1564 844 1924 901 conﬁrmavit

316 951 580 1000 manum,
613 933 809 989 addit:
835 934 893 988 in
936 933 1043 988 hoc
1083 933 1293 987 scilicet
1335 935 1669 1002 conﬁrmasti
1703 953 1920 989 manum

315 1029 465 1077 tuam
519 1040 674 1094 super
722 1039 903 1089 meos,
963 1021 1104 1093 quod
1146 1038 1251 1075 non
1309 1030 1382 1075 est
1418 1025 1620 1077 sanitas
1658 1025 1713 1077 in
1763 1042 1923 1081 carne

313 1128 454 1174 mea,
486 1111 543 1165 id
571 1114 654 1165 est
686 1127 969 1165 meorum.
1004 1110 1165 1175 Quod
1196 1114 1281 1165 est
1310 1111 1499 1165 dicere
1536 1130 1547 1166 :
1583 1112 1726 1167 Caro
1768 1131 1923 1169 meo-

312 1216 443 1253 rum
460 1216 586 1271 quze
602 1198 849 1253 afomite
865 1198 1080 1269 peccati
1101 1216 1239 1253 sana
1252 1200 1631 1263 erat,inﬁrma
1649 1201 1799 1255 facta
1815 1205 1917 1269 est,

313 1286 369 1341 in
390 1304 451 1341 se
474 1303 703 1357 semper
726 1286 946 1341 habens
972 1288 1187 1340 malam
1220 1287 1763 1359 concupiscentiam,
1794 1307 1921 1360 quae

313 1375 501 1429 fomes
530 1374 746 1445 peccati
775 1374 1000 1438 dicitur,
1029 1390 1095 1429 eo
1129 1376 1283 1446 quod
1314 1375 1385 1429 ab
1418 1392 1486 1429 ea
1527 1376 1827 1431 delectatio
1868 1380 1925 1431 et

315 1462 612 1534 occupatio
639 1462 795 1515 mala
818 1462 1051 1517 oriatur.
1071 1462 1232 1517 Unde
1252 1464 1585 1533 Apostolus:
1614 1487 1640 1513 ‹‹
1663 1465 1759 1517 Est
1790 1480 1920 1537 pec-

314 1553 507 1604 catum
542 1549 598 1603 in
630 1566 872 1621 corpore
903 1554 1111 1616 vestro,
1141 1550 1239 1604 sed
1274 1568 1389 1604 non
1419 1556 1622 1621 regnet
1646 1551 1819 1613 (Rom.
1845 1570 1920 1619 vn,

320 1638 425 1707 12).
448 1657 480 1688 »
510 1638 575 1691 Et
602 1637 710 1692 hoc
736 1637 890 1709 quod
932 1654 1048 1693 non
1079 1655 1219 1692 sana
1251 1641 1336 1692 est
1379 1640 1663 1711 contingit
1705 1659 1736 1692 a
1777 1642 1923 1711 [acie

314 1726 409 1779 irae
442 1732 565 1792 ηις-ε,
599 1724 656 1779 id
688 1728 773 1779 est
801 1742 835 1779 a
865 1726 1169 1796 praesentia
1197 1725 1457 1781 vindicta:
1497 1730 1630 1795 tute,
1664 1746 1839 1799 quam
1863 1729 1918 1784 in

2030 576 2102 629 ad
2128 577 2372 631 cmlestia
2403 581 2849 650 contemplanda
2865 582 3059 636 sinant
3084 601 3210 640 eam
3232 589 3392 642 eniti.
3428 591 3493 644 Et
3523 592 3632 646 hoc

2028 667 2213 718 totum
2242 670 2325 719 est
2354 668 2602 721 ostensio
2636 684 2667 721 a
2694 668 2927 736 minori,
2962 673 3120 742 quasi
3148 674 3333 729 dicat:
3367 676 3633 740 Quando-

2025 752 2259 823 quidem
2283 770 2385 823 pro
2413 758 2645 824 peccato
2671 757 2803 811 Adae
2847 757 2925 813 sic
2955 775 3075 827 eos,
3111 765 3172 815 ut
3202 764 3449 828 ostendi,
3484 768 3631 821 mul-

2023 840 2173 907 tasti,
2204 842 2416 896 scilicet
2442 843 2677 914 sagittas
2710 845 2959 912 inﬁxisti,
2996 864 3231 903 manum
3256 852 3631 922 conﬁrmasti;

2023 930 2205 983 multo
2221 930 2406 1001 magis
2424 935 2507 985 est
2532 932 2854 988 timendum
2873 952 2941 988 ne
2976 952 3079 1005 pro
3104 937 3502 1009 iniquitatibus
3516 942 3635 1012 qui-

2020 1018 2125 1071 bus
2155 1023 2560 1089 aggravantur,
2586 1019 2643 1073 in
2668 1020 2860 1077 futuro
2892 1024 3121 1094 gravius
3149 1028 3485 1082 multentur.
3505 1030 3626 1084 Dixi

2021 1104 2175 1175 quod
2222 1108 2526 1177 iniquitates
2565 1125 2907 1178 supergressa:
2963 1120 3085 1164 sunt
3137 1121 3295 1183 caput
3348 1133 3541 1179 meam,
3585 1124 3635 1172 et

2017 1199 2257 1260 gravatae
2278 1202 2403 1246 sunt
2423 1197 2559 1248 sicut
2578 1212 2709 1248 onus
2737 1215 2920 1265 grave.
2964 1200 3029 1252 Et
3057 1200 3165 1254 hoc
3188 1202 3633 1274 intelligendum

2023 1284 2107 1333 est
2137 1284 2269 1334 ante
2300 1282 2650 1351 baptismum
2678 1301 2689 1337 :
2726 1288 2784 1338 et
2818 1303 2948 1339 cum
2986 1304 3051 1340 ex
3083 1288 3214 1358 ipsis
3236 1289 3630 1362 iniquitatibus

2022 1368 2397 1438 expedientur
2423 1369 2479 1423 in
2516 1370 2834 1442 baptismo;
2868 1373 3076 1429 iterum
3089 1385 3440 1446 putruerunt,
3468 1380 3525 1434 id
3547 1384 3631 1435 est

2022 1456 2353 1526 putrebunt,
2387 1464 2435 1511 et
2473 1467 2737 1528 corrupta?
2775 1468 2917 1525 sunt,
2975 1462 3032 1516 id
3064 1468 3147 1516 est
3187 1472 3631 1539 corrumpentur

2021 1547 2149 1612 post
2177 1544 2547 1613 baptismum,
2584 1549 3010 1603 cicatricesmem.
3046 1553 3525 1623 Prmposteratum
3545 1560 3630 1610 est

2022 1631 2117 1684 sic.
2146 1633 2247 1685 Mei
2289 1634 2623 1700 cicatricosi,
2685 1636 2741 1689 id
2781 1640 2865 1689 est
2906 1640 3087 1691 sanati
3147 1642 3466 1709 apeccatis,
3501 1661 3628 1714 qua:

2022 1722 2153 1773 ante
2176 1721 2525 1790 baptismum
2549 1727 2815 1791 egerunt,
2836 1741 2867 1777 a
2890 1725 3265 1782 similitudine
3285 1730 3468 1783 carnis
3500 1732 3618 1786 cica

312 1828 443 1867 eam
476 1815 713 1884 propter
739 1811 876 1866 Adae
909 1817 1206 1884 peccatum
1230 1830 1458 1868 exerces
1481 1832 1495 1881 ;
1527 1815 1803 1886 quoniam
1827 1834 1922 1871 ειη-
1944 1807 1993 1865 Β
2018 1806 2241 1860 tricosze
2256 1825 2382 1878 quae
2398 1825 2431 1862 a
2451 1810 2685 1863 vulnere
2702 1814 2901 1865 sanata
2922 1817 3024 1877 est,
3040 1821 3483 1887 corrumpentnr
3499 1823 3627 1889 post

308 1903 429 1955 tem
462 1917 595 1955 caro
630 1917 747 1955 non
776 1916 915 1954 sana
948 1904 1053 1967 est,
1099 1918 1203 1954 non
1243 1910 1316 1955 est
1361 1920 1476 1972 ptu‘
1524 1903 1727 1956 ossibus
1768 1906 1915 1972 meis,

307 1987 365 2043 id
396 1991 482 2042 est
510 1988 721 2043 rationi
750 1991 807 2042 et
835 1988 1137 2044 virtutibus
1169 2006 1456 2044 meorum.
1492 1989 1733 2062 Semper
1759 1992 1918 2048 enim

308 2076 709 2145 sollicitantur,
747 2080 808 2130 et
853 2076 962 2131 hoc
1012 2076 1299 2147 contingit
1340 2096 1372 2130 a
1413 2078 1574 2147 facie,
1620 2079 1676 2133 id
1716 2083 1800 2134 est
1848 2081 1919 2134 ab

308 2162 583 2219 instantia
627 2170 970 2236 peccatorum
1018 2182 1273 2218 meorum.
1338 2164 1501 2229 Quod
1551 2171 1635 2220 est
1686 2166 1914 2222 dicere:

304 2251 438 2306 Ideo
472 2270 589 2307 non
636 2255 720 2307 est
775 2252 856 2307 eis
918 2269 1045 2325 pax,
1102 2254 1377 2324 quoniam
1431 2257 1683 2323 peccata,
1726 2253 1785 2309 id
1834 2258 1917 2309 est

306 2340 475 2394 malae
505 2340 981 2410 concupiscentiae
1013 2358 1139 2412 quin
1187 2341 1363 2395 etiam
1419 2341 1648 2395 fomites
1698 2342 1914 2413 peccati

305 2425 593 2493 dicuntur,
627 2427 863 2490 instant,
896 2444 1023 2499 qum
1055 2428 1237 2499 ipsam
1272 2428 1556 2483 rationem
1598 2432 1655 2483 et
1680 2429 1915 2484 virtutes

303 2514 635 2570 subvertere
669 2515 950 2581 nituntur,
973 2516 1138 2587 juxta
1186 2516 1326 2570 illud
1356 2516 1611 2588 Apostoli
1648 2534 1660 2570 :
1699 2540 1725 2565 ‹‹
1768 2518 1912 2573 Caro

302 2603 654 2674 concupiscit
707 2603 975 2658 adversus
1033 2603 1296 2674 spiritum
1353 2602 1558 2675 (Galat.
1613 2621 1664 2671 v,
1719 2608 1821 2675 l7).
1881 2626 1908 2653 ››

302 2688 399 2744 Vel
432 2691 587 2762 quod
620 2690 756 2745 dicit
780 2693 987 2761 sagittae
1019 2697 1123 2745 tua,
1150 2692 1326 2760 inﬁxa:
1370 2699 1512 2757 sunt,
1543 2696 1675 2758 etc.,
1724 2694 1801 2747 sic
1831 2694 1911 2747 le-

304 2776 458 2848 gitur
481 2781 543 2832 ut
574 2795 677 2850 per
697 2778 933 2849 sagittas
962 2780 1264 2851 plusquam
1294 2778 1350 2832 in
1382 2779 1661 2851 superiori
1688 2783 1916 2834 senten-

305 2865 385 2919 tia
408 2865 785 2937 intelligatur.
820 2865 1092 2938 Superius
1118 2866 1273 2920 enim
1294 2884 1397 2939 per
1413 2867 1681 2937 sagittam
1705 2869 1914 2921 solum-

308 2953 481 3008 modo
513 2954 837 3009 mortalitas
853 2958 908 3009 et
926 2954 1267 3027 passibilitas
1288 2955 1911 3027 intelligebantur,qute

303 3040 451 3143 bene
476 3041 698 3143 sagitta:
737 3042 1026 3141 dicuntur,
1051 3059 1118 3097 eo
1148 3043 1303 3114 quod
1330 3043 1399 3097 de
1451 3044 1623 3114 longe
1663 3060 1768 3115 per
1802 3061 1913 3142 .eas
1941 3085 1987 3143 Ο

302 3129 599 3184 DeusAdte
626 3130 985 3185 comminatu
1028 3134 1113 3185 est
1133 3135 1447 3203 antequam
1470 3134 1751 3201 peccaret,
1771 3132 1915 3186 sicut

307 3217 529 3288 sagittae
558 3217 627 3272 de
654 3219 825 3290 longe
849 3219 1148 3273 trahenda:
1167 3219 1599 3274 comminantur
1623 3237 1635 3273 :
1661 3221 1747 3273 vel
1780 3220 1915 3292 quia

306 3319 411 3374 per
436 3320 532 3358 eas
558 3321 741 3375 genus
788 3305 1110 3361 humanum
1140 3305 1407 3373 afﬁcitur,
1439 3305 1513 3359 ad
1546 3306 1784 3360 modum
1846 3307 1912 3360 il-

306 3390 432 3458 lius,
449 3390 545 3461 qui
572 3392 915 3462 sagittarum
940 3392 1272 3446 vulneribus
1293 3392 1592 3463 afﬂigitur.
1612 3393 1791 3447 Aliter
1812 3410 1912 3448 au-

303 3481 424 3533 tem
454 3481 660 3548 sagittas
683 3480 851 3535 latius
863 3481 1220 3552 accipiuntur
1238 3480 1340 3534 sic:
1367 3479 1593 3549 Sagitta;-
1613 3488 1717 3535 tuae
1738 3483 1916 3550 inﬁxa:

299 3574 423 3620 sunt
446 3566 610 3635 meis,
644 3567 701 3622 id
726 3572 810 3623 est
838 3569 1162 3623 mortalitas
1188 3571 1245 3622 et
1270 3568 1613 3638 passibilitas
1644 3573 1699 3623 et
1727 3570 1915 3625 fomes

301 3654 540 3726 peccati.
578 3656 643 3709 Et
674 3673 791 3710 non
822 3656 1075 3724 horarie,
1108 3656 1209 3711 sed
1263 3659 1322 3710 tu
1345 3656 1688 3725 conﬁrmasti,
1722 3657 1778 3711 id
1830 3663 1917 3714 est

302 3741 532 3797 ﬁrmam
563 3746 621 3797 et
645 3748 1110 3814 perseverantem
1138 3744 1318 3798 fecisti
1338 3761 1493 3815 super
1512 3761 1673 3800 meos
1695 3764 1915 3801 manum

302 3836 471 3898 tuam,
504 3830 563 3885 id
578 3834 663 3885 est
679 3831 993 3886 vindictam
1013 3835 1193 3898 tuam,
1212 3831 1428 3887 scilicet
1451 3833 1808 3903 supradictas
1824 3850 1912 3888 sa-

300 3917 493 3989 gittas.
546 3919 614 3973 Et
657 3919 894 3990 exponit
931 3920 1226 3991 quomodo
1278 3920 1639 3975 conﬁrmavit
1684 3921 1796 3976 sic:
1830 3923 1914 3976 Ita

299 4006 633 4074 conﬁrmasti
686 4010 744 4061 et
798 4006 1049 4074 inﬁxisti,
1113 4008 1269 4079 quod
1316 4025 1424 4062 non
1481 4015 1554 4062 est
1602 4012 1802 4063 sanitas
1858 4011 1913 4062 in

298 4110 459 4148 carne
488 4111 753 4149 meorum
792 4113 825 4148 a
854 4096 1014 4165 facias
1043 4096 1140 4150 trav
1172 4095 1361 4163 tua’,id
1393 4098 1476 4149 est
1512 4100 1749 4168 propter
1764 4112 1911 4168 prte-

300 4183 546 4237 sentiam
576 4182 843 4238 vindicta:
866 4186 1000 4251 tuae,
1027 4182 1085 4237 id
1113 4187 1199 4238 est
1226 4182 1460 4238 inﬁrma
1502 4188 1605 4251 e'st,
1630 4184 1909 4251 mortalis,

298 4269 603 4341 passibilis,
672 4269 862 4325 fomiti
922 4270 1140 4343 peccati
1212 4271 1532 4343 subjacens.
1586 4272 1710 4326 Non
1759 4271 1913 4343 quod

2022 1895 2369 1965 baptismum
2398 1914 2431 1950 a
2475 1898 2641 1951 malis
2686 1900 3181 1969 concupiscentiis,
3217 1904 3369 1958 ducti
3396 1905 3453 1959 in
3486 1923 3623 1961 con-

2021 1999 2248 2036 sensum
2277 1987 2333 2036 et
2351 1984 2814 2053 delectationem,
2844 1987 3261 2044 asimilitudine
3283 1993 3468 2047 carnis
3484 1994 3626 2049 cica-

2024 2069 2261 2135 tricosre,
2292 2088 2418 2141 quae
2464 2073 2508 2126 si
2538 2073 2643 2127 sibi
2687 2075 2913 2144 gladius
2944 2076 3319 2149 impingatur,
3360 2096 3620 2135 corrum-

2019 2157 2188 2226 pitur.
2214 2159 2280 2211 Et
2307 2161 2551 2230 populus
2573 2177 2745 2232 prave
2765 2164 2993 2233 agendo
3025 2168 3082 2217 et
3111 2169 3623 2235 consuescendo,et

2017 2244 2137 2299 aliis
2156 2247 2371 2300 malum
2387 2250 2713 2317 exemplum
2736 2250 2951 2317 dando,
2969 2252 3282 2322 putrebunt
3312 2272 3345 2308 a
3365 2255 3624 2311 similitu-

2016 2332 2147 2387 dine
2172 2334 2485 2403 cadaveris,
2524 2337 2713 2390 ethoc
2749 2339 2903 2408 quod
2929 2341 3245 2409 putrebunt
3278 2346 3335 2396 et
3360 2360 3620 2399 corrum-
3672 2404 3687 2411 ,

2011 2424 2222 2490 pentur
2250 2424 2547 2494 continget
2584 2442 2615 2477 a
2645 2425 2786 2494 facie
2818 2428 3131 2496 insipientia
3163 2447 3308 2496 meae,
3344 2431 3400 2485 id
3431 2437 3517 2487 est
3548 2434 3620 2487 ab

2012 2509 2286 2563 instantia
2307 2511 2523 2565 fomitis
2554 2513 2771 2582 peccati
2802 2529 3090 2582 meorum,
3122 2519 3216 2588 qui
3252 2518 3459 2574 dicitur
3483 2521 3623 2575 insi-

2012 2597 2249 2667 pientia,
2281 2615 2349 2652 eo
2381 2600 2536 2670 quod
2575 2600 2917 2671 insipientite
2952 2619 3122 2657 causa
3151 2605 3243 2658 sit.
3282 2607 3376 2661 Vel
3406 2608 3484 2662 sic
3517 2625 3531 2663 :
3561 2610 3611 2663 Α

2010 2686 2171 2754 facie,
2200 2686 2256 2740 id
2280 2690 2365 2740 est
2384 2704 2417 2741 a
2440 2688 2764 2758 praesentia,
2790 2691 3103 2760 insipientia)
3133 2695 3343 2760 meze,id
3357 2699 3617 2751 estmeo-

2012 2789 2141 2827 rum
2166 2790 2177 2827 :
2202 2774 2360 2844 quasi
2381 2775 2563 2829 dicat:
2590 2760 2605 2845 I
2774 2778 2916 2831 Nihil
2953 2779 3086 2833 inde
3115 2782 3466 2852 culpandum
3489 2785 3616 2851 erit,

2014 2860 2119 2914 nisi
2148 2877 2350 2915 eorum
2377 2864 2704 2932 insipientia,
2729 2867 2785 2918 et
2806 2866 2939 2936 quia
2966 2873 3411 2941 corrumpentur
3430 2874 3487 2925 et
3514 2889 3618 2943 pu-

2016 2948 2247 3003 trebunt
2270 2949 2298 3003 ?
2324 2948 2492 3003 Miser
2515 2951 2698 3020 factus
2718 2969 2855 3019 sum,
2886 2954 2943 3007 id
2976 2956 3060 3009 est
3092 2956 3284 3010 miseri
3319 2958 3459 3012 ﬁent
3487 2976 3619 3015 cum

2012 3035 2165 3106 prius
2215 3037 2271 3090 in
2320 3037 2606 3108 baptismo
2638 3039 2922 3108 puriﬁcati
2956 3042 3146 3097 felices
3167 3045 3505 3101 exstiterint.
3539 3048 3617 3101 Et

2012 3131 2262 3177 curvatus
2308 3140 2444 3191 sum,
2481 3125 2538 3179 id
2586 3129 2669 3179 est
2715 3127 3117 3198 deprimentur
3145 3149 3179 3185 a
3209 3134 3457 3203 peccatis
3484 3135 3616 3203 suis,

2011 3227 2176 3282 usque
2215 3214 2270 3265 in
2311 3213 2471 3279 ﬁnem
2518 3214 2883 3279 curvationis;
2938 3216 2995 3270 id
3026 3220 3109 3270 est
3140 3222 3424 3289 quantum
3456 3225 3617 3291 pote-

2013 3303 2149 3352 runt
2179 3299 2417 3354 curvari.
2466 3316 2539 3354 ne
2583 3301 2802 3371 possint
2833 3304 3024 3357 oculos
3064 3306 3275 3359 mentis
3303 3307 3374 3361 ad
3403 3312 3620 3364 asterna

2013 3388 2168 3441 bona
2199 3387 2444 3457 erigere,
2477 3392 2536 3441 et
2566 3404 2766 3443 eorum
2800 3391 3059 3445 contuitu
3091 3393 3237 3448 bene
3270 3412 3471 3467 agere:
3507 3398 3621 3451 asi-

2017 3474 2342 3529 militudine
2390 3476 2625 3543 curvati,
2674 3476 2769 3548 qui
2821 3496 3044 3534 sursum
3100 3483 3350 3551 aspicere
3394 3486 3614 3557 nequit.

2015 3559 2112 3614 Vel
2143 3561 2251 3615 hoc
2284 3564 2471 3617 totum
2514 3563 2671 3634 quod
2716 3564 2873 3632 dicit,
2921 3568 3231 3638 iniquitates
3276 3588 3618 3641 supergressa0

2012 3655 2155 3715 sunt,
2188 3653 2322 3717 etc.,
2363 3653 2553 3722 potest
2598 3651 2705 3705 dici
2758 3657 2889 3723 post
2935 3654 3309 3725 baptismum,
3339 3659 3445 3713 sic:
3474 3660 3617 3715 Vere

2014 3735 2304 3790 orandum
2344 3740 2430 3791 est
2472 3753 2577 3808 pro
2631 3738 2731 3801 eis,
2787 3755 2859 3793 ne
2904 3740 2981 3793 sic
3014 3748 3331 3812 arguantur
3354 3747 3414 3798 et
3440 3747 3615 3802 corri-

2012 3823 2264 3894 piantur.

2084 3910 2351 3977 Quoniam
2400 3912 2712 3984 iniquitates
2742 3930 2869 3968 meas
2901 3932 3246 3987 supergressa»
3265 3927 3408 3988 sunt,
3440 3920 3498 3976 id
3532 3926 3619 3978 est

2012 4001 2521 4072 supergredientur
2530 4008 2690 4072 caput
2708 4020 2883 4057 meum
2899 4005 3467 4076 postbaptismum:et
3480 4014 3617 4066 sicut

2011 4101 2149 4143 onus
2173 4106 2337 4158 grave
2360 4095 2601 4158 gravata,
2622 4095 2764 4157 sunt,
2788 4090 2847 4144 id
2863 4095 2949 4145 est
2967 4094 3377 4164 gravabuntur,
3402 4098 3618 4155 diceret

2013 4176 2217 4247 aliquis
2241 4194 2253 4231 :
2293 4176 2495 4231 Nonne
2519 4181 2797 4231 eruentur
2826 4179 2898 4233 ab
2931 4179 3048 4233 istis
3069 4180 3127 4234 in
3151 4181 3437 4253 baptismo
3458 4186 3486 4241 ?
3507 4187 3614 4241 Re-

2013 4265 2331 4335 spondetur
2356 4281 2369 4318 :
2404 4265 2713 4333 Eruentur,
2741 4267 2841 4321 sed
2870 4270 3070 4339 postea
3090 4276 3617 4343 corrumpentnr,et

298 4373 434 4413 caro
466 4358 719 4429 patiatur
767 4360 855 4414 vel
916 4360 1299 4431 concupiscat,
1333 4359 1432 4413 sed
1486 4360 1621 4431 quia
1660 4375 1764 4430 per
1793 4360 1914 4430 ejus
1933 4366 1985 4424 D
2012 4354 2329 4424 putrebunt
2377 4354 2691 4409 cicatricosi
2728 4356 2844 4409 mei
2876 4373 2907 4409 a
2934 4357 3093 4426 facie
3114 4358 3435 4429 insipientia
3461 4379 3609 4418 suae:

298 4443 671 4516 fragilitatem
692 4446 752 4499 in
775 4446 970 4501 anima
988 4446 1051 4499 ﬁt
1064 4446 1404 4518 passibilitas
1429 4450 1487 4501 et
1511 4446 1913 4517 concupiscen-

295 4533 397 4599 tia,
425 4550 553 4605 qute
583 4533 768 4589 fomes
800 4537 884 4589 cst
918 4534 1157 4606 peccati,
1209 4537 1267 4589 et
1298 4534 1421 4606 ipsa
1475 4550 1593 4589 non
1631 4534 1909 4589 existente

296 4636 457 4688 sana,
493 4638 600 4675 non
619 4628 692 4676 est
722 4638 839 4692 pax
887 4622 1083 4675 ossibus
1133 4622 1287 4690 meis,
1334 4622 1490 4694 quod
1543 4615 1826 4694 contingit
1873 4640 1908 4677 a

294 4706 460 4776 facie,
483 4708 542 4763 id
564 4712 649 4764 est
667 4710 740 4764 ab
761 4709 1036 4764 instantia
1056 4713 1423 4781 peccatorum
1438 4727 1704 4766 meorum
1718 4728 1902 4766 mem-

290 4794 557 4864 brorum,
592 4797 878 4852 malarum
910 4797 1128 4852 scilicet
1164 4798 1759 4871 concupiscentiarum
1805 4816 1903 4855 eo-

292 4899 444 4937 rum.
473 4884 543 4938 Et
570 4883 701 4939 ideo
728 4884 914 4939 adhuc
946 4886 1233 4941 orandum
1263 4888 1351 4940 est
1400 4902 1472 4940 ne
1504 4889 1820 4959 arguantur
1848 4889 1905 4941 in

288 4970 497 5041 furore,
528 4975 587 5027 et
638 4971 1023 5044 corripiantur
1071 4975 1127 5027 in
1154 4976 1256 5040 ira,
1305 4976 1554 5045 quoniam
1604 4976 1907 5046 iniquitates

290 5076 441 5127 mea',
474 5059 535 5114 id
567 5063 652 5114 est
682 5077 873 5133 prava:
902 5061 1380 5132 concupiscentiae
1407 5078 1693 5130 meorum,
1724 5081 1904 5134 super-

287 5164 479 5217 gressa,
506 5155 631 5203 sunt
654 5155 814 5220 caput
846 5167 1042 5216 meum,
1065 5150 1124 5205 id
1155 5153 1241 5205 est
1268 5151 1692 5222 przevaluerunt
1722 5152 1905 5207 menti

289 5235 926 5303 meorum,deducendo
940 5254 1070 5292 eam
1084 5237 1142 5292 in
1159 5238 1567 5293 delectationes
1584 5239 1905 5310 peccati.Et

290 5322 470 5377 etiam
494 5331 735 5393 gravata:
763 5332 891 5378 sunt
918 5343 1073 5396 super
1101 5343 1204 5393 me,
1237 5328 1374 5380 sicut
1390 5343 1522 5380 onus
1534 5344 1717 5395 grave,
1746 5326 1803 5381 id
1818 5332 1904 5383 est

290 5427 494 5482 graves
522 5411 688 5466 facta:
715 5416 847 5466 sunt
874 5430 1029 5484 super
1058 5430 1242 5481 meos,
1276 5430 1418 5485 quos
1442 5414 1797 5486 opprimunt,
1831 5416 1904 5471 ad

290 5497 532 5553 modum
572 5500 765 5554 oneris
785 5500 1121 5572 gravissimi.
1159 5500 1302 5565 Quia
1322 5500 1467 5556 sicut
1494 5501 1726 5574 aliquod
1756 5519 1901 5558 onus

290 5602 462 5659 grave
494 5586 656 5642 illum
670 5604 842 5660 quem
860 5588 1187 5661 supprimit,
1213 5588 1434 5659 erigere
1449 5606 1565 5645 nou
1577 5590 1861 5662 permittit
1881 5609 1895 5662 ;

2012 4444 2068 4495 et
2097 4441 2174 4496 sic
2205 4441 2398 4496 miseri
2430 4441 2591 4508 ﬁent,
2621 4445 2677 4496 et
2703 4444 3090 4499 curvabuntur
3117 4462 3294 4517 usque
3323 4448 3381 4502 in
3414 4449 3612 4505 finem.

2009 4531 2295 4603 Expositio
2340 4531 2549 4585 horum
2610 4531 2875 4586 omnium
2906 4550 3023 4588 non
3058 4538 3331 4591 mutatur.
3367 4537 3616 4595 Ostensis

2008 4618 2189 4674 causis
2215 4618 2420 4690 quibus
2450 4634 2555 4690 pro
2584 4618 2665 4671 eis
2696 4620 2983 4675 orandum
3033 4621 3124 4692 sit,
3180 4623 3318 4678 alias
3342 4628 3616 4698 supponit

2006 4723 2203 4761 causas
2230 4722 2408 4778 quare
2430 4721 2548 4761 non
2582 4706 2834 4762 debeant
2857 4710 3089 4780 arguiet
3110 4711 3340 4783 corripi,
3373 4714 3479 4769 sic:
3501 4715 3612 4771 Oro

2008 4812 2074 4849 ne
2102 4811 2321 4864 arguas,
2337 4810 2403 4847 ne
2422 4794 2707 4863 corripias,
2731 4811 2919 4867 neque
2936 4797 2981 4851 si
3012 4799 3357 4871 corripiendi
3368 4807 3500 4858 sunt
3516 4808 3614 4859 aut

2011 4882 2310 4956 arguendi.

2084 4971 2369 5035 Quoniam
2399 4977 2507 5024 tota
2537 4970 2641 5038 die,
2685 4970 2743 5026 id
2771 4976 2855 5026 est
2862 4971 3099 5043 jugiter,
3124 4980 3462 5044 contristatus
3488 4998 3612 5036 con-

2008 5060 2305 5132 grediebar,
2337 5059 2396 5114 id
2426 5062 2513 5113 est
2540 5060 2655 5113 mei
2687 5060 3006 5115 contristati
3045 5062 3115 5117 de
3146 5067 3393 5133 peccatis
3417 5068 3611 5141 ingre-

2008 5149 2239 5203 dientur
2268 5148 2338 5203 de
2365 5163 2580 5219 magno
2613 5147 2930 5202 moerorein
2952 5149 3259 5220 majorem,
3284 5153 3342 5207 id
3369 5159 3453 5210 est
3465 5159 3615 5231 jugi-

2004 5239 2095 5291 ter
2124 5235 2309 5307 magis
2329 5238 2387 5290 et
2407 5235 2593 5306 magis
2607 5234 3097 5292 contristabuntur
3126 5238 3196 5294 de
3223 5244 3465 5310 peccatis
3477 5246 3610 5315 suis,

2004 5324 2253 5395 ideoque
2288 5340 2404 5377 non
2437 5323 2653 5377 debent
2702 5322 2761 5377 in
2791 5324 2984 5378 futuro
3012 5326 3174 5397 argui
3202 5331 3479 5401 etcorripi
3504 5351 3610 5404 pro

2004 5412 2103 5468 eis.
2127 5413 2223 5466 Vel
2258 5412 2361 5466 sic:
2393 5411 2528 5464 Tota
2553 5411 2660 5479 die,
2682 5410 2739 5465 id
2767 5415 2850 5465 est
2867 5412 3087 5484 jugiter
3106 5414 3525 5486 ingredientur,
3552 5423 3612 5477 id

2004 5504 2087 5556 est
2119 5500 2389 5555 incedent
2402 5499 2553 5553 viam
2570 5499 2700 5553 vita:
2720 5500 2888 5571 hujus
2911 5501 3231 5557 contristati
3254 5504 3323 5559 de
3337 5510 3605 5576 peccatis.

2003 5592 2071 5645 Et
2099 5605 2217 5645 non
2248 5589 2432 5642 solum
2463 5586 2955 5644 contristabuntur
2980 5606 2994 5658 ;
3027 5590 3126 5646 sed
3157 5591 3333 5647 etiam
3366 5595 3611 5665 afﬂictus
