4008 6030
432 334 534 390 795

1035 333 1093 389 S.
1132 326 1478 392 BRUNONIS
1515 331 2150 392 CARTHUSIANORUM
2186 333 2652 395 INSTITUTORIS
2692 333 2847 393 OPP.
2891 333 3068 392 PARS
3109 339 3130 394 l

3632 339 3741 396 796

429 470 542 508 sum
569 462 618 510 et
647 453 958 508 humiliatus
981 471 1098 508 sum
1144 457 1319 520 nimis,
1355 454 1413 509 id
1443 457 1526 510 est
1574 457 1736 509 valde
1764 455 2027 525 aftligent
2045 460 2100 518 Α
2129 473 2218 510 cor
2246 475 2417 510 meum
2447 458 2818 512 conturbatum
2869 465 2962 524 est,
3009 458 3068 512 id
3097 461 3182 512 est
3225 458 3422 514 anima
3450 474 3581 513 mea
3607 475 3747 513 con-

429 559 489 598 se
517 542 578 597 in
604 559 842 615 corpore
865 542 1098 612 jejuniis
1129 546 1186 596 et
1215 543 1338 597 aliis
1355 544 1818 609 anxietatibus,et
1837 543 2026 597 humi-

429 631 652 686 liabunt
680 648 738 685 se
763 631 821 684 in
869 630 1086 694 anima,
1120 648 1249 685 suas
1279 633 1598 686 voluntates
1628 633 1738 685 tuis
1766 633 2026 685 volunta-

429 719 580 774 tibus
609 720 1032 792 poslponendo,
1064 720 1157 792 qui
1193 722 1346 792 prius
1396 722 1799 792 superbierunt
1826 721 2027 775 inobe-

431 807 652 863 dientes
685 807 1000 861 existendo.
1054 809 1121 861 Et
1166 808 1339 862 etiam
1375 813 1436 863 ul
1467 809 1865 862 vehementius
1891 807 2030 880 quid

431 895 642 962 dicam,
677 897 970 964 rugiebam,
1011 895 1068 950 id
1093 900 1178 950 cst
1223 897 1472 968 rugient,
1508 897 1785 952 dolehunt
1817 897 2032 950 scilicet

430 985 824 1051 vehementer,
848 988 908 1038 ut
935 985 1022 1038 leo
1055 984 1172 1055 qui,
1205 1002 1334 1039 cum
1367 985 1734 1040 contristatus
1755 986 1844 1051 sit,
1868 987 2033 1040 vehe-

431 1075 660 1130 menter
677 1073 931 1141 rugitum
959 1074 1221 1127 emittere
1250 1073 1545 1129 consuevit
1574 1091 1586 1128 :
1610 1075 1696 1128 vel
1719 1073 2034 1146 rugient,id

429 1163 516 1214 est
535 1161 695 1214 valde
713 1161 816 1215 sibi
839 1161 908 1214 de
932 1161 1176 1231 peccatis
1211 1162 1560 1230 irascentur;
1605 1179 1639 1216 a
1659 1161 2034 1216 similitudine

428 1263 656 1320 quoque
684 1248 998 1320 leonis,qui
1019 1250 1360 1320 rugitetiam
1375 1251 1696 1304 cumiratus
1717 1251 1892 1305 sit.Et
1921 1267 2034 1304 non

427 1335 802 1404 rugientvoce
825 1337 1072 1391 exterius
1098 1355 1109 1392 :
1134 1339 1233 1392 sed
1255 1337 1474 1409 rugitus
1489 1339 1580 1392 ille
1604 1339 1876 1410 procedet
1898 1357 1929 1392 a
1949 1357 2039 1408 ge-

426 1426 560 1478 mitu
587 1425 756 1478 cordis
774 1425 961 1492 πλεῖ,ἰά
1003 1429 1087 1479 est
1105 1427 1568 1490 meorum.Quasi
1587 1427 1947 1482 dicatzl’rius
1979 1430 2034 1480 in

423 1513 579 1566 corde
608 1517 865 1584 gemant,
899 1517 954 1566 cl
987 1517 1113 1584 post
1142 1532 1341 1568 eorum
1369 1515 1616 1583 gemitus
1637 1515 2031 1569 excrescenlin

425 1601 702 1671 rugilum;
729 1601 882 1672 quod
895 1605 978 1654 est
997 1602 1266 1662 dicere,in
1279 1602 1432 1655 corde
1446 1605 1643 1674 rugien
1655 1608 1693 1664 ι,
1717 1603 1792 1678 sic
1807 1607 1868 1657 ut
1881 1605 2036 1675 prius

423 1690 831 1761 gemantJdeo
849 1705 981 1743 vero
1004 1691 1513 1754 contristabuntur,
1539 1691 1957 1762 etaflligentur,
1981 1696 2037 1746 et

2123 545 2452 621 turbabitur
2496 551 2814 616 spontanee
2856 547 2913 600 in
2947 546 3228 618 passione.
3264 547 3425 601 Unde
3457 547 3739 618 scriptum

2128 638 2214 686 est
2245 652 2258 687 :
2295 654 2326 684 «
2359 633 2540 705 Caepit
2569 651 2774 704 pavere
2807 637 2862 688 et
2895 635 3103 689 laedere
3135 633 3338 704 (Marc.
3367 651 3480 701 xw,
3517 635 3664 698 33),»
3687 644 3742 688 et

2127 721 2400 792 dereliquit
2427 740 2508 775 me
2537 725 2704 776 virtus
2731 740 2868 788 mea,
2891 723 2948 777 id
2975 726 3060 777 est
3083 723 3370 777 videbitur
3391 723 3740 794 quibusdam

2131 808 2498 880 dereliquisse
2528 826 2620 864 me
2660 811 2919 883 potentia
2952 827 3099 864 mea.
3130 810 3293 865 Unde
3320 809 3455 864 alibi
3487 811 3696 864 dicitur
3727 829 3741 864 :

2132 920 2158 945 ‹‹
2187 898 2641 968 Aruitlanquam
2660 902 2802 952 lesla
2817 899 2992 952 virtus
3017 915 3147 953 mea
3173 896 3347 970 (Psal.
3377 915 3486 965 xxx,
3516 897 3746 971 -l6).>~Et

2133 983 2308 1038 lumen
2353 985 2622 1038 oculorum
2652 1003 2909 1053 meorum,
2939 994 2986 1040 et
3001 988 3169 1056 ipsum
3209 986 3384 1039 lumen
3419 986 3567 1052 dico,
3611 986 3738 1040 sine

2135 1088 2246 1144 quo
2281 1071 2421 1126 nihil
2452 1090 2657 1140 essem,
2690 1090 2792 1127 non
2820 1081 2897 1129 est
2927 1092 3150 1140 mecum,
3183 1074 3239 1128 id
3263 1078 3348 1128 est
3394 1074 3676 1128 videbitur
3709 1091 3748 1128 a

2135 1161 2477 1232 quibusdam
2511 1180 2626 1216 non
2653 1179 2771 1216 esse
2795 1179 3019 1216 mecum
3045 1183 3056 1217 :
3078 1161 3344 1216 divinitas
3373 1161 3744 1233 scilicet,quae

2135 1248 2250 1303 mei
2285 1249 2472 1303 cordis
2503 1251 2695 1304 oculos
2724 1249 3032 1304 illuminat.
3077 1250 3239 1304 Unde
3266 1249 3501 1322 quidam
3539 1249 3748 1304 dixisse

2135 1339 2380 1408 legitur:
2419 1363 2444 1387 ε(
2479 1341 2625 1394 Deus
2652 1339 2958 1411 dereliquit
2991 1356 3082 1393 me
3115 1339 3402 1404 ’Isa,xux,
3440 1339 3548 1406 14).
3586 1361 3612 1385 ιι
3636 1340 3749 1393 Per

2135 1425 2244 1479 hoc
2273 1431 2464 1480 autem
2496 1427 2778 1482 videbitur
2793 1431 2956 1481 virtus
2987 1430 3194 1493 νηίδα,οι
3215 1427 3391 1480 lumen
3417 1444 3590 1480 meum
3624 1444 3746 1480 non

2136 1531 2256 1569 esse
2287 1532 2538 1570 mecum.

2207 1603 2494 1666 Quoniam
2540 1607 2704 1658 amici
2746 1623 2845 1658 me:
2884 1605 3157 1674 simulati,
3190 1615 3238 1659 et
3263 1607 3502 1674 proximi
3529 1606 3652 1666 mei,
3685 1604 3744 1658 id

2137 1695 2220 1745 est
2245 1693 2557 1759 eonsangui
2583 1693 2678 1758 )ei,
2711 1697 3222 1765 appmpinquarunt,
3241 1694 3297 1748 id
3315 1697 3398 1747 est
3427 1691 3708 1764 appropin
3725 1723 3740 1731 -

426 1778 902 1846 humiliahuntur,
935 1784 991 1833 et
1013 1781 1243 1851 rugient
1269 1798 1281 1834 :
1315 1783 1568 1851 quoniam
1601 1781 1768 1835 lumbi
1806 1783 1911 1834 mei
1941 1783 2036 1833 εἰη·
2067 1782 2112 1839 Β
2135 1781 2414 1852 quabunt,
2437 1781 2716 1835 adversum
2745 1800 2844 1847 me,
2890 1786 2951 1836 ut
2976 1783 3209 1854 capiant
3267 1781 3342 1835 Et
3371 1789 3648 1840 steterunt,
3683 1779 3744 1832 id

415 1867 683 1936 pletisunt
697 1868 1052 1932 illusionibus,
1077 1869 1128 1922 id
1147 1869 1420 1924 estcorda
1435 1886 1696 1924 meorum
1710 1911 1723 1932 ,
1747 1887 1874 1940 qua:
1902 1869 2030 1923 ideo

429 1956 698 2010 dicuntur
714 1957 915 2024 lumbi,
949 1958 1081 2028 quia
1099 1957 1169 2011 ab
1188 1958 1266 2011 eis
1281 1958 1540 2027 procedit
1559 1957 1830 2028 cogitatio
1857 1958 2030 2024 mala,

431 2061 558 2116 quas
589 2045 886 2099 hominem
913 2045 1267 2116 coinquinat,
1305 2045 1448 2099 sicut
1475 2063 1509 2099 a
1549 2046 1763 2100 lumbis
1788 2045 2028 2110 luxuria,

431 2133 603 2202 plena
614 2136 746 2186 sunt
771 2131 932 2186 malis
949 2133 1442 2198 delectationibus,
1457 2151 1583 2204 quae.
1596 2136 1728 2187 sunt
1744 2133 1798 2186 ill
1811 2133 2034 2187 usiones

432 2223 716 2276 malorum
763 2222 1086 2294 spirituum.
1135 2221 1212 2276 Et
1243 2223 1370 2277 ideo
1402 2226 1536 2276 sunt
1565 2221 1740 2292 pleni,
1768 2222 1902 2292 quia
1932 2239 2037 2275 non

433 2317 511 2363 est
537 2311 735 2362 sanitas
767 2312 821 2362 in
845 2327 1004 2363 carne
1027 2328 1165 2371 mea,
1213 2313 1276 2364 ut
1305 2311 1564 2381 superius
1589 2314 1877 2365 ostensum
1908 2314 1991 2364 est
2019 2327 2034 2377 ;

439 2398 592 2470 quod
625 2401 710 2452 est
755 2397 978 2453 dicere:
1033 2399 1101 2452 Et
1141 2399 1251 2453 hoc
1309 2397 1596 2468 contingit
1624 2415 1689 2452 ex
1723 2397 2037 2468 fragilitate

435 2485 623 2540 carnis
651 2502 852 2540 eorum
881 2503 1007 2557 quae
1039 2485 1271 2540 inﬁrma
1300 2488 1401 2540 est.
1436 2485 1552 2539 Hoc
1581 2489 1775 2540 autem
1825 2485 2037 2556 partim

437 2573 622 2630 verbis
650 2573 774 2628 aliis
801 2573 1058 2644 superius
1088 2573 1335 2644 positum
1369 2575 1474 2639 est,
1501 2589 1632 2628 cum
1664 2573 1806 2628 dixit
1831 2589 1844 2626 :
1887 2573 2040 2628 Sicut

437 2678 570 2716 onus
595 2679 778 2732 grave,
809 2665 918 2716 etc.
949 2661 1060 2717 Sed
1091 2661 1166 2716 ad
1197 2661 1350 2716 aliud
1390 2661 1688 2734 repetitur.
1724 2663 1792 2715 Et
1817 2661 1926 2716 hoc
1951 2665 2038 2716 to-

439 2751 560 2804 tum
588 2753 673 2804 est
699 2766 764 2804 ac
793 2750 839 2804 si
881 2751 1132 2806 diceret:
1175 2750 1348 2804 debes
1379 2749 1508 2804 ideo
1540 2750 1622 2804 eis
1651 2749 1932 2814 misereri,
1965 2767 2039 2805 ne

437 2853 665 2908 arguas,
693 2841 793 2892 aut
821 2838 1116 2910 corripias,
1145 2837 1278 2910 quia
1311 2837 1382 2892 de
1421 2837 1669 2909 peccatis
1697 2836 2039 2892 omnimodo

435 2925 726 2996 poenitebu
735 2928 816 2982 nt.

506 3014 576 3068 Et
598 3013 728 3070 ideo
756 3014 941 3069 adhuc
971 3013 1146 3069 debes
1169 3013 1448 3080 misereri,
1481 3014 1614 3086 quia
1644 3032 1796 3069 omne
1833 3015 2037 3070 deside-

437 3103 575 3158 rium
601 3119 798 3169 meum,
830 3102 887 3157 id
921 3105 1007 3157 est
1046 3119 1334 3166 meorum,
1366 3093 1452 3158 est
1487 3107 1549 3157 ut
1587 3102 1704 3158 sint
1727 3109 1852 3157 ante
1878 3110 1944 3168 te,
1981 3102 2040 3156 id

435 3191 522 3245 est
550 3189 606 3244 iu
661 3190 967 3261 praesentia
994 3193 1112 3256 tua,
1146 3190 1492 3262 quandoque
1541 3190 1694 3244 beati
1733 3190 1829 3244 illa
1854 3190 2040 3261 gloria

434 3293 612 3348 quam
644 3293 748 3348 per
771 3277 955 3332 Adam
984 3277 1319 3342 amiserunt,
1353 3277 1506 3348 quod
1528 3281 1613 3331 est
1635 3277 1854 3332 dicere:
1894 3277 2039 3332 Nihil

432 3367 647 3435 praeter
693 3367 751 3418 te
799 3364 1149 3429 desiderant,
1187 3367 1244 3418 et
1293 3364 1672 3419 desiderando
1705 3363 1778 3418 ad
1806 3365 1916 3418 hoc
1945 3381 2040 3436 ge-

435 3454 606 3506 munt
635 3455 692 3506 et
719 3451 1022 3521 suspirant.
1068 3453 1148 3508 Et
1175 3453 1267 3506 ille
1283 3454 1509 3522 gemitus
1532 3469 1798 3507 meorum
1826 3469 1935 3506 non
1965 3461 2042 3507 est

339 3585 354 3593 -
435 3557 470 3594 a
516 3543 566 3594 te
613 3539 968 3608 absconditus,
1023 3539 1123 3594 sed
1163 3539 1264 3595 tibi
1299 3541 1565 3612 cognitus
1591 3543 1676 3594 est
1705 3543 1766 3594 et
1808 3543 2036 3611 gratus;

435 3625 680 3699 ideoque
709 3625 948 3681 minime
980 3627 1146 3681 decet
1163 3629 1226 3682 ut
1243 3626 1902 3683 sitirremuneratus.Vel
1930 3627 2036 3684 sic:

435 3713 518 3772 Et
543 3717 771 3784 gemitus
803 3731 1088 3783 meorum,
1121 3733 1293 3787 quem
1327 3715 1398 3770 de
1445 3715 1691 3787 peccatis
1734 3719 1934 3787 agunt,
1969 3717 2042 3772 ad

436 3802 856 3858 beatitudinem
895 3803 1260 3876 suspirando',
1307 3820 1414 3858 non
1443 3811 1518 3858 est
1541 3822 1572 3858 a
1606 3811 1652 3858 te
1681 3803 2040 3871 absconditus,

437 3890 527 3946 sed
545 3895 784 3963 cognitus
799 3898 851 3946 et
868 3899 1074 3962 gratus.
1101 3891 1396 3956 Quaereret
1415 3892 1894 3964 aliquis;Gement
1919 3909 1994 3947 ne
2015 3893 2044 3948 ?

439 3979 842 4051 Respondetur
867 3980 947 4034 sic
971 3998 984 4035 :
1028 3980 1174 4035 Vere
1197 3997 1289 4034 cor
1307 3997 1504 4048 meum,
1544 3980 1601 4036 id
1640 3983 1726 4035 est
1753 3997 2042 4048 meorum,

440 4067 820 4122 conturbatum
841 4071 926 4122 est
935 4067 1442 4138 gemendo.Ethoc
1457 4067 1740 4139 ideo,quia
1768 4068 2048 4141 dereliquit

440 4170 526 4209 me
548 4155 714 4208 virtus
729 4153 932 4221 mea,id
942 4157 1026 4208 est
1047 4169 1210 4208 meos
1229 4153 1538 4225 dereliquit
1549 4155 1837 4224 perAdam
1857 4157 2046 4212 omnis

438 4243 612 4298 virtus
631 4257 834 4297 eorum
859 4257 872 4296 :
905 4241 1202 4296 humilitas
1225 4241 1460 4308 scilicet,
1491 4243 1721 4298 castitas
1741 4247 1799 4299 et
1821 4247 2045 4300 caeteras

2134 1871 2218 1921 est
2230 1869 2461 1922 stabunt
2479 1873 2913 1938 perseveranter
2933 1870 2989 1924 in
3025 1870 3388 1924 accusatione
3409 1869 3523 1923 mei
3541 1868 3739 1922 dicen-

2134 1955 2267 2010 do:«
2285 1955 2338 2010 Si
2374 1957 2524 2011 hunc
2554 1957 2813 2023 dimittis,
2839 1975 2956 2012 non
2989 1975 3048 2012 es
3069 1959 3284 2012 amicus
3307 1955 3741 2025 CtBsaris(Joan.

2133 2060 2244 2108 XIX,
2281 2044 2394 2114 1'2).
2427 2065 2454 2092 »
2481 2046 2560 2100 Et
2579 2046 2870 2116 quiajuxta
2895 2064 2994 2111 me,
3013 2046 3069 2100 id
3095 2048 3181 2099 est
3211 2045 3268 2100 in
3288 2043 3744 2100 familiaritatem

2137 2131 2251 2186 mei
2279 2135 2468 2199 erant,
2487 2133 2746 2206 discipuli
2777 2135 2991 2188 scilicet
3009 2133 3074 2187 de
3099 2135 3249 2202 longe
3277 2141 3551 2197 steterunt,
3573 2132 3628 2186 id
3660 2136 3747 2185 est

2134 2221 2370 2274 stabunt
2405 2238 2499 2276 me
2549 2223 2748 2277 relisto
2783 2239 2900 2294 prae
2931 2223 3138 2276 timore
3167 2222 3520 2276 Judmorum.
3557 2219 3628 2273 Et
3654 2221 3753 2292 qui

2135 2308 2460 2380 qua’rebant,
2481 2309 2537 2362 id
2555 2313 2915 2382 estqutrrent
2939 2310 3280 2365 omnimodo
3301 2311 3538 2363 animam
3573 2327 3744 2361 meam

2137 2397 2384 2464 auferre,
2431 2399 2608 2452 Judtei
2642 2399 2875 2464 scilicet,
2909 2402 3015 2454 vim
3063 2399 3357 2470 faciebant,
3391 2398 3448 2452 id
3482 2401 3567 2450 est
3602 2396 3745 2450 mihi

2136 2485 2468 2541 violentiam
2517 2486 2787 2552 inferent,
2845 2487 3192 2555 ﬂagellando
3243 2491 3301 2541 et
3354 2484 3744 2554 crucifigeudo

2139 2573 2320 2638 (Joan.
2367 2572 2502 2643 XIX).
2558 2573 2635 2627 Et
2682 2579 2774 2646 qui
2811 2575 3176 2646 inquirebant,
3228 2574 3287 2628 id
3317 2577 3402 2628 est
3431 2572 3744 2645 inquirent,

2138 2661 2282 2715 mala
2308 2663 2445 2715 mihi
2471 2661 2722 2716 consiliis
2753 2661 2866 2718 suis
2894 2663 3178 2729 videlicet,
3211 2661 3454 2734 qualiter
3484 2659 3749 2714 occidant

2139 2753 2195 2805 et
2219 2749 2269 2803 vi
2285 2749 2928 2816 detineant,locutisunt,
2955 2749 3012 2805 id
3034 2755 3119 2805 est
3139 2751 3450 2822 loquentur
3464 2750 3746 2812 vanitates,

2139 2837 2381 2892 dicendo
2403 2860 2415 2892 :
2436 2837 2533 2891 Hic
2552 2837 2708 2892 dixit:
2735 2857 2764 2890 ‹‹
2786 2839 3020 2893 Possum
3037 2838 3388 2903 destruere,»
3405 2840 3514 2892 etc.
3536 2835 3746 2906 (Matii.

2138 2942 2286 2992 xxvr,
2317 2925 2504 2996 61.)Et
2524 2927 2626 2980 has
2649 2928 2908 2981 vanitates
2922 2943 3040 2980 non
3054 2927 3366 2998 loquentur
3384 2923 3745 2989 immediate,

2138 3012 2237 3067 sed
2259 3011 2334 3067 ad
2359 3014 2653 3067 cumulum
2683 3013 2950 3084 nequitiae
2969 3029 3170 3068 eorum
3187 3019 3298 3066 tota
3321 3013 3405 3067 die
3423 3010 3748 3066 dolosmedi-

2139 3100 2410 3168 tabantur,
2431 3101 2585 3155 idest
2599 3101 2817 3173 jugiter
2843 3101 3277 3156 meditabuntur
3301 3117 3446 3155 vana
3458 3103 3516 3155 et
3549 3099 3750 3154 dolosa

2136 3189 2311 3242 verba
2337 3192 2539 3244 contra
2570 3205 2681 3243 me.

2207 3273 2328 3346 Ego
2358 3285 2534 3330 autem
2583 3293 2698 3331 non
2733 3276 3056 3332 econtrario
3089 3277 3170 3332 eis
3199 3275 3564 3347 respondebo
3598 3291 3612 3330 :
3646 3274 3750 3329 sed

2137 3381 2242 3418 non
2273 3363 2493 3418 audiam
2514 3371 2764 3436 tanquam
2790 3365 2998 3432 surdus,
3033 3365 3092 3420 id
3132 3367 3217 3419 est
3243 3380 3359 3418 non
3379 3365 3620 3434 loquens
3645 3378 3750 3416 ero

2139 3451 2299 3522 quasi
2325 3467 2443 3506 non
2484 3451 2716 3506 audiam
2758 3459 2819 3506 ut
2838 3452 3048 3520 surdus,
3081 3457 3276 3506 etsicut
3297 3451 3544 3506 existens
3565 3457 3754 3506 mutu:

2137 3557 2243 3594 non
2270 3542 2505 3610 aperiens
2543 3557 2598 3594 os
2634 3557 2791 3594 suum
2847 3540 3011 3604 Quod
3041 3542 3126 3594 est
3158 3539 3346 3594 dicere
3385 3556 3396 3593 :
3444 3554 3631 3610 neque
3661 3537 3750 3591 fa-

2140 3627 2290 3682 ciam
2323 3627 2556 3700 aliquod
2595 3628 2824 3699 signum
2875 3627 3292 3699 indignationis
3340 3625 3632 3698 gemendo
3657 3625 3748 3680 vel

2139 3717 2491 3788 plangendo,
2524 3715 2928 3787 comparabilis
2953 3715 3250 3786 muto,qui
3281 3731 3396 3770 non
3429 3713 3613 3768 solum
3629 3729 3750 3766 non

2141 3805 2320 3875 loqui,
2372 3804 2470 3858 sed
2528 3819 2635 3858 nec
2688 3803 2864 3858 etiam
2899 3820 2960 3858 os
2991 3803 3215 3875 aperire
3247 3805 3435 3874 potest
3461 3804 3522 3856 ut
3550 3816 3752 3856 vocem

2143 3891 2462 3964 quamlibet
2489 3891 2736 3946 emittat.
2771 3891 2920 3959 Multi
2951 3907 3204 3961 namque
3250 3889 3392 3945 muti
3437 3891 3589 3954 sunt,
3652 3887 3756 3958 qui

2140 3981 2349 4034 saltem
2381 3981 2636 4034 clamant
2661 3982 2719 4033 et
2747 3983 3008 4050 gemunt.
3025 3977 3252 4048 Repetit
3275 3977 3432 4049 quod
3455 3975 3612 4042 dixit,
3629 3975 3756 4042 Ego

2145 4075 2399 4139 tanquam
2415 4066 2606 4121 surdus
2618 4084 2724 4120 non
2737 4065 3038 4136 audiebam,
3062 4069 3126 4120 ut
3153 4065 3329 4120 addat
3341 4065 3419 4120 sic
3439 4081 3451 4119 :
3483 4063 3559 4118 Et
3577 4063 3758 4134 [actus

2141 4173 2281 4222 sum,
2305 4154 2359 4210 id
2389 4157 2474 4209 est
2495 4155 2677 4209 factus
2695 4170 2818 4220 ero,
2839 4155 2974 4208 sicut
3003 4153 3156 4208 homo
3185 4169 3291 4206 non
3311 4152 3548 4218 audiens,
3574 4157 3624 4204 et
3649 4166 3754 4204 non

2144 4243 2340 4298 habens
2392 4245 2449 4297 in
2505 4258 2594 4296 ore
2647 4257 2740 4296 suo
2769 4241 3188 4310 redargat-iones.
3213 4240 3378 4304 Quod
3408 4245 3494 4294 est
3523 4238 3709 4292 dicere
3736 4254 3750 4292 :

441 4327 697 4384 virtutes.
723 4329 847 4384 Non
866 4328 1021 4399 quod
1045 4343 1249 4384 omnes
1266 4346 1336 4384 ex
1351 4333 1474 4385 toto
1491 4329 2046 4403 dereliqueruntzsed
2069 4337 2122 4396 D
2145 4331 2394 4387 Videbor
2418 4329 2547 4385 ideo
2565 4329 2642 4384 sic
2655 4333 2845 4384 tacere
2875 4335 2934 4382 ut
2955 4328 3165 4396 surdus,
3184 4327 3340 4400 quod
3365 4343 3485 4381 non
3506 4326 3753 4380 habeam

443 4415 578 4488 quia
603 4417 870 4488 quaedam
899 4432 966 4470 ex
995 4419 1139 4484 toto,
1171 4416 1283 4473 illa;
1314 4434 1447 4473 vero
1479 4434 1606 4490 quae
1637 4422 1856 4475 restant
1883 4421 2046 4478 valde

444 4503 749 4560 minorataa
779 4508 932 4572 sunt,
965 4505 1052 4560 vel
1077 4507 1245 4560 virtus
1269 4523 1406 4574 mea,
1439 4505 1498 4562 id
1526 4509 1612 4562 est
1639 4506 1884 4564 liberum
1903 4509 2050 4565 arbi-

443 4591 643 4660 trium,
699 4594 760 4646 ut
809 4608 926 4648 non
957 4593 1176 4664 possint
1203 4610 1272 4650 eo
1299 4593 1374 4650 ad
1401 4595 1644 4649 salutem
1678 4595 1779 4649 uti.
1807 4595 1888 4652 Et
1915 4595 2048 4651 ideo

446 4679 820 4735 conturbatum
847 4689 922 4735 est
952 4699 1062 4745 cor,
1093 4681 1230 4754 quia
1260 4683 1442 4736 lumen
1481 4665 1498 4752 Ι
1519 4666 1582 4754 2
1603 4665 1621 4752 Ι
1640 4683 2052 4738 oculorummeO'

447 4767 652 4832 rum,id
672 4771 758 4822 est
785 4767 1106 4824 intellectus
1136 4769 1396 4824 cordium
1421 4785 1710 4839 meorum,
1734 4771 1820 4825 vel
1852 4770 2046 4838 lumen,

447 4856 510 4912 id
565 4860 652 4912 est
688 4858 772 4912 sol
795 4856 1030 4928 justitiae
1083 4857 1358 4924 Christus,
1423 4857 1520 4930 qui
1561 4859 1757 4914 oculos
1786 4858 2048 4914 cordium

447 4961 718 5002 meorum
743 4944 1093 5000 illuminabit
1115 4961 1129 4999 :
1152 4953 1202 4999 et
1220 4947 1394 5016 ipsum
1421 4945 1596 5000 lumen
1609 4946 1758 5014 dico,
1783 4946 1904 5002 sine
1935 4963 2047 5018 quo

447 5034 590 5090 nihil
621 5051 740 5089 esse
772 5033 1047 5090 dicendus
1083 5051 1231 5100 sum,
1284 5051 1390 5088 non
1437 5042 1512 5088 est
1537 5052 1762 5103 mecum,
1800 5038 1864 5090 ut
1891 5051 2051 5090 meos

410 5131 418 5139 '
450 5122 758 5179 illuminat.
793 5122 1079 5196 Supponit
1121 5139 1352 5195 quoque
1382 5139 1614 5178 causam
1649 5123 1824 5178 aliam
1859 5139 1872 5178 :
1919 5139 2050 5196 pas-

449 5211 672 5266 sionem
704 5211 963 5266 videlicet
991 5227 1176 5278 suam,
1212 5227 1313 5283 pro
1345 5228 1458 5283 qua
1482 5211 1690 5266 debeat
1709 5211 1792 5266 eis
1821 5211 2053 5266 misere-

450 5299 520 5366 ri,
543 5299 652 5353 sic:
677 5300 743 5352 Et
773 5297 900 5354 ideo
919 5299 1096 5354 debes
1119 5299 1199 5354 eis
1223 5297 1503 5367 misereri,
1537 5298 1672 5371 quia
1705 5298 1838 5355 ideo
1859 5315 2054 5370 passus

451 5403 582 5442 sum
613 5385 767 5457 quod
808 5388 972 5440 amici
1004 5389 1242 5449 mei,etc.
1279 5389 1473 5442 Potest
1511 5403 1742 5459 quoque
1793 5386 2054 5459 superior

453 5489 646 5529 versus
675 5477 958 5545 quantum
995 5474 1070 5529 ad
1117 5474 1442 5546 passionem
1474 5473 1586 5546 legi
1617 5474 1736 5530 sic:
1787 5475 1921 5530 Dico
1978 5491 2052 5530 ne

459 5576 664 5632 arguas
693 5575 791 5616 eos
807 5578 993 5634 neque
1023 5563 1315 5634 corripias.
1345 5563 1487 5620 Nam
1519 5565 1581 5618 ut
1610 5562 1692 5618 eis
1709 5562 2048 5632 miserearis,

2144 4421 2300 4476 unde
2330 4435 2428 4474 eos
2456 4418 2826 4490 redarguam,
2874 4434 3004 4472 cum
3050 4416 3106 4472 in
3157 4416 3354 4471 multis
3397 4414 3611 4488 possim
3656 4430 3757 4469 eos

2145 4509 2516 4580 redarguere.
2561 4508 2628 4562 Et
2651 4507 2762 4562 hoc
2791 4509 2979 4562 totum
3005 4508 3091 4560 est
3119 4522 3183 4561 ac
3216 4505 3260 4560 si
3294 4504 3510 4559 diceret
3554 4519 3568 4558 :
3620 4501 3754 4557 Ideo

2149 4597 2320 4652 debes
2343 4597 2426 4652 eis
2453 4593 2734 4663 misereri,
2765 4593 2899 4667 quia
2929 4594 3066 4650 talia
3089 4597 3148 4648 et
3165 4593 3305 4649 talia
3316 4607 3422 4665 pro
3441 4591 3523 4646 eis
3546 4589 3752 4664 patiar.

2150 4682 2294 4748 Quia
2321 4700 2453 4738 vero
2487 4700 2644 4739 mors
2689 4682 2812 4738 sine
2860 4681 3308 4749 resurrectione,
3350 4681 3551 4735 valens
3586 4695 3758 4736 causa

2146 4788 2266 4828 non
2297 4774 2463 4838 esset,
2495 4770 2656 4826 addit
2677 4786 2690 4824 :

2219 4861 2289 4916 Et
2318 4859 2448 4916 ideo
2471 4859 2644 4914 debes
2662 4857 3024 4924 misereri,'ut
3049 4873 3154 4930 per
3183 4857 3754 4914 meamresurrectio-

2149 4961 2516 5014 nem,eorum
2533 4944 2858 5000 miserearis
2880 4961 2893 5000 :
2915 4947 3120 5016 speravi
3147 4947 3204 4999 in
3237 4952 3304 5013 te,
3325 4944 3572 5011 Domine,
3586 4944 3646 5000 id
3673 4947 3758 4998 est

2150 5052 2314 5108 spem
2332 5032 2768 5090 resurrectionis
2793 5033 2978 5104 posui.
3005 5035 3083 5094 Et
3131 5041 3188 5087 tu
3215 5033 3460 5088 cxaudtes
3480 5050 3564 5087 me
3591 5049 3760 5088 oran—

2151 5127 2292 5192 tem,
2320 5122 2549 5177 Domine
2584 5122 2731 5177 Deus
2759 5138 2924 5188 meus,
2965 5123 3028 5176 ut
3055 5137 3151 5176 me
3172 5121 3488 5177 resuscites.
3542 5120 3610 5176 Et
3637 5137 3755 5175 non

2149 5213 2338 5268 solum
2369 5209 2614 5265 exaudies
2643 5209 2778 5282 quia
2805 5211 3032 5280 speravi,
3061 5208 3162 5263 sed
3183 5209 3358 5263 etiam
3389 5210 3515 5281 quia
3543 5208 3675 5274 dixi,
3700 5206 3757 5262 id

2153 5302 2237 5357 est
2263 5297 2436 5354 verbo
2465 5297 2641 5352 orabo
2674 5296 2896 5352 dicens:
2944 5297 2988 5352 Ο
3046 5297 3312 5364 Domine,
3344 5295 3616 5352 resuscita
3641 5311 3756 5362 me,

2151 5404 2217 5442 ne
2239 5385 2471 5459 quando,
2499 5385 2558 5438 id
2602 5387 2688 5439 est
2713 5385 3022 5456 aliquando
3042 5384 3466 5457 supergaudeant
3493 5385 3628 5438 mihi
3655 5386 3757 5437 ini—

2152 5477 2280 5530 mici
2303 5477 2427 5530 mei.
2499 5472 2664 5538 Quod
2717 5472 3054 5528 estdicere:
3103 5473 3201 5546 qui
3241 5473 3670 5546 supergaudent
3699 5472 3758 5526 in

2153 5565 2361 5631 morte,
2395 5577 2515 5620 non
2544 5561 3009 5632 supergaudeant
3035 5561 3226 5634 aliquo
3255 5560 3432 5617 modo
3457 5561 3516 5615 in
3549 5577 3662 5636 quo
3675 5578 3764 5617 su-
