4008 6030
301 357 404 415 797

1229 355 1586 416 EXPOSITIO
1618 359 1688 414 IN
1728 355 2061 414 PSALMOS.
2103 387 2170 399 ——
2211 349 2404 414 PSAL.
2444 349 2685 414 XXXVIII

3511 355 3618 414 798

299 480 782 555 pergaudendum
804 495 921 536 non
939 483 1046 535 est.
1074 481 1322 552 Exponit
1336 485 1532 536 autem
1561 481 1620 535 in
1642 497 1756 552 quo
1790 497 1907 535 non
1934 519 1988 577 Α
2012 480 2162 552 Ergo
2194 480 2327 552 quia
2353 479 2883 550 multiplicabuntur
2903 476 3120 532 inimici
3160 493 3331 550 super
3356 495 3537 545 meos,
3556 494 3621 532 ne

299 569 784 640 supergaudeant,
821 585 954 623 cum
1006 569 1168 622 addit
1199 585 1212 622 :
1245 567 1320 622 Et
1357 569 1486 622 dum
1517 575 1908 623 commoventur
1934 565 1988 577 ’⁵
2007 565 2337 638 derelinquas
2363 575 2470 632 me,’
2495 567 2723 621 Domine
2749 566 2890 619 Deus
2935 583 3098 630 meus,
3141 566 3199 619 id
3231 571 3316 620 est
3348 582 3508 620 meos
3539 566 3624 620 in-

291 656 448 726 pedes
465 657 594 722 mei,
625 655 684 710 id
705 659 791 710 est
817 656 862 710 si
883 661 1398 712 commoverentur
1431 657 1776 728 aprOposito
1806 672 1906 710 suo

300 743 628 798 affectiones
666 759 833 810 mete,
868 742 1084 797 scilicet
1098 743 1140 797 si
1163 743 1246 798 eis
1274 744 1568 811 cederem,
1599 759 1911 815 supergau—

301 830 526 886 derent.
555 831 622 886 Et
646 831 782 886 inde
810 832 918 886 hoc
944 831 1081 897 scio,
1113 831 1250 902 quia
1279 848 1450 902 super
1481 848 1574 885 me
1605 831 1912 885 existentes

299 918 356 972 in
390 919 675 990 passione,
706 937 923 988 magna,
957 919 1014 973 id
1041 923 1125 972 est
1165 921 1436 990 superba,
1469 920 1633 973 locuti
1658 922 1793 972 sunt
1823 918 1908 972 di-

296 1006 510 1061 cendo:
539 1006 886 1062 dixitenim:
919 1007 1090 1060 Filius
1108 1006 1346 1060 Deisum
1365 1006 1586 1076 (Matth.
1617 1023 1760 1072 xxvi,
1795 1007 1906 1074 δι).

297 1095 396 1148 Vel
426 1093 534 1148 sic:
583 1095 706 1148 Non
737 1094 1202 1166 supergaudeant
1251 1093 1392 1148 milii
1425 1094 1655 1166 quando
1689 1110 1804 1148 non
1827 1096 1911 1146 est

297 1181 868 1253 supergaudendum,
887 1181 1511 1236 scilicetinretentione
1528 1182 1587 1235 in
1609 1185 1820 1235 morte.
1847 1182 1912 1234 Et

296 1269 435 1322 inde
465 1269 578 1323 scio
624 1267 758 1340 quia
783 1269 1296 1341 supergauderent,
1326 1270 1597 1340 quoniam
1618 1285 1788 1338 super
1817 1284 1909 1321 me

296 1374 515 1426 magna,
537 1357 596 1410 id
625 1359 710 1410 est
729 1357 995 1427 superba,
1017 1357 1188 1410 locuti
1213 1361 1366 1418 sunt,
1401 1357 1555 1410 idest
1581 1358 1908 1428 loquentur,

295 1444 424 1497 dum
453 1450 864 1509 commoventur,
899 1443 956 1496 id
970 1447 1055 1497 est
1072 1444 1209 1498 dum
1224 1445 1750 1498 commovebuntur
1766 1460 1799 1496 a
1819 1457 1911 1496 me

297 1549 501 1600 gressus
531 1533 652 1597 mei,
684 1531 738 1585 id
761 1535 846 1585 est
866 1531 1123 1602 discipuli
1157 1531 1292 1596 mei,
1326 1531 1707 1602 relinquendo
1732 1548 1824 1585 me
1852 1530 1909 1583 in

295 1619 564 1690 passione
805 1619 900 1690 qui
923 1618 1536 1689 dicunturgressus,co
1559 1620 1712 1690 quod
1727 1622 1912 1690 porta-

296 1707 673 1762 buntnomen
705 1723 902 1760 meum
925 1706 1292 1776 intergentcs
1318 1724 1330 1772 ;
1367 1708 1450 1760 vel
1471 1707 1579 1760 sic:
1613 1708 1691 1760 Nc
1722 1722 1908 1776 super-

2009 655 2234 726 adjntos
2271 655 2330 710 in
2375 655 2862 719 tribulationibus,
2915 654 3016 708 sed
3059 657 3389 708 constantes
3424 653 3513 707 fac
3547 671 3620 708 ne

2011 743 2236 796 cedant.
2267 744 2333 797 Et
2367 743 2412 797 si
2443 743 2728 798 videberis
2771 742 3194 812 derelinquere,
3226 741 3620 812 permittendo

2011 831 2215 900 afﬂigi,
2240 835 2297 884 et
2321 831 2614 885 interdum
2639 831 2694 884 in
2725 829 2974 901 peccatis
3005 829 3234 894 cadere,
3269 832 3330 882 ut
3355 832 3486 898 post
3515 829 3620 882 liu-

2013 919 2266 972 miliores
2302 919 2416 973 sint
2444 937 2508 972 ne
2549 919 2842 973 discesseris
2879 935 2911 970 a
2942 935 3046 984 me,
3080 918 3138 971 id
3169 921 3254 971 est
3279 933 3350 970 ne
3383 917 3619 986 elonga-

2011 1007 2157 1060 veris
2182 1007 2404 1078 penitus
2441 1007 2513 1060 ab
2540 1007 2640 1070 eis,
2681 1007 2820 1077 quin
2854 1011 3052 1076 postea
3077 1005 3159 1059 eis
3183 1003 3498 1070 auxilieris;
3523 1003 3622 1058 sed

2011 1095 2199 1166 potius
2225 1095 2435 1149 intende
2449 1097 2502 1148 in
2524 1095 2854 1164 adjutorium
2899 1111 3094 1158 meum,
3129 1093 3180 1146 id
3213 1095 3300 1146 est
3331 1107 3617 1156 meorum,

2011 1183 2244 1236 Domine
2267 1181 2410 1235 Deus
2431 1199 2592 1235 meus.
2618 1181 2782 1244 Quod
2809 1184 2893 1234 est
2915 1181 3103 1234 dicere
3129 1197 3141 1234 :
3178 1180 3362 1243 Quem
3380 1177 3494 1233 mei
3526 1195 3616 1232 re-

2011 1273 2294 1343 putabunt
2319 1271 2626 1325 Dominum
2661 1273 2719 1324 et
2751 1272 2930 1324 Deum
2954 1287 3144 1324 suum.

2459 1359 2525 1411 IN
2568 1359 2888 1411 PSAIMUM
2917 1357 3175 1410 XXXVIII.

2084 1446 2291 1500 Psalmi
2319 1445 2592 1498 tricesimi
2628 1445 2812 1499 octavi
2837 1445 3073 1498 Titulus.
3108 1443 3172 1496 In
3200 1444 3360 1512 ﬁnem
3385 1460 3484 1512 pro
3516 1441 3622 1496 Idi-

2013 1535 2180 1592 tlmm.
2210 1533 2496 1588 Canticum
2511 1532 2708 1586 David.
2729 1533 2976 1587 Iditlium
3006 1526 3418 1603 interpretatur
3433 1533 3621 1583 transi-

2012 1623 2138 1676 liens
2191 1622 2406 1676 Titulus
2439 1622 2516 1675 sic
2546 1621 2889 1692 exponitur:
2945 1621 3226 1674 Canticum
3259 1619 3426 1685 istud,
3453 1619 3509 1672 id
3536 1622 3622 1674 est

2013 1713 2286 1764 trac'atus
2311 1710 2435 1776 iste,
2475 1709 2534 1762 in
2567 1725 2680 1779 quo
2727 1709 3058 1762 continetur
3088 1707 3400 1772 canticum,
3445 1706 3501 1759 id
3536 1710 3622 1760 est

290 1795 565 1863 gaudeant
587 1795 721 1848 mihi
744 1794 976 1865 quando
1003 1795 1444 1865 supergaudcnd
1457 1811 1551 1847 um
1576 1811 1690 1848 non
1723 1799 1828 1858 est,
1852 1793 1905 1846 id
1935 1798 2332 1876 Bjucunditas
2361 1799 2570 1862 futura,
2600 1797 2812 1849 scilicet
2835 1801 3052 1850 aeterna
3078 1794 3396 1859 beatitudo,
3420 1795 3502 1847 vel
3531 1794 3622 1862 ju-

297 1883 471 1936 estin
504 1881 829 1936 retentione
853 1881 913 1935 in
949 1884 1156 1936 morte.
1204 1881 1282 1934 Et
1335 1883 1462 1934 dum
1518 1889 1910 1935 conuuoventur

283 1971 456 2042 pedes
471 1974 593 2038 mei,
621 1987 777 2042 super
811 1988 893 2023 me
911 1988 1108 2040 magna
1137 1969 1307 2024 locuti
1334 1977 1477 2036 sunt,
1506 1969 1562 2024 id
1593 1973 1679 2024 est
1703 1974 1758 2023 el
1791 1987 1908 2024 non

291 2059 628 2130 loquantur,
657 2076 877 2127 magna,
909 2058 966 2113 id
999 2063 1085 2113 est
1136 2058 1383 2128 superba
1430 2075 1584 2128 super
1639 2076 1720 2110 me
1771 2058 1912 2111 exis-

295 2146 497 2212 tendo,
527 2145 771 2202 dicendo
805 2163 863 2201 se
893 2163 1188 2218 superasse
1224 2146 1492 2211 me,dum
1525 2146 1633 2198 hoc
1664 2145 1733 2198 sit
1754 2145 1910 2216 quod

293 2238 777 2288 commoveantur
803 2252 838 2289 a
865 2235 1161 2307 pr0posito
1197 2234 1356 2305 pedes
1385 2236 1508 2298 mei,
1558 2233 1616 2286 id
1664 2237 1748 2287 est
1771 2233 1910 2287 atl‘e-

289 2322 517 2376 ctiones
546 2338 714 2389 meas,
746 2321 805 2378 id
852 2326 937 2377 est
976 2323 1114 2377 dum
1141 2323 1249 2376 hoc
1276 2322 1349 2375 sit
1379 2321 1535 2392 quod
1579 2321 1658 2374 eis
1683 2321 1907 2375 cedam.

293 2410 464 2474 Quod
503 2414 588 2464 est
613 2427 680 2465 ac
716 2410 761 2464 si
793 2411 986 2466 dicat:
1047 2411 1172 2464 Non
1226 2410 1530 2482 permittas
1559 2409 1910 2464 commoveri

291 2497 472 2568 pedes
487 2513 668 2565 meos,
693 2514 766 2552 ne
792 2514 1068 2570 supermc
1089 2497 1394 2552 existentes
1425 2513 1640 2568 magna
1669 2497 1911 2567 loquan-

293 2588 410 2639 tur.
439 2585 671 2639 Multum
695 2585 851 2639 enim
873 2586 1118 2656 superbe
1152 2587 1546 2656 loquerentur,
1582 2585 1626 2637 si
1657 2585 1732 2637 sic
1769 2584 1909 2638 mihi

293 2673 701 2743 praevalerent.
746 2672 836 2727 Ad
872 2673 1022 2727 hanc
1066 2677 1260 2727 autem
1307 2672 1537 2726 tertiam
1564 2672 1909 2726 sententiam

301 2761 486 2814 mittit
505 2778 611 2816 nos
637 2761 913 2816 Hebraica
965 2761 1288 2826 translatio,
1321 2778 1448 2832 qua:
1480 2760 1557 2814 sic
1583 2760 1788 2814 habet:
1824 2759 1912 2814 Ne

295 2848 428 2900 dum
453 2847 824 2902 vacillaverint
845 2849 1006 2920 pedes
1037 2851 1158 2916 mei,
1189 2866 1346 2919 super
1374 2866 1454 2901 me
1479 2848 1908 2917 magniﬁcentur,

293 2935 358 2989 id
375 2938 460 2989 est
474 2937 669 3008 magni
690 2935 834 2990 ﬁant
857 2937 917 2992 in
946 2937 1236 3010 superbia.
1268 2937 1333 2990 Et
1361 2936 1492 2990 ideo
1523 2935 1707 2990 adhuc
1740 2935 1914 2989 debes

295 3039 354 3076 m
363 3040 556 3078 ISBI‘BI‘I
566 3065 580 3078 .

2011 1887 2290 1951 cunditas,
2326 1886 2382 1939 id
2423 1889 2507 1938 est
2535 1885 2732 1938 Iustitia
2764 1884 2944 1938 nimia
2973 1900 3078 1955 pro
3112 1901 3210 1954 Spe
3245 1881 3620 1936 beatitudinis

2011 1978 2265 2038 interna},
2299 1977 2385 2027 est
2403 1973 2604 2039 David,
2641 1973 2696 2026 id
2715 1975 2799 2027 est
2825 1973 3080 2026 Ecclesiae
3097 1971 3384 2042 perfectas,
3406 1970 3620 2023 factum

2013 2062 2165 2116 istu.l
2197 2062 2510 2128 canticum,
2544 2062 2600 2134 id
2629 2065 2714 2114 est
2741 2061 2844 2114 iste
2870 2063 3143 2114 tractatus
3161 2076 3264 2131 pro
3297 2057 3538 2111 Iditltum
3569 2059 3623 2109 in

2010 2151 2192 2219 ﬁnem,
2226 2150 2282 2203 id
2315 2153 2400 2203 est
2418 2167 2522 2220 pro
2550 2151 2656 2203 hoc
2672 2149 2824 2220 quod
2840 2153 2924 2202 est
2955 2149 3071 2219 ipse
3101 2146 3272 2201 David
3299 2145 3626 2200 transiliens

2013 2255 2192 2309 usque
2220 2238 2275 2292 in
2308 2239 2509 2304 linem,
2553 2237 2764 2291 scilicet
2797 2235 3121 2290 transiliens
3143 2235 3213 2288 de
3238 2233 3388 2288 vitiis
3427 2231 3498 2286 ad
3521 2231 3628 2286 vir-

2013 2329 2183 2392 tutes,
2213 2327 2282 2380 de
2319 2325 2559 2379 terrenis
2587 2325 2755 2379 bonis
2784 2325 2857 2378 ad
2888 2328 3107 2377 aeterna
3135 2323 3317 2388 bona;
3351 2337 3477 2392 qua!
3495 2323 3628 2373 sunt

2013 2415 2144 2468 ﬂuis
2193 2412 2632 2483 exspectationis
2677 2413 2985 2482 justorum.
3041 2411 3134 2464 Vel
3167 2409 3244 2462 sic
3279 2426 3290 2462 :
3325 2407 3622 2463 Canticum

2012 2502 2262 2569 istud,id
2279 2505 2362 2556 est
2372 2500 2704 2572 jucunditas
2727 2500 2937 2566 futura,
2973 2501 3056 2552 vel
3065 2497 3416 2568 jucunditas,
3447 2495 3505 2550 id
3541 2497 3627 2548 est

2014 2589 2598 2660 lmtitiajucunditatis
2617 2589 2846 2656 futurae,
2864 2590 2947 2642 est
2965 2587 3162 2654 David,
3180 2586 3235 2640 id
3251 2589 3336 2640 est
3360 2583 3620 2638 Ecclesiae

2013 2679 2301 2749 perfectae.
2329 2677 2625 2731 Canticum
2646 2676 2771 2730 dico
2787 2675 3116 2730 habendum
3144 2674 3189 2727 si
3218 2674 3288 2728 de
3319 2671 3620 2741 futuraju-

2013 2766 2304 2819 cunditate
2336 2765 2576 2830 dicatur,
2605 2764 2690 2817 vel
2721 2763 2982 2816 habitum
3003 2762 3048 2814 si
3081 2762 3151 2814 de
3185 2761 3383 2815 laetitia
3411 2759 3618 2812 fulurzr

2006 2853 2382 2926 jucunditalis
2412 2852 2656 2918 dicatur,
2676 2867 2780 2922 per
2804 2851 2911 2905 hoc
2940 2849 3095 2919 quod
3115 2848 3291 2903 David
3311 2847 3408 2919 qui
3429 2845 3520 2900 hic
3536 2847 3620 2900 lo-

2014 2941 2209 3013 quitur
2228 2944 2314 2994 est
2327 2940 2597 3006 Idithum,
2621 2939 2677 2993 id
2694 2940 2778 2992 est
2801 2937 3124 2991 transiliens
3146 2951 3321 3006 usque
3345 2936 3404 2987 in
3419 2934 3618 2987 finem.

2013 3030 2075 3083 In
2104 3029 2211 3083 hoc
2224 3032 2417 3082 autem
2440 3029 2661 3099 psalmo
2687 3026 2942 3097 perfecta
2963 3023 3208 3078 Ecclesia
3219 3021 3618 3091 jucundando,

381 3109 642 3177 Quoniam
664 3129 756 3183 ego
777 3113 1064 3183 iit/lagella
1085 3130 1190 3184 per
1203 3130 1294 3167 me
1309 3110 1670 3182 suscipienda
1685 3117 1912 3181 paratus
1939 3099 1986 3158 C
2014 3117 2265 3172 ostendit
2306 3134 2366 3171 se
2405 3116 2476 3170 de
2508 3116 2652 3170 vitiis
2681 3115 2754 3169 ad
2784 3115 3021 3168 virtutes
3057 3111 3408 3177 transiliisse,
3451 3110 3528 3164 sic
3561 3111 3624 3163 ut

293 3217 438 3265 sum,
455 3199 514 3253 id
532 3203 616 3254 est
628 3200 743 3254 mei
761 3200 946 3271 parati
972 3203 1142 3256 erunt
1161 3216 1265 3271 pro
1290 3217 1383 3255 me
1407 3200 1522 3272 pati
1557 3199 1914 3271 ﬂagella,sic-

2014 3225 2118 3262 nec
2153 3207 2208 3261 in
2236 3207 2434 3277 lingua
2459 3221 2696 3277 peccare
2725 3201 3174 3275 disponat,quod
3202 3215 3483 3271 magnum
3515 3201 3621 3251 est.

292 3291 356 3349 ut
397 3289 454 3347 et
475 3303 591 3363 .850
617 3287 837 3369 procis
856 3287 1062 3360 patiar,
1097 3287 1352 3360 alioquin
1376 3287 1535 3342 enim
1565 3287 1752 3358 passio
1782 3302 1913 3340 mea
2013 3297 2163 3352 Dicit
2205 3296 2382 3350 etiam
2412 3310 2471 3348 se
2485 3309 2675 3348 orasse
2701 3308 2831 3346 cum
2873 3289 3224 3345 insufliciens
3237 3305 3340 3360 per
3372 3304 3432 3342 se
3453 3287 3622 3351 esset,

292 3380 421 3437 nilii
451 3381 532 3434 eis
562 3380 884 3450 proﬁceret.
917 3375 992 3434 Et
1013 3375 1141 3434 ideo
1195 3375 1379 3434 adhuc
1415 3374 1550 3450 quia
1569 3374 1720 3431 dolor
1743 3392 1908 3454 meus,

292 3470 356 3526 id
380 3471 465 3524 est
483 3486 772 3536 meorum,
787 3469 898 3524 erit
912 3471 966 3522 in
985 3476 1260 3540 conspectu
1281 3486 1416 3534 meo,
1439 3469 1498 3522 id
1519 3471 1603 3522 est
1621 3483 1909 3529 meorum,

2012 3388 2076 3442 ut
2103 3385 2208 3440 sibi
2239 3387 2406 3459 Dens,
2439 3383 2638 3448 linem,
2658 3381 2713 3435 id
2733 3384 2818 3435 est
2845 3377 3328 3434 modumtacendi
3351 3375 3620 3431 modum-

2013 3491 2122 3548 que
2149 3474 2445 3546 loquendi,
2480 3471 2842 3538 notiticaret;
2892 3472 2950 3524 et
2987 3467 3308 3523 contuitum
3336 3465 3622 3520 bonorum
3665 3470 3672 3477 '

292 3574 518 3628 εειηρεν,
551 3557 608 3612 id
635 3560 720 3612 est
743 3574 974 3629 semper
1016 3557 1314 3611 hallcbunt
1355 3557 1412 3610 ill
1452 3554 1911 3610 COﬂSich‘alione
2013 3568 2372 3618 aeternorum
2399 3560 2508 3615 sibi
2536 3563 2738 3614 notum
2771 3559 3006 3623 faceret,
3045 3559 3108 3610 ut
3142 3555 3241 3622 sic,
3266 3552 3626 3608 smcularibus

295 3663 404 3700 sua
449 3645 711 3700 dolorem
747 3644 818 3699 de
833 3644 1082 3716 peccatis
1111 3643 1242 3698 suis.
1276 3645 1343 3697 Et
1375 3643 1505 3698 ideo
1521 3642 1706 3696 adhuc
1734 3640 1911 3707 τραυ-

297 3735 450 3788 niam
479 3733 814 3786 annuntiabo
853 3734 1190 3803 iniquitatem
1214 3748 1408 3798 meam,
1441 3730 1499 3784 id
1530 3733 1616 3784 est
1664 3728 1780 3783 mei
1811 3746 1914 3783 an-

301 3819 658 3876 nuntiabunt
688 3819 1120 3874 aliishumiliter
1133 3835 1237 3891 per
1261 3819 1681 3874 confessionem
1709 3816 1916 3888 iniqui-

299 3911 488 3963 tatem
517 3923 681 3962 suam
685 3907 707 3978 j
720 3910 851 3962 uxta
871 3907 1011 3962 illud
1022 3907 1218 3962 Jacobi
1234 3906 1477 3977 apostoli
1494 3903 1920 3960 :«Contitemini

303 3997 649 4052 alterutrum
711 3998 938 4067 peccata
981 3998 1170 4050 vestra
1209 3995 1350 4061 (Jac.
1384 4011 1439 4062 v,
1477 3996 1596 4062 I6);
1633 4013 1661 4042 ››
1700 3996 1758 4047 et
1786 3992 1922 4064 quia

305 4083 419 4138 hoc
450 4099 569 4138 non
599 4082 908 4149 sufﬁceret,
939 4082 1180 4152 cogitabo
1201 4098 1305 4154 pro
1337 4087 1556 4152 peccato
1585 4096 1718 4148 meo,
1752 4081 1812 4136 id
1837 4083 1924 4135 est

309 4171 653 4243 cogitabuut
681 4169 1008 4225 satisfacere
1039 4171 1156 4224 Deo
1197 4185 1305 4241 pro
1333 4167 1494 4223 omni
1523 4171 1761 4238 peccato
1795 4183 1919 4236 suo,

299 4258 625 4331 jejunaudo
649 4261 707 4313 et
735 4258 859 4312 aliis
911 4257 1291 4312 anxietatibus
1347 4273 1554 4328 corpus
1583 4256 1922 4330 aflligendo.

2015 3651 2391 3720 contemptis,
2417 3649 2491 3702 ad
2529 3631 2547 3717 Ι
2713 3647 2974 3700 illabona
2986 3661 3084 3715 spe
3094 3640 3629 3697 transiliret.Osten-

2017 3739 2101 3794 dit
2122 3753 2352 3809 quoque
2369 3753 2428 3790 se
2452 3735 2810 3806 impetrasse,
2829 3737 2887 3787 et
2902 3749 2960 3786 se
2978 3729 3343 3786 solummodo
3361 3728 3513 3782 bona
3529 3727 3625 3780 illa

2018 3827 2370 3898 exspectare,
2393 3826 2451 3877 et
2466 3823 2575 3876 hoc
2589 3838 2706 3876 non
2729 3821 2801 3875 ad
2824 3817 3242 3890 arrogantiam,
3257 3815 3358 3870 sed
3380 3815 3453 3869 ad
3482 3813 3623 3867 alio-

2017 3931 2150 3970 rum
2181 3915 2380 3967 narrat
2413 3909 2872 3976 instructionem,
2907 3910 2970 3962 ut
2993 3906 3078 3960 sui
3109 3903 3372 3975 exemplo
3419 3901 3492 3956 ad
3516 3901 3627 3955 hoc

2019 4003 2176 4058 idem
2206 3999 2532 4055 intendant.
2549 3997 2863 4068 Redarguit
2887 4011 3116 4069 quoque
3137 4009 3236 4048 eos
3255 3991 3353 4064 qui
3382 3987 3626 4044 vanitati

2021 4088 2228 4146 intenti
2259 4090 2412 4152 sunt,
2440 4089 2504 4140 ut
2530 4102 2628 4140 eos
2653 4101 2687 4139 a
2709 4084 2958 4139 vanitate
2991 4083 3062 4138 ad
3085 4099 3155 4137 ea
3185 4081 3339 4136 bona
3350 4095 3478 4151 qua:
3493 4093 3630 4132 vera

2021 4180 2155 4232 sunt
2198 4175 2484 4230 transilire
2523 4172 2714 4228 faciat.
2759 4172 2898 4227 Orat
2943 4185 3170 4244 quoque
3202 4173 3264 4224 ut
3300 4166 3630 4238 exemplum

2024 4264 2228 4321 orandi
2248 4263 2371 4318 aliis
2391 4263 2608 4317 tribuat
2627 4278 2641 4330 ;
2659 4263 2940 4332 quatenus
2955 4261 3102 4314 Deus
3121 4273 3256 4312 eum
3271 4256 3342 4312 ab
3363 4254 3631 4310 omnibus

311 4347 436 4403 Dixi
461 4347 617 4418 quod
645 4346 752 4419 ipsi
781 4346 1122 4418 cogitabant
1141 4362 1240 4416 peo
1261 4352 1482 4416 peccato
1512 4361 1748 4400 carnem
1772 4361 1925 4400 mor—
1947 4379 2000 4444 ι)
2023 4351 2424 4424 iniquitatibus
2444 4353 2630 4416 eruat,
2657 4352 2720 4403 ut
2757 4348 2831 4403 ad
2853 4349 2963 4403 hoc
2993 4346 3068 4401 ad
3100 4345 3256 4417 quod
3285 4342 3532 4414 suspirat
3553 4341 3630 4396 sic

313 4435 588 4491 tificando
613 4451 628 4503 ;
663 4436 870 4489 inimici
895 4440 1070 4487 autem
1087 4435 1208 4501 mei,
1227 4433 1284 4487 id
1305 4436 1389 4486 est
1405 4449 1694 4499 meorum,
1713 4433 1926 4488 scilicet
1951 4430 1988 4444 ’⁷
2024 4439 2326 4514 pervenire
2356 4442 2550 4511 queat.
2589 4436 2858 4508 Alioquin
2887 4435 3046 4490 enim
3077 4450 3194 4488 non
3213 4432 3287 4487 ad
3315 4433 3426 4487 hoc
3454 4430 3628 4486 attin-

311 4523 478 4597 impii
507 4523 604 4595 qui
663 4524 1082 4594 persequentur
1107 4537 1205 4576 eos
1238 4519 1604 4586 multimode,
1626 4521 1831 4587 vivunt,
1863 4521 1923 4576 id

314 4615 400 4666 est
428 4612 621 4666 vivent
644 4626 918 4683 prospere
952 4610 1010 4663 in
1041 4609 1151 4664 hoc
1177 4608 1396 4663 mundo
1427 4607 1489 4662 in
1521 4605 1794 4662 divinitiis
1825 4608 1927 4663 ﬂo-

312 4699 518 4754 rendo.
548 4697 627 4752 Et
656 4698 960 4766 conﬁrmati
1007 4703 1152 4763 sunt,
1185 4695 1244 4750 id
1276 4698 1362 4750 est
1382 4695 1710 4750 confirmati
1757 4698 1927 4750 erunt

314 4785 374 4841 in
407 4784 832 4856 perseverantia
855 4802 1011 4855 super
1041 4803 1140 4851 me,
1171 4783 1229 4838 id
1251 4787 1337 4838 est
1365 4799 1538 4854 super
1561 4785 1926 4850 meos,extol-

314 4874 488 4930 lendo
520 4890 600 4928 se.
627 4873 704 4926 Et
752 4872 1090 4942 multiplicati
1118 4878 1262 4938 sunt,
1297 4871 1355 4925 id
1381 4873 1467 4924 est
1517 4871 1683 4925 multi
1737 4875 1926 4940 erunt,

317 4963 413 5032 qui
437 4961 659 5015 oderunt
683 4977 784 5027 me,
819 4959 876 5014 id
903 4963 988 5013 est
1025 4959 1158 5014 odio
1197 4958 1495 5014 habebunt
1525 4975 1706 5026 meos,
1735 4963 1794 5013 et
1823 4960 1932 5014 hoc

316 5050 514 5120 inique.
547 5047 793 5120 Exponit
823 5049 1016 5102 autem
1040 5047 1334 5118 quomodo
1378 5047 1562 5118 inique
1592 5047 1690 5114 sic,
1719 5048 1932 5103 scilicet

317 5138 411 5208 qui
437 5135 818 5202 retribuunt,id
835 5139 920 5189 est
940 5135 1264 5189 retribuent
1293 5134 1459 5202 meis,
1478 5134 1732 5206 malapro
1754 5136 1927 5202 nobis,

318 5223 474 5295 quod
505 5223 838 5296 iniquorum
862 5226 966 5278 est.
995 5223 1062 5276 Et
1090 5221 1201 5277 hoc
1230 5221 1409 5277 etiam
1431 5223 1668 5294 exponit
1689 5222 1746 5277 in
1765 5227 1929 5295 parte

319 5326 451 5365 cum
477 5311 673 5366 addit:
708 5311 935 5367 Scilicet
961 5309 1308 5364 detrahebant
1333 5311 1484 5378 mihi,
1515 5310 1573 5364 id
1605 5314 1690 5365 est
1739 5311 1928 5366 detra-

317 5398 459 5453 hent
487 5399 650 5466 meis,
678 5401 929 5471 quoniam
953 5398 1208 5470 sequebar
1231 5398 1543 5466 bonitatem,
1580 5399 1638 5452 id
1679 5400 1765 5453 est
1795 5397 1932 5470 quia

321 5488 770 5558 perseverabunt
799 5487 856 5542 in
889 5486 1169 5550 bonitate,
1189 5486 1345 5558 quod
1365 5490 1451 5541 est
1471 5485 1681 5561 dicere,
1695 5485 1828 5557 quia
1851 5484 1932 5540 eis

321 5574 540 5631 bonum
553 5575 879 5644 exemplum
901 5573 1252 5648 dabunt,ipsi
1273 5573 1584 5647 illisinique
1603 5574 1930 5630 detrahent.

2023 4531 2207 4601 geret.
2243 4527 2380 4582 Orat
2399 4527 2634 4598 insuper
2663 4528 2725 4579 ut
2749 4527 2892 4579 Deus
2921 4521 3320 4576 tribulationes
3348 4536 3477 4575 suas
3501 4519 3635 4574 alle-

2025 4617 2159 4683 viet,
2193 4632 2265 4671 ne
2297 4615 2400 4672 sub
2449 4613 2634 4668 nimio
2665 4611 2922 4684 pondere
2965 4609 3212 4677 deﬁciat,
3254 4613 3312 4664 et
3357 4608 3436 4662 sic
3478 4605 3634 4680 quod

2027 4707 2335 4776 exspectat,
2367 4701 2614 4757 amittat.
2667 4701 2817 4755 Dicit
2860 4715 3089 4771 quoque
3109 4699 3236 4770 jam
3272 4697 3378 4752 sibi
3419 4697 3631 4752 debere

2027 4793 2184 4867 parci
2217 4809 2348 4847 cum
2377 4794 2622 4864 purgata
2649 4789 2721 4843 sit
2750 4787 3066 4843 diutissime
3089 4787 3382 4858 patiendo.

2100 4883 2268 4937 Dixi:
2303 4880 2615 4936 Custodiam
2666 4880 2780 4932 vias
2824 4894 2988 4946 meas,
3025 4883 3087 4931 ut
3121 4893 3224 4930 non
3249 4875 3547 4944 delinquam
3579 4873 3636 4925 in

2032 4973 2223 5042 lingua
2251 4987 2387 5024 mea.
2437 4967 2613 5034 Quasi
2644 4967 2834 5022 dicat:
2869 4967 2986 5036 Ego
3015 4966 3163 5020 bene
3185 4963 3314 5033 jam
3345 4960 3628 5015 custodivi

2033 5059 2366 5116 affectiones
2378 5060 2437 5112 et
2463 5055 2829 5129 Operationes
2850 5069 3031 5118 meas,
3048 5068 3120 5106 ne
3147 5051 3207 5104 in
3219 5049 3302 5104 eis
3317 5064 3629 5121 peccaram,

2032 5165 2160 5220 quae
2191 5145 2334 5202 mihi
2365 5146 2469 5200 vim
2503 5142 2758 5200 eruntad
2781 5142 2956 5196 vitam
2980 5157 2994 5208 ;
3021 5139 3120 5194 sed
3138 5137 3272 5212 quia
3287 5152 3514 5209 possem
3535 5136 3633 5192 ba-

2028 5253 2160 5292 rum
2189 5233 2494 5290 utilitatem
2535 5232 2755 5288 viarum
2802 5228 3089 5294 amittere,
3141 5226 3246 5282 nisi
3296 5240 3530 5298 peccare
3569 5224 3630 5280 in

2029 5324 2228 5396 lingua
2256 5321 2590 5378 desisterem
2625 5335 2638 5375 :
2673 5317 2826 5373 unde
2851 5317 3142 5388 apostolus
3167 5313 3410 5371 Jacobus
3444 5312 3581 5368 dicit
3611 5329 3626 5367 :

2033 5434 2061 5462 «
2086 5413 2144 5467 Si
2165 5412 2293 5484 quis
2322 5414 2517 5465 autem
2547 5410 2712 5482 putat
2757 5423 2816 5462 se
2846 5405 3178 5478 religiosum
3227 5420 3370 5472 esse,
3397 5419 3517 5458 non
3546 5419 3633 5457 re-

2031 5499 2267 5556 frenans
2295 5499 2558 5569 linguam
2588 5512 2772 5562 suam,
2817 5493 3097 5549 seducens
3115 5509 3216 5547 cor
3244 5508 3431 5558 suum,
3463 5491 3636 5562 hujus

2031 5605 2182 5644 vana
2217 5591 2303 5643 est
2357 5585 2558 5657 reliqio
2607 5583 2746 5643 (Jac.
2780 5600 2820 5652 ι,
2852 5581 2972 5658 26);
3023 5580 3160 5638 Cum
3197 5588 3440 5654 peccator
3463 5580 3635 5636 const-
