  <div class='ocr_page' id='page_1' title='image "/cluster/home/n/w/nwhite01/storage/ocr_20150623/152/hvd.32044054760103/405.png"; bbox 0 0 4008 6030; ppageno 0'>
   <div class='ocr_carea' id='block_1_1' title="bbox 393 348 498 415">
    <p class='ocr_par' dir='ltr' id='par_1_1' title="bbox 393 348 498 415">
     <span class='ocr_line' id='line_1_1' title="bbox 393 348 498 415; baseline 0 0"><span class='ocrx_word' id='word_1_1' title='bbox 393 348 498 415; x_wconf 87' lang='lat'><strong>799</strong></span> 
     </span>
    </p>
   </div>
   <div class='ocr_carea' id='block_1_2' title="bbox 999 340 3100 416">
    <p class='ocr_par' dir='ltr' id='par_1_2' title="bbox 999 340 3100 416">
     <span class='ocr_line' id='line_1_2' title="bbox 999 340 3100 416; baseline -0.008 0"><span class='ocrx_word' id='word_1_2' title='bbox 999 361 1056 416; x_wconf 92' lang='lat' dir='ltr'><strong>S.</strong></span> <span class='ocrx_word' id='word_1_3' title='bbox 1082 359 1424 415; x_wconf 81' lang='lat' dir='ltr'><strong>BRUNONIS</strong></span> <span class='ocrx_word' id='word_1_4' title='bbox 1466 352 2096 415; x_wconf 78' lang='lat' dir='ltr'><strong>CARTHUSIANORUM</strong></span> <span class='ocrx_word' id='word_1_5' title='bbox 2134 342 2601 406; x_wconf 78' lang='lat' dir='ltr'><strong>INSTITUTORIS</strong></span> <span class='ocrx_word' id='word_1_6' title='bbox 2641 340 2797 402; x_wconf 81' lang='lat' dir='ltr'><strong>OPP.</strong></span> <span class='ocrx_word' id='word_1_7' title='bbox 2836 342 3033 401; x_wconf 80' lang='lat' dir='ltr'><strong>PARS.</strong></span> <span class='ocrx_word' id='word_1_8' title='bbox 3080 345 3100 399; x_wconf 91' lang='grc' dir='ltr'>Ι</span> 
     </span>
    </p>
   </div>
   <div class='ocr_carea' id='block_1_3' title="bbox 3601 340 3711 394">
    <p class='ocr_par' dir='ltr' id='par_1_3' title="bbox 3601 340 3711 394">
     <span class='ocr_line' id='line_1_3' title="bbox 3601 340 3711 394; baseline 0 0"><span class='ocrx_word' id='word_1_9' title='bbox 3601 340 3711 394; x_wconf 84' lang='grc'><strong>800</strong></span> 
     </span>
    </p>
   </div>
   <div class='ocr_carea' id='block_1_4' title="bbox 390 460 3709 550">
    <p class='ocr_par' dir='ltr' id='par_1_4' title="bbox 390 460 3709 550">
     <span class='ocr_line' id='line_1_4' title="bbox 390 460 3709 550; baseline -0.007 -16"><span class='ocrx_word' id='word_1_10' title='bbox 390 487 546 535; x_wconf 83' lang='lat' dir='ltr'><strong>steret</strong></span> <span class='ocrx_word' id='word_1_11' title='bbox 571 480 847 534; x_wconf 80' lang='lat' dir='ltr'><strong>adversum</strong></span> <span class='ocrx_word' id='word_1_12' title='bbox 873 497 974 545; x_wconf 88' lang='lat' dir='ltr'><strong>me,</strong></span> <span class='ocrx_word' id='word_1_13' title='bbox 1008 496 1123 534; x_wconf 90' lang='lat' dir='ltr'><strong>non</strong></span> <span class='ocrx_word' id='word_1_14' title='bbox 1149 483 1381 550; x_wconf 86' lang='lat' dir='ltr'><strong>paratus</strong></span> <span class='ocrx_word' id='word_1_15' title='bbox 1413 476 1830 532; x_wconf 78' lang='lat' dir='ltr'><strong>rationabiliter</strong></span> <span class='ocrx_word' id='word_1_16' title='bbox 1859 490 1992 528; x_wconf 91' lang='lat' dir='ltr'><strong>con-</strong></span> <span class='ocrx_word' id='word_1_17' title='bbox 2016 486 2069 543; x_wconf 78' lang='grc' dir='ltr'><strong>Α</strong></span> <span class='ocrx_word' id='word_1_18' title='bbox 2104 472 2311 525; x_wconf 91' lang='lat' dir='ltr'><strong>Notum</strong></span> <span class='ocrx_word' id='word_1_19' title='bbox 2330 470 2419 524; x_wconf 86' lang='lat' dir='ltr'><strong>fac</strong></span> <span class='ocrx_word' id='word_1_20' title='bbox 2444 468 2930 532; x_wconf 89' lang='lat' dir='ltr'><strong>mihinumerum,</strong></span> <span class='ocrx_word' id='word_1_21' title='bbox 2950 463 3046 536; x_wconf 89' lang='lat' dir='ltr'><strong>qui</strong></span> <span class='ocrx_word' id='word_1_22' title='bbox 3067 479 3268 519; x_wconf 82' lang='lat' dir='ltr'><strong>revera</strong></span> <span class='ocrx_word' id='word_1_23' title='bbox 3280 465 3384 517; x_wconf 87' lang='lat' dir='ltr'><strong>est.</strong></span> <span class='ocrx_word' id='word_1_24' title='bbox 3405 460 3709 550; x_wconf 78' lang='lat' dir='ltr'><strong>Numerum</strong></span> 
     </span>
    </p>
   </div>
   <div class='ocr_carea' id='block_1_5' title="bbox 394 561 1997 635">
    <p class='ocr_par' dir='ltr' id='par_1_5' title="bbox 394 561 1997 635">
     <span class='ocr_line' id='line_1_5' title="bbox 394 561 1997 635; baseline -0.006 -14"><span class='ocrx_word' id='word_1_25' title='bbox 394 567 710 622; x_wconf 88' lang='lat' dir='ltr'><strong>tradicere:</strong></span> <span class='ocrx_word' id='word_1_26' title='bbox 758 569 857 621; x_wconf 89' lang='lat' dir='ltr'><strong>sed</strong></span> <span class='ocrx_word' id='word_1_27' title='bbox 922 567 1306 621; x_wconf 80' lang='lat' dir='ltr'><strong>inverecunde</strong></span> <span class='ocrx_word' id='word_1_28' title='bbox 1368 570 1424 620; x_wconf 90' lang='lat' dir='ltr'><strong>et</strong></span> <span class='ocrx_word' id='word_1_29' title='bbox 1470 565 1729 635; x_wconf 82' lang='lat' dir='ltr'><strong>improbe</strong></span> <span class='ocrx_word' id='word_1_30' title='bbox 1775 561 1997 615; x_wconf 81' lang='lat' dir='ltr'><strong>veritati</strong></span> 
     </span>
    </p>
   </div>
   <div class='ocr_carea' id='block_1_6' title="bbox 397 651 1999 727">
    <p class='ocr_par' dir='ltr' id='par_1_6' title="bbox 397 651 1999 727">
     <span class='ocr_line' id='line_1_6' title="bbox 397 651 1999 727; baseline -0.006 -17"><span class='ocrx_word' id='word_1_31' title='bbox 397 673 626 727; x_wconf 86' lang='lat' dir='ltr'><strong>semper</strong></span> <span class='ocrx_word' id='word_1_32' title='bbox 648 655 931 721; x_wconf 79' lang='lat' dir='ltr'><strong>resistere,</strong></span> <span class='ocrx_word' id='word_1_33' title='bbox 964 673 1033 709; x_wconf 91' lang='lat' dir='ltr'><strong>ne</strong></span> <span class='ocrx_word' id='word_1_34' title='bbox 1062 656 1118 709; x_wconf 93' lang='lat' dir='ltr'><strong>in</strong></span> <span class='ocrx_word' id='word_1_35' title='bbox 1144 654 1386 724; x_wconf 90' lang='lat' dir='ltr'><strong>litigium</strong></span> <span class='ocrx_word' id='word_1_36' title='bbox 1414 658 1470 707; x_wconf 89' lang='lat' dir='ltr'><strong>et</strong></span> <span class='ocrx_word' id='word_1_37' title='bbox 1494 651 1924 723; x_wconf 86' lang='lat' dir='ltr'><strong>garrulitatem;</strong></span> <span class='ocrx_word' id='word_1_38' title='bbox 1946 652 1999 701; x_wconf 89' lang='lat' dir='ltr'><strong>et</strong></span> 
     </span>
    </p>
   </div>
   <div class='ocr_carea' id='block_1_7' title="bbox 396 737 1999 813">
    <p class='ocr_par' dir='ltr' id='par_1_7' title="bbox 396 737 1999 813">
     <span class='ocr_line' id='line_1_7' title="bbox 396 737 1999 813; baseline -0.004 -17"><span class='ocrx_word' id='word_1_39' title='bbox 396 743 473 797; x_wconf 89' lang='lat' dir='ltr'><strong>sic</strong></span> <span class='ocrx_word' id='word_1_40' title='bbox 492 743 746 798; x_wconf 80' lang='lat' dir='ltr'><strong>fortassis</strong></span> <span class='ocrx_word' id='word_1_41' title='bbox 771 744 827 797; x_wconf 92' lang='lat' dir='ltr'><strong>in</strong></span> <span class='ocrx_word' id='word_1_42' title='bbox 866 743 1285 813; x_wconf 80' lang='lat' dir='ltr'><strong>blasphemiam</strong></span> <span class='ocrx_word' id='word_1_43' title='bbox 1316 741 1669 807; x_wconf 88' lang='lat' dir='ltr'><strong>devenircm,</strong></span> <span class='ocrx_word' id='word_1_44' title='bbox 1688 739 1831 793; x_wconf 86' lang='lat' dir='ltr'>sicut</span> <span class='ocrx_word' id='word_1_45' title='bbox 1854 737 1999 790; x_wconf 90' lang='lat' dir='ltr'><strong>mul-</strong></span> 
     </span>
    </p>
   </div>
   <div class='ocr_carea' id='block_1_8' title="bbox 396 826 1998 897">
    <p class='ocr_par' dir='ltr' id='par_1_8' title="bbox 396 826 1998 897">
     <span class='ocr_line' id='line_1_8' title="bbox 396 826 1998 897; baseline -0.004 -12"><span class='ocrx_word' id='word_1_46' title='bbox 396 832 565 885; x_wconf 89' lang='lat' dir='ltr'><strong>toties</strong></span> <span class='ocrx_word' id='word_1_47' title='bbox 588 834 721 884; x_wconf 83' lang='lat' dir='ltr'><strong>ante</strong></span> <span class='ocrx_word' id='word_1_48' title='bbox 748 830 971 885; x_wconf 88' lang='lat' dir='ltr'><strong>deveni.</strong></span> <span class='ocrx_word' id='word_1_49' title='bbox 1005 831 1158 897; x_wconf 69' lang='lat' dir='ltr'><strong>Dixi,</strong></span> <span class='ocrx_word' id='word_1_50' title='bbox 1195 831 1251 884; x_wconf 94' lang='lat' dir='ltr'>id</span> <span class='ocrx_word' id='word_1_51' title='bbox 1293 834 1377 884; x_wconf 87' lang='lat' dir='ltr'><strong>est</strong></span> <span class='ocrx_word' id='word_1_52' title='bbox 1408 831 1463 883; x_wconf 91' lang='lat' dir='ltr'><strong>in</strong></span> <span class='ocrx_word' id='word_1_53' title='bbox 1495 830 1667 883; x_wconf 91' lang='lat' dir='ltr'><strong>corde</strong></span> <span class='ocrx_word' id='word_1_54' title='bbox 1701 826 1951 897; x_wconf 84' lang='lat' dir='ltr'><strong>disposui</strong></span> <span class='ocrx_word' id='word_1_55' title='bbox 1986 842 1998 878; x_wconf 91' lang='lat'><strong>:</strong></span> 
     </span>
    </p>
   </div>
   <div class='ocr_carea' id='block_1_9' title="bbox 394 916 2003 989">
    <p class='ocr_par' dir='ltr' id='par_1_9' title="bbox 394 916 2003 989">
     <span class='ocr_line' id='line_1_9' title="bbox 394 916 2003 989; baseline -0.003 -19"><span class='ocrx_word' id='word_1_56' title='bbox 394 918 685 971; x_wconf 78' lang='lat' dir='ltr'><strong>custodiam</strong></span> <span class='ocrx_word' id='word_1_57' title='bbox 718 919 968 989; x_wconf 86' lang='lat' dir='ltr'><strong>perfecte</strong></span> <span class='ocrx_word' id='word_1_58' title='bbox 996 921 1108 973; x_wconf 81' lang='lat' dir='ltr'><strong>vias</strong></span> <span class='ocrx_word' id='word_1_59' title='bbox 1140 935 1299 983; x_wconf 84' lang='lat' dir='ltr'><strong>meas,</strong></span> <span class='ocrx_word' id='word_1_60' title='bbox 1329 918 1406 971; x_wconf 90' lang='lat' dir='ltr'><strong>sic</strong></span> <span class='ocrx_word' id='word_1_61' title='bbox 1432 925 1491 970; x_wconf 89' lang='lat' dir='ltr'><strong>ut</strong></span> <span class='ocrx_word' id='word_1_62' title='bbox 1544 935 1649 969; x_wconf 90' lang='lat' dir='ltr'><strong>non</strong></span> <span class='ocrx_word' id='word_1_63' title='bbox 1700 916 2003 986; x_wconf 75' lang='lat' dir='ltr'><strong>delinquant</strong></span> 
     </span>
    </p>
   </div>
   <div class='ocr_carea' id='block_1_10' title="bbox 395 1004 2003 1079">
    <p class='ocr_par' dir='ltr' id='par_1_10' title="bbox 395 1004 2003 1079">
     <span class='ocr_line' id='line_1_10' title="bbox 395 1004 2003 1079; baseline -0.002 -20"><span class='ocrx_word' id='word_1_64' title='bbox 395 1008 449 1059; x_wconf 88' lang='lat' dir='ltr'><strong>in</strong></span> <span class='ocrx_word' id='word_1_65' title='bbox 472 1006 654 1074; x_wconf 80' lang='lat' dir='ltr'><strong>lingua</strong></span> <span class='ocrx_word' id='word_1_66' title='bbox 667 1025 804 1073; x_wconf 85' lang='lat' dir='ltr'><strong>mea,</strong></span> <span class='ocrx_word' id='word_1_67' title='bbox 824 1011 1026 1062; x_wconf 90' lang='lat' dir='ltr'><strong>contra</strong></span> <span class='ocrx_word' id='word_1_68' title='bbox 1056 1024 1187 1061; x_wconf 93' lang='lat' dir='ltr'><strong>eum</strong></span> <span class='ocrx_word' id='word_1_69' title='bbox 1206 1010 1567 1079; x_wconf 87' lang='lat' dir='ltr'><strong>peccatorem</strong></span> <span class='ocrx_word' id='word_1_70' title='bbox 1594 1023 1665 1059; x_wconf 91' lang='lat' dir='ltr'><strong>ne</strong></span> <span class='ocrx_word' id='word_1_71' title='bbox 1688 1004 2003 1075; x_wconf 82' lang='lat' dir='ltr'>quidquam</span> 
     </span>
    </p>
   </div>
   <div class='ocr_carea' id='block_1_11' title="bbox 396 1094 2004 1165">
    <p class='ocr_par' dir='ltr' id='par_1_11' title="bbox 396 1094 2004 1165">
     <span class='ocr_line' id='line_1_11' title="bbox 396 1094 2004 1165; baseline -0.003 -17"><span class='ocrx_word' id='word_1_72' title='bbox 396 1095 644 1165; x_wconf 86' lang='lat' dir='ltr'><strong>agendo,</strong></span> <span class='ocrx_word' id='word_1_73' title='bbox 673 1098 935 1149; x_wconf 89' lang='lat' dir='ltr'><strong>sanctum</strong></span> <span class='ocrx_word' id='word_1_74' title='bbox 963 1095 1227 1149; x_wconf 73' lang='lat' dir='ltr'><strong>videlicet</strong></span> <span class='ocrx_word' id='word_1_75' title='bbox 1252 1095 1488 1148; x_wconf 83' lang='lat' dir='ltr'>canibus</span> <span class='ocrx_word' id='word_1_76' title='bbox 1518 1094 1733 1159; x_wconf 90' lang='lat' dir='ltr'><strong>dando,</strong></span> <span class='ocrx_word' id='word_1_77' title='bbox 1759 1096 1816 1145; x_wconf 89' lang='lat' dir='ltr'><strong>et</strong></span> <span class='ocrx_word' id='word_1_78' title='bbox 1848 1107 2004 1144; x_wconf 88' lang='lat' dir='ltr'><strong>mar-</strong></span> 
     </span>
    </p>
   </div>
   <div class='ocr_carea' id='block_1_12' title="bbox 395 1180 2004 1253">
    <p class='ocr_par' dir='ltr' id='par_1_12' title="bbox 395 1180 2004 1253">
     <span class='ocr_line' id='line_1_12' title="bbox 395 1180 2004 1253; baseline -0.002 -18"><span class='ocrx_word' id='word_1_79' title='bbox 395 1182 607 1252; x_wconf 89' lang='lat' dir='ltr'><strong>garitas</strong></span> <span class='ocrx_word' id='word_1_80' title='bbox 660 1187 793 1236; x_wconf 86' lang='lat' dir='ltr'><strong>ante</strong></span> <span class='ocrx_word' id='word_1_81' title='bbox 838 1199 1041 1253; x_wconf 85' lang='lat' dir='ltr'><strong>porcos</strong></span> <span class='ocrx_word' id='word_1_82' title='bbox 1076 1183 1349 1252; x_wconf 88' lang='lat' dir='ltr'><strong>ponendo</strong></span> <span class='ocrx_word' id='word_1_83' title='bbox 1397 1181 1616 1249; x_wconf 76' lang='lat' dir='ltr'><strong>(Matth.</strong></span> <span class='ocrx_word' id='word_1_84' title='bbox 1655 1197 1750 1247; x_wconf 82' lang='lat' dir='ltr'><strong>vn,</strong></span> <span class='ocrx_word' id='word_1_85' title='bbox 1778 1182 1850 1243; x_wconf 81' lang='lat'><strong>6).</strong></span> <span class='ocrx_word' id='word_1_86' title='bbox 1882 1180 2004 1232; x_wconf 80' lang='lat' dir='ltr'><strong>Non</strong></span> 
     </span>
    </p>
   </div>
   <div class='ocr_carea' id='block_1_13' title="bbox 396 1268 2005 1339">
    <p class='ocr_par' dir='ltr' id='par_1_13' title="bbox 396 1268 2005 1339">
     <span class='ocr_line' id='line_1_13' title="bbox 396 1268 2005 1339; baseline -0.002 -16"><span class='ocrx_word' id='word_1_87' title='bbox 396 1271 553 1324; x_wconf 90' lang='lat' dir='ltr'><strong>enim</strong></span> <span class='ocrx_word' id='word_1_88' title='bbox 586 1271 873 1325; x_wconf 89' lang='lat' dir='ltr'><strong>fructuose</strong></span> <span class='ocrx_word' id='word_1_89' title='bbox 907 1272 1023 1325; x_wconf 84' lang='lat' dir='ltr'><strong>vias</strong></span> <span class='ocrx_word' id='word_1_90' title='bbox 1058 1272 1427 1335; x_wconf 88' lang='lat' dir='ltr'><strong>custodirem,</strong></span> <span class='ocrx_word' id='word_1_91' title='bbox 1462 1270 1577 1325; x_wconf 89' lang='lat' dir='ltr'><strong>siin</strong></span> <span class='ocrx_word' id='word_1_92' title='bbox 1597 1269 1791 1339; x_wconf 91' lang='lat' dir='ltr'><strong>lingua</strong></span> <span class='ocrx_word' id='word_1_93' title='bbox 1822 1268 2005 1322; x_wconf 88' lang='lat' dir='ltr'><strong>delin-</strong></span> 
     </span>
    </p>
   </div>
   <div class='ocr_carea' id='block_1_14' title="bbox 397 1355 2009 1429">
    <p class='ocr_par' dir='ltr' id='par_1_14' title="bbox 397 1355 2009 1429">
     <span class='ocr_line' id='line_1_14' title="bbox 397 1355 2009 1429; baseline -0.002 -18"><span class='ocrx_word' id='word_1_94' title='bbox 397 1374 657 1429; x_wconf 89' lang='lat' dir='ltr'><strong>querem,</strong></span> <span class='ocrx_word' id='word_1_95' title='bbox 678 1360 904 1429; x_wconf 81' lang='lat' dir='ltr'><strong>garrule</strong></span> <span class='ocrx_word' id='word_1_96' title='bbox 925 1360 1171 1428; x_wconf 85' lang='lat' dir='ltr'><strong>agendo.</strong></span> <span class='ocrx_word' id='word_1_97' title='bbox 1189 1360 1349 1413; x_wconf 85' lang='lat' dir='ltr'><strong>Unde</strong></span> <span class='ocrx_word' id='word_1_98' title='bbox 1383 1358 1657 1412; x_wconf 91' lang='lat' dir='ltr'><strong>Salomon</strong></span> <span class='ocrx_word' id='word_1_99' title='bbox 1680 1366 1692 1410; x_wconf 84' lang='lat'><strong>:&#39;</strong></span> <span class='ocrx_word' id='word_1_100' title='bbox 1713 1358 1804 1409; x_wconf 79' lang='lat' dir='ltr'><strong>«1n</strong></span> <span class='ocrx_word' id='word_1_101' title='bbox 1820 1355 2009 1408; x_wconf 89' lang='lat' dir='ltr'><strong>multi-</strong></span> 
     </span>
    </p>
   </div>
   <div class='ocr_carea' id='block_1_15' title="bbox 396 1445 2005 1519">
    <p class='ocr_par' dir='ltr' id='par_1_15' title="bbox 396 1445 2005 1519">
     <span class='ocr_line' id='line_1_15' title="bbox 396 1445 2005 1519; baseline -0.002 -20"><span class='ocrx_word' id='word_1_102' title='bbox 396 1446 591 1517; x_wconf 88' lang='lat' dir='ltr'><strong>loquio</strong></span> <span class='ocrx_word' id='word_1_103' title='bbox 616 1464 733 1501; x_wconf 90' lang='lat' dir='ltr'><strong>non</strong></span> <span class='ocrx_word' id='word_1_104' title='bbox 762 1448 1262 1519; x_wconf 77' lang='lat' dir='ltr'><strong>deeritpeccatum</strong></span> <span class='ocrx_word' id='word_1_105' title='bbox 1297 1448 1460 1513; x_wconf 82' lang='lat' dir='ltr'><strong>(Prov</strong></span> <span class='ocrx_word' id='word_1_106' title='bbox 1510 1464 1563 1511; x_wconf 67' lang='grc' dir='ltr'><strong>Χ,</strong></span> <span class='ocrx_word' id='word_1_107' title='bbox 1601 1448 1705 1513; x_wconf 84' lang='grc'><strong>19).</strong></span> <span class='ocrx_word' id='word_1_108' title='bbox 1729 1464 1759 1495; x_wconf 87' lang='lat'><strong>«</strong></span> <span class='ocrx_word' id='word_1_109' title='bbox 1778 1445 1843 1496; x_wconf 84' lang='lat' dir='ltr'><strong>Et</strong></span> <span class='ocrx_word' id='word_1_110' title='bbox 1888 1460 2005 1496; x_wconf 88' lang='lat' dir='ltr'><strong>non</strong></span> 
     </span>
    </p>
   </div>
   <div class='ocr_carea' id='block_1_16' title="bbox 397 1530 2005 1605">
    <p class='ocr_par' dir='ltr' id='par_1_16' title="bbox 397 1530 2005 1605">
     <span class='ocr_line' id='line_1_16' title="bbox 397 1530 2005 1605; baseline -0.002 -19"><span class='ocrx_word' id='word_1_111' title='bbox 397 1533 505 1587; x_wconf 92' lang='lat' dir='ltr'><strong>hoc</strong></span> <span class='ocrx_word' id='word_1_112' title='bbox 544 1534 908 1589; x_wconf 90' lang='lat' dir='ltr'><strong>solummodo</strong></span> <span class='ocrx_word' id='word_1_113' title='bbox 943 1535 1083 1601; x_wconf 80' lang='lat' dir='ltr'><strong>diri;</strong></span> <span class='ocrx_word' id='word_1_114' title='bbox 1109 1536 1205 1588; x_wconf 87' lang='lat' dir='ltr'><strong>sed</strong></span> <span class='ocrx_word' id='word_1_115' title='bbox 1237 1539 1295 1588; x_wconf 92' lang='lat' dir='ltr'><strong>et</strong></span> <span class='ocrx_word' id='word_1_116' title='bbox 1323 1551 1495 1605; x_wconf 85' lang='lat' dir='ltr'><strong>opere</strong></span> <span class='ocrx_word' id='word_1_117' title='bbox 1528 1531 1831 1604; x_wconf 90' lang='lat' dir='ltr'><strong>complevi,</strong></span> <span class='ocrx_word' id='word_1_118' title='bbox 1864 1530 2005 1583; x_wconf 83' lang='lat' dir='ltr'><strong>scili—</strong></span> 
     </span>
    </p>
   </div>
   <div class='ocr_carea' id='block_1_17' title="bbox 398 1619 2005 1691">
    <p class='ocr_par' dir='ltr' id='par_1_17' title="bbox 398 1619 2005 1691">
     <span class='ocr_line' id='line_1_17' title="bbox 398 1619 2005 1691; baseline -0.002 -17"><span class='ocrx_word' id='word_1_119' title='bbox 398 1625 487 1675; x_wconf 89' lang='lat' dir='ltr'><strong>cet</strong></span> <span class='ocrx_word' id='word_1_120' title='bbox 530 1624 691 1691; x_wconf 83' lang='lat' dir='ltr'><strong>posui</strong></span> <span class='ocrx_word' id='word_1_121' title='bbox 716 1624 799 1675; x_wconf 87' lang='lat' dir='ltr'><strong>ori</strong></span> <span class='ocrx_word' id='word_1_122' title='bbox 844 1640 957 1675; x_wconf 84' lang='lat' dir='ltr'><strong>meo</strong></span> <span class='ocrx_word' id='word_1_123' title='bbox 1001 1622 1312 1688; x_wconf 78' lang='lat' dir='ltr'><strong>custodiam,</strong></span> <span class='ocrx_word' id='word_1_124' title='bbox 1365 1623 1421 1676; x_wconf 90' lang='lat' dir='ltr'>id</span> <span class='ocrx_word' id='word_1_125' title='bbox 1476 1626 1562 1674; x_wconf 90' lang='lat' dir='ltr'><strong>est</strong></span> <span class='ocrx_word' id='word_1_126' title='bbox 1613 1619 1885 1675; x_wconf 87' lang='lat' dir='ltr'><strong>custodivi</strong></span> <span class='ocrx_word' id='word_1_127' title='bbox 1941 1634 2005 1671; x_wconf 91' lang='lat' dir='ltr'><strong>os</strong></span> 
     </span>
    </p>
   </div>
   <div class='ocr_carea' id='block_1_18' title="bbox 398 1705 2005 1781">
    <p class='ocr_par' dir='ltr' id='par_1_18' title="bbox 398 1705 2005 1781">
     <span class='ocr_line' id='line_1_18' title="bbox 398 1705 2005 1781; baseline -0.002 -20"><span class='ocrx_word' id='word_1_128' title='bbox 398 1725 619 1775; x_wconf 88' lang='lat' dir='ltr'><strong>meum,</strong></span> <span class='ocrx_word' id='word_1_129' title='bbox 653 1726 724 1762; x_wconf 90' lang='lat' dir='ltr'><strong>ne</strong></span> <span class='ocrx_word' id='word_1_130' title='bbox 751 1710 1041 1780; x_wconf 88' lang='lat' dir='ltr'><strong>loquendo</strong></span> <span class='ocrx_word' id='word_1_131' title='bbox 1073 1727 1395 1781; x_wconf 90' lang='lat' dir='ltr'><strong>peccarem,</strong></span> <span class='ocrx_word' id='word_1_132' title='bbox 1446 1710 1502 1762; x_wconf 91' lang='lat' dir='ltr'>id</span> <span class='ocrx_word' id='word_1_133' title='bbox 1534 1711 1618 1763; x_wconf 89' lang='lat' dir='ltr'><strong>est</strong></span> <span class='ocrx_word' id='word_1_134' title='bbox 1647 1709 1905 1760; x_wconf 88' lang='lat' dir='ltr'><strong>obmutui.</strong></span> <span class='ocrx_word' id='word_1_135' title='bbox 1928 1705 2005 1758; x_wconf 86' lang='lat' dir='ltr'><strong>Et</strong></span> 
     </span>
    </p>
   </div>
   <div class='ocr_carea' id='block_1_19' title="bbox 2102 548 3704 624">
    <p class='ocr_par' dir='ltr' id='par_1_19' title="bbox 2102 548 3704 624">
     <span class='ocr_line' id='line_1_19' title="bbox 2102 548 3704 624; baseline -0.007 -11"><span class='ocrx_word' id='word_1_136' title='bbox 2102 560 2248 624; x_wconf 90' lang='lat' dir='ltr'><strong>dico,</strong></span> <span class='ocrx_word' id='word_1_137' title='bbox 2279 560 2571 612; x_wconf 83' lang='lat' dir='ltr'><strong>auctorem</strong></span> <span class='ocrx_word' id='word_1_138' title='bbox 2605 556 2830 609; x_wconf 88' lang='lat' dir='ltr'><strong>dierum</strong></span> <span class='ocrx_word' id='word_1_139' title='bbox 2870 569 3107 606; x_wconf 88' lang='lat' dir='ltr'><strong>meorum</strong></span> <span class='ocrx_word' id='word_1_140' title='bbox 3148 551 3498 610; x_wconf 87' lang='lat' dir='ltr'><strong>futurorum,</strong></span> <span class='ocrx_word' id='word_1_141' title='bbox 3540 548 3704 602; x_wconf 88' lang='lat' dir='ltr'><strong>Chri-</strong></span> 
     </span>
    </p>
   </div>
   <div class='ocr_carea' id='block_1_20' title="bbox 2101 638 3706 714">
    <p class='ocr_par' dir='ltr' id='par_1_20' title="bbox 2101 638 3706 714">
     <span class='ocr_line' id='line_1_20' title="bbox 2101 638 3706 714; baseline -0.005 -14"><span class='ocrx_word' id='word_1_142' title='bbox 2101 651 2249 701; x_wconf 84' lang='lat' dir='ltr'><strong>stum</strong></span> <span class='ocrx_word' id='word_1_143' title='bbox 2280 646 2513 710; x_wconf 85' lang='lat' dir='ltr'><strong>scilicet,</strong></span> <span class='ocrx_word' id='word_1_144' title='bbox 2529 661 2631 714; x_wconf 91' lang='lat' dir='ltr'><strong>per</strong></span> <span class='ocrx_word' id='word_1_145' title='bbox 2646 660 2817 714; x_wconf 87' lang='lat' dir='ltr'><strong>quem</strong></span> <span class='ocrx_word' id='word_1_146' title='bbox 2832 642 2952 695; x_wconf 87' lang='lat' dir='ltr'><strong>dies</strong></span> <span class='ocrx_word' id='word_1_147' title='bbox 2978 643 3225 694; x_wconf 72' lang='lat' dir='ltr'><strong>aeternos</strong></span> <span class='ocrx_word' id='word_1_148' title='bbox 3242 638 3540 692; x_wconf 87' lang='lat' dir='ltr'><strong>habiturus</strong></span> <span class='ocrx_word' id='word_1_149' title='bbox 3557 652 3706 692; x_wconf 88' lang='lat' dir='ltr'><strong>sum.</strong></span> 
     </span>
    </p>
   </div>
   <div class='ocr_carea' id='block_1_21' title="bbox 2103 724 3710 799">
    <p class='ocr_par' dir='ltr' id='par_1_21' title="bbox 2103 724 3710 799">
     <span class='ocr_line' id='line_1_21' title="bbox 2103 724 3710 799; baseline -0.007 -10"><span class='ocrx_word' id='word_1_150' title='bbox 2103 735 2208 798; x_wconf 87' lang='lat' dir='ltr'><strong>Qui</strong></span> <span class='ocrx_word' id='word_1_151' title='bbox 2239 735 2386 788; x_wconf 88' lang='lat' dir='ltr'><strong>bene</strong></span> <span class='ocrx_word' id='word_1_152' title='bbox 2410 749 2682 787; x_wconf 89' lang='lat' dir='ltr'><strong>numerus</strong></span> <span class='ocrx_word' id='word_1_153' title='bbox 2705 731 2932 795; x_wconf 90' lang='lat' dir='ltr'><strong>dicitur,</strong></span> <span class='ocrx_word' id='word_1_154' title='bbox 2965 745 3033 783; x_wconf 90' lang='lat' dir='ltr'><strong>eo</strong></span> <span class='ocrx_word' id='word_1_155' title='bbox 3065 728 3220 799; x_wconf 91' lang='lat' dir='ltr'><strong>quod</strong></span> <span class='ocrx_word' id='word_1_156' title='bbox 3252 727 3321 781; x_wconf 85' lang='lat' dir='ltr'><strong>ab</strong></span> <span class='ocrx_word' id='word_1_157' title='bbox 3352 742 3441 792; x_wconf 89' lang='lat' dir='ltr'><strong>eo,</strong></span> <span class='ocrx_word' id='word_1_158' title='bbox 3472 741 3603 779; x_wconf 90' lang='lat' dir='ltr'><strong>cum</strong></span> <span class='ocrx_word' id='word_1_159' title='bbox 3636 724 3710 778; x_wconf 88' lang='lat' dir='ltr'><strong>sit</strong></span> 
     </span>
    </p>
   </div>
   <div class='ocr_carea' id='block_1_22' title="bbox 2104 813 3708 891">
    <p class='ocr_par' dir='ltr' id='par_1_22' title="bbox 2104 813 3708 891">
     <span class='ocr_line' id='line_1_22' title="bbox 2104 813 3708 891; baseline -0.007 -15"><span class='ocrx_word' id='word_1_160' title='bbox 2104 822 2286 877; x_wconf 86' lang='lat' dir='ltr'><strong>Patris</strong></span> <span class='ocrx_word' id='word_1_161' title='bbox 2319 821 2622 891; x_wconf 87' lang='lat' dir='ltr'><strong>sapientia,</strong></span> <span class='ocrx_word' id='word_1_162' title='bbox 2668 817 3048 873; x_wconf 88' lang='lat' dir='ltr'><strong>numerabilia</strong></span> <span class='ocrx_word' id='word_1_163' title='bbox 3081 818 3287 870; x_wconf 88' lang='lat' dir='ltr'><strong>cuncta</strong></span> <span class='ocrx_word' id='word_1_164' title='bbox 3341 813 3661 889; x_wconf 86' lang='lat' dir='ltr'><strong>consistunt</strong></span> <span class='ocrx_word' id='word_1_165' title='bbox 3694 830 3708 866; x_wconf 91' lang='lat'><strong>:</strong></span> 
     </span>
    </p>
   </div>
   <div class='ocr_carea' id='block_1_23' title="bbox 2104 900 3714 975">
    <p class='ocr_par' dir='ltr' id='par_1_23' title="bbox 2104 900 3714 975">
     <span class='ocr_line' id='line_1_23' title="bbox 2104 900 3714 975; baseline -0.007 -11"><span class='ocrx_word' id='word_1_166' title='bbox 2104 910 2247 965; x_wconf 87' lang='lat' dir='ltr'><strong>sicut</strong></span> <span class='ocrx_word' id='word_1_167' title='bbox 2275 910 2450 964; x_wconf 91' lang='lat' dir='ltr'><strong>etiam</strong></span> <span class='ocrx_word' id='word_1_168' title='bbox 2468 909 2675 963; x_wconf 86' lang='lat' dir='ltr'><strong>veritas</strong></span> <span class='ocrx_word' id='word_1_169' title='bbox 2697 907 2923 971; x_wconf 89' lang='lat' dir='ltr'><strong>dicitur,</strong></span> <span class='ocrx_word' id='word_1_170' title='bbox 2946 922 3014 959; x_wconf 91' lang='lat' dir='ltr'><strong>eo</strong></span> <span class='ocrx_word' id='word_1_171' title='bbox 3030 904 3183 975; x_wconf 91' lang='lat' dir='ltr'><strong>quod</strong></span> <span class='ocrx_word' id='word_1_172' title='bbox 3196 903 3347 957; x_wconf 88' lang='lat' dir='ltr'><strong>abeo</strong></span> <span class='ocrx_word' id='word_1_173' title='bbox 3369 901 3559 957; x_wconf 90' lang='lat' dir='ltr'><strong>omnis</strong></span> <span class='ocrx_word' id='word_1_174' title='bbox 3574 900 3714 955; x_wconf 86' lang='lat' dir='ltr'><strong>veri-</strong></span> 
     </span>
    </p>
   </div>
   <div class='ocr_carea' id='block_1_24' title="bbox 2104 988 3710 1066">
    <p class='ocr_par' dir='ltr' id='par_1_24' title="bbox 2104 988 3710 1066">
     <span class='ocr_line' id='line_1_24' title="bbox 2104 988 3710 1066; baseline -0.006 -15"><span class='ocrx_word' id='word_1_175' title='bbox 2104 1001 2191 1051; x_wconf 87' lang='lat' dir='ltr'><strong>tas</strong></span> <span class='ocrx_word' id='word_1_176' title='bbox 2218 1001 2329 1051; x_wconf 90' lang='lat' dir='ltr'><strong>est:</strong></span> <span class='ocrx_word' id='word_1_177' title='bbox 2364 998 2480 1051; x_wconf 88' lang='lat' dir='ltr'><strong>sive</strong></span> <span class='ocrx_word' id='word_1_178' title='bbox 2513 996 2689 1050; x_wconf 88' lang='lat' dir='ltr'><strong>etiam</strong></span> <span class='ocrx_word' id='word_1_179' title='bbox 2708 994 2842 1066; x_wconf 87' lang='lat' dir='ltr'><strong>quia</strong></span> <span class='ocrx_word' id='word_1_180' title='bbox 2871 990 3299 1048; x_wconf 86' lang='lat' dir='ltr'><strong>incommutalis</strong></span> <span class='ocrx_word' id='word_1_181' title='bbox 3328 993 3446 1045; x_wconf 88' lang='lat' dir='ltr'><strong>est:</strong></span> <span class='ocrx_word' id='word_1_182' title='bbox 3478 988 3552 1042; x_wconf 88' lang='lat' dir='ltr'><strong>ad</strong></span> <span class='ocrx_word' id='word_1_183' title='bbox 3583 1004 3710 1042; x_wconf 87' lang='lat' dir='ltr'><strong>mo-</strong></span> 
     </span>
    </p>
   </div>
   <div class='ocr_carea' id='block_1_25' title="bbox 2108 1076 3715 1155">
    <p class='ocr_par' dir='ltr' id='par_1_25' title="bbox 2108 1076 3715 1155">
     <span class='ocr_line' id='line_1_25' title="bbox 2108 1076 3715 1155; baseline -0.006 -16"><span class='ocrx_word' id='word_1_184' title='bbox 2108 1086 2243 1140; x_wconf 86' lang='lat' dir='ltr'><strong>dum</strong></span> <span class='ocrx_word' id='word_1_185' title='bbox 2276 1084 2521 1151; x_wconf 91' lang='lat' dir='ltr'><strong>numeri,</strong></span> <span class='ocrx_word' id='word_1_186' title='bbox 2548 1084 2664 1155; x_wconf 86' lang='lat' dir='ltr'><strong>qui,</strong></span> <span class='ocrx_word' id='word_1_187' title='bbox 2699 1084 2828 1137; x_wconf 88' lang='lat' dir='ltr'><strong>licet</strong></span> <span class='ocrx_word' id='word_1_188' title='bbox 2858 1082 2914 1135; x_wconf 91' lang='lat' dir='ltr'><strong>in</strong></span> <span class='ocrx_word' id='word_1_189' title='bbox 2940 1080 3307 1135; x_wconf 83' lang='lat' dir='ltr'><strong>mutabilibus</strong></span> <span class='ocrx_word' id='word_1_190' title='bbox 3332 1079 3503 1132; x_wconf 85' lang='lat' dir='ltr'><strong>rebus</strong></span> <span class='ocrx_word' id='word_1_191' title='bbox 3533 1076 3715 1131; x_wconf 86' lang='lat' dir='ltr'><strong>consi-</strong></span> 
     </span>
    </p>
   </div>
   <div class='ocr_carea' id='block_1_26' title="bbox 2108 1165 3712 1240">
    <p class='ocr_par' dir='ltr' id='par_1_26' title="bbox 2108 1165 3712 1240">
     <span class='ocr_line' id='line_1_26' title="bbox 2108 1165 3712 1240; baseline -0.007 -12"><span class='ocrx_word' id='word_1_192' title='bbox 2108 1175 2360 1240; x_wconf 88' lang='lat' dir='ltr'><strong>deretur,</strong></span> <span class='ocrx_word' id='word_1_193' title='bbox 2392 1174 2451 1227; x_wconf 91' lang='lat' dir='ltr'><strong>in</strong></span> <span class='ocrx_word' id='word_1_194' title='bbox 2481 1190 2540 1226; x_wconf 90' lang='lat' dir='ltr'><strong>se</strong></span> <span class='ocrx_word' id='word_1_195' title='bbox 2570 1176 2767 1226; x_wconf 89' lang='lat' dir='ltr'><strong>tamen</strong></span> <span class='ocrx_word' id='word_1_196' title='bbox 2788 1168 3278 1225; x_wconf 87' lang='lat' dir='ltr'><strong>incommutabilis</strong></span> <span class='ocrx_word' id='word_1_197' title='bbox 3308 1170 3392 1220; x_wconf 86' lang='lat' dir='ltr'><strong>est</strong></span> <span class='ocrx_word' id='word_1_198' title='bbox 3413 1183 3427 1220; x_wconf 88' lang='lat'><strong>:</strong></span> <span class='ocrx_word' id='word_1_199' title='bbox 3451 1169 3513 1220; x_wconf 91' lang='lat' dir='ltr'><strong>ut</strong></span> <span class='ocrx_word' id='word_1_200' title='bbox 3530 1165 3639 1219; x_wconf 86' lang='lat' dir='ltr'><strong>tria</strong></span> <span class='ocrx_word' id='word_1_201' title='bbox 3655 1167 3712 1217; x_wconf 89' lang='lat' dir='ltr'><strong>et</strong></span> 
     </span>
    </p>
   </div>
   <div class='ocr_carea' id='block_1_27' title="bbox 2106 1253 3714 1334">
    <p class='ocr_par' dir='ltr' id='par_1_27' title="bbox 2106 1253 3714 1334">
     <span class='ocr_line' id='line_1_27' title="bbox 2106 1253 3714 1334; baseline -0.006 -18"><span class='ocrx_word' id='word_1_202' title='bbox 2106 1267 2326 1334; x_wconf 86' lang='lat' dir='ltr'><strong>septem</strong></span> <span class='ocrx_word' id='word_1_203' title='bbox 2358 1263 2523 1316; x_wconf 91' lang='lat' dir='ltr'><strong>simul</strong></span> <span class='ocrx_word' id='word_1_204' title='bbox 2556 1263 2771 1331; x_wconf 87' lang='lat' dir='ltr'><strong>juncta,</strong></span> <span class='ocrx_word' id='word_1_205' title='bbox 2813 1257 3369 1313; x_wconf 89' lang='lat' dir='ltr'><strong>incommutabiliter</strong></span> <span class='ocrx_word' id='word_1_206' title='bbox 3397 1255 3598 1309; x_wconf 88' lang='lat' dir='ltr'><strong>decem</strong></span> <span class='ocrx_word' id='word_1_207' title='bbox 3631 1253 3714 1307; x_wconf 85' lang='lat' dir='ltr'><strong>fa-</strong></span> 
     </span>
    </p>
   </div>
   <div class='ocr_carea' id='block_1_28' title="bbox 2109 1342 3713 1422">
    <p class='ocr_par' dir='ltr' id='par_1_28' title="bbox 2109 1342 3713 1422">
     <span class='ocr_line' id='line_1_28' title="bbox 2109 1342 3713 1422; baseline -0.006 -17"><span class='ocrx_word' id='word_1_208' title='bbox 2109 1351 2285 1417; x_wconf 90' lang='lat' dir='ltr'><strong>ciunt,</strong></span> <span class='ocrx_word' id='word_1_209' title='bbox 2318 1352 2472 1422; x_wconf 93' lang='lat' dir='ltr'><strong>quod</strong></span> <span class='ocrx_word' id='word_1_210' title='bbox 2501 1354 2586 1405; x_wconf 80' lang='lat' dir='ltr'><strong>est</strong></span> <span class='ocrx_word' id='word_1_211' title='bbox 2607 1368 2670 1404; x_wconf 93' lang='lat' dir='ltr'><strong>ac</strong></span> <span class='ocrx_word' id='word_1_212' title='bbox 2696 1350 2741 1403; x_wconf 92' lang='lat' dir='ltr'><strong>si</strong></span> <span class='ocrx_word' id='word_1_213' title='bbox 2778 1349 2994 1403; x_wconf 89' lang='lat' dir='ltr'><strong>diceret</strong></span> <span class='ocrx_word' id='word_1_214' title='bbox 3025 1364 3037 1400; x_wconf 94' lang='lat'><strong>:</strong></span> <span class='ocrx_word' id='word_1_215' title='bbox 3070 1348 3150 1400; x_wconf 90' lang='lat' dir='ltr'><strong>Da</strong></span> <span class='ocrx_word' id='word_1_216' title='bbox 3171 1344 3313 1399; x_wconf 90' lang='lat' dir='ltr'><strong>mihi</strong></span> <span class='ocrx_word' id='word_1_217' title='bbox 3329 1344 3595 1398; x_wconf 84' lang='lat' dir='ltr'><strong>subtilem</strong></span> <span class='ocrx_word' id='word_1_218' title='bbox 3628 1342 3713 1396; x_wconf 90' lang='lat' dir='ltr'><strong>in-</strong></span> 
     </span>
    </p>
   </div>
   <div class='ocr_carea' id='block_1_29' title="bbox 2109 1429 3709 1501">
    <p class='ocr_par' dir='ltr' id='par_1_29' title="bbox 2109 1429 3709 1501">
     <span class='ocr_line' id='line_1_29' title="bbox 2109 1429 3709 1501; baseline -0.006 -9"><span class='ocrx_word' id='word_1_219' title='bbox 2109 1441 2395 1493; x_wconf 90' lang='lat' dir='ltr'><strong>tellectum</strong></span> <span class='ocrx_word' id='word_1_220' title='bbox 2424 1439 2570 1492; x_wconf 89' lang='lat' dir='ltr'><strong>illius</strong></span> <span class='ocrx_word' id='word_1_221' title='bbox 2603 1437 2848 1501; x_wconf 89' lang='lat' dir='ltr'><strong>numeri,</strong></span> <span class='ocrx_word' id='word_1_222' title='bbox 2882 1440 2944 1490; x_wconf 90' lang='lat' dir='ltr'><strong>ut</strong></span> <span class='ocrx_word' id='word_1_223' title='bbox 2967 1433 3328 1489; x_wconf 88' lang='lat' dir='ltr'><strong>considerem</strong></span> <span class='ocrx_word' id='word_1_224' title='bbox 3356 1434 3601 1501; x_wconf 88' lang='lat' dir='ltr'><strong>quantus</strong></span> <span class='ocrx_word' id='word_1_225' title='bbox 3618 1429 3709 1495; x_wconf 88' lang='lat' dir='ltr'><strong>sit,</strong></span> 
     </span>
    </p>
   </div>
   <div class='ocr_carea' id='block_1_30' title="bbox 2106 1518 3709 1597">
    <p class='ocr_par' dir='ltr' id='par_1_30' title="bbox 2106 1518 3709 1597">
     <span class='ocr_line' id='line_1_30' title="bbox 2106 1518 3709 1597; baseline -0.007 -16"><span class='ocrx_word' id='word_1_226' title='bbox 2106 1527 2239 1581; x_wconf 86' lang='lat' dir='ltr'><strong>licet</strong></span> <span class='ocrx_word' id='word_1_227' title='bbox 2272 1545 2385 1581; x_wconf 90' lang='lat' dir='ltr'><strong>non</strong></span> <span class='ocrx_word' id='word_1_228' title='bbox 2419 1527 2705 1597; x_wconf 83' lang='lat' dir='ltr'><strong>perfecte:</strong></span> <span class='ocrx_word' id='word_1_229' title='bbox 2741 1531 2799 1577; x_wconf 86' lang='lat' dir='ltr'><strong>ut</strong></span> <span class='ocrx_word' id='word_1_230' title='bbox 2826 1525 2933 1578; x_wconf 92' lang='lat' dir='ltr'><strong>hoc</strong></span> <span class='ocrx_word' id='word_1_231' title='bbox 2964 1521 3401 1583; x_wconf 85' lang='lat' dir='ltr'><strong>considerando,</strong></span> <span class='ocrx_word' id='word_1_232' title='bbox 3436 1522 3619 1582; x_wconf 87' lang='lat' dir='ltr'><strong>sciam,</strong></span> <span class='ocrx_word' id='word_1_233' title='bbox 3654 1518 3709 1571; x_wconf 93' lang='lat' dir='ltr'>id</span> 
     </span>
    </p>
   </div>
   <div class='ocr_carea' id='block_1_31' title="bbox 2107 1607 3711 1686">
    <p class='ocr_par' dir='ltr' id='par_1_31' title="bbox 2107 1607 3711 1686">
     <span class='ocr_line' id='line_1_31' title="bbox 2107 1607 3711 1686; baseline -0.006 -17"><span class='ocrx_word' id='word_1_234' title='bbox 2107 1618 2191 1669; x_wconf 90' lang='lat' dir='ltr'><strong>est</strong></span> <span class='ocrx_word' id='word_1_235' title='bbox 2224 1616 2560 1686; x_wconf 82' lang='lat' dir='ltr'><strong>intelligam,</strong></span> <span class='ocrx_word' id='word_1_236' title='bbox 2615 1614 2763 1685; x_wconf 82' lang='lat' dir='ltr'><strong>quid,</strong></span> <span class='ocrx_word' id='word_1_237' title='bbox 2814 1613 2873 1666; x_wconf 90' lang='lat' dir='ltr'>id</span> <span class='ocrx_word' id='word_1_238' title='bbox 2924 1615 3007 1665; x_wconf 88' lang='lat' dir='ltr'><strong>est</strong></span> <span class='ocrx_word' id='word_1_239' title='bbox 3037 1627 3211 1683; x_wconf 89' lang='lat' dir='ltr'><strong>quam</strong></span> <span class='ocrx_word' id='word_1_240' title='bbox 3241 1625 3520 1677; x_wconf 81' lang='lat' dir='ltr'><strong>magnum</strong></span> <span class='ocrx_word' id='word_1_241' title='bbox 3574 1607 3711 1678; x_wconf 89' lang='lat' dir='ltr'><strong>quid</strong></span> 
     </span>
    </p>
   </div>
   <div class='ocr_carea' id='block_1_32' title="bbox 2103 1696 3714 1768">
    <p class='ocr_par' dir='ltr' id='par_1_32' title="bbox 2103 1696 3714 1768">
     <span class='ocr_line' id='line_1_32' title="bbox 2103 1696 3714 1768; baseline -0.004 -14"><span class='ocrx_word' id='word_1_242' title='bbox 2103 1702 2232 1756; x_wconf 83' lang='lat' dir='ltr'><strong>desit</strong></span> <span class='ocrx_word' id='word_1_243' title='bbox 2262 1703 2417 1768; x_wconf 83' lang='lat' dir='ltr'><strong>mihi,</strong></span> <span class='ocrx_word' id='word_1_244' title='bbox 2448 1719 2578 1755; x_wconf 92' lang='lat' dir='ltr'><strong>cum</strong></span> <span class='ocrx_word' id='word_1_245' title='bbox 2612 1704 2770 1755; x_wconf 86' lang='lat' dir='ltr'><strong>tanto</strong></span> <span class='ocrx_word' id='word_1_246' title='bbox 2804 1701 2955 1754; x_wconf 89' lang='lat' dir='ltr'><strong>bono</strong></span> <span class='ocrx_word' id='word_1_247' title='bbox 2988 1715 3238 1764; x_wconf 86' lang='lat' dir='ltr'><strong>caream,</strong></span> <span class='ocrx_word' id='word_1_248' title='bbox 3272 1701 3328 1751; x_wconf 91' lang='lat' dir='ltr'><strong>et</strong></span> <span class='ocrx_word' id='word_1_249' title='bbox 3347 1697 3423 1750; x_wconf 91' lang='lat' dir='ltr'><strong>sic</strong></span> <span class='ocrx_word' id='word_1_250' title='bbox 3454 1696 3636 1765; x_wconf 86' lang='lat' dir='ltr'><strong>magis</strong></span> <span class='ocrx_word' id='word_1_251' title='bbox 3657 1698 3714 1748; x_wconf 88' lang='lat' dir='ltr'><strong>et</strong></span> 
     </span>
    </p>
   </div>
   <div class='ocr_carea' id='block_1_33' title="bbox 403 1784 3714 1867">
    <p class='ocr_par' dir='ltr' id='par_1_33' title="bbox 403 1784 3714 1867">
     <span class='ocr_line' id='line_1_33' title="bbox 403 1784 3714 1867; baseline -0.004 -18"><span class='ocrx_word' id='word_1_252' title='bbox 403 1813 518 1849; x_wconf 93' lang='lat' dir='ltr'><strong>non</strong></span> <span class='ocrx_word' id='word_1_253' title='bbox 548 1813 613 1850; x_wconf 87' lang='lat' dir='ltr'><strong>ex</strong></span> <span class='ocrx_word' id='word_1_254' title='bbox 640 1797 1059 1867; x_wconf 85' lang='lat' dir='ltr'><strong>indignatione,</strong></span> <span class='ocrx_word' id='word_1_255' title='bbox 1084 1798 1182 1851; x_wconf 85' lang='lat' dir='ltr'><strong>sed</strong></span> <span class='ocrx_word' id='word_1_256' title='bbox 1214 1798 1531 1852; x_wconf 76' lang='lat' dir='ltr'><strong>humiliatus</strong></span> <span class='ocrx_word' id='word_1_257' title='bbox 1560 1814 1676 1850; x_wconf 88' lang='lat' dir='ltr'><strong>sum</strong></span> <span class='ocrx_word' id='word_1_258' title='bbox 1701 1797 1755 1849; x_wconf 91' lang='lat' dir='ltr'><strong>in</strong></span> <span class='ocrx_word' id='word_1_259' title='bbox 1784 1796 1911 1859; x_wconf 90' lang='lat' dir='ltr'><strong>hoc,</strong></span> <span class='ocrx_word' id='word_1_260' title='bbox 1946 1794 2004 1847; x_wconf 88' lang='lat' dir='ltr'><strong>id</strong></span> <span class='ocrx_word' id='word_1_261' title='bbox 2032 1809 2077 1866; x_wconf 82' lang='grc' dir='ltr'>Β</span> <span class='ocrx_word' id='word_1_262' title='bbox 2106 1790 2290 1861; x_wconf 89' lang='lat' dir='ltr'><strong>magis</strong></span> <span class='ocrx_word' id='word_1_263' title='bbox 2310 1788 2911 1861; x_wconf 66' lang='lat' dir='ltr'><strong>saacularibusspretis,</strong></span> <span class='ocrx_word' id='word_1_264' title='bbox 2930 1788 2998 1842; x_wconf 86' lang='lat' dir='ltr'><strong>ad</strong></span> <span class='ocrx_word' id='word_1_265' title='bbox 3021 1787 3183 1841; x_wconf 92' lang='lat' dir='ltr'><strong>illum</strong></span> <span class='ocrx_word' id='word_1_266' title='bbox 3202 1800 3506 1840; x_wconf 89' lang='lat' dir='ltr'><strong>numerum</strong></span> <span class='ocrx_word' id='word_1_267' title='bbox 3527 1784 3714 1837; x_wconf 88' lang='lat' dir='ltr'><strong>inten-</strong></span> 
     </span>
    </p>
   </div>
   <div class='ocr_carea' id='block_1_34' title="bbox 401 1886 2001 1953">
    <p class='ocr_par' dir='ltr' id='par_1_34' title="bbox 401 1886 2001 1953">
     <span class='ocr_line' id='line_1_34' title="bbox 401 1886 2001 1953; baseline -0.002 -15"><span class='ocrx_word' id='word_1_268' title='bbox 401 1888 565 1939; x_wconf 80' lang='lat' dir='ltr'><strong>estex</strong></span> <span class='ocrx_word' id='word_1_269' title='bbox 583 1886 1024 1940; x_wconf 87' lang='lat' dir='ltr'><strong>humilitatehoc</strong></span> <span class='ocrx_word' id='word_1_270' title='bbox 1050 1886 1158 1940; x_wconf 87' lang='lat' dir='ltr'><strong>feci</strong></span> <span class='ocrx_word' id='word_1_271' title='bbox 1182 1905 1195 1953; x_wconf 93' lang='lat'><strong>;</strong></span> <span class='ocrx_word' id='word_1_272' title='bbox 1212 1888 1297 1940; x_wconf 91' lang='lat' dir='ltr'><strong>vel</strong></span> <span class='ocrx_word' id='word_1_273' title='bbox 1311 1887 1386 1940; x_wconf 91' lang='lat' dir='ltr'><strong>sic</strong></span> <span class='ocrx_word' id='word_1_274' title='bbox 1405 1904 1416 1939; x_wconf 92' lang='lat'><strong>:</strong></span> <span class='ocrx_word' id='word_1_275' title='bbox 1437 1886 1511 1939; x_wconf 85' lang='lat' dir='ltr'><strong>Et</strong></span> <span class='ocrx_word' id='word_1_276' title='bbox 1534 1886 1847 1939; x_wconf 78' lang='lat' dir='ltr'><strong>humiliatus</strong></span> <span class='ocrx_word' id='word_1_277' title='bbox 1864 1901 2001 1949; x_wconf 90' lang='lat' dir='ltr'><strong>sum,</strong></span> 
     </span>
    </p>
   </div>
   <div class='ocr_carea' id='block_1_35' title="bbox 397 1971 2007 2043">
    <p class='ocr_par' dir='ltr' id='par_1_35' title="bbox 397 1971 2007 2043">
     <span class='ocr_line' id='line_1_35' title="bbox 397 1971 2007 2043; baseline -0.001 -18"><span class='ocrx_word' id='word_1_278' title='bbox 397 1971 455 2026; x_wconf 90' lang='lat' dir='ltr'><strong>id</strong></span> <span class='ocrx_word' id='word_1_279' title='bbox 482 1976 567 2026; x_wconf 91' lang='lat' dir='ltr'><strong>est</strong></span> <span class='ocrx_word' id='word_1_280' title='bbox 595 1990 726 2027; x_wconf 90' lang='lat' dir='ltr'><strong>cum</strong></span> <span class='ocrx_word' id='word_1_281' title='bbox 751 1974 1206 2028; x_wconf 90' lang='lat' dir='ltr'><strong>obmutescerem</strong></span> <span class='ocrx_word' id='word_1_282' title='bbox 1234 1974 1465 2029; x_wconf 89' lang='lat' dir='ltr'><strong>humilis</strong></span> <span class='ocrx_word' id='word_1_283' title='bbox 1496 1975 1567 2028; x_wconf 89' lang='lat' dir='ltr'><strong>ab</strong></span> <span class='ocrx_word' id='word_1_284' title='bbox 1596 1973 1677 2027; x_wconf 88' lang='lat' dir='ltr'><strong>eis</strong></span> <span class='ocrx_word' id='word_1_285' title='bbox 1712 1975 2007 2043; x_wconf 88' lang='lat' dir='ltr'><strong>reputatus</strong></span> 
     </span>
    </p>
   </div>
   <div class='ocr_carea' id='block_1_36' title="bbox 396 2062 2001 2134">
    <p class='ocr_par' dir='ltr' id='par_1_36' title="bbox 396 2062 2001 2134">
     <span class='ocr_line' id='line_1_36' title="bbox 396 2062 2001 2134; baseline 0 -20"><span class='ocrx_word' id='word_1_286' title='bbox 396 2078 543 2126; x_wconf 90' lang='lat' dir='ltr'><strong>sum,</strong></span> <span class='ocrx_word' id='word_1_287' title='bbox 573 2065 630 2115; x_wconf 90' lang='lat' dir='ltr'><strong>et</strong></span> <span class='ocrx_word' id='word_1_288' title='bbox 651 2062 849 2127; x_wconf 90' lang='lat' dir='ltr'><strong>victus,</strong></span> <span class='ocrx_word' id='word_1_289' title='bbox 883 2080 1070 2134; x_wconf 90' lang='lat' dir='ltr'><strong>neque</strong></span> <span class='ocrx_word' id='word_1_290' title='bbox 1097 2065 1295 2117; x_wconf 88' lang='lat' dir='ltr'><strong>valens</strong></span> <span class='ocrx_word' id='word_1_291' title='bbox 1310 2063 1594 2118; x_wconf 89' lang='lat' dir='ltr'><strong>resistere.</strong></span> <span class='ocrx_word' id='word_1_292' title='bbox 1628 2064 1737 2115; x_wconf 92' lang='lat' dir='ltr'><strong>Per</strong></span> <span class='ocrx_word' id='word_1_293' title='bbox 1767 2063 1872 2115; x_wconf 89' lang='lat' dir='ltr'><strong>hoc</strong></span> <span class='ocrx_word' id='word_1_294' title='bbox 1902 2078 2001 2115; x_wconf 90' lang='lat' dir='ltr'><strong>au-</strong></span> 
     </span>
    </p>
   </div>
   <div class='ocr_carea' id='block_1_37' title="bbox 396 2149 2005 2223">
    <p class='ocr_par' dir='ltr' id='par_1_37' title="bbox 396 2149 2005 2223">
     <span class='ocr_line' id='line_1_37' title="bbox 396 2149 2005 2223; baseline 0 -21"><span class='ocrx_word' id='word_1_295' title='bbox 396 2149 895 2220; x_wconf 56' lang='lat' dir='ltr'><strong>temoinnuitquod</strong></span> <span class='ocrx_word' id='word_1_296' title='bbox 914 2167 1029 2205; x_wconf 93' lang='lat' dir='ltr'><strong>non</strong></span> <span class='ocrx_word' id='word_1_297' title='bbox 1049 2168 1115 2205; x_wconf 74' lang='lat' dir='ltr'><strong>ex</strong></span> <span class='ocrx_word' id='word_1_298' title='bbox 1144 2151 1568 2223; x_wconf 81' lang='lat' dir='ltr'><strong>indignatione,</strong></span> <span class='ocrx_word' id='word_1_299' title='bbox 1594 2152 1692 2204; x_wconf 89' lang='lat' dir='ltr'><strong>sed</strong></span> <span class='ocrx_word' id='word_1_300' title='bbox 1721 2168 1784 2203; x_wconf 85' lang='lat' dir='ltr'><strong>ex</strong></span> <span class='ocrx_word' id='word_1_301' title='bbox 1818 2149 2005 2203; x_wconf 89' lang='lat' dir='ltr'><strong>humi-</strong></span> 
     </span>
    </p>
   </div>
   <div class='ocr_carea' id='block_1_38' title="bbox 394 2236 2004 2309">
    <p class='ocr_par' dir='ltr' id='par_1_38' title="bbox 394 2236 2004 2309">
     <span class='ocr_line' id='line_1_38' title="bbox 394 2236 2004 2309; baseline 0 -19"><span class='ocrx_word' id='word_1_302' title='bbox 394 2236 555 2290; x_wconf 88' lang='lat' dir='ltr'><strong>litate</strong></span> <span class='ocrx_word' id='word_1_303' title='bbox 581 2237 859 2291; x_wconf 84' lang='lat' dir='ltr'><strong>debemus</strong></span> <span class='ocrx_word' id='word_1_304' title='bbox 887 2239 1152 2293; x_wconf 84' lang='lat' dir='ltr'><strong>adversus</strong></span> <span class='ocrx_word' id='word_1_305' title='bbox 1188 2244 1549 2309; x_wconf 89' lang='lat' dir='ltr'><strong>peccatorem</strong></span> <span class='ocrx_word' id='word_1_306' title='bbox 1575 2240 2004 2294; x_wconf 89' lang='lat' dir='ltr'><strong>obmutescere:</strong></span> 
     </span>
    </p>
   </div>
   <div class='ocr_carea' id='block_1_39' title="bbox 397 2324 2007 2392">
    <p class='ocr_par' dir='ltr' id='par_1_39' title="bbox 397 2324 2007 2392">
     <span class='ocr_line' id='line_1_39' title="bbox 397 2324 2007 2392; baseline 0 -13"><span class='ocrx_word' id='word_1_307' title='bbox 397 2324 501 2379; x_wconf 88' lang='lat' dir='ltr'><strong>etsi</strong></span> <span class='ocrx_word' id='word_1_308' title='bbox 533 2324 592 2378; x_wconf 90' lang='lat' dir='ltr'><strong>in</strong></span> <span class='ocrx_word' id='word_1_309' title='bbox 620 2325 730 2378; x_wconf 91' lang='lat' dir='ltr'><strong>hoc</strong></span> <span class='ocrx_word' id='word_1_310' title='bbox 758 2325 885 2379; x_wconf 85' lang='lat' dir='ltr'><strong>victi</strong></span> <span class='ocrx_word' id='word_1_311' title='bbox 923 2326 1220 2380; x_wconf 88' lang='lat' dir='ltr'><strong>videamur</strong></span> <span class='ocrx_word' id='word_1_312' title='bbox 1251 2331 1307 2380; x_wconf 90' lang='lat' dir='ltr'><strong>et</strong></span> <span class='ocrx_word' id='word_1_313' title='bbox 1337 2328 1495 2392; x_wconf 83' lang='lat' dir='ltr'><strong>viles,</strong></span> <span class='ocrx_word' id='word_1_314' title='bbox 1550 2344 1664 2381; x_wconf 89' lang='lat' dir='ltr'><strong>non</strong></span> <span class='ocrx_word' id='word_1_315' title='bbox 1691 2330 1775 2380; x_wconf 87' lang='lat' dir='ltr'><strong>est</strong></span> <span class='ocrx_word' id='word_1_316' title='bbox 1803 2342 2007 2379; x_wconf 87' lang='lat' dir='ltr'><strong>curan-</strong></span> 
     </span>
    </p>
   </div>
   <div class='ocr_carea' id='block_1_40' title="bbox 397 2412 2000 2483">
    <p class='ocr_par' dir='ltr' id='par_1_40' title="bbox 397 2412 2000 2483">
     <span class='ocr_line' id='line_1_40' title="bbox 397 2412 2000 2483; baseline 0.001 -18"><span class='ocrx_word' id='word_1_317' title='bbox 397 2412 665 2478; x_wconf 89' lang='lat' dir='ltr'><strong>dum,sed</strong></span> <span class='ocrx_word' id='word_1_318' title='bbox 681 2430 808 2466; x_wconf 90' lang='lat' dir='ltr'><strong>cum</strong></span> <span class='ocrx_word' id='word_1_319' title='bbox 832 2414 1039 2483; x_wconf 89' lang='lat' dir='ltr'><strong>gaudio</strong></span> <span class='ocrx_word' id='word_1_320' title='bbox 1058 2415 1553 2469; x_wconf 85' lang='lat' dir='ltr'><strong>sustinendum.Et</strong></span> <span class='ocrx_word' id='word_1_321' title='bbox 1576 2415 1718 2469; x_wconf 90' lang='lat' dir='ltr'><strong>adeo</strong></span> <span class='ocrx_word' id='word_1_322' title='bbox 1740 2415 2000 2476; x_wconf 85' lang='lat' dir='ltr'><strong>obmutui,</strong></span> 
     </span>
    </p>
   </div>
   <div class='ocr_carea' id='block_1_41' title="bbox 397 2499 2007 2570">
    <p class='ocr_par' dir='ltr' id='par_1_41' title="bbox 397 2499 2007 2570">
     <span class='ocr_line' id='line_1_41' title="bbox 397 2499 2007 2570; baseline 0.003 -19"><span class='ocrx_word' id='word_1_323' title='bbox 397 2499 537 2570; x_wconf 81' lang='lat' dir='ltr'><strong>quod</strong></span> <span class='ocrx_word' id='word_1_324' title='bbox 568 2507 615 2553; x_wconf 89' lang='lat' dir='ltr'><strong>et</strong></span> <span class='ocrx_word' id='word_1_325' title='bbox 651 2501 773 2554; x_wconf 78' lang='lat' dir='ltr'><strong>silui</strong></span> <span class='ocrx_word' id='word_1_326' title='bbox 800 2519 833 2554; x_wconf 92' lang='lat' dir='ltr'><strong>a</strong></span> <span class='ocrx_word' id='word_1_327' title='bbox 855 2501 1017 2555; x_wconf 93' lang='lat' dir='ltr'><strong>bonis.</strong></span> <span class='ocrx_word' id='word_1_328' title='bbox 1046 2502 1207 2566; x_wconf 87' lang='lat' dir='ltr'><strong>Quod</strong></span> <span class='ocrx_word' id='word_1_329' title='bbox 1236 2506 1320 2556; x_wconf 90' lang='lat' dir='ltr'><strong>est</strong></span> <span class='ocrx_word' id='word_1_330' title='bbox 1342 2504 1563 2556; x_wconf 88' lang='lat' dir='ltr'><strong>dicere:</strong></span> <span class='ocrx_word' id='word_1_331' title='bbox 1595 2504 1716 2556; x_wconf 75' lang='lat' dir='ltr'><strong>Non</strong></span> <span class='ocrx_word' id='word_1_332' title='bbox 1736 2504 1920 2557; x_wconf 89' lang='lat' dir='ltr'><strong>solum</strong></span> <span class='ocrx_word' id='word_1_333' title='bbox 1936 2503 2007 2556; x_wconf 89' lang='lat' dir='ltr'><strong>ab</strong></span> 
     </span>
    </p>
   </div>
   <div class='ocr_carea' id='block_1_42' title="bbox 400 2588 2008 2657">
    <p class='ocr_par' dir='ltr' id='par_1_42' title="bbox 400 2588 2008 2657">
     <span class='ocr_line' id='line_1_42' title="bbox 400 2588 2008 2657; baseline 0.001 -16"><span class='ocrx_word' id='word_1_334' title='bbox 400 2588 629 2653; x_wconf 86' lang='lat' dir='ltr'><strong>amaris,</strong></span> <span class='ocrx_word' id='word_1_335' title='bbox 655 2588 753 2642; x_wconf 91' lang='lat' dir='ltr'><strong>sed</strong></span> <span class='ocrx_word' id='word_1_336' title='bbox 780 2593 837 2643; x_wconf 91' lang='lat' dir='ltr'><strong>et</strong></span> <span class='ocrx_word' id='word_1_337' title='bbox 857 2606 891 2642; x_wconf 90' lang='lat' dir='ltr'><strong>a</strong></span> <span class='ocrx_word' id='word_1_338' title='bbox 909 2590 1075 2643; x_wconf 88' lang='lat' dir='ltr'><strong>bonis</strong></span> <span class='ocrx_word' id='word_1_339' title='bbox 1108 2590 1290 2643; x_wconf 79' lang='lat' dir='ltr'><strong>verbis</strong></span> <span class='ocrx_word' id='word_1_340' title='bbox 1311 2590 1458 2657; x_wconf 88' lang='lat' dir='ltr'><strong>silui,</strong></span> <span class='ocrx_word' id='word_1_341' title='bbox 1492 2591 1705 2643; x_wconf 86' lang='lat' dir='ltr'><strong>timens</strong></span> <span class='ocrx_word' id='word_1_342' title='bbox 1736 2607 1828 2644; x_wconf 91' lang='lat' dir='ltr'><strong>me</strong></span> <span class='ocrx_word' id='word_1_343' title='bbox 1861 2591 2008 2645; x_wconf 89' lang='lat' dir='ltr'><strong>bene</strong></span> 
     </span>
    </p>
   </div>
   <div class='ocr_carea' id='block_1_43' title="bbox 399 2676 2006 2749">
    <p class='ocr_par' dir='ltr' id='par_1_43' title="bbox 399 2676 2006 2749">
     <span class='ocr_line' id='line_1_43' title="bbox 399 2676 2006 2749; baseline 0.002 -20"><span class='ocrx_word' id='word_1_344' title='bbox 399 2676 712 2746; x_wconf 87' lang='lat' dir='ltr'><strong>loquendo,</strong></span> <span class='ocrx_word' id='word_1_345' title='bbox 744 2680 799 2730; x_wconf 90' lang='lat' dir='ltr'><strong>et</strong></span> <span class='ocrx_word' id='word_1_346' title='bbox 827 2678 879 2731; x_wconf 92' lang='lat' dir='ltr'><strong>ei</strong></span> <span class='ocrx_word' id='word_1_347' title='bbox 899 2678 1162 2749; x_wconf 90' lang='lat' dir='ltr'><strong>improbe</strong></span> <span class='ocrx_word' id='word_1_348' title='bbox 1195 2679 1515 2733; x_wconf 90' lang='lat' dir='ltr'><strong>resistendo</strong></span> <span class='ocrx_word' id='word_1_349' title='bbox 1548 2679 1604 2733; x_wconf 92' lang='lat' dir='ltr'>in</span> <span class='ocrx_word' id='word_1_350' title='bbox 1636 2679 2006 2749; x_wconf 85' lang='lat' dir='ltr'><strong>litigiumite-</strong></span> 
     </span>
    </p>
   </div>
   <div class='ocr_carea' id='block_1_44' title="bbox 400 2763 2007 2836">
    <p class='ocr_par' dir='ltr' id='par_1_44' title="bbox 400 2763 2007 2836">
     <span class='ocr_line' id='line_1_44' title="bbox 400 2763 2007 2836; baseline 0.001 -19"><span class='ocrx_word' id='word_1_351' title='bbox 400 2780 532 2817; x_wconf 90' lang='lat' dir='ltr'><strong>rum</strong></span> <span class='ocrx_word' id='word_1_352' title='bbox 564 2763 867 2831; x_wconf 90' lang='lat' dir='ltr'><strong>devenire;</strong></span> <span class='ocrx_word' id='word_1_353' title='bbox 902 2766 989 2819; x_wconf 88' lang='lat' dir='ltr'><strong>vel</strong></span> <span class='ocrx_word' id='word_1_354' title='bbox 1028 2766 1106 2821; x_wconf 91' lang='lat' dir='ltr'><strong>sic</strong></span> <span class='ocrx_word' id='word_1_355' title='bbox 1137 2783 1149 2820; x_wconf 96' lang='lat'><strong>:</strong></span> <span class='ocrx_word' id='word_1_356' title='bbox 1186 2767 1308 2821; x_wconf 86' lang='lat' dir='ltr'><strong>Non</strong></span> <span class='ocrx_word' id='word_1_357' title='bbox 1350 2768 1532 2821; x_wconf 90' lang='lat' dir='ltr'><strong>solum</strong></span> <span class='ocrx_word' id='word_1_358' title='bbox 1571 2767 1836 2820; x_wconf 83' lang='lat' dir='ltr'><strong>adversus</strong></span> <span class='ocrx_word' id='word_1_359' title='bbox 1876 2781 2007 2836; x_wconf 91' lang='lat' dir='ltr'><strong>pec-</strong></span> 
     </span>
    </p>
   </div>
   <div class='ocr_carea' id='block_1_45' title="bbox 400 2852 2007 2919">
    <p class='ocr_par' dir='ltr' id='par_1_45' title="bbox 400 2852 2007 2919">
     <span class='ocr_line' id='line_1_45' title="bbox 400 2852 2007 2919; baseline 0 -13"><span class='ocrx_word' id='word_1_360' title='bbox 400 2857 656 2906; x_wconf 83' lang='lat' dir='ltr'><strong>catorem</strong></span> <span class='ocrx_word' id='word_1_361' title='bbox 681 2852 940 2919; x_wconf 87' lang='lat' dir='ltr'><strong>obmutui,</strong></span> <span class='ocrx_word' id='word_1_362' title='bbox 974 2854 1072 2907; x_wconf 88' lang='lat' dir='ltr'><strong>sed</strong></span> <span class='ocrx_word' id='word_1_363' title='bbox 1104 2861 1151 2908; x_wconf 88' lang='lat' dir='ltr'><strong>et</strong></span> <span class='ocrx_word' id='word_1_364' title='bbox 1181 2854 1361 2907; x_wconf 88' lang='lat' dir='ltr'><strong>siluia</strong></span> <span class='ocrx_word' id='word_1_365' title='bbox 1398 2854 1562 2919; x_wconf 81' lang='lat' dir='ltr'><strong>bonis,</strong></span> <span class='ocrx_word' id='word_1_366' title='bbox 1595 2854 1651 2908; x_wconf 91' lang='lat' dir='ltr'><strong>id</strong></span> <span class='ocrx_word' id='word_1_367' title='bbox 1700 2857 1785 2907; x_wconf 89' lang='lat' dir='ltr'><strong>est</strong></span> <span class='ocrx_word' id='word_1_368' title='bbox 1823 2854 1894 2907; x_wconf 89' lang='lat' dir='ltr'><strong>ab</strong></span> <span class='ocrx_word' id='word_1_369' title='bbox 1920 2853 2007 2906; x_wconf 82' lang='lat' dir='ltr'><strong>in-</strong></span> 
     </span>
    </p>
   </div>
   <div class='ocr_carea' id='block_1_46' title="bbox 402 2941 2006 3013">
    <p class='ocr_par' dir='ltr' id='par_1_46' title="bbox 402 2941 2006 3013">
     <span class='ocr_line' id='line_1_46' title="bbox 402 2941 2006 3013; baseline 0 -19"><span class='ocrx_word' id='word_1_370' title='bbox 402 2941 716 2994; x_wconf 88' lang='lat' dir='ltr'><strong>structione</strong></span> <span class='ocrx_word' id='word_1_371' title='bbox 748 2941 1058 3008; x_wconf 92' lang='lat' dir='ltr'><strong>bonorum,</strong></span> <span class='ocrx_word' id='word_1_372' title='bbox 1079 2959 1149 2996; x_wconf 90' lang='lat' dir='ltr'><strong>ne</strong></span> <span class='ocrx_word' id='word_1_373' title='bbox 1172 2946 1440 3013; x_wconf 88' lang='lat' dir='ltr'><strong>peccator</strong></span> <span class='ocrx_word' id='word_1_374' title='bbox 1469 2959 1599 2996; x_wconf 91' lang='lat' dir='ltr'><strong>cum</strong></span> <span class='ocrx_word' id='word_1_375' title='bbox 1623 2942 1703 2995; x_wconf 90' lang='lat' dir='ltr'><strong>eis</strong></span> <span class='ocrx_word' id='word_1_376' title='bbox 1723 2941 2006 3012; x_wconf 88' lang='lat' dir='ltr'><strong>corporali</strong></span> 
     </span>
    </p>
   </div>
   <div class='ocr_carea' id='block_1_47' title="bbox 2108 1878 2661 1948">
    <p class='ocr_par' dir='ltr' id='par_1_47' title="bbox 2108 1878 2661 1948">
     <span class='ocr_line' id='line_1_47' title="bbox 2108 1878 2661 1948; baseline -0.002 -17"><span class='ocrx_word' id='word_1_377' title='bbox 2108 1878 2240 1931; x_wconf 88' lang='lat' dir='ltr'><strong>dam</strong></span> <span class='ocrx_word' id='word_1_378' title='bbox 2270 1882 2327 1931; x_wconf 90' lang='lat' dir='ltr'><strong>et</strong></span> <span class='ocrx_word' id='word_1_379' title='bbox 2355 1878 2661 1948; x_wconf 87' lang='lat' dir='ltr'><strong>suspirem.</strong></span> 
     </span>
    </p>
   </div>
   <div class='ocr_carea' id='block_1_48' title="bbox 2179 1959 3712 2034">
    <p class='ocr_par' dir='ltr' id='par_1_48' title="bbox 2179 1959 3712 2034">
     <span class='ocr_line' id='line_1_48' title="bbox 2179 1959 3712 2034; baseline -0.005 -14"><span class='ocrx_word' id='word_1_380' title='bbox 2179 1967 2346 2020; x_wconf 81' lang='lat' dir='ltr'><strong>Facta</strong></span> <span class='ocrx_word' id='word_1_381' title='bbox 2375 1967 2732 2031; x_wconf 88' lang='lat' dir='ltr'><strong>oratione,et</strong></span> <span class='ocrx_word' id='word_1_382' title='bbox 2751 1968 2938 2018; x_wconf 91' lang='lat' dir='ltr'><strong>certus</strong></span> <span class='ocrx_word' id='word_1_383' title='bbox 2968 1964 3037 2017; x_wconf 91' lang='lat' dir='ltr'><strong>de</strong></span> <span class='ocrx_word' id='word_1_384' title='bbox 3068 1961 3497 2034; x_wconf 88' lang='lat' dir='ltr'><strong>impetratione.</strong></span> <span class='ocrx_word' id='word_1_385' title='bbox 3523 1959 3712 2029; x_wconf 78' lang='lat' dir='ltr'><strong>scjam</strong></span> 
     </span>
    </p>
   </div>
   <div class='ocr_carea' id='block_1_49' title="bbox 2106 2048 3714 2124">
    <p class='ocr_par' dir='ltr' id='par_1_49' title="bbox 2106 2048 3714 2124">
     <span class='ocr_line' id='line_1_49' title="bbox 2106 2048 3714 2124; baseline -0.004 -17"><span class='ocrx_word' id='word_1_386' title='bbox 2106 2053 2442 2124; x_wconf 83' lang='lat' dir='ltr'><strong>impetrasse</strong></span> <span class='ocrx_word' id='word_1_387' title='bbox 2465 2053 2725 2107; x_wconf 86' lang='lat' dir='ltr'><strong>enuntiat</strong></span> <span class='ocrx_word' id='word_1_388' title='bbox 2749 2070 2762 2107; x_wconf 91' lang='lat'><strong>:</strong></span> <span class='ocrx_word' id='word_1_389' title='bbox 2801 2056 2861 2105; x_wconf 91' lang='lat' dir='ltr'><strong>ut</strong></span> <span class='ocrx_word' id='word_1_390' title='bbox 2883 2052 2926 2105; x_wconf 88' lang='lat' dir='ltr'><strong>si</strong></span> <span class='ocrx_word' id='word_1_391' title='bbox 2949 2050 3301 2105; x_wconf 89' lang='lat' dir='ltr'><strong>oraverimus</strong></span> <span class='ocrx_word' id='word_1_392' title='bbox 3322 2050 3442 2119; x_wconf 89' lang='lat' dir='ltr'><strong>ejus</strong></span> <span class='ocrx_word' id='word_1_393' title='bbox 3453 2048 3714 2117; x_wconf 83' lang='lat' dir='ltr'><strong>exemplo</strong></span> 
     </span>
    </p>
   </div>
   <div class='ocr_carea' id='block_1_50' title="bbox 2109 2137 3715 2212">
    <p class='ocr_par' dir='ltr' id='par_1_50' title="bbox 2109 2137 3715 2212">
     <span class='ocr_line' id='line_1_50' title="bbox 2109 2137 3715 2212; baseline -0.005 -16"><span class='ocrx_word' id='word_1_394' title='bbox 2109 2158 2269 2212; x_wconf 89' lang='lat' dir='ltr'><strong>spem</strong></span> <span class='ocrx_word' id='word_1_395' title='bbox 2306 2142 2732 2212; x_wconf 81' lang='lat' dir='ltr'><strong>impetrationis</strong></span> <span class='ocrx_word' id='word_1_396' title='bbox 2764 2140 2929 2195; x_wconf 89' lang='lat' dir='ltr'><strong>nobis</strong></span> <span class='ocrx_word' id='word_1_397' title='bbox 2975 2140 3208 2193; x_wconf 88' lang='lat' dir='ltr'><strong>tribuat.</strong></span> <span class='ocrx_word' id='word_1_398' title='bbox 3242 2139 3362 2209; x_wconf 84' lang='lat' dir='ltr'><strong>Ego</strong></span> <span class='ocrx_word' id='word_1_399' title='bbox 3390 2137 3466 2191; x_wconf 90' lang='lat' dir='ltr'><strong>sic</strong></span> <span class='ocrx_word' id='word_1_400' title='bbox 3496 2138 3715 2191; x_wconf 88' lang='lat' dir='ltr'><strong>locutus</strong></span> 
     </span>
    </p>
   </div>
   <div class='ocr_carea' id='block_1_51' title="bbox 2108 2223 3718 2297">
    <p class='ocr_par' dir='ltr' id='par_1_51' title="bbox 2108 2223 3718 2297">
     <span class='ocr_line' id='line_1_51' title="bbox 2108 2223 3718 2297; baseline -0.004 -14"><span class='ocrx_word' id='word_1_401' title='bbox 2108 2247 2234 2283; x_wconf 90' lang='lat' dir='ltr'><strong>sum</strong></span> <span class='ocrx_word' id='word_1_402' title='bbox 2267 2231 2507 2286; x_wconf 89' lang='lat' dir='ltr'><strong>orando.</strong></span> <span class='ocrx_word' id='word_1_403' title='bbox 2560 2231 2624 2283; x_wconf 90' lang='lat' dir='ltr'><strong>Et</strong></span> <span class='ocrx_word' id='word_1_404' title='bbox 2644 2247 2774 2293; x_wconf 84' lang='lat' dir='ltr'><strong>ecce,</strong></span> <span class='ocrx_word' id='word_1_405' title='bbox 2809 2228 2866 2282; x_wconf 92' lang='lat' dir='ltr'><strong>id</strong></span> <span class='ocrx_word' id='word_1_406' title='bbox 2906 2232 2991 2281; x_wconf 88' lang='lat' dir='ltr'><strong>est</strong></span> <span class='ocrx_word' id='word_1_407' title='bbox 3035 2228 3094 2281; x_wconf 89' lang='lat' dir='ltr'>in</span> <span class='ocrx_word' id='word_1_408' title='bbox 3153 2225 3460 2297; x_wconf 72' lang='lat' dir='ltr'><strong>praesentia</strong></span> <span class='ocrx_word' id='word_1_409' title='bbox 3508 2223 3718 2277; x_wconf 88' lang='lat' dir='ltr'><strong>mentis</strong></span> 
     </span>
    </p>
   </div>
   <div class='ocr_carea' id='block_1_52' title="bbox 2109 2312 3715 2391">
    <p class='ocr_par' dir='ltr' id='par_1_52' title="bbox 2109 2312 3715 2391">
     <span class='ocr_line' id='line_1_52' title="bbox 2109 2312 3715 2391; baseline -0.004 -19"><span class='ocrx_word' id='word_1_410' title='bbox 2109 2336 2254 2372; x_wconf 66' lang='lat' dir='ltr'><strong>mea:</strong></span> <span class='ocrx_word' id='word_1_411' title='bbox 2286 2319 2674 2391; x_wconf 56' lang='lat' dir='ltr'><strong>aue/Lsurabiles</strong></span> <span class='ocrx_word' id='word_1_412' title='bbox 2705 2319 2933 2387; x_wconf 79' lang='lat' dir='ltr'><strong>posuisti</strong></span> <span class='ocrx_word' id='word_1_413' title='bbox 2982 2317 3089 2369; x_wconf 82' lang='lat' dir='ltr'><strong>dies</strong></span> <span class='ocrx_word' id='word_1_414' title='bbox 3139 2333 3301 2381; x_wconf 84' lang='lat' dir='ltr'><strong>meos,</strong></span> <span class='ocrx_word' id='word_1_415' title='bbox 3334 2314 3392 2368; x_wconf 90' lang='lat' dir='ltr'><strong>id</strong></span> <span class='ocrx_word' id='word_1_416' title='bbox 3424 2317 3508 2367; x_wconf 81' lang='lat' dir='ltr'><strong>est</strong></span> <span class='ocrx_word' id='word_1_417' title='bbox 3534 2312 3715 2365; x_wconf 80' lang='lat' dir='ltr'><strong>fecisti</strong></span> 
     </span>
    </p>
   </div>
   <div class='ocr_carea' id='block_1_53' title="bbox 2110 2399 3717 2475">
    <p class='ocr_par' dir='ltr' id='par_1_53' title="bbox 2110 2399 3717 2475">
     <span class='ocr_line' id='line_1_53' title="bbox 2110 2399 3717 2475; baseline -0.004 -14"><span class='ocrx_word' id='word_1_418' title='bbox 2110 2407 2250 2461; x_wconf 90' lang='lat' dir='ltr'><strong>mihi</strong></span> <span class='ocrx_word' id='word_1_419' title='bbox 2279 2406 2546 2460; x_wconf 68' lang='lat' dir='ltr'><strong>divinitus</strong></span> <span class='ocrx_word' id='word_1_420' title='bbox 2572 2406 2906 2475; x_wconf 89' lang='lat' dir='ltr'><strong>iuspirando</strong></span> <span class='ocrx_word' id='word_1_421' title='bbox 2930 2420 3275 2475; x_wconf 81' lang='lat' dir='ltr'><strong>cognoscere</strong></span> <span class='ocrx_word' id='word_1_422' title='bbox 3292 2402 3431 2467; x_wconf 90' lang='lat' dir='ltr'><strong>dies,</strong></span> <span class='ocrx_word' id='word_1_423' title='bbox 3463 2418 3606 2472; x_wconf 89' lang='lat' dir='ltr'><strong>quos</strong></span> <span class='ocrx_word' id='word_1_424' title='bbox 3626 2399 3717 2455; x_wconf 90' lang='lat' dir='ltr'><strong>hic</strong></span> 
     </span>
    </p>
   </div>
   <div class='ocr_carea' id='block_1_54' title="bbox 2108 2491 3717 2561">
    <p class='ocr_par' dir='ltr' id='par_1_54' title="bbox 2108 2491 3717 2561">
     <span class='ocr_line' id='line_1_54' title="bbox 2108 2491 3717 2561; baseline -0.005 -12"><span class='ocrx_word' id='word_1_425' title='bbox 2108 2496 2316 2561; x_wconf 83' lang='lat' dir='ltr'><strong>habeo,</strong></span> <span class='ocrx_word' id='word_1_426' title='bbox 2352 2512 2468 2549; x_wconf 91' lang='lat' dir='ltr'><strong>non</strong></span> <span class='ocrx_word' id='word_1_427' title='bbox 2483 2498 2731 2548; x_wconf 57' lang='lat' dir='ltr'><strong>aiternos</strong></span> <span class='ocrx_word' id='word_1_428' title='bbox 2754 2492 2999 2559; x_wconf 86' lang='lat' dir='ltr'><strong>csse,sed</strong></span> <span class='ocrx_word' id='word_1_429' title='bbox 3024 2491 3440 2545; x_wconf 86' lang='lat' dir='ltr'><strong>mensurabilcs</strong></span> <span class='ocrx_word' id='word_1_430' title='bbox 3461 2493 3518 2543; x_wconf 92' lang='lat' dir='ltr'><strong>et</strong></span> <span class='ocrx_word' id='word_1_431' title='bbox 3536 2493 3717 2542; x_wconf 86' lang='lat' dir='ltr'><strong>trans-</strong></span> 
     </span>
    </p>
   </div>
   <div class='ocr_carea' id='block_1_55' title="bbox 2110 2578 3717 2653">
    <p class='ocr_par' dir='ltr' id='par_1_55' title="bbox 2110 2578 3717 2653">
     <span class='ocr_line' id='line_1_55' title="bbox 2110 2578 3717 2653; baseline -0.003 -17"><span class='ocrx_word' id='word_1_432' title='bbox 2110 2584 2327 2638; x_wconf 91' lang='lat' dir='ltr'><strong>itorios.</strong></span> <span class='ocrx_word' id='word_1_433' title='bbox 2360 2584 2425 2637; x_wconf 89' lang='lat' dir='ltr'><strong>Et</strong></span> <span class='ocrx_word' id='word_1_434' title='bbox 2457 2599 2559 2653; x_wconf 88' lang='lat' dir='ltr'><strong>per</strong></span> <span class='ocrx_word' id='word_1_435' title='bbox 2587 2583 2697 2637; x_wconf 91' lang='lat' dir='ltr'><strong>hoc</strong></span> <span class='ocrx_word' id='word_1_436' title='bbox 2720 2582 2892 2636; x_wconf 90' lang='lat' dir='ltr'><strong>etiam</strong></span> <span class='ocrx_word' id='word_1_437' title='bbox 2923 2581 3130 2645; x_wconf 86' lang='lat' dir='ltr'><strong>innuit,</strong></span> <span class='ocrx_word' id='word_1_438' title='bbox 3156 2580 3310 2652; x_wconf 90' lang='lat' dir='ltr'><strong>quod</strong></span> <span class='ocrx_word' id='word_1_439' title='bbox 3342 2583 3398 2634; x_wconf 90' lang='lat' dir='ltr'><strong>et</strong></span> <span class='ocrx_word' id='word_1_440' title='bbox 3429 2579 3549 2633; x_wconf 88' lang='lat' dir='ltr'><strong>dies</strong></span> <span class='ocrx_word' id='word_1_441' title='bbox 3569 2578 3717 2632; x_wconf 84' lang='lat' dir='ltr'><strong>futu-</strong></span> 
     </span>
    </p>
   </div>
   <div class='ocr_carea' id='block_1_56' title="bbox 2111 2666 3716 2726">
    <p class='ocr_par' dir='ltr' id='par_1_56' title="bbox 2111 2666 3716 2726">
     <span class='ocr_line' id='line_1_56' title="bbox 2111 2666 3716 2726; baseline -0.004 -1"><span class='ocrx_word' id='word_1_442' title='bbox 2111 2688 2205 2726; x_wconf 91' lang='lat' dir='ltr'><strong>ros</strong></span> <span class='ocrx_word' id='word_1_443' title='bbox 2232 2671 2482 2725; x_wconf 88' lang='lat' dir='ltr'><strong>ostendit</strong></span> <span class='ocrx_word' id='word_1_444' title='bbox 2507 2671 2556 2724; x_wconf 89' lang='lat' dir='ltr'><strong>ei</strong></span> <span class='ocrx_word' id='word_1_445' title='bbox 2605 2674 2850 2724; x_wconf 65' lang='lat' dir='ltr'><strong>aeternos</strong></span> <span class='ocrx_word' id='word_1_446' title='bbox 2899 2672 2956 2723; x_wconf 89' lang='lat' dir='ltr'><strong>et</strong></span> <span class='ocrx_word' id='word_1_447' title='bbox 3003 2667 3523 2722; x_wconf 86' lang='lat' dir='ltr'><strong>immensurabiles.</strong></span> <span class='ocrx_word' id='word_1_448' title='bbox 3552 2666 3716 2720; x_wconf 88' lang='lat' dir='ltr'><strong>Unde</strong></span> 
     </span>
    </p>
   </div>
   <div class='ocr_carea' id='block_1_57' title="bbox 2112 2754 3718 2830">
    <p class='ocr_par' dir='ltr' id='par_1_57' title="bbox 2112 2754 3718 2830">
     <span class='ocr_line' id='line_1_57' title="bbox 2112 2754 3718 2830; baseline -0.003 -18"><span class='ocrx_word' id='word_1_449' title='bbox 2112 2775 2363 2830; x_wconf 89' lang='lat' dir='ltr'><strong>namque</strong></span> <span class='ocrx_word' id='word_1_450' title='bbox 2394 2759 2615 2812; x_wconf 89' lang='lat' dir='ltr'><strong>videret</strong></span> <span class='ocrx_word' id='word_1_451' title='bbox 2632 2758 2735 2812; x_wconf 91' lang='lat' dir='ltr'><strong>hos</strong></span> <span class='ocrx_word' id='word_1_452' title='bbox 2758 2774 2876 2811; x_wconf 83' lang='lat' dir='ltr'><strong>esse</strong></span> <span class='ocrx_word' id='word_1_453' title='bbox 2896 2755 3330 2819; x_wconf 88' lang='lat' dir='ltr'><strong>mensurabiles,</strong></span> <span class='ocrx_word' id='word_1_454' title='bbox 3350 2754 3455 2808; x_wconf 90' lang='lat' dir='ltr'><strong>nisi</strong></span> <span class='ocrx_word' id='word_1_455' title='bbox 3486 2770 3718 2825; x_wconf 86' lang='lat' dir='ltr'><strong>compa-</strong></span> 
     </span>
    </p>
   </div>
   <div class='ocr_carea' id='block_1_58' title="bbox 2110 2841 3715 2917">
    <p class='ocr_par' dir='ltr' id='par_1_58' title="bbox 2110 2841 3715 2917">
     <span class='ocr_line' id='line_1_58' title="bbox 2110 2841 3715 2917; baseline -0.004 -16"><span class='ocrx_word' id='word_1_456' title='bbox 2110 2847 2335 2901; x_wconf 87' lang='lat' dir='ltr'><strong>ratione</strong></span> <span class='ocrx_word' id='word_1_457' title='bbox 2358 2847 2589 2900; x_wconf 89' lang='lat' dir='ltr'><strong>illorum</strong></span> <span class='ocrx_word' id='word_1_458' title='bbox 2611 2844 2705 2917; x_wconf 89' lang='lat' dir='ltr'><strong>qui</strong></span> <span class='ocrx_word' id='word_1_459' title='bbox 2725 2844 3370 2899; x_wconf 88' lang='lat' dir='ltr'><strong>suntimmensurabilcs</strong></span> <span class='ocrx_word' id='word_1_460' title='bbox 3390 2844 3418 2897; x_wconf 85' lang='lat'><strong><em>?</em></strong></span> <span class='ocrx_word' id='word_1_461' title='bbox 3448 2841 3524 2895; x_wconf 86' lang='lat' dir='ltr'><strong>Et</strong></span> <span class='ocrx_word' id='word_1_462' title='bbox 3539 2842 3715 2896; x_wconf 84' lang='lat' dir='ltr'><strong>etiam</strong></span> 
     </span>
    </p>
   </div>
   <div class='ocr_carea' id='block_1_59' title="bbox 2111 2931 3713 3005">
    <p class='ocr_par' dir='ltr' id='par_1_59' title="bbox 2111 2931 3713 3005">
     <span class='ocr_line' id='line_1_59' title="bbox 2111 2931 3713 3005; baseline -0.004 -16"><span class='ocrx_word' id='word_1_463' title='bbox 2111 2935 2344 3005; x_wconf 88' lang='lat' dir='ltr'><strong>posuisti</strong></span> <span class='ocrx_word' id='word_1_464' title='bbox 2374 2935 2467 2989; x_wconf 91' lang='lat' dir='ltr'><strong>hic</strong></span> <span class='ocrx_word' id='word_1_465' title='bbox 2498 2934 2556 2989; x_wconf 90' lang='lat' dir='ltr'><strong>in</strong></span> <span class='ocrx_word' id='word_1_466' title='bbox 2581 2933 3044 2989; x_wconf 86' lang='lat' dir='ltr'><strong>consideratione</strong></span> <span class='ocrx_word' id='word_1_467' title='bbox 3066 2949 3198 2993; x_wconf 86' lang='lat' dir='ltr'><strong>mea</strong></span> <span class='ocrx_word' id='word_1_468' title='bbox 3213 2932 3367 3003; x_wconf 92' lang='lat' dir='ltr'><strong>quod</strong></span> <span class='ocrx_word' id='word_1_469' title='bbox 3395 2931 3713 2995; x_wconf 78' lang='lat' dir='ltr'><strong>substantia,</strong></span> 
     </span>
    </p>
   </div>
   <div class='ocr_carea' id='block_1_60' title="bbox 401 3021 3718 3098">
    <p class='ocr_par' dir='ltr' id='par_1_60' title="bbox 401 3021 3718 3098">
     <span class='ocr_line' id='line_1_60' title="bbox 401 3021 3718 3098; baseline 0.002 -18"><span class='ocrx_word' id='word_1_470' title='bbox 401 3028 711 3098; x_wconf 64' lang='lat' dir='ltr'><strong>prmsentia</strong></span> <span class='ocrx_word' id='word_1_471' title='bbox 732 3045 977 3083; x_wconf 87' lang='lat' dir='ltr'><strong>manens</strong></span> <span class='ocrx_word' id='word_1_472' title='bbox 990 3030 1279 3084; x_wconf 89' lang='lat' dir='ltr'><strong>audiendo</strong></span> <span class='ocrx_word' id='word_1_473' title='bbox 1300 3030 1862 3096; x_wconf 79' lang='lat' dir='ltr'><strong>resisteret,etverba</strong></span> <span class='ocrx_word' id='word_1_474' title='bbox 1879 3045 2012 3083; x_wconf 86' lang='lat' dir='ltr'><strong>mea</strong></span> <span class='ocrx_word' id='word_1_475' title='bbox 2039 3029 2085 3088; x_wconf 89' lang='lat' dir='ltr'>C</span> <span class='ocrx_word' id='word_1_476' title='bbox 2108 3022 2169 3078; x_wconf 83' lang='lat' dir='ltr'><strong>id</strong></span> <span class='ocrx_word' id='word_1_477' title='bbox 2199 3040 2318 3077; x_wconf 71' lang='lat' dir='ltr'><strong>esse</strong></span> <span class='ocrx_word' id='word_1_478' title='bbox 2350 3023 2596 3077; x_wconf 67' lang='lat' dir='ltr'><strong>essentia</strong></span> <span class='ocrx_word' id='word_1_479' title='bbox 2644 3040 2781 3084; x_wconf 71' lang='grc' dir='ltr'><strong>πιθα»</strong></span> <span class='ocrx_word' id='word_1_480' title='bbox 2816 3039 2990 3093; x_wconf 79' lang='lat' dir='ltr'><strong>quam</strong></span> <span class='ocrx_word' id='word_1_481' title='bbox 3022 3021 3195 3076; x_wconf 82' lang='grc' dir='ltr'><strong>Πιοάο</strong></span> <span class='ocrx_word' id='word_1_482' title='bbox 3229 3021 3435 3085; x_wconf 67' lang='grc' dir='ltr'><strong>Ῑὶᾶὒθον</strong></span> <span class='ocrx_word' id='word_1_483' title='bbox 3462 3027 3718 3090; x_wconf 47' lang='lat' dir='ltr'><strong>(“miltiam</strong></span> 
     </span>
    </p>
   </div>
   <div class='ocr_carea' id='block_1_61' title="bbox 401 3114 2010 3190">
    <p class='ocr_par' dir='ltr' id='par_1_61' title="bbox 401 3114 2010 3190">
     <span class='ocr_line' id='line_1_61' title="bbox 401 3114 2010 3190; baseline 0.001 -22"><span class='ocrx_word' id='word_1_484' title='bbox 401 3114 459 3168; x_wconf 91' lang='lat' dir='ltr'><strong>in</strong></span> <span class='ocrx_word' id='word_1_485' title='bbox 494 3115 720 3170; x_wconf 91' lang='lat' dir='ltr'><strong>irritum</strong></span> <span class='ocrx_word' id='word_1_486' title='bbox 753 3117 1006 3171; x_wconf 89' lang='lat' dir='ltr'><strong>duceret.</strong></span> <span class='ocrx_word' id='word_1_487' title='bbox 1040 3117 1114 3170; x_wconf 83' lang='lat' dir='ltr'><strong>Et</strong></span> <span class='ocrx_word' id='word_1_488' title='bbox 1141 3118 1277 3190; x_wconf 90' lang='lat' dir='ltr'><strong>quia</strong></span> <span class='ocrx_word' id='word_1_489' title='bbox 1297 3119 1405 3172; x_wconf 93' lang='lat' dir='ltr'><strong>vidi</strong></span> <span class='ocrx_word' id='word_1_490' title='bbox 1430 3120 1646 3172; x_wconf 91' lang='lat' dir='ltr'><strong>malum</strong></span> <span class='ocrx_word' id='word_1_491' title='bbox 1666 3117 2010 3172; x_wconf 88' lang='lat' dir='ltr'><strong>esseabonis</strong></span> 
     </span>
    </p>
   </div>
   <div class='ocr_carea' id='block_1_62' title="bbox 395 3202 2005 3270">
    <p class='ocr_par' dir='ltr' id='par_1_62' title="bbox 395 3202 2005 3270">
     <span class='ocr_line' id='line_1_62' title="bbox 395 3202 2005 3270; baseline 0.002 -14"><span class='ocrx_word' id='word_1_492' title='bbox 395 3202 583 3269; x_wconf 89' lang='lat' dir='ltr'><strong>silere,</strong></span> <span class='ocrx_word' id='word_1_493' title='bbox 616 3204 765 3257; x_wconf 82' lang='lat' dir='ltr'><strong>dolor</strong></span> <span class='ocrx_word' id='word_1_494' title='bbox 787 3222 932 3259; x_wconf 81' lang='lat' dir='ltr'><strong>meus</strong></span> <span class='ocrx_word' id='word_1_495' title='bbox 967 3213 1246 3259; x_wconf 77' lang='lat' dir='ltr'><strong>renovatus</strong></span> <span class='ocrx_word' id='word_1_496' title='bbox 1293 3212 1386 3259; x_wconf 85' lang='lat' dir='ltr'><strong>est.</strong></span> <span class='ocrx_word' id='word_1_497' title='bbox 1417 3206 1581 3270; x_wconf 86' lang='lat' dir='ltr'><strong>Quod</strong></span> <span class='ocrx_word' id='word_1_498' title='bbox 1639 3210 1723 3259; x_wconf 90' lang='lat' dir='ltr'><strong>est</strong></span> <span class='ocrx_word' id='word_1_499' title='bbox 1780 3205 2005 3259; x_wconf 89' lang='lat' dir='ltr'><strong>dicere:</strong></span> 
     </span>
    </p>
   </div>
   <div class='ocr_carea' id='block_1_63' title="bbox 401 3289 2008 3364">
    <p class='ocr_par' dir='ltr' id='par_1_63' title="bbox 401 3289 2008 3364">
     <span class='ocr_line' id='line_1_63' title="bbox 401 3289 2008 3364; baseline 0.002 -21"><span class='ocrx_word' id='word_1_500' title='bbox 401 3289 505 3352; x_wconf 88' lang='lat' dir='ltr'><strong>Qui</strong></span> <span class='ocrx_word' id='word_1_501' title='bbox 537 3291 696 3361; x_wconf 90' lang='lat' dir='ltr'><strong>prius</strong></span> <span class='ocrx_word' id='word_1_502' title='bbox 727 3292 797 3346; x_wconf 90' lang='lat' dir='ltr'><strong>de</strong></span> <span class='ocrx_word' id='word_1_503' title='bbox 827 3292 1006 3346; x_wconf 90' lang='lat' dir='ltr'><strong>nimia</strong></span> <span class='ocrx_word' id='word_1_504' title='bbox 1038 3294 1381 3364; x_wconf 88' lang='lat' dir='ltr'><strong>loquacitate</strong></span> <span class='ocrx_word' id='word_1_505' title='bbox 1410 3294 1731 3359; x_wconf 89' lang='lat' dir='ltr'><strong>dolueram,</strong></span> <span class='ocrx_word' id='word_1_506' title='bbox 1762 3294 1832 3347; x_wconf 90' lang='lat' dir='ltr'><strong>de</strong></span> <span class='ocrx_word' id='word_1_507' title='bbox 1864 3292 2008 3346; x_wconf 86' lang='lat' dir='ltr'><strong>taci-</strong></span> 
     </span>
    </p>
   </div>
   <div class='ocr_carea' id='block_1_64' title="bbox 401 3378 2013 3455">
    <p class='ocr_par' dir='ltr' id='par_1_64' title="bbox 401 3378 2013 3455">
     <span class='ocr_line' id='line_1_64' title="bbox 401 3378 2013 3455; baseline 0.005 -25"><span class='ocrx_word' id='word_1_508' title='bbox 401 3378 674 3432; x_wconf 88' lang='lat' dir='ltr'><strong>turnitate</strong></span> <span class='ocrx_word' id='word_1_509' title='bbox 704 3379 885 3435; x_wconf 90' lang='lat' dir='ltr'><strong>nimia</strong></span> <span class='ocrx_word' id='word_1_510' title='bbox 913 3398 1107 3435; x_wconf 87' lang='lat' dir='ltr'><strong>rursus</strong></span> <span class='ocrx_word' id='word_1_511' title='bbox 1139 3382 1315 3449; x_wconf 92' lang='lat' dir='ltr'><strong>dolui,</strong></span> <span class='ocrx_word' id='word_1_512' title='bbox 1346 3386 1401 3435; x_wconf 90' lang='lat' dir='ltr'><strong>et</strong></span> <span class='ocrx_word' id='word_1_513' title='bbox 1422 3382 1555 3436; x_wconf 90' lang='lat' dir='ltr'><strong>inde</strong></span> <span class='ocrx_word' id='word_1_514' title='bbox 1585 3382 1828 3455; x_wconf 73' lang='lat' dir='ltr'><strong>contigit</strong></span> <span class='ocrx_word' id='word_1_515' title='bbox 1858 3383 2013 3438; x_wconf 90' lang='lat' dir='ltr'><strong>dolo-</strong></span> 
     </span>
    </p>
   </div>
   <div class='ocr_carea' id='block_1_65' title="bbox 400 3464 2013 3539">
    <p class='ocr_par' dir='ltr' id='par_1_65' title="bbox 400 3464 2013 3539">
     <span class='ocr_line' id='line_1_65' title="bbox 400 3464 2013 3539; baseline 0.003 -20"><span class='ocrx_word' id='word_1_516' title='bbox 400 3464 479 3519; x_wconf 87' lang='lat' dir='ltr'><strong>ris</strong></span> <span class='ocrx_word' id='word_1_517' title='bbox 508 3467 823 3534; x_wconf 86' lang='lat' dir='ltr'><strong>renovatio,</strong></span> <span class='ocrx_word' id='word_1_518' title='bbox 879 3468 1013 3539; x_wconf 91' lang='lat' dir='ltr'><strong>quia</strong></span> <span class='ocrx_word' id='word_1_519' title='bbox 1050 3469 1314 3523; x_wconf 85' lang='lat' dir='ltr'><strong>concaluit</strong></span> <span class='ocrx_word' id='word_1_520' title='bbox 1354 3487 1443 3523; x_wconf 89' lang='lat' dir='ltr'><strong>cor</strong></span> <span class='ocrx_word' id='word_1_521' title='bbox 1496 3487 1691 3537; x_wconf 77' lang='lat' dir='ltr'><strong>meum,</strong></span> <span class='ocrx_word' id='word_1_522' title='bbox 1727 3471 1785 3524; x_wconf 93' lang='lat' dir='ltr'><strong>id</strong></span> <span class='ocrx_word' id='word_1_523' title='bbox 1815 3475 1899 3524; x_wconf 90' lang='lat' dir='ltr'><strong>est</strong></span> <span class='ocrx_word' id='word_1_524' title='bbox 1930 3471 2013 3524; x_wconf 92' lang='lat' dir='ltr'><strong>in-</strong></span> 
     </span>
    </p>
   </div>
   <div class='ocr_carea' id='block_1_66' title="bbox 400 3550 2012 3628">
    <p class='ocr_par' dir='ltr' id='par_1_66' title="bbox 400 3550 2012 3628">
     <span class='ocr_line' id='line_1_66' title="bbox 400 3550 2012 3628; baseline 0.004 -22"><span class='ocrx_word' id='word_1_525' title='bbox 400 3550 617 3608; x_wconf 86' lang='lat' dir='ltr'><strong>ferbuit</strong></span> <span class='ocrx_word' id='word_1_526' title='bbox 634 3570 832 3609; x_wconf 90' lang='lat' dir='ltr'><strong>amare</strong></span> <span class='ocrx_word' id='word_1_527' title='bbox 864 3572 1003 3627; x_wconf 85' lang='lat' dir='ltr'><strong>erga</strong></span> <span class='ocrx_word' id='word_1_528' title='bbox 1035 3573 1152 3623; x_wconf 89' lang='lat' dir='ltr'><strong>eos,</strong></span> <span class='ocrx_word' id='word_1_529' title='bbox 1187 3557 1394 3628; x_wconf 91' lang='lat' dir='ltr'><strong>quibus</strong></span> <span class='ocrx_word' id='word_1_530' title='bbox 1430 3558 1691 3613; x_wconf 88' lang='lat' dir='ltr'><strong>silebam.</strong></span> <span class='ocrx_word' id='word_1_531' title='bbox 1723 3558 1829 3622; x_wconf 87' lang='lat' dir='ltr'><strong>Qui</strong></span> <span class='ocrx_word' id='word_1_532' title='bbox 1856 3560 2012 3613; x_wconf 89' lang='lat' dir='ltr'><strong>calor</strong></span> 
     </span>
    </p>
   </div>
   <div class='ocr_carea' id='block_1_67' title="bbox 406 3644 2011 3719">
    <p class='ocr_par' dir='ltr' id='par_1_67' title="bbox 406 3644 2011 3719">
     <span class='ocr_line' id='line_1_67' title="bbox 406 3644 2011 3719; baseline 0.004 -24"><span class='ocrx_word' id='word_1_533' title='bbox 406 3646 528 3696; x_wconf 90' lang='lat' dir='ltr'><strong>erat</strong></span> <span class='ocrx_word' id='word_1_534' title='bbox 559 3644 701 3696; x_wconf 87' lang='lat' dir='ltr'><strong>intra</strong></span> <span class='ocrx_word' id='word_1_535' title='bbox 730 3661 815 3697; x_wconf 88' lang='lat' dir='ltr'><strong>me</strong></span> <span class='ocrx_word' id='word_1_536' title='bbox 847 3644 1235 3712; x_wconf 88' lang='lat' dir='ltr'><strong>absconditus,</strong></span> <span class='ocrx_word' id='word_1_537' title='bbox 1280 3662 1411 3700; x_wconf 92' lang='lat' dir='ltr'><strong>cum</strong></span> <span class='ocrx_word' id='word_1_538' title='bbox 1472 3647 1658 3701; x_wconf 88' lang='lat' dir='ltr'><strong>verbis</strong></span> <span class='ocrx_word' id='word_1_539' title='bbox 1707 3649 2011 3719; x_wconf 87' lang='lat' dir='ltr'><strong>propalare</strong></span> 
     </span>
    </p>
   </div>
   <div class='ocr_carea' id='block_1_68' title="bbox 405 3731 2013 3806">
    <p class='ocr_par' dir='ltr' id='par_1_68' title="bbox 405 3731 2013 3806">
     <span class='ocr_line' id='line_1_68' title="bbox 405 3731 2013 3806; baseline 0.002 -22"><span class='ocrx_word' id='word_1_540' title='bbox 405 3747 523 3785; x_wconf 90' lang='lat' dir='ltr'><strong>non</strong></span> <span class='ocrx_word' id='word_1_541' title='bbox 557 3731 854 3787; x_wconf 88' lang='lat' dir='ltr'><strong>auderem.</strong></span> <span class='ocrx_word' id='word_1_542' title='bbox 887 3736 1023 3787; x_wconf 92' lang='lat' dir='ltr'><strong>tunc</strong></span> <span class='ocrx_word' id='word_1_543' title='bbox 1046 3734 1189 3804; x_wconf 69' lang='lat' dir='ltr'><strong>cmpi</strong></span> <span class='ocrx_word' id='word_1_544' title='bbox 1222 3734 1490 3789; x_wconf 89' lang='lat' dir='ltr'><strong>meditari</strong></span> <span class='ocrx_word' id='word_1_545' title='bbox 1514 3735 1669 3806; x_wconf 92' lang='lat' dir='ltr'><strong>quod</strong></span> <span class='ocrx_word' id='word_1_546' title='bbox 1694 3735 1834 3788; x_wconf 89' lang='lat' dir='ltr'><strong>mihi</strong></span> <span class='ocrx_word' id='word_1_547' title='bbox 1864 3735 2013 3788; x_wconf 89' lang='lat' dir='ltr'><strong>face-</strong></span> 
     </span>
    </p>
   </div>
   <div class='ocr_carea' id='block_1_69' title="bbox 404 3819 2012 3893">
    <p class='ocr_par' dir='ltr' id='par_1_69' title="bbox 404 3819 2012 3893">
     <span class='ocr_line' id='line_1_69' title="bbox 404 3819 2012 3893; baseline 0.003 -22"><span class='ocrx_word' id='word_1_548' title='bbox 404 3832 551 3886; x_wconf 88' lang='lat' dir='ltr'><strong>rem,</strong></span> <span class='ocrx_word' id='word_1_549' title='bbox 583 3819 843 3875; x_wconf 87' lang='lat' dir='ltr'><strong>videlicet</strong></span> <span class='ocrx_word' id='word_1_550' title='bbox 874 3838 946 3875; x_wconf 88' lang='lat' dir='ltr'><strong>an</strong></span> <span class='ocrx_word' id='word_1_551' title='bbox 997 3823 1262 3893; x_wconf 91' lang='lat' dir='ltr'><strong>loquerer</strong></span> <span class='ocrx_word' id='word_1_552' title='bbox 1305 3839 1377 3877; x_wconf 89' lang='lat' dir='ltr'><strong>an</strong></span> <span class='ocrx_word' id='word_1_553' title='bbox 1422 3827 1695 3877; x_wconf 90' lang='lat' dir='ltr'><strong>tacerem.</strong></span> <span class='ocrx_word' id='word_1_554' title='bbox 1723 3821 1798 3875; x_wconf 90' lang='lat' dir='ltr'><strong>Et</strong></span> <span class='ocrx_word' id='word_1_555' title='bbox 1829 3826 1885 3876; x_wconf 90' lang='lat' dir='ltr'><strong>in</strong></span> <span class='ocrx_word' id='word_1_556' title='bbox 1914 3823 2012 3876; x_wconf 86' lang='lat' dir='ltr'><strong>illa</strong></span> 
     </span>
    </p>
   </div>
   <div class='ocr_carea' id='block_1_70' title="bbox 400 3905 2011 3980">
    <p class='ocr_par' dir='ltr' id='par_1_70' title="bbox 400 3905 2011 3980">
     <span class='ocr_line' id='line_1_70' title="bbox 400 3905 2011 3980; baseline 0.002 -22"><span class='ocrx_word' id='word_1_557' title='bbox 400 3905 743 3963; x_wconf 80' lang='lat' dir='ltr'><strong>meditatione</strong></span> <span class='ocrx_word' id='word_1_558' title='bbox 755 3926 871 3962; x_wconf 88' lang='lat' dir='ltr'><strong>mea</strong></span> <span class='ocrx_word' id='word_1_559' title='bbox 908 3909 1203 3963; x_wconf 75' lang='lat' dir='ltr'><strong>exardescet</strong></span> <span class='ocrx_word' id='word_1_560' title='bbox 1233 3912 1388 3978; x_wconf 81' lang='lat' dir='ltr'><strong>ignis,</strong></span> <span class='ocrx_word' id='word_1_561' title='bbox 1426 3910 1483 3964; x_wconf 89' lang='lat' dir='ltr'><strong>id</strong></span> <span class='ocrx_word' id='word_1_562' title='bbox 1517 3914 1601 3964; x_wconf 91' lang='lat' dir='ltr'><strong>est</strong></span> <span class='ocrx_word' id='word_1_563' title='bbox 1625 3910 1796 3979; x_wconf 69' lang='lat' dir='ltr'><strong>erepit</strong></span> <span class='ocrx_word' id='word_1_564' title='bbox 1824 3910 2011 3980; x_wconf 89' lang='lat' dir='ltr'><strong>magis</strong></span> 
     </span>
    </p>
   </div>
   <div class='ocr_carea' id='block_1_71' title="bbox 404 3995 2007 4069">
    <p class='ocr_par' dir='ltr' id='par_1_71' title="bbox 404 3995 2007 4069">
     <span class='ocr_line' id='line_1_71' title="bbox 404 3995 2007 4069; baseline 0.002 -22"><span class='ocrx_word' id='word_1_565' title='bbox 404 3996 462 4047; x_wconf 90' lang='lat' dir='ltr'><strong>et</strong></span> <span class='ocrx_word' id='word_1_566' title='bbox 495 3995 679 4065; x_wconf 88' lang='lat' dir='ltr'><strong>magis</strong></span> <span class='ocrx_word' id='word_1_567' title='bbox 704 4012 1029 4051; x_wconf 82' lang='lat' dir='ltr'><strong>exarescere</strong></span> <span class='ocrx_word' id='word_1_568' title='bbox 1054 4014 1219 4051; x_wconf 89' lang='lat' dir='ltr'><strong>amor</strong></span> <span class='ocrx_word' id='word_1_569' title='bbox 1235 4014 1410 4069; x_wconf 80' lang='lat' dir='ltr'><strong>quem</strong></span> <span class='ocrx_word' id='word_1_570' title='bbox 1432 3998 1740 4065; x_wconf 87' lang='lat' dir='ltr'><strong>habebam,</strong></span> <span class='ocrx_word' id='word_1_571' title='bbox 1764 3997 2007 4050; x_wconf 87' lang='lat' dir='ltr'><strong>asimili-</strong></span> 
     </span>
    </p>
   </div>
   <div class='ocr_carea' id='block_1_72' title="bbox 401 4080 1226 4152">
    <p class='ocr_par' dir='ltr' id='par_1_72' title="bbox 401 4080 1226 4152">
     <span class='ocr_line' id='line_1_72' title="bbox 401 4080 1226 4152; baseline 0.007 -20"><span class='ocrx_word' id='word_1_572' title='bbox 401 4080 602 4135; x_wconf 86' lang='lat' dir='ltr'><strong>tudine</strong></span> <span class='ocrx_word' id='word_1_573' title='bbox 618 4081 768 4152; x_wconf 84' lang='lat' dir='ltr'><strong>ignis</strong></span> <span class='ocrx_word' id='word_1_574' title='bbox 788 4084 1226 4152; x_wconf 84' lang='lat' dir='ltr'><strong>exardescentis,</strong></span> 
     </span>
    </p>
   </div>
   <div class='ocr_carea' id='block_1_73' title="bbox 477 4168 2009 4244">
    <p class='ocr_par' dir='ltr' id='par_1_73' title="bbox 477 4168 2009 4244">
     <span class='ocr_line' id='line_1_73' title="bbox 477 4168 2009 4244; baseline 0.002 -22"><span class='ocrx_word' id='word_1_575' title='bbox 477 4168 761 4232; x_wconf 85' lang='lat' dir='ltr'><strong>Quoniam</strong></span> <span class='ocrx_word' id='word_1_576' title='bbox 786 4175 984 4225; x_wconf 90' lang='lat' dir='ltr'><strong>autem</strong></span> <span class='ocrx_word' id='word_1_577' title='bbox 1014 4171 1368 4227; x_wconf 83' lang='lat' dir='ltr'><strong>insufficiens</strong></span> <span class='ocrx_word' id='word_1_578' title='bbox 1398 4172 1483 4227; x_wconf 89' lang='lat' dir='ltr'><strong>sui</strong></span> <span class='ocrx_word' id='word_1_579' title='bbox 1518 4172 1841 4244; x_wconf 90' lang='lat' dir='ltr'><strong>disponere,</strong></span> <span class='ocrx_word' id='word_1_580' title='bbox 1870 4171 2009 4243; x_wconf 92' lang='lat' dir='ltr'><strong>quid</strong></span> 
     </span>
    </p>
   </div>
   <div class='ocr_carea' id='block_1_74' title="bbox 404 4255 2009 4329">
    <p class='ocr_par' dir='ltr' id='par_1_74' title="bbox 404 4255 2009 4329">
     <span class='ocr_line' id='line_1_74' title="bbox 404 4255 2009 4329; baseline 0.004 -20"><span class='ocrx_word' id='word_1_581' title='bbox 404 4255 546 4310; x_wconf 89' lang='lat' dir='ltr'><strong>mihi</strong></span> <span class='ocrx_word' id='word_1_582' title='bbox 575 4258 867 4329; x_wconf 89' lang='lat' dir='ltr'><strong>agendum</strong></span> <span class='ocrx_word' id='word_1_583' title='bbox 886 4262 1054 4328; x_wconf 88' lang='lat' dir='ltr'><strong>esset,</strong></span> <span class='ocrx_word' id='word_1_584' title='bbox 1091 4260 1291 4314; x_wconf 79' lang='lat' dir='ltr'><strong>locutus</strong></span> <span class='ocrx_word' id='word_1_585' title='bbox 1314 4278 1431 4313; x_wconf 84' lang='lat' dir='ltr'><strong>sum</strong></span> <span class='ocrx_word' id='word_1_586' title='bbox 1461 4261 1680 4315; x_wconf 86' lang='lat' dir='ltr'><strong>orando</strong></span> <span class='ocrx_word' id='word_1_587' title='bbox 1705 4263 1906 4315; x_wconf 90' lang='lat' dir='ltr'><strong>Deum.</strong></span> <span class='ocrx_word' id='word_1_588' title='bbox 1938 4259 2009 4315; x_wconf 78' lang='lat' dir='ltr'><strong>In</strong></span> 
     </span>
    </p>
   </div>
   <div class='ocr_carea' id='block_1_75' title="bbox 2109 3108 3714 3181">
    <p class='ocr_par' dir='ltr' id='par_1_75' title="bbox 2109 3108 3714 3181">
     <span class='ocr_line' id='line_1_75' title="bbox 2109 3108 3714 3181; baseline -0.002 -17"><span class='ocrx_word' id='word_1_589' title='bbox 2109 3112 2336 3165; x_wconf 81' lang='lat' dir='ltr'><strong>nihilum</strong></span> <span class='ocrx_word' id='word_1_590' title='bbox 2368 3116 2453 3166; x_wconf 90' lang='lat' dir='ltr'><strong>est</strong></span> <span class='ocrx_word' id='word_1_591' title='bbox 2483 3119 2605 3165; x_wconf 87' lang='lat' dir='ltr'><strong>ante</strong></span> <span class='ocrx_word' id='word_1_592' title='bbox 2632 3118 2679 3164; x_wconf 88' lang='lat' dir='ltr'><strong>te</strong></span> <span class='ocrx_word' id='word_1_593' title='bbox 2702 3113 3058 3181; x_wconf 85' lang='lat' dir='ltr'><strong>comparata,</strong></span> <span class='ocrx_word' id='word_1_594' title='bbox 3095 3110 3153 3163; x_wconf 92' lang='lat' dir='ltr'><strong>id</strong></span> <span class='ocrx_word' id='word_1_595' title='bbox 3178 3112 3263 3163; x_wconf 90' lang='lat' dir='ltr'><strong>est</strong></span> <span class='ocrx_word' id='word_1_596' title='bbox 3285 3108 3357 3161; x_wconf 89' lang='lat' dir='ltr'><strong>ad</strong></span> <span class='ocrx_word' id='word_1_597' title='bbox 3389 3110 3714 3177; x_wconf 84' lang='lat' dir='ltr'><strong>respectum</strong></span> 
     </span>
    </p>
   </div>
   <div class='ocr_carea' id='block_1_76' title="bbox 2111 3195 3715 3271">
    <p class='ocr_par' dir='ltr' id='par_1_76' title="bbox 2111 3195 3715 3271">
     <span class='ocr_line' id='line_1_76' title="bbox 2111 3195 3715 3271; baseline -0.004 -17"><span class='ocrx_word' id='word_1_598' title='bbox 2111 3199 2259 3254; x_wconf 91' lang='lat' dir='ltr'><strong>illius</strong></span> <span class='ocrx_word' id='word_1_599' title='bbox 2291 3199 2618 3253; x_wconf 69' lang='lat' dir='ltr'><strong>substantias</strong></span> <span class='ocrx_word' id='word_1_600' title='bbox 2650 3216 2777 3271; x_wconf 70' lang='lat' dir='ltr'><strong>quin</strong></span> <span class='ocrx_word' id='word_1_601' title='bbox 2800 3199 2991 3252; x_wconf 89' lang='lat' dir='ltr'><strong>futura</strong></span> <span class='ocrx_word' id='word_1_602' title='bbox 3006 3201 3092 3251; x_wconf 86' lang='lat' dir='ltr'><strong>est</strong></span> <span class='ocrx_word' id='word_1_603' title='bbox 3120 3199 3252 3250; x_wconf 90' lang='lat' dir='ltr'><strong>ante</strong></span> <span class='ocrx_word' id='word_1_604' title='bbox 3277 3199 3356 3262; x_wconf 89' lang='lat' dir='ltr'><strong>te,</strong></span> <span class='ocrx_word' id='word_1_605' title='bbox 3388 3195 3448 3248; x_wconf 91' lang='lat' dir='ltr'><strong>id</strong></span> <span class='ocrx_word' id='word_1_606' title='bbox 3476 3198 3562 3247; x_wconf 88' lang='lat' dir='ltr'><strong>est</strong></span> <span class='ocrx_word' id='word_1_607' title='bbox 3584 3211 3715 3248; x_wconf 91' lang='lat' dir='ltr'><strong>cum</strong></span> 
     </span>
    </p>
   </div>
   <div class='ocr_carea' id='block_1_77' title="bbox 2112 3282 3715 3359">
    <p class='ocr_par' dir='ltr' id='par_1_77' title="bbox 2112 3282 3715 3359">
     <span class='ocr_line' id='line_1_77' title="bbox 2112 3282 3715 3359; baseline 0 -18"><span class='ocrx_word' id='word_1_608' title='bbox 2112 3304 2210 3341; x_wconf 91' lang='lat' dir='ltr'><strong>ero</strong></span> <span class='ocrx_word' id='word_1_609' title='bbox 2237 3287 2294 3341; x_wconf 93' lang='lat' dir='ltr'><strong>in</strong></span> <span class='ocrx_word' id='word_1_610' title='bbox 2333 3287 2636 3357; x_wconf 67' lang='lat' dir='ltr'><strong>praesentia</strong></span> <span class='ocrx_word' id='word_1_611' title='bbox 2676 3287 2758 3340; x_wconf 89' lang='lat' dir='ltr'><strong>tui</strong></span> <span class='ocrx_word' id='word_1_612' title='bbox 2798 3286 2857 3339; x_wconf 91' lang='lat' dir='ltr'><strong>in</strong></span> <span class='ocrx_word' id='word_1_613' title='bbox 2898 3286 3090 3339; x_wconf 87' lang='lat' dir='ltr'><strong>futuro</strong></span> <span class='ocrx_word' id='word_1_614' title='bbox 3115 3303 3130 3341; x_wconf 86' lang='lat'><strong>:</strong></span> <span class='ocrx_word' id='word_1_615' title='bbox 3158 3286 3241 3343; x_wconf 80' lang='lat' dir='ltr'><strong>vel</strong></span> <span class='ocrx_word' id='word_1_616' title='bbox 3277 3282 3715 3359; x_wconf 70' lang='lat' dir='ltr'><strong>sisi-Tanquam</strong></span> 
     </span>
    </p>
   </div>
   <div class='ocr_carea' id='block_1_78' title="bbox 2114 3377 3716 3449">
    <p class='ocr_par' dir='ltr' id='par_1_78' title="bbox 2114 3377 3716 3449">
     <span class='ocr_line' id='line_1_78' title="bbox 2114 3377 3716 3449; baseline -0.001 -17"><span class='ocrx_word' id='word_1_617' title='bbox 2114 3378 2356 3432; x_wconf 77' lang='lat' dir='ltr'><strong>nihilum</strong></span> <span class='ocrx_word' id='word_1_618' title='bbox 2389 3381 2473 3431; x_wconf 90' lang='lat' dir='ltr'><strong>est</strong></span> <span class='ocrx_word' id='word_1_619' title='bbox 2512 3383 2645 3433; x_wconf 89' lang='lat' dir='ltr'><strong>ante</strong></span> <span class='ocrx_word' id='word_1_620' title='bbox 2672 3381 2727 3432; x_wconf 90' lang='lat' dir='ltr'><strong>te</strong></span> <span class='ocrx_word' id='word_1_621' title='bbox 2762 3382 3117 3449; x_wconf 86' lang='lat' dir='ltr'><strong>comparata,</strong></span> <span class='ocrx_word' id='word_1_622' title='bbox 3148 3378 3207 3432; x_wconf 91' lang='lat' dir='ltr'><strong>id</strong></span> <span class='ocrx_word' id='word_1_623' title='bbox 3231 3381 3316 3432; x_wconf 88' lang='lat' dir='ltr'><strong>est</strong></span> <span class='ocrx_word' id='word_1_624' title='bbox 3346 3377 3419 3431; x_wconf 90' lang='lat' dir='ltr'><strong>ad</strong></span> <span class='ocrx_word' id='word_1_625' title='bbox 3446 3377 3526 3431; x_wconf 90' lang='lat' dir='ltr'><strong>tui</strong></span> <span class='ocrx_word' id='word_1_626' title='bbox 3555 3393 3716 3430; x_wconf 91' lang='lat' dir='ltr'><strong>com-</strong></span> 
     </span>
    </p>
   </div>
   <div class='ocr_carea' id='block_1_79' title="bbox 2111 3465 3719 3536">
    <p class='ocr_par' dir='ltr' id='par_1_79' title="bbox 2111 3465 3719 3536">
     <span class='ocr_line' id='line_1_79' title="bbox 2111 3465 3719 3536; baseline -0.001 -17"><span class='ocrx_word' id='word_1_627' title='bbox 2111 3467 2497 3536; x_wconf 87' lang='lat' dir='ltr'><strong>parationem,</strong></span> <span class='ocrx_word' id='word_1_628' title='bbox 2530 3466 2603 3520; x_wconf 83' lang='lat' dir='ltr'><strong>ad</strong></span> <span class='ocrx_word' id='word_1_629' title='bbox 2632 3467 2791 3532; x_wconf 77' lang='lat' dir='ltr'><strong>cujus</strong></span> <span class='ocrx_word' id='word_1_630' title='bbox 2816 3467 3285 3521; x_wconf 85' lang='lat' dir='ltr'><strong>conformitatem</strong></span> <span class='ocrx_word' id='word_1_631' title='bbox 3316 3465 3719 3535; x_wconf 86' lang='lat' dir='ltr'><strong>attingendam</strong></span> 
     </span>
    </p>
   </div>
   <div class='ocr_carea' id='block_1_80' title="bbox 2113 3552 3720 3625">
    <p class='ocr_par' dir='ltr' id='par_1_80' title="bbox 2113 3552 3720 3625">
     <span class='ocr_line' id='line_1_80' title="bbox 2113 3552 3720 3625; baseline -0.001 -19"><span class='ocrx_word' id='word_1_632' title='bbox 2113 3553 2331 3625; x_wconf 91' lang='lat' dir='ltr'><strong>suspiro</strong></span> <span class='ocrx_word' id='word_1_633' title='bbox 2358 3555 2475 3623; x_wconf 89' lang='lat' dir='ltr'><strong>;vel</strong></span> <span class='ocrx_word' id='word_1_634' title='bbox 2511 3554 2587 3608; x_wconf 90' lang='lat' dir='ltr'><strong>sic</strong></span> <span class='ocrx_word' id='word_1_635' title='bbox 2613 3571 2625 3608; x_wconf 92' lang='lat'><strong>:</strong></span> <span class='ocrx_word' id='word_1_636' title='bbox 2660 3555 2955 3625; x_wconf 63' lang='lat' dir='ltr'><strong>Tanquam</strong></span> <span class='ocrx_word' id='word_1_637' title='bbox 2974 3554 3217 3611; x_wconf 88' lang='lat' dir='ltr'><strong>nihilum</strong></span> <span class='ocrx_word' id='word_1_638' title='bbox 3249 3556 3334 3607; x_wconf 88' lang='lat' dir='ltr'><strong>est</strong></span> <span class='ocrx_word' id='word_1_639' title='bbox 3362 3556 3519 3619; x_wconf 88' lang='lat' dir='ltr'><strong>ante,</strong></span> <span class='ocrx_word' id='word_1_640' title='bbox 3552 3552 3609 3606; x_wconf 91' lang='lat' dir='ltr'><strong>id</strong></span> <span class='ocrx_word' id='word_1_641' title='bbox 3632 3556 3720 3605; x_wconf 88' lang='lat' dir='ltr'><strong>est</strong></span> 
     </span>
    </p>
   </div>
   <div class='ocr_carea' id='block_1_81' title="bbox 2110 3643 3719 3714">
    <p class='ocr_par' dir='ltr' id='par_1_81' title="bbox 2110 3643 3719 3714">
     <span class='ocr_line' id='line_1_81' title="bbox 2110 3643 3719 3714; baseline -0.001 -19"><span class='ocrx_word' id='word_1_642' title='bbox 2110 3646 2409 3713; x_wconf 87' lang='lat' dir='ltr'><strong>reputatur</strong></span> <span class='ocrx_word' id='word_1_643' title='bbox 2440 3643 2500 3696; x_wconf 90' lang='lat' dir='ltr'><strong>in</strong></span> <span class='ocrx_word' id='word_1_644' title='bbox 2549 3647 2742 3697; x_wconf 87' lang='lat' dir='ltr'><strong>mente</strong></span> <span class='ocrx_word' id='word_1_645' title='bbox 2792 3660 2942 3707; x_wconf 88' lang='lat' dir='ltr'><strong>mea,</strong></span> <span class='ocrx_word' id='word_1_646' title='bbox 2993 3658 3120 3714; x_wconf 67' lang='lat' dir='ltr'><strong>quae</strong></span> <span class='ocrx_word' id='word_1_647' title='bbox 3178 3646 3262 3696; x_wconf 90' lang='lat' dir='ltr'><strong>est</strong></span> <span class='ocrx_word' id='word_1_648' title='bbox 3292 3645 3424 3696; x_wconf 89' lang='lat' dir='ltr'><strong>ante</strong></span> <span class='ocrx_word' id='word_1_649' title='bbox 3455 3644 3512 3695; x_wconf 88' lang='lat' dir='ltr'><strong>te</strong></span> <span class='ocrx_word' id='word_1_650' title='bbox 3539 3655 3719 3712; x_wconf 88' lang='lat' dir='ltr'><strong>quam</strong></span> 
     </span>
    </p>
   </div>
   <div class='ocr_carea' id='block_1_82' title="bbox 2110 3729 3717 3800">
    <p class='ocr_par' dir='ltr' id='par_1_82' title="bbox 2110 3729 3717 3800">
     <span class='ocr_line' id='line_1_82' title="bbox 2110 3729 3717 3800; baseline -0.001 -16"><span class='ocrx_word' id='word_1_651' title='bbox 2110 3732 2261 3785; x_wconf 89' lang='lat' dir='ltr'><strong>solus</strong></span> <span class='ocrx_word' id='word_1_652' title='bbox 2292 3731 2464 3787; x_wconf 90' lang='lat' dir='ltr'><strong>vides.</strong></span> <span class='ocrx_word' id='word_1_653' title='bbox 2499 3732 2650 3784; x_wconf 89' lang='lat' dir='ltr'><strong>Bene</strong></span> <span class='ocrx_word' id='word_1_654' title='bbox 2676 3746 2809 3785; x_wconf 88' lang='lat' dir='ltr'><strong>vero</strong></span> <span class='ocrx_word' id='word_1_655' title='bbox 2838 3731 3020 3800; x_wconf 90' lang='lat' dir='ltr'><strong>ponit,</strong></span> <span class='ocrx_word' id='word_1_656' title='bbox 3054 3747 3170 3784; x_wconf 92' lang='lat' dir='ltr'><strong>non</strong></span> <span class='ocrx_word' id='word_1_657' title='bbox 3197 3729 3569 3795; x_wconf 89' lang='lat' dir='ltr'><strong>nihilum,sed</strong></span> <span class='ocrx_word' id='word_1_658' title='bbox 3589 3732 3717 3783; x_wconf 83' lang='lat' dir='ltr'><strong>tan-</strong></span> 
     </span>
    </p>
   </div>
   <div class='ocr_carea' id='block_1_83' title="bbox 2110 3817 3716 3888">
    <p class='ocr_par' dir='ltr' id='par_1_83' title="bbox 2110 3817 3716 3888">
     <span class='ocr_line' id='line_1_83' title="bbox 2110 3817 3716 3888; baseline -0.001 -17"><span class='ocrx_word' id='word_1_659' title='bbox 2110 3835 2272 3888; x_wconf 85' lang='lat' dir='ltr'><strong>quam</strong></span> <span class='ocrx_word' id='word_1_660' title='bbox 2312 3819 2558 3872; x_wconf 87' lang='lat' dir='ltr'><strong>nihilum.</strong></span> <span class='ocrx_word' id='word_1_661' title='bbox 2592 3818 2738 3872; x_wconf 85' lang='lat' dir='ltr'><strong>Nihil</strong></span> <span class='ocrx_word' id='word_1_662' title='bbox 2793 3818 2947 3871; x_wconf 90' lang='lat' dir='ltr'><strong>enim</strong></span> <span class='ocrx_word' id='word_1_663' title='bbox 2983 3834 3099 3871; x_wconf 92' lang='lat' dir='ltr'><strong>non</strong></span> <span class='ocrx_word' id='word_1_664' title='bbox 3147 3820 3232 3871; x_wconf 87' lang='lat' dir='ltr'><strong>est</strong></span> <span class='ocrx_word' id='word_1_665' title='bbox 3261 3835 3272 3871; x_wconf 95' lang='lat'><strong>:</strong></span> <span class='ocrx_word' id='word_1_666' title='bbox 3308 3817 3408 3871; x_wconf 91' lang='lat' dir='ltr'><strong>sed</strong></span> <span class='ocrx_word' id='word_1_667' title='bbox 3438 3820 3716 3888; x_wconf 88' lang='lat' dir='ltr'><strong>tanquam</strong></span> 
     </span>
    </p>
   </div>
   <div class='ocr_carea' id='block_1_84' title="bbox 2111 3904 3716 3972">
    <p class='ocr_par' dir='ltr' id='par_1_84' title="bbox 2111 3904 3716 3972">
     <span class='ocr_line' id='line_1_84' title="bbox 2111 3904 3716 3972; baseline -0.001 -13"><span class='ocrx_word' id='word_1_668' title='bbox 2111 3907 2378 3972; x_wconf 89' lang='lat' dir='ltr'><strong>nihilum,</strong></span> <span class='ocrx_word' id='word_1_669' title='bbox 2412 3906 2468 3960; x_wconf 92' lang='lat' dir='ltr'><strong>id</strong></span> <span class='ocrx_word' id='word_1_670' title='bbox 2492 3909 2576 3961; x_wconf 90' lang='lat' dir='ltr'><strong>est</strong></span> <span class='ocrx_word' id='word_1_671' title='bbox 2608 3906 2968 3972; x_wconf 82' lang='lat' dir='ltr'><strong>defectibilis,</strong></span> <span class='ocrx_word' id='word_1_672' title='bbox 3020 3905 3163 3959; x_wconf 89' lang='lat' dir='ltr'><strong>adeo</strong></span> <span class='ocrx_word' id='word_1_673' title='bbox 3210 3909 3272 3958; x_wconf 90' lang='lat' dir='ltr'><strong>ut</strong></span> <span class='ocrx_word' id='word_1_674' title='bbox 3312 3904 3572 3959; x_wconf 87' lang='lat' dir='ltr'><strong>videatur</strong></span> <span class='ocrx_word' id='word_1_675' title='bbox 3594 3905 3716 3958; x_wconf 85' lang='lat' dir='ltr'><strong>fere</strong></span> 
     </span>
    </p>
   </div>
   <div class='ocr_carea' id='block_1_85' title="bbox 2109 3992 3718 4067">
    <p class='ocr_par' dir='ltr' id='par_1_85' title="bbox 2109 3992 3718 4067">
     <span class='ocr_line' id='line_1_85' title="bbox 2109 3992 3718 4067; baseline -0.001 -21"><span class='ocrx_word' id='word_1_676' title='bbox 2109 3993 2294 4064; x_wconf 85' lang='lat' dir='ltr'><strong>redigi</strong></span> <span class='ocrx_word' id='word_1_677' title='bbox 2316 3993 2373 4047; x_wconf 91' lang='lat' dir='ltr'><strong>in</strong></span> <span class='ocrx_word' id='word_1_678' title='bbox 2405 3994 2647 4067; x_wconf 85' lang='lat' dir='ltr'><strong>nihilum</strong></span> <span class='ocrx_word' id='word_1_679' title='bbox 2672 3993 2996 4060; x_wconf 91' lang='lat' dir='ltr'><strong>moriendo,</strong></span> <span class='ocrx_word' id='word_1_680' title='bbox 3032 3996 3315 4064; x_wconf 89' lang='lat' dir='ltr'><strong>quatenus</strong></span> <span class='ocrx_word' id='word_1_681' title='bbox 3334 3992 3391 4046; x_wconf 89' lang='lat' dir='ltr'><strong>in</strong></span> <span class='ocrx_word' id='word_1_682' title='bbox 3423 3992 3718 4062; x_wconf 88' lang='lat' dir='ltr'><strong>hocappa-</strong></span> 
     </span>
    </p>
   </div>
   <div class='ocr_carea' id='block_1_86' title="bbox 2110 4081 3716 4152">
    <p class='ocr_par' dir='ltr' id='par_1_86' title="bbox 2110 4081 3716 4152">
     <span class='ocr_line' id='line_1_86' title="bbox 2110 4081 3716 4152; baseline 0.001 -19"><span class='ocrx_word' id='word_1_683' title='bbox 2110 4084 2235 4134; x_wconf 89' lang='lat' dir='ltr'><strong>reat</strong></span> <span class='ocrx_word' id='word_1_684' title='bbox 2257 4082 2411 4152; x_wconf 89' lang='lat' dir='ltr'><strong>quod</strong></span> <span class='ocrx_word' id='word_1_685' title='bbox 2438 4098 2504 4135; x_wconf 84' lang='lat' dir='ltr'><strong>ex</strong></span> <span class='ocrx_word' id='word_1_686' title='bbox 2536 4081 2715 4135; x_wconf 91' lang='lat' dir='ltr'><strong>nihilo</strong></span> <span class='ocrx_word' id='word_1_687' title='bbox 2744 4098 2776 4135; x_wconf 88' lang='lat' dir='ltr'><strong>a</strong></span> <span class='ocrx_word' id='word_1_688' title='bbox 2798 4084 2912 4137; x_wconf 84' lang='lat' dir='ltr'><strong>Deo</strong></span> <span class='ocrx_word' id='word_1_689' title='bbox 2936 4082 3188 4137; x_wconf 88' lang='lat' dir='ltr'><strong>factasit.</strong></span> <span class='ocrx_word' id='word_1_690' title='bbox 3219 4081 3431 4137; x_wconf 92' lang='lat' dir='ltr'><strong>Omnia</strong></span> <span class='ocrx_word' id='word_1_691' title='bbox 3462 4097 3716 4151; x_wconf 89' lang='lat' dir='ltr'><strong>namque</strong></span> 
     </span>
    </p>
   </div>
   <div class='ocr_carea' id='block_1_87' title="bbox 2108 4169 3713 4242">
    <p class='ocr_par' dir='ltr' id='par_1_87' title="bbox 2108 4169 3713 4242">
     <span class='ocr_line' id='line_1_87' title="bbox 2108 4169 3713 4242; baseline -0.001 -19"><span class='ocrx_word' id='word_1_692' title='bbox 2108 4170 2245 4223; x_wconf 87' lang='lat' dir='ltr'><strong>fecit</strong></span> <span class='ocrx_word' id='word_1_693' title='bbox 2265 4172 2492 4225; x_wconf 84' lang='lat' dir='ltr'><strong>Deusex</strong></span> <span class='ocrx_word' id='word_1_694' title='bbox 2513 4170 2711 4225; x_wconf 90' lang='lat' dir='ltr'><strong>nihilo.</strong></span> <span class='ocrx_word' id='word_1_695' title='bbox 2740 4171 2873 4225; x_wconf 92' lang='lat' dir='ltr'><strong>Dico</strong></span> <span class='ocrx_word' id='word_1_696' title='bbox 2904 4172 3058 4242; x_wconf 91' lang='lat' dir='ltr'><strong>quod</strong></span> <span class='ocrx_word' id='word_1_697' title='bbox 3105 4171 3226 4225; x_wconf 89' lang='lat' dir='ltr'><strong>dies</strong></span> <span class='ocrx_word' id='word_1_698' title='bbox 3264 4169 3442 4225; x_wconf 90' lang='lat' dir='ltr'><strong>nostri</strong></span> <span class='ocrx_word' id='word_1_699' title='bbox 3482 4185 3713 4224; x_wconf 88' lang='lat' dir='ltr'><strong>mensu-</strong></span> 
     </span>
    </p>
   </div>
   <div class='ocr_carea' id='block_1_88' title="bbox 2108 4257 3711 4330">
    <p class='ocr_par' dir='ltr' id='par_1_88' title="bbox 2108 4257 3711 4330">
     <span class='ocr_line' id='line_1_88' title="bbox 2108 4257 3711 4330; baseline -0.001 -18"><span class='ocrx_word' id='word_1_700' title='bbox 2108 4257 2315 4312; x_wconf 87' lang='lat' dir='ltr'><strong>rabiles</strong></span> <span class='ocrx_word' id='word_1_701' title='bbox 2346 4261 2496 4323; x_wconf 89' lang='lat' dir='ltr'><strong>sunt,</strong></span> <span class='ocrx_word' id='word_1_702' title='bbox 2514 4257 2899 4312; x_wconf 85' lang='lat' dir='ltr'><strong>etsubstantia</strong></span> <span class='ocrx_word' id='word_1_703' title='bbox 2928 4262 3122 4313; x_wconf 87' lang='lat' dir='ltr'><strong>nostra</strong></span> <span class='ocrx_word' id='word_1_704' title='bbox 3142 4263 3417 4330; x_wconf 89' lang='lat' dir='ltr'><strong>tanquam</strong></span> <span class='ocrx_word' id='word_1_705' title='bbox 3449 4258 3711 4313; x_wconf 88' lang='lat' dir='ltr'><strong>nihilum.</strong></span> 
     </span>
    </p>
   </div>
   <div class='ocr_carea' id='block_1_89' title="bbox 402 4342 3714 4420">
    <p class='ocr_par' dir='ltr' id='par_1_89' title="bbox 402 4342 3714 4420">
     <span class='ocr_line' id='line_1_89' title="bbox 402 4342 3714 4420; baseline 0.001 -24"><span class='ocrx_word' id='word_1_706' title='bbox 402 4343 586 4413; x_wconf 87' lang='lat' dir='ltr'><strong>lingua</strong></span> <span class='ocrx_word' id='word_1_707' title='bbox 616 4345 831 4411; x_wconf 89' lang='lat' dir='ltr'><strong>mea,id</strong></span> <span class='ocrx_word' id='word_1_708' title='bbox 860 4350 944 4400; x_wconf 90' lang='lat' dir='ltr'><strong>est</strong></span> <span class='ocrx_word' id='word_1_709' title='bbox 966 4346 1023 4400; x_wconf 93' lang='lat' dir='ltr'>in</span> <span class='ocrx_word' id='word_1_710' title='bbox 1056 4348 1155 4402; x_wconf 90' lang='lat' dir='ltr'><strong>tali</strong></span> <span class='ocrx_word' id='word_1_711' title='bbox 1182 4348 1399 4420; x_wconf 83' lang='lat' dir='ltr'><strong>lingua,</strong></span> <span class='ocrx_word' id='word_1_712' title='bbox 1421 4349 1571 4419; x_wconf 91' lang='lat' dir='ltr'><strong>quali</strong></span> <span class='ocrx_word' id='word_1_713' title='bbox 1603 4349 1756 4403; x_wconf 92' lang='lat' dir='ltr'><strong>soleo</strong></span> <span class='ocrx_word' id='word_1_714' title='bbox 1784 4349 2007 4404; x_wconf 88' lang='lat' dir='ltr'><strong>orando</strong></span> <span class='ocrx_word' id='word_1_715' title='bbox 2033 4342 2085 4400; x_wconf 90' lang='lat' dir='ltr'><strong>D</strong></span> <span class='ocrx_word' id='word_1_716' title='bbox 2120 4346 2495 4400; x_wconf 85' lang='lat' dir='ltr'><strong>Verumtamen</strong></span> <span class='ocrx_word' id='word_1_717' title='bbox 2524 4344 2658 4399; x_wconf 90' lang='lat' dir='ltr'><strong>licet</strong></span> <span class='ocrx_word' id='word_1_718' title='bbox 2700 4346 2807 4400; x_wconf 91' lang='lat' dir='ltr'><strong>hoc</strong></span> <span class='ocrx_word' id='word_1_719' title='bbox 2866 4346 2956 4413; x_wconf 90' lang='lat' dir='ltr'><strong>sit,</strong></span> <span class='ocrx_word' id='word_1_720' title='bbox 2997 4349 3164 4400; x_wconf 86' lang='lat' dir='ltr'><strong>omnis</strong></span> <span class='ocrx_word' id='word_1_721' title='bbox 3222 4349 3396 4400; x_wconf 83' lang='lat' dir='ltr'><strong>vivens</strong></span> <span class='ocrx_word' id='word_1_722' title='bbox 3421 4348 3574 4400; x_wconf 89' lang='lat' dir='ltr'><strong>homo</strong></span> <span class='ocrx_word' id='word_1_723' title='bbox 3598 4363 3714 4401; x_wconf 89' lang='lat' dir='ltr'><strong>non</strong></span> 
     </span>
    </p>
   </div>
   <div class='ocr_carea' id='block_1_90' title="bbox 400 4431 2010 4507">
    <p class='ocr_par' dir='ltr' id='par_1_90' title="bbox 400 4431 2010 4507">
     <span class='ocr_line' id='line_1_90' title="bbox 400 4431 2010 4507; baseline 0.004 -22"><span class='ocrx_word' id='word_1_724' title='bbox 400 4431 579 4503; x_wconf 90' lang='lat' dir='ltr'><strong>loqui,</strong></span> <span class='ocrx_word' id='word_1_725' title='bbox 607 4434 937 4488; x_wconf 84' lang='lat' dir='ltr'><strong>rationabili</strong></span> <span class='ocrx_word' id='word_1_726' title='bbox 974 4435 1207 4502; x_wconf 90' lang='lat' dir='ltr'><strong>scilicet,</strong></span> <span class='ocrx_word' id='word_1_727' title='bbox 1260 4439 1317 4489; x_wconf 89' lang='lat' dir='ltr'><strong>et</strong></span> <span class='ocrx_word' id='word_1_728' title='bbox 1343 4440 1740 4507; x_wconf 90' lang='lat' dir='ltr'><strong>competenter</strong></span> <span class='ocrx_word' id='word_1_729' title='bbox 1786 4440 2010 4504; x_wconf 88' lang='lat' dir='ltr'><strong>orante,</strong></span> 
     </span>
    </p>
   </div>
   <div class='ocr_carea' id='block_1_91' title="bbox 403 4519 2015 4595">
    <p class='ocr_par' dir='ltr' id='par_1_91' title="bbox 403 4519 2015 4595">
     <span class='ocr_line' id='line_1_91' title="bbox 403 4519 2015 4595; baseline 0.005 -23"><span class='ocrx_word' id='word_1_730' title='bbox 403 4519 465 4572; x_wconf 92' lang='lat' dir='ltr'><strong>in</strong></span> <span class='ocrx_word' id='word_1_731' title='bbox 500 4519 701 4591; x_wconf 86' lang='lat' dir='ltr'><strong>lingua</strong></span> <span class='ocrx_word' id='word_1_732' title='bbox 733 4522 918 4576; x_wconf 91' lang='lat' dir='ltr'><strong>cordis</strong></span> <span class='ocrx_word' id='word_1_733' title='bbox 945 4522 1178 4590; x_wconf 88' lang='lat' dir='ltr'><strong>scilicet,</strong></span> <span class='ocrx_word' id='word_1_734' title='bbox 1208 4523 1371 4578; x_wconf 91' lang='lat' dir='ltr'><strong>velin</strong></span> <span class='ocrx_word' id='word_1_735' title='bbox 1404 4524 1602 4595; x_wconf 85' lang='lat' dir='ltr'><strong>lingua</strong></span> <span class='ocrx_word' id='word_1_736' title='bbox 1631 4525 1905 4595; x_wconf 91' lang='lat' dir='ltr'><strong>corporis.</strong></span> <span class='ocrx_word' id='word_1_737' title='bbox 1923 4525 2015 4580; x_wconf 92' lang='lat' dir='ltr'><strong>Sic</strong></span> 
     </span>
    </p>
   </div>
   <div class='ocr_carea' id='block_1_92' title="bbox 402 4606 2013 4684">
    <p class='ocr_par' dir='ltr' id='par_1_92' title="bbox 402 4606 2013 4684">
     <span class='ocr_line' id='line_1_92' title="bbox 402 4606 2013 4684; baseline 0.006 -24"><span class='ocrx_word' id='word_1_738' title='bbox 402 4606 669 4663; x_wconf 89' lang='lat' dir='ltr'><strong>videlicet</strong></span> <span class='ocrx_word' id='word_1_739' title='bbox 688 4609 909 4665; x_wconf 88' lang='lat' dir='ltr'><strong>locutus</strong></span> <span class='ocrx_word' id='word_1_740' title='bbox 939 4629 1067 4666; x_wconf 90' lang='lat' dir='ltr'><strong>sum</strong></span> <span class='ocrx_word' id='word_1_741' title='bbox 1093 4628 1106 4667; x_wconf 92' lang='lat'><strong>:</strong></span> <span class='ocrx_word' id='word_1_742' title='bbox 1138 4612 1345 4667; x_wconf 91' lang='lat' dir='ltr'><strong>Notum</strong></span> <span class='ocrx_word' id='word_1_743' title='bbox 1374 4613 1467 4684; x_wconf 86' lang='lat' dir='ltr'><strong>fac</strong></span> <span class='ocrx_word' id='word_1_744' title='bbox 1490 4615 1642 4681; x_wconf 90' lang='lat' dir='ltr'><strong>mihi,</strong></span> <span class='ocrx_word' id='word_1_745' title='bbox 1660 4613 1906 4681; x_wconf 90' lang='lat' dir='ltr'><strong>Domine,</strong></span> <span class='ocrx_word' id='word_1_746' title='bbox 1927 4615 2013 4669; x_wconf 88' lang='lat' dir='ltr'><strong>di-</strong></span> 
     </span>
    </p>
   </div>
   <div class='ocr_carea' id='block_1_93' title="bbox 401 4694 2012 4773">
    <p class='ocr_par' dir='ltr' id='par_1_93' title="bbox 401 4694 2012 4773">
     <span class='ocr_line' id='line_1_93' title="bbox 401 4694 2012 4773; baseline 0.005 -24"><span class='ocrx_word' id='word_1_747' title='bbox 401 4694 609 4751; x_wconf 91' lang='lat' dir='ltr'><strong>vinitus</strong></span> <span class='ocrx_word' id='word_1_748' title='bbox 626 4695 981 4768; x_wconf 90' lang='lat' dir='ltr'><strong>inspirando,</strong></span> <span class='ocrx_word' id='word_1_749' title='bbox 1006 4701 1165 4769; x_wconf 75' lang='lat' dir='ltr'><strong>ﬁnem</strong></span> <span class='ocrx_word' id='word_1_750' title='bbox 1188 4719 1383 4769; x_wconf 87' lang='lat' dir='ltr'><strong>meum,</strong></span> <span class='ocrx_word' id='word_1_751' title='bbox 1407 4701 1461 4756; x_wconf 91' lang='lat' dir='ltr'><strong>id</strong></span> <span class='ocrx_word' id='word_1_752' title='bbox 1480 4706 1564 4756; x_wconf 91' lang='lat' dir='ltr'><strong>est</strong></span> <span class='ocrx_word' id='word_1_753' title='bbox 1579 4702 1818 4757; x_wconf 90' lang='lat' dir='ltr'><strong>modum</strong></span> <span class='ocrx_word' id='word_1_754' title='bbox 1838 4719 2012 4773; x_wconf 91' lang='lat' dir='ltr'><strong>quem</strong></span> 
     </span>
    </p>
   </div>
   <div class='ocr_carea' id='block_1_94' title="bbox 401 4782 2016 4862">
    <p class='ocr_par' dir='ltr' id='par_1_94' title="bbox 401 4782 2016 4862">
     <span class='ocr_line' id='line_1_94' title="bbox 401 4782 2016 4862; baseline 0.006 -26"><span class='ocrx_word' id='word_1_755' title='bbox 401 4782 616 4838; x_wconf 87' lang='lat' dir='ltr'><strong>habere</strong></span> <span class='ocrx_word' id='word_1_756' title='bbox 647 4784 830 4840; x_wconf 90' lang='lat' dir='ltr'><strong>debeo</strong></span> <span class='ocrx_word' id='word_1_757' title='bbox 858 4785 916 4840; x_wconf 92' lang='lat' dir='ltr'><strong>in</strong></span> <span class='ocrx_word' id='word_1_758' title='bbox 942 4788 1207 4856; x_wconf 90' lang='lat' dir='ltr'><strong>tacendo,</strong></span> <span class='ocrx_word' id='word_1_759' title='bbox 1240 4791 1298 4842; x_wconf 88' lang='lat' dir='ltr'><strong>et</strong></span> <span class='ocrx_word' id='word_1_760' title='bbox 1326 4789 1384 4843; x_wconf 90' lang='lat' dir='ltr'><strong>in</strong></span> <span class='ocrx_word' id='word_1_761' title='bbox 1423 4789 1735 4861; x_wconf 89' lang='lat' dir='ltr'><strong>loquendo.</strong></span> <span class='ocrx_word' id='word_1_762' title='bbox 1758 4789 1835 4843; x_wconf 87' lang='lat' dir='ltr'><strong>Et</strong></span> <span class='ocrx_word' id='word_1_763' title='bbox 1865 4794 2016 4862; x_wconf 90' lang='lat' dir='ltr'><strong>post-</strong></span> 
     </span>
    </p>
   </div>
   <div class='ocr_carea' id='block_1_95' title="bbox 403 4872 2012 4944">
    <p class='ocr_par' dir='ltr' id='par_1_95' title="bbox 403 4872 2012 4944">
     <span class='ocr_line' id='line_1_95' title="bbox 403 4872 2012 4944; baseline 0.005 -19"><span class='ocrx_word' id='word_1_764' title='bbox 403 4887 579 4942; x_wconf 89' lang='lat' dir='ltr'><strong>quam</strong></span> <span class='ocrx_word' id='word_1_765' title='bbox 609 4872 770 4927; x_wconf 91' lang='lat' dir='ltr'><strong>illum</strong></span> <span class='ocrx_word' id='word_1_766' title='bbox 820 4874 1218 4944; x_wconf 83' lang='lat' dir='ltr'><strong>notiﬁcaveris,</strong></span> <span class='ocrx_word' id='word_1_767' title='bbox 1252 4877 1427 4931; x_wconf 88' lang='lat' dir='ltr'><strong>etiam</strong></span> <span class='ocrx_word' id='word_1_768' title='bbox 1466 4881 1668 4931; x_wconf 90' lang='lat' dir='ltr'><strong>notum</strong></span> <span class='ocrx_word' id='word_1_769' title='bbox 1708 4878 1796 4933; x_wconf 91' lang='lat' dir='ltr'><strong>fac</strong></span> <span class='ocrx_word' id='word_1_770' title='bbox 1828 4896 2012 4933; x_wconf 89' lang='lat' dir='ltr'><strong>nume-</strong></span> 
     </span>
    </p>
   </div>
   <div class='ocr_carea' id='block_1_96' title="bbox 410 4960 2011 5030">
    <p class='ocr_par' dir='ltr' id='par_1_96' title="bbox 410 4960 2011 5030">
     <span class='ocr_line' id='line_1_96' title="bbox 410 4960 2011 5030; baseline 0.005 -18"><span class='ocrx_word' id='word_1_771' title='bbox 410 4976 532 5012; x_wconf 85' lang='lat' dir='ltr'><strong>rum</strong></span> <span class='ocrx_word' id='word_1_772' title='bbox 560 4960 772 5015; x_wconf 86' lang='lat' dir='ltr'><strong>dierum</strong></span> <span class='ocrx_word' id='word_1_773' title='bbox 804 4979 1062 5030; x_wconf 86' lang='lat' dir='ltr'><strong>meorum,</strong></span> <span class='ocrx_word' id='word_1_774' title='bbox 1094 4963 1152 5017; x_wconf 91' lang='lat' dir='ltr'><strong>id</strong></span> <span class='ocrx_word' id='word_1_775' title='bbox 1178 4967 1261 5018; x_wconf 90' lang='lat' dir='ltr'><strong>est</strong></span> <span class='ocrx_word' id='word_1_776' title='bbox 1287 4964 1764 5019; x_wconf 88' lang='lat' dir='ltr'><strong>numerositatem</strong></span> <span class='ocrx_word' id='word_1_777' title='bbox 1785 4966 2011 5020; x_wconf 84' lang='lat' dir='ltr'><strong>dierum</strong></span> 
     </span>
    </p>
   </div>
   <div class='ocr_carea' id='block_1_97' title="bbox 404 5051 2007 5122">
    <p class='ocr_par' dir='ltr' id='par_1_97' title="bbox 404 5051 2007 5122">
     <span class='ocr_line' id='line_1_97' title="bbox 404 5051 2007 5122; baseline 0.003 -21"><span class='ocrx_word' id='word_1_778' title='bbox 404 5063 672 5103; x_wconf 88' lang='lat' dir='ltr'><strong>meorum</strong></span> <span class='ocrx_word' id='word_1_779' title='bbox 690 5052 1063 5118; x_wconf 68' lang='lat' dir='ltr'><strong>aeternorum,</strong></span> <span class='ocrx_word' id='word_1_780' title='bbox 1080 5067 1221 5122; x_wconf 91' lang='lat' dir='ltr'><strong>quos</strong></span> <span class='ocrx_word' id='word_1_781' title='bbox 1249 5051 1306 5105; x_wconf 91' lang='lat' dir='ltr'><strong>in</strong></span> <span class='ocrx_word' id='word_1_782' title='bbox 1320 5052 1511 5106; x_wconf 92' lang='lat' dir='ltr'><strong>futuro</strong></span> <span class='ocrx_word' id='word_1_783' title='bbox 1542 5068 1667 5106; x_wconf 89' lang='lat' dir='ltr'><strong>sum</strong></span> <span class='ocrx_word' id='word_1_784' title='bbox 1689 5052 2007 5107; x_wconf 88' lang='lat' dir='ltr'><strong>habiturus.</strong></span> 
     </span>
    </p>
   </div>
   <div class='ocr_carea' id='block_1_98' title="bbox 402 5137 2009 5212">
    <p class='ocr_par' dir='ltr' id='par_1_98' title="bbox 402 5137 2009 5212">
     <span class='ocr_line' id='line_1_98' title="bbox 402 5137 2009 5212; baseline 0.002 -21"><span class='ocrx_word' id='word_1_785' title='bbox 402 5137 717 5212; x_wconf 73' lang='lat' dir='ltr'><strong>Numerum</strong></span> <span class='ocrx_word' id='word_1_786' title='bbox 752 5140 916 5210; x_wconf 91' lang='lat' dir='ltr'><strong>ponit</strong></span> <span class='ocrx_word' id='word_1_787' title='bbox 953 5140 1044 5194; x_wconf 89' lang='lat' dir='ltr'><strong>hic</strong></span> <span class='ocrx_word' id='word_1_788' title='bbox 1076 5157 1179 5212; x_wconf 93' lang='lat' dir='ltr'><strong>pro</strong></span> <span class='ocrx_word' id='word_1_789' title='bbox 1202 5140 1645 5212; x_wconf 90' lang='lat' dir='ltr'><strong>multiplicitate.</strong></span> <span class='ocrx_word' id='word_1_790' title='bbox 1677 5141 2009 5212; x_wconf 83' lang='lat' dir='ltr'><strong>Multiplices</strong></span> 
     </span>
    </p>
   </div>
   <div class='ocr_carea' id='block_1_99' title="bbox 421 5210 2007 5296">
    <p class='ocr_par' dir='ltr' id='par_1_99' title="bbox 421 5210 2007 5296">
     <span class='ocr_line' id='line_1_99' title="bbox 421 5210 2007 5296; baseline 0.003 -16"><span class='ocrx_word' id='word_1_791' title='bbox 421 5210 439 5295; x_wconf 84' lang='lat' dir='ltr'><strong>I</strong></span> <span class='ocrx_word' id='word_1_792' title='bbox 605 5227 761 5281; x_wconf 91' lang='lat' dir='ltr'><strong>enim</strong></span> <span class='ocrx_word' id='word_1_793' title='bbox 774 5244 884 5295; x_wconf 90' lang='lat' dir='ltr'><strong>res,</strong></span> <span class='ocrx_word' id='word_1_794' title='bbox 908 5210 1245 5283; x_wconf 81' lang='lat' dir='ltr'><strong>numerosas</strong></span> <span class='ocrx_word' id='word_1_795' title='bbox 1257 5210 1445 5283; x_wconf 46' lang='lat' dir='ltr'><strong>dice—re</strong></span> <span class='ocrx_word' id='word_1_796' title='bbox 1464 5210 2007 5284; x_wconf 79' lang='lat' dir='ltr'><strong>consuevimus.Non</strong></span> 
     </span>
    </p>
   </div>
   <div class='ocr_carea' id='block_1_100' title="bbox 404 5314 2010 5389">
    <p class='ocr_par' dir='ltr' id='par_1_100' title="bbox 404 5314 2010 5389">
     <span class='ocr_line' id='line_1_100' title="bbox 404 5314 2010 5389; baseline 0.002 -22"><span class='ocrx_word' id='word_1_797' title='bbox 404 5314 559 5385; x_wconf 89' lang='lat' dir='ltr'><strong>quod</strong></span> <span class='ocrx_word' id='word_1_798' title='bbox 589 5315 667 5369; x_wconf 92' lang='lat' dir='ltr'><strong>ibi</strong></span> <span class='ocrx_word' id='word_1_799' title='bbox 695 5316 816 5371; x_wconf 88' lang='lat' dir='ltr'><strong>dies</strong></span> <span class='ocrx_word' id='word_1_800' title='bbox 842 5316 1183 5388; x_wconf 87' lang='lat' dir='ltr'><strong>multiplices</strong></span> <span class='ocrx_word' id='word_1_801' title='bbox 1208 5314 1322 5371; x_wconf 83' lang='lat' dir='ltr'><strong>sint</strong></span> <span class='ocrx_word' id='word_1_802' title='bbox 1352 5316 1545 5385; x_wconf 82' lang='lat' dir='ltr'><strong>futuri,</strong></span> <span class='ocrx_word' id='word_1_803' title='bbox 1596 5317 1695 5371; x_wconf 91' lang='lat' dir='ltr'><strong>sed</strong></span> <span class='ocrx_word' id='word_1_804' title='bbox 1726 5318 1859 5389; x_wconf 89' lang='lat' dir='ltr'><strong>quia</strong></span> <span class='ocrx_word' id='word_1_805' title='bbox 1890 5318 2010 5372; x_wconf 88' lang='lat' dir='ltr'><strong>dies</strong></span> 
     </span>
    </p>
   </div>
   <div class='ocr_carea' id='block_1_101' title="bbox 402 5400 2009 5476">
    <p class='ocr_par' dir='ltr' id='par_1_101' title="bbox 402 5400 2009 5476">
     <span class='ocr_line' id='line_1_101' title="bbox 402 5400 2009 5476; baseline 0.002 -21"><span class='ocrx_word' id='word_1_806' title='bbox 402 5400 501 5456; x_wconf 88' lang='lat' dir='ltr'><strong>illa</strong></span> <span class='ocrx_word' id='word_1_807' title='bbox 529 5404 650 5457; x_wconf 88' lang='lat' dir='ltr'><strong>sola</strong></span> <span class='ocrx_word' id='word_1_808' title='bbox 669 5407 727 5457; x_wconf 89' lang='lat' dir='ltr'><strong>et</strong></span> <span class='ocrx_word' id='word_1_809' title='bbox 754 5404 924 5458; x_wconf 87' lang='lat' dir='ltr'><strong>unica</strong></span> <span class='ocrx_word' id='word_1_810' title='bbox 945 5407 1254 5471; x_wconf 68' lang='lat' dir='ltr'><strong>etmterna,</strong></span> <span class='ocrx_word' id='word_1_811' title='bbox 1284 5404 1764 5476; x_wconf 86' lang='lat' dir='ltr'><strong>multiplicitatem</strong></span> <span class='ocrx_word' id='word_1_812' title='bbox 1785 5404 2009 5459; x_wconf 90' lang='lat' dir='ltr'><strong>dierum</strong></span> 
     </span>
    </p>
   </div>
   <div class='ocr_carea' id='block_1_102' title="bbox 406 5493 2012 5564">
    <p class='ocr_par' dir='ltr' id='par_1_102' title="bbox 406 5493 2012 5564">
     <span class='ocr_line' id='line_1_102' title="bbox 406 5493 2012 5564; baseline 0.003 -22"><span class='ocrx_word' id='word_1_813' title='bbox 406 5493 736 5546; x_wconf 86' lang='lat' dir='ltr'><strong>nostrorum</strong></span> <span class='ocrx_word' id='word_1_814' title='bbox 768 5493 1149 5564; x_wconf 83' lang='lat' dir='ltr'><strong>exsuperabit,</strong></span> <span class='ocrx_word' id='word_1_815' title='bbox 1190 5494 1504 5548; x_wconf 90' lang='lat' dir='ltr'><strong>Numerum</strong></span> <span class='ocrx_word' id='word_1_816' title='bbox 1543 5493 1671 5548; x_wconf 89' lang='lat' dir='ltr'><strong>dico</strong></span> <span class='ocrx_word' id='word_1_817' title='bbox 1710 5495 1919 5564; x_wconf 84' lang='lat' dir='ltr'><strong>quiest,</strong></span> <span class='ocrx_word' id='word_1_818' title='bbox 1954 5493 2012 5547; x_wconf 93' lang='lat' dir='ltr'><strong>id</strong></span> 
     </span>
    </p>
   </div>
   <div class='ocr_carea' id='block_1_103' title="bbox 409 5579 2009 5657">
    <p class='ocr_par' dir='ltr' id='par_1_103' title="bbox 409 5579 2009 5657">
     <span class='ocr_line' id='line_1_103' title="bbox 409 5579 2009 5657; baseline 0.005 -29"><span class='ocrx_word' id='word_1_819' title='bbox 409 5579 493 5629; x_wconf 87' lang='lat' dir='ltr'><strong>est</strong></span> <span class='ocrx_word' id='word_1_820' title='bbox 518 5593 713 5632; x_wconf 86' lang='lat' dir='ltr'><strong>revera</strong></span> <span class='ocrx_word' id='word_1_821' title='bbox 759 5580 965 5653; x_wconf 76' lang='lat' dir='ltr'><strong>existit,</strong></span> <span class='ocrx_word' id='word_1_822' title='bbox 1019 5597 1318 5657; x_wconf 88' lang='lat' dir='ltr'><strong>nunquam</strong></span> <span class='ocrx_word' id='word_1_823' title='bbox 1358 5581 1719 5652; x_wconf 86' lang='lat' dir='ltr'><strong>defecturus;</strong></span> <span class='ocrx_word' id='word_1_824' title='bbox 1751 5582 1839 5636; x_wconf 88' lang='lat' dir='ltr'><strong>vel</strong></span> <span class='ocrx_word' id='word_1_825' title='bbox 1884 5580 1961 5636; x_wconf 91' lang='lat' dir='ltr'><strong>sic</strong></span> <span class='ocrx_word' id='word_1_826' title='bbox 1996 5599 2009 5636; x_wconf 93' lang='lat'><strong>:</strong></span> 
     </span>
    </p>
   </div>
   <div class='ocr_carea' id='block_1_104' title="bbox 2114 4433 3715 4500">
    <p class='ocr_par' dir='ltr' id='par_1_104' title="bbox 2114 4433 3715 4500">
     <span class='ocr_line' id='line_1_104' title="bbox 2114 4433 3715 4500; baseline -0.001 -12"><span class='ocrx_word' id='word_1_827' title='bbox 2114 4436 2281 4500; x_wconf 89' lang='lat' dir='ltr'><strong>Deus,</strong></span> <span class='ocrx_word' id='word_1_828' title='bbox 2314 4433 2371 4487; x_wconf 90' lang='lat' dir='ltr'><strong>id</strong></span> <span class='ocrx_word' id='word_1_829' title='bbox 2420 4436 2504 4487; x_wconf 91' lang='lat' dir='ltr'><strong>est</strong></span> <span class='ocrx_word' id='word_1_830' title='bbox 2550 4435 2702 4487; x_wconf 88' lang='lat' dir='ltr'><strong>male</strong></span> <span class='ocrx_word' id='word_1_831' title='bbox 2732 4434 2973 4489; x_wconf 87' lang='lat' dir='ltr'><strong>vivendo</strong></span> <span class='ocrx_word' id='word_1_832' title='bbox 3028 4434 3378 4489; x_wconf 84' lang='lat' dir='ltr'><strong>confirmans</strong></span> <span class='ocrx_word' id='word_1_833' title='bbox 3403 4451 3461 4489; x_wconf 91' lang='lat' dir='ltr'><strong>se</strong></span> <span class='ocrx_word' id='word_1_834' title='bbox 3491 4434 3715 4489; x_wconf 87' lang='lat' dir='ltr'><strong>homini</strong></span> 
     </span>
    </p>
   </div>
   <div class='ocr_carea' id='block_1_105' title="bbox 2112 4521 3711 4593">
    <p class='ocr_par' dir='ltr' id='par_1_105' title="bbox 2112 4521 3711 4593">
     <span class='ocr_line' id='line_1_105' title="bbox 2112 4521 3711 4593; baseline 0.001 -18"><span class='ocrx_word' id='word_1_835' title='bbox 2112 4522 2249 4576; x_wconf 68' lang='lat' dir='ltr'><strong>Adae</strong></span> <span class='ocrx_word' id='word_1_836' title='bbox 2282 4521 2514 4588; x_wconf 89' lang='lat' dir='ltr'><strong>scilicet,</strong></span> <span class='ocrx_word' id='word_1_837' title='bbox 2561 4522 2656 4593; x_wconf 92' lang='lat' dir='ltr'><strong>qui</strong></span> <span class='ocrx_word' id='word_1_838' title='bbox 2700 4521 2955 4576; x_wconf 89' lang='lat' dir='ltr'><strong>humane</strong></span> <span class='ocrx_word' id='word_1_839' title='bbox 2992 4539 3051 4576; x_wconf 89' lang='lat' dir='ltr'><strong>se</strong></span> <span class='ocrx_word' id='word_1_840' title='bbox 3094 4523 3296 4577; x_wconf 88' lang='lat' dir='ltr'><strong>habuit</strong></span> <span class='ocrx_word' id='word_1_841' title='bbox 3320 4528 3378 4577; x_wconf 91' lang='lat' dir='ltr'><strong>et</strong></span> <span class='ocrx_word' id='word_1_842' title='bbox 3403 4522 3668 4578; x_wconf 76' lang='lat' dir='ltr'><strong>debilitet</strong></span> <span class='ocrx_word' id='word_1_843' title='bbox 3698 4540 3711 4589; x_wconf 92' lang='lat'><strong>;</strong></span> 
     </span>
    </p>
   </div>
   <div class='ocr_carea' id='block_1_106' title="bbox 2115 4608 3717 4682">
    <p class='ocr_par' dir='ltr' id='par_1_106' title="bbox 2115 4608 3717 4682">
     <span class='ocr_line' id='line_1_106' title="bbox 2115 4608 3717 4682; baseline 0 -18"><span class='ocrx_word' id='word_1_844' title='bbox 2115 4626 2233 4665; x_wconf 92' lang='lat' dir='ltr'><strong>non</strong></span> <span class='ocrx_word' id='word_1_845' title='bbox 2267 4614 2459 4665; x_wconf 89' lang='lat' dir='ltr'><strong>autem</strong></span> <span class='ocrx_word' id='word_1_846' title='bbox 2502 4609 2791 4682; x_wconf 88' lang='lat' dir='ltr'><strong>suspirans</strong></span> <span class='ocrx_word' id='word_1_847' title='bbox 2832 4613 2890 4665; x_wconf 90' lang='lat' dir='ltr'><strong>et</strong></span> <span class='ocrx_word' id='word_1_848' title='bbox 2920 4610 3163 4665; x_wconf 88' lang='lat' dir='ltr'><strong>enitens:</strong></span> <span class='ocrx_word' id='word_1_849' title='bbox 3216 4613 3279 4664; x_wconf 90' lang='lat' dir='ltr'><strong>ut</strong></span> <span class='ocrx_word' id='word_1_850' title='bbox 3321 4608 3717 4666; x_wconf 83' lang='lat' dir='ltr'><strong>conformetur</strong></span> 
     </span>
    </p>
   </div>
   <div class='ocr_carea' id='block_1_107' title="bbox 2116 4698 3717 4765">
    <p class='ocr_par' dir='ltr' id='par_1_107' title="bbox 2116 4698 3717 4765">
     <span class='ocr_line' id='line_1_107' title="bbox 2116 4698 3717 4765; baseline -0.001 -12"><span class='ocrx_word' id='word_1_851' title='bbox 2116 4700 2232 4754; x_wconf 90' lang='lat' dir='ltr'><strong>Deo</strong></span> <span class='ocrx_word' id='word_1_852' title='bbox 2260 4699 2406 4754; x_wconf 90' lang='lat' dir='ltr'><strong>bene</strong></span> <span class='ocrx_word' id='word_1_853' title='bbox 2435 4716 2494 4754; x_wconf 90' lang='lat' dir='ltr'><strong>se</strong></span> <span class='ocrx_word' id='word_1_854' title='bbox 2538 4698 2829 4765; x_wconf 88' lang='lat' dir='ltr'><strong>habendo,</strong></span> <span class='ocrx_word' id='word_1_855' title='bbox 2879 4702 2962 4753; x_wconf 88' lang='lat' dir='ltr'><strong>est</strong></span> <span class='ocrx_word' id='word_1_856' title='bbox 2989 4701 3231 4753; x_wconf 85' lang='lat' dir='ltr'><strong>universa</strong></span> <span class='ocrx_word' id='word_1_857' title='bbox 3260 4701 3492 4765; x_wconf 79' lang='lat' dir='ltr'><strong>vanitas,</strong></span> <span class='ocrx_word' id='word_1_858' title='bbox 3547 4698 3602 4753; x_wconf 90' lang='lat' dir='ltr'><strong>id</strong></span> <span class='ocrx_word' id='word_1_859' title='bbox 3631 4701 3717 4752; x_wconf 90' lang='lat' dir='ltr'><strong>est</strong></span> 
     </span>
    </p>
   </div>
   <div class='ocr_carea' id='block_1_108' title="bbox 2115 4786 3713 4858">
    <p class='ocr_par' dir='ltr' id='par_1_108' title="bbox 2115 4786 3713 4858">
     <span class='ocr_line' id='line_1_108' title="bbox 2115 4786 3713 4858; baseline -0.002 -17"><span class='ocrx_word' id='word_1_860' title='bbox 2115 4786 2394 4841; x_wconf 73' lang='lat' dir='ltr'><strong>universa:</strong></span> <span class='ocrx_word' id='word_1_861' title='bbox 2424 4786 2663 4841; x_wconf 88' lang='lat' dir='ltr'><strong>vanitati</strong></span> <span class='ocrx_word' id='word_1_862' title='bbox 2694 4786 2967 4842; x_wconf 89' lang='lat' dir='ltr'><strong>subditus.</strong></span> <span class='ocrx_word' id='word_1_863' title='bbox 2986 4786 3150 4850; x_wconf 89' lang='lat' dir='ltr'><strong>Quod</strong></span> <span class='ocrx_word' id='word_1_864' title='bbox 3181 4790 3374 4841; x_wconf 87' lang='lat' dir='ltr'><strong>autem</strong></span> <span class='ocrx_word' id='word_1_865' title='bbox 3404 4786 3571 4858; x_wconf 90' lang='lat' dir='ltr'><strong>ponit</strong></span> <span class='ocrx_word' id='word_1_866' title='bbox 3594 4789 3713 4839; x_wconf 87' lang='lat' dir='ltr'><strong>uni-</strong></span> 
     </span>
    </p>
   </div>
   <div class='ocr_carea' id='block_1_109' title="bbox 2113 4876 3712 4948">
    <p class='ocr_par' dir='ltr' id='par_1_109' title="bbox 2113 4876 3712 4948">
     <span class='ocr_line' id='line_1_109' title="bbox 2113 4876 3712 4948; baseline -0.001 -19"><span class='ocrx_word' id='word_1_867' title='bbox 2113 4894 2259 4930; x_wconf 80' lang='lat' dir='ltr'><strong>versa</strong></span> <span class='ocrx_word' id='word_1_868' title='bbox 2291 4878 2518 4943; x_wconf 87' lang='lat' dir='ltr'><strong>vanitas,</strong></span> <span class='ocrx_word' id='word_1_869' title='bbox 2554 4876 2627 4930; x_wconf 89' lang='lat' dir='ltr'><strong>ad</strong></span> <span class='ocrx_word' id='word_1_870' title='bbox 2683 4876 2925 4931; x_wconf 88' lang='lat' dir='ltr'><strong>nimiam</strong></span> <span class='ocrx_word' id='word_1_871' title='bbox 2985 4884 3183 4931; x_wconf 86' lang='lat' dir='ltr'><strong>eorum</strong></span> <span class='ocrx_word' id='word_1_872' title='bbox 3239 4876 3712 4948; x_wconf 86' lang='lat' dir='ltr'><strong>redargutionem</strong></span> 
     </span>
    </p>
   </div>
   <div class='ocr_carea' id='block_1_110' title="bbox 2112 4963 3718 5036">
    <p class='ocr_par' dir='ltr' id='par_1_110' title="bbox 2112 4963 3718 5036">
     <span class='ocr_line' id='line_1_110' title="bbox 2112 4963 3718 5036; baseline 0.001 -19"><span class='ocrx_word' id='word_1_873' title='bbox 2112 4980 2217 5036; x_wconf 91' lang='lat' dir='ltr'><strong>per</strong></span> <span class='ocrx_word' id='word_1_874' title='bbox 2246 4964 2568 5033; x_wconf 88' lang='lat' dir='ltr'><strong>emphasim</strong></span> <span class='ocrx_word' id='word_1_875' title='bbox 2599 4963 2733 5017; x_wconf 89' lang='lat' dir='ltr'><strong>facit</strong></span> <span class='ocrx_word' id='word_1_876' title='bbox 2760 4980 2772 5018; x_wconf 91' lang='lat'><strong>:</strong></span> <span class='ocrx_word' id='word_1_877' title='bbox 2800 4967 3196 5018; x_wconf 90' lang='lat' dir='ltr'><strong>verumtamen</strong></span> <span class='ocrx_word' id='word_1_878' title='bbox 3214 4964 3475 5035; x_wconf 88' lang='lat' dir='ltr'><strong>quamvis</strong></span> <span class='ocrx_word' id='word_1_879' title='bbox 3496 4964 3718 5018; x_wconf 88' lang='lat' dir='ltr'><strong>vanitas</strong></span> 
     </span>
    </p>
   </div>
   <div class='ocr_carea' id='block_1_111' title="bbox 2111 5050 3713 5122">
    <p class='ocr_par' dir='ltr' id='par_1_111' title="bbox 2111 5050 3713 5122">
     <span class='ocr_line' id='line_1_111' title="bbox 2111 5050 3713 5122; baseline -0.001 -17"><span class='ocrx_word' id='word_1_880' title='bbox 2111 5052 2202 5118; x_wconf 90' lang='lat' dir='ltr'><strong>sit,</strong></span> <span class='ocrx_word' id='word_1_881' title='bbox 2235 5050 2631 5106; x_wconf 87' lang='lat' dir='ltr'><strong>inexcusabilis</strong></span> <span class='ocrx_word' id='word_1_882' title='bbox 2679 5055 2781 5105; x_wconf 90' lang='lat' dir='ltr'><strong>est.</strong></span> <span class='ocrx_word' id='word_1_883' title='bbox 2815 5051 2958 5105; x_wconf 87' lang='lat' dir='ltr'><strong>Nam</strong></span> <span class='ocrx_word' id='word_1_884' title='bbox 2981 5054 3276 5122; x_wconf 84' lang='lat' dir='ltr'><strong>pertransit</strong></span> <span class='ocrx_word' id='word_1_885' title='bbox 3312 5052 3372 5105; x_wconf 92' lang='lat' dir='ltr'>in</span> <span class='ocrx_word' id='word_1_886' title='bbox 3403 5050 3713 5106; x_wconf 87' lang='lat' dir='ltr'><strong>vanitatem</strong></span> 
     </span>
    </p>
   </div>
   <div class='ocr_carea' id='block_1_112' title="bbox 2110 5137 3715 5212">
    <p class='ocr_par' dir='ltr' id='par_1_112' title="bbox 2110 5137 3715 5212">
     <span class='ocr_line' id='line_1_112' title="bbox 2110 5137 3715 5212; baseline -0.001 -18"><span class='ocrx_word' id='word_1_887' title='bbox 2110 5156 2145 5194; x_wconf 86' lang='lat' dir='ltr'><strong>a</strong></span> <span class='ocrx_word' id='word_1_888' title='bbox 2168 5138 2508 5194; x_wconf 89' lang='lat' dir='ltr'><strong>certitudine</strong></span> <span class='ocrx_word' id='word_1_889' title='bbox 2540 5137 2659 5193; x_wconf 90' lang='lat' dir='ltr'><strong>veri</strong></span> <span class='ocrx_word' id='word_1_890' title='bbox 2686 5138 2845 5206; x_wconf 91' lang='lat' dir='ltr'><strong>boni,</strong></span> <span class='ocrx_word' id='word_1_891' title='bbox 2888 5140 2975 5193; x_wconf 94' lang='lat' dir='ltr'><strong>cui</strong></span> <span class='ocrx_word' id='word_1_892' title='bbox 3008 5140 3244 5194; x_wconf 91' lang='lat' dir='ltr'><strong>deberet</strong></span> <span class='ocrx_word' id='word_1_893' title='bbox 3272 5140 3574 5195; x_wconf 76' lang='lat' dir='ltr'><strong>inhaerere.</strong></span> <span class='ocrx_word' id='word_1_894' title='bbox 3593 5141 3715 5212; x_wconf 83' lang='lat' dir='ltr'><strong>Ipse</strong></span> 
     </span>
    </p>
   </div>
   <div class='ocr_carea' id='block_1_113' title="bbox 2110 5225 3719 5298">
    <p class='ocr_par' dir='ltr' id='par_1_113' title="bbox 2110 5225 3719 5298">
     <span class='ocr_line' id='line_1_113' title="bbox 2110 5225 3719 5298; baseline 0.001 -18"><span class='ocrx_word' id='word_1_895' title='bbox 2110 5226 2236 5281; x_wconf 91' lang='lat' dir='ltr'><strong>dico</strong></span> <span class='ocrx_word' id='word_1_896' title='bbox 2262 5226 2320 5280; x_wconf 92' lang='lat' dir='ltr'><strong>in</strong></span> <span class='ocrx_word' id='word_1_897' title='bbox 2353 5226 2605 5298; x_wconf 83' lang='lat' dir='ltr'><strong>imagine</strong></span> <span class='ocrx_word' id='word_1_898' title='bbox 2620 5226 2719 5281; x_wconf 92' lang='lat' dir='ltr'><strong>Dei</strong></span> <span class='ocrx_word' id='word_1_899' title='bbox 2734 5225 3042 5297; x_wconf 85' lang='lat' dir='ltr'><strong>degens,id</strong></span> <span class='ocrx_word' id='word_1_900' title='bbox 3062 5230 3147 5281; x_wconf 90' lang='lat' dir='ltr'><strong>est</strong></span> <span class='ocrx_word' id='word_1_901' title='bbox 3177 5244 3309 5282; x_wconf 90' lang='lat' dir='ltr'><strong>cum</strong></span> <span class='ocrx_word' id='word_1_902' title='bbox 3339 5228 3412 5281; x_wconf 91' lang='lat' dir='ltr'><strong>sit</strong></span> <span class='ocrx_word' id='word_1_903' title='bbox 3441 5228 3620 5282; x_wconf 85' lang='lat' dir='ltr'><strong>factus</strong></span> <span class='ocrx_word' id='word_1_904' title='bbox 3643 5226 3719 5281; x_wconf 87' lang='lat' dir='ltr'><strong>ad</strong></span> 
     </span>
    </p>
   </div>
   <div class='ocr_carea' id='block_1_114' title="bbox 2110 5314 3718 5387">
    <p class='ocr_par' dir='ltr' id='par_1_114' title="bbox 2110 5314 3718 5387">
     <span class='ocr_line' id='line_1_114' title="bbox 2110 5314 3718 5387; baseline -0.001 -18"><span class='ocrx_word' id='word_1_905' title='bbox 2110 5315 2423 5387; x_wconf 86' lang='lat' dir='ltr'><strong>imaginem</strong></span> <span class='ocrx_word' id='word_1_906' title='bbox 2456 5315 2552 5370; x_wconf 90' lang='lat' dir='ltr'><strong>Dei</strong></span> <span class='ocrx_word' id='word_1_907' title='bbox 2580 5332 2592 5369; x_wconf 92' lang='lat'><strong>:</strong></span> <span class='ocrx_word' id='word_1_908' title='bbox 2625 5314 2921 5370; x_wconf 89' lang='lat' dir='ltr'><strong>rationalis</strong></span> <span class='ocrx_word' id='word_1_909' title='bbox 2976 5316 3207 5385; x_wconf 87' lang='lat' dir='ltr'><strong>scilicet,</strong></span> <span class='ocrx_word' id='word_1_910' title='bbox 3238 5321 3303 5370; x_wconf 89' lang='lat' dir='ltr'><strong>ut</strong></span> <span class='ocrx_word' id='word_1_911' title='bbox 3358 5316 3495 5371; x_wconf 89' lang='lat' dir='ltr'><strong>sciat</strong></span> <span class='ocrx_word' id='word_1_912' title='bbox 3524 5315 3718 5369; x_wconf 84' lang='lat' dir='ltr'><strong>videre</strong></span> 
     </span>
    </p>
   </div>
   <div class='ocr_carea' id='block_1_115' title="bbox 2110 5404 3717 5477">
    <p class='ocr_par' dir='ltr' id='par_1_115' title="bbox 2110 5404 3717 5477">
     <span class='ocr_line' id='line_1_115' title="bbox 2110 5404 3717 5477; baseline -0.001 -19"><span class='ocrx_word' id='word_1_913' title='bbox 2110 5405 2247 5476; x_wconf 92' lang='lat' dir='ltr'><strong>quid</strong></span> <span class='ocrx_word' id='word_1_914' title='bbox 2288 5404 2669 5475; x_wconf 86' lang='lat' dir='ltr'><strong>expetendum</strong></span> <span class='ocrx_word' id='word_1_915' title='bbox 2692 5404 2783 5471; x_wconf 90' lang='lat' dir='ltr'><strong>sit,</strong></span> <span class='ocrx_word' id='word_1_916' title='bbox 2812 5404 2863 5459; x_wconf 92' lang='lat' dir='ltr'><strong>ei</strong></span> <span class='ocrx_word' id='word_1_917' title='bbox 2897 5405 3033 5477; x_wconf 90' lang='lat' dir='ltr'><strong>quid</strong></span> <span class='ocrx_word' id='word_1_918' title='bbox 3070 5423 3208 5460; x_wconf 90' lang='lat' dir='ltr'><strong>non.</strong></span> <span class='ocrx_word' id='word_1_919' title='bbox 3233 5406 3397 5460; x_wconf 91' lang='lat' dir='ltr'><strong>Unde</strong></span> <span class='ocrx_word' id='word_1_920' title='bbox 3426 5406 3482 5459; x_wconf 89' lang='lat' dir='ltr'><strong>in</strong></span> <span class='ocrx_word' id='word_1_921' title='bbox 3514 5404 3717 5462; x_wconf 85' lang='lat' dir='ltr'><strong>Genesi</strong></span> 
     </span>
    </p>
   </div>
   <div class='ocr_carea' id='block_1_116' title="bbox 2112 5492 3720 5566">
    <p class='ocr_par' dir='ltr' id='par_1_116' title="bbox 2112 5492 3720 5566">
     <span class='ocr_line' id='line_1_116' title="bbox 2112 5492 3720 5566; baseline 0 -19"><span class='ocrx_word' id='word_1_922' title='bbox 2112 5493 2358 5565; x_wconf 88' lang='lat' dir='ltr'><strong>legitur:</strong></span> <span class='ocrx_word' id='word_1_923' title='bbox 2395 5516 2421 5543; x_wconf 87' lang='grc'><strong>‹‹</strong></span> <span class='ocrx_word' id='word_1_924' title='bbox 2444 5492 2596 5547; x_wconf 80' lang='lat' dir='ltr'><strong>Fecit</strong></span> <span class='ocrx_word' id='word_1_925' title='bbox 2624 5495 2771 5548; x_wconf 91' lang='lat' dir='ltr'><strong>Deus</strong></span> <span class='ocrx_word' id='word_1_926' title='bbox 2798 5493 3101 5548; x_wconf 89' lang='lat' dir='ltr'><strong>hominem</strong></span> <span class='ocrx_word' id='word_1_927' title='bbox 3115 5494 3187 5549; x_wconf 88' lang='lat' dir='ltr'><strong>ad</strong></span> <span class='ocrx_word' id='word_1_928' title='bbox 3209 5494 3525 5566; x_wconf 85' lang='lat' dir='ltr'><strong>imaginem</strong></span> <span class='ocrx_word' id='word_1_929' title='bbox 3555 5509 3720 5547; x_wconf 88' lang='lat' dir='ltr'><strong>suam</strong></span> 
     </span>
    </p>
   </div>
   <div class='ocr_carea' id='block_1_117' title="bbox 2110 5580 3719 5656">
    <p class='ocr_par' dir='ltr' id='par_1_117' title="bbox 2110 5580 3719 5656">
     <span class='ocr_line' id='line_1_117' title="bbox 2110 5580 3719 5656; baseline 0 -21"><span class='ocrx_word' id='word_1_930' title='bbox 2110 5580 2273 5653; x_wconf 87' lang='lat' dir='ltr'><strong>(Gen.</strong></span> <span class='ocrx_word' id='word_1_931' title='bbox 2294 5583 2436 5655; x_wconf 81' lang='lat'><strong>1,26)</strong></span> <span class='ocrx_word' id='word_1_932' title='bbox 2459 5599 2473 5651; x_wconf 88' lang='lat'><strong>;</strong></span> <span class='ocrx_word' id='word_1_933' title='bbox 2496 5600 2529 5634; x_wconf 80' lang='grc'><strong>»</strong></span> <span class='ocrx_word' id='word_1_934' title='bbox 2560 5582 2645 5637; x_wconf 83' lang='lat' dir='ltr'><strong>vel</strong></span> <span class='ocrx_word' id='word_1_935' title='bbox 2674 5581 2779 5637; x_wconf 86' lang='lat' dir='ltr'><strong>sic:</strong></span> <span class='ocrx_word' id='word_1_936' title='bbox 2813 5582 3224 5637; x_wconf 86' lang='lat' dir='ltr'><strong>Verumtamen</strong></span> <span class='ocrx_word' id='word_1_937' title='bbox 3260 5581 3522 5656; x_wconf 87' lang='lat' dir='ltr'><strong>quamvis</strong></span> <span class='ocrx_word' id='word_1_938' title='bbox 3557 5580 3719 5637; x_wconf 84' lang='lat' dir='ltr'><strong>vani-</strong></span> 
     </span>
    </p>
   </div>
  </div>
