4008 6030
314 353 412 415 801

1276 348 1636 410 EXPOSITIO
1673 348 1741 406 IN
1780 345 2114 407 PSALMOS.
2140 377 2209 389 --
2242 344 2437 404 PSAL.
2478 343 2667 403 XXXIX

3523 336 3627 400 802

298 474 410 532 tati
444 471 731 547 subjectus
762 471 856 542 sit,
883 472 943 528 id
973 474 1058 528 est
1087 459 1363 544 appetitui
1404 476 1769 526 terrenorum
1789 486 1915 541 quoe
1938 482 1992 539 Α
2023 485 2105 521 me
2115 467 2305 539 plagas
2327 474 2464 520 tuas.
2486 467 2606 521 Non
2636 483 2701 520 ex
2719 467 2840 521 toto
2868 481 3091 533 amove,
3111 463 3208 520 sed
3222 458 3627 536 partim,quod

301 582 454 619 vana
482 568 633 630 sunt,
668 562 983 634 pertransit
1009 562 1079 617 de
1104 562 1217 616 vita
1246 562 1316 615 ad
1345 563 1597 615 mortem
1629 559 1685 613 in
1713 557 1917 629 imagi-

300 670 397 719 ne,
424 654 510 707 vel
555 650 888 722 pertransiit
918 651 975 704 in
1005 651 1187 721 ipsam
1234 649 1571 714 vanitatem,
1623 648 1838 717 degens
1865 649 1919 699 in

300 745 557 813 imagine,
591 741 650 795 id
682 743 767 795 est
796 736 854 793 in
898 738 1271 794 similitudine
1306 736 1574 808 imaginis
1604 737 1788 790 vultus
1816 736 1917 789 ali-

301 833 481 903 cujus,
511 846 637 902 quae
669 828 727 883 in
750 828 980 900 speculo
1000 826 1381 893 considerata,
1404 826 1513 880 cito
1542 824 1745 880 transit
1754 824 1919 895 juxta

299 920 443 975 illud
462 918 613 974 beati
627 916 821 973 Jacobi
843 915 1085 989 apostoli
1117 932 1130 971 :
1162 914 1590 970 «Consideravit
1610 917 1739 968 seet
1756 911 1914 979 abiit,

299 1013 358 1063 et
406 1007 602 1062 statim
652 1004 862 1061 oblitus
904 1007 992 1059 est
1021 1004 1205 1077 qualis
1232 1004 1405 1058 fuerit
1430 1003 1641 1075 (Jacob.
1676 1019 1714 1069 ι,
1745 1000 1854 1071 2i).
1886 1021 1912 1048 »

300 1100 409 1152 Per
437 1097 547 1150 hoc
577 1098 773 1149 autem
806 1096 1052 1149 multum
1086 1109 1183 1147 eos
1224 1110 1259 1146 a
1286 1092 1539 1146 vanitate
1571 1092 1820 1156 revocat,
1854 1105 1919 1142 ac

298 1183 346 1241 si
366 1183 754 1240 diceretzNon
772 1182 853 1237 ita
872 1183 1109 1238 deberet
1125 1182 1419 1236 adhaerere
1450 1178 1760 1234 mundanis
1791 1170 1918 1249 qua:

300 1290 450 1328 vana
479 1275 632 1339 sunt,
666 1288 799 1326 cum
831 1272 902 1326 sit
931 1270 1293 1325 transitorius
1323 1270 1465 1323 sicut
1510 1269 1726 1339 imago.
1782 1266 1917 1320 Dico

302 1362 461 1434 quod
489 1360 709 1414 vanitas
740 1362 846 1427 est,
872 1358 930 1413 id
962 1361 1047 1413 est
1077 1357 1312 1412 vanitati
1366 1357 1652 1427 subjectus
1678 1372 1688 1409 :
1722 1358 1917 1410 etnon

304 1449 672 1505 solummodo
703 1464 807 1519 pro
866 1465 947 1515 se,
1001 1447 1102 1502 sed
1146 1450 1224 1514 et,
1278 1446 1335 1501 id
1368 1449 1453 1500 est
1481 1446 1659 1498 etiam
1714 1446 1919 1513 frustra

301 1539 667 1603 conturbatur,
700 1535 759 1590 id
789 1537 876 1590 est
905 1535 1245 1590 sollicitatur
1275 1533 1334 1588 in
1366 1532 1622 1605 appetitu
1636 1545 1917 1585 vanorum

299 1644 406 1700 pro
434 1625 578 1681 aliis.
612 1626 679 1679 Et
730 1623 968 1695 exponit
1006 1622 1322 1695 quomodo,
1356 1638 1485 1675 cum
1546 1619 1707 1700 addit
1740 1635 1751 1672 :
1780 1618 1905 1671 The

300 1694 536 1773 saurizat
568 1716 749 1781 enim,
780 1721 829 1769 et
861 1732 991 1770 cum
1024 1694 1186 1788 putet
1206 1731 1264 1768 se
1285 1714 1381 1767 ﬁlo
1412 1713 1498 1766 vel
1732 1707 1916 1762 amico

2020 558 2104 610 est
2134 554 2596 609 dicerezAllevia
2640 553 3037 608 tribulationes
3082 570 3221 624 quas
3264 553 3337 607 ad
3372 568 3625 623 purgan-

2019 643 2155 697 dum
2188 628 2282 696 me
2315 642 2457 695 mihi
2499 641 2756 695 intulisti.
2789 641 2856 694 Et
2886 656 3152 694 amovere
3180 640 3353 694 debes
3377 640 3629 711 quoniam

2019 738 2075 784 tu
2098 732 2274 800 fecisti
2295 730 2423 800 jam
2448 746 2541 783 me
2572 730 2915 799 perfectum,
2946 731 3003 782 et
3028 731 3338 800 purgatum
3354 743 3457 797 per
3476 726 3625 797 ipsas

2018 821 2234 890 plagas.
2270 818 2513 891 Exponit
2529 819 2724 871 autem
2745 818 2876 884 hoc,
2902 833 3033 872 cum
3064 815 3357 886 subjungit
3373 831 3385 867 :
3404 814 3545 867 Vere
3566 816 3627 868 tu

2018 906 2197 961 fecisti
2222 923 2337 961 me.
2371 905 2491 975 Ego
2519 922 2771 976 namque
2792 905 2963 975 defeci
2986 905 3108 975 jam
3140 922 3174 959 a
3204 902 3466 958 sordibus
3488 901 3632 956 meis

2019 998 2076 1049 in
2125 994 2592 1067 increpationibus,
2626 992 2685 1047 id
2732 996 2816 1047 est
2857 1009 2960 1064 per
2992 992 3390 1047 tribulationes
3426 989 3630 1061 quibus

2018 1082 2348 1155 inerepasti,
2397 1084 2454 1135 et
2493 1082 2796 1151 corripuisti
2829 1077 3450 1149 me:increpationibus
3500 1076 3625 1131 dico

2018 1171 2188 1225 illatis
2214 1188 2247 1223 a
2274 1169 2591 1240 fortitudine
2622 1186 2811 1222 manus
2848 1175 2971 1234 tuae,
3015 1165 3373 1221 intransitive
3388 1164 3627 1225 dictum,

2020 1258 2175 1330 quod
2202 1260 2285 1312 est
2314 1257 2501 1311 dicere
2530 1274 2541 1310 :
2574 1257 2746 1311 lllatis
2776 1274 2809 1310 a
2850 1255 2986 1309 forti
3021 1272 3198 1309 manu
3232 1257 3347 1320 tua,
3394 1252 3454 1307 id
3483 1255 3568 1306 e‘t
3596 1267 3631 1305 a

2018 1346 2152 1401 forti
2176 1345 2436 1416 potentia
2456 1349 2574 1410 tua,
2592 1346 2677 1398 vel
2705 1342 2957 1398 vindicta
2975 1347 3090 1397 tua.
3110 1344 3177 1396 Et
3206 1340 3629 1411 increpationes

2018 1434 2140 1488 istae
2171 1434 2395 1504 injustas
2429 1450 2544 1488 non
2588 1433 2858 1497 fuerunt;
2885 1448 3019 1485 nam
3038 1438 3254 1502 propter
3297 1430 3630 1500 iniquitatem

2020 1526 2438 1594 perpetratam,
2457 1508 2853 1591 corripuistihis
2864 1517 3352 1590 increpationibus
3364 1518 3629 1570 hominem

2020 1628 2101 1664 me
2126 1609 2360 1677 scilicet,
2396 1598 2811 1681 qui‘hominem
2841 1608 3090 1661 vixeram
3115 1623 3232 1660 non
3253 1607 3455 1660 Deum.
3476 1604 3627 1669 Quo-

2020 1699 2174 1753 niam
2210 1714 2342 1752 vero
2376 1698 2615 1763 dixerat,
2648 1713 2756 1768 ego
2782 1696 2985 1761 defeci,
3015 1695 3249 1766 exponit
3291 1693 3348 1748 in
3382 1711 3494 1765 quo
3529 1695 3627 1748 de-

302 1806 707 1873 thesaurizare,
736 1806 836 1860 sed
858 1808 1071 1874 ignorat
1095 1805 1199 1869 cui,
1232 1803 1292 1857 id
1322 1805 1406 1857 est
1451 1801 1523 1855 ad
1562 1815 1705 1870 opus
1761 1797 1920 1866 cujus
1951 1787 2152 1858 Bfecit
2182 1786 2437 1841 siczdico
2470 1785 2604 1857 quia
2644 1784 2987 1855 corripuisti,
3030 1788 3087 1837 et
3134 1782 3498 1853 corripiendo
3544 1783 3628 1852 [e-

302 1896 639 1965 congregabit
676 1912 736 1948 ea
770 1893 1125 1963 Centingere
1148 1907 1399 1961 namque
1429 1891 1618 1961 potest
1648 1886 1803 1957 quod
1832 1886 1916 1937 vel

301 1983 501 2048 hostis,
541 1983 627 2036 vel
658 1998 852 2037 servus
872 1980 1025 2035 unde
1061 1997 1177 2035 non
1226 1981 1439 2050 sperat,
1481 1979 1663 2031 haeres
1695 1975 1817 2043 ejus
1846 1973 1918 2028 sit

300 2072 527 2126 futurus
550 2087 564 2137 ;
584 2076 634 2123 et
658 2086 796 2122 nunc
823 2068 883 2123 id
903 2072 988 2122 est
1018 2069 1249 2140 quando
1283 2067 1516 2140 quidem
1568 2065 1743 2119 homo
1786 2078 1915 2133 per-

301 2158 531 2215 transiit
562 2158 621 2213 in
647 2157 925 2228 imagine,
952 2161 1010 2211 et
1034 2173 1238 2211 mensu
1251 2156 1453 2211 rabilcs
1468 2158 1603 2209 sunt
1631 2152 1752 2206 dics
1780 2149 1916 2215 mei,

300 2255 352 2302 et
369 2248 664 2301 substantia
690 2264 804 2299 mw
832 2252 1087 2316 tanquam
1118 2244 1362 2305 nihilum,
1381 2260 1496 2315 quae
1509 2247 1581 2295 est
1605 2240 1917 2310 exspectatio

301 2354 417 2389 mea
438 2338 466 2388 ?
494 2336 687 2391 Nonne
716 2335 983 2389 Dominus
1005 2335 1033 2387 ?
1061 2332 1391 2389 Notandum
1424 2330 1577 2401 quod
1604 2345 1747 2381 nunc
1800 2343 1917 2380 non

301 2427 387 2479 est
416 2426 645 2496 signum
671 2422 975 2495 temporis,
1007 2423 1109 2478 sed
1145 2438 1327 2477 causae
1355 2439 1369 2489 ;
1403 2418 1561 2490 quasi
1592 2417 1774 2472 dicat:
1796 2415 1919 2470 Dixi

302 2514 459 2587 quod
483 2515 661 2569 homo
683 2511 1090 2584 pertransiitin
1112 2510 1389 2581 imagine.
1416 2504 1920 2562 Et'mcnsurabiles

302 2606 435 2657 sunt
468 2603 588 2657 dies
618 2602 755 2667 mei,
790 2603 852 2655 et
881 2599 1201 2656 substantia
1228 2602 1510 2669 tanquam
1557 2595 1820 2649 nihilum.
1856 2593 1922 2646 Et

305 2708 480 2758 nunc,
510 2691 572 2745 id
593 2693 680 2745 est
699 2694 757 2744 et
786 2689 941 2756 ideo,
977 2686 1259 2743 Dominus
1284 2688 1435 2741 solus
1460 2688 1546 2738 est
1578 2680 1920 2754 exspectatio

305 2796 457 2845 mea,
486 2779 544 2833 id
572 2782 658 2833 est
684 2779 847 2834 illum
876 2779 1086 2845 solum,
1123 2773 1433 2829 mundanis
1459 2770 1811 2845 postpositis,
1834 2785 1924 2821 ex-

307 2870 524 2939 specto.
1536 2862 1543 2867 ’

378 2955 706 3010 Notandum
736 2970 891 3020 vero,
934 2952 1212 3025 quoniam
1237 2951 1346 3005 hoc
1395 2966 1461 3003 ex
1500 2945 1697 3002 laetitia
1742 2942 1924 2998 nimia

308 3047 367 3099 et
391 3043 465 3098 ad
491 3046 750 3098 nostram
781 3041 959 3097 etiam
1001 3039 1464 3095 exhortationem
1516 3031 1924 3105 interrogative

307 3131 490 3202 ponit.
524 3132 594 3185 Et
622 3130 755 3202 quia
805 3133 860 3185 te
891 3133 1177 3202 exspecto,
1228 3125 1545 3181 substantia
1602 3138 1754 3187 mea,
1795 3134 1923 3191 quae

309 3222 593 3291 quantum
619 3235 690 3290 ap
716 3219 870 3273 hunc
901 3222 1135 3284 statum,
1160 3220 1441 3287 tanquam
1484 3212 1728 3267 nihilum
1759 3225 1925 3281 repu-

309 3310 484 3375 tatur,
517 3308 672 3379 apud
702 3310 779 3375 te,
804 3307 862 3362 id
887 3310 973 3362 est
992 3307 1052 3361 in
1073 3305 1482 3361 conformitate
1509 3301 1592 3356 tui
1619 3316 1761 3354 ame
1794 3314 1926 3352 eon-

308 3395 560 3450 siderata
583 3403 672 3451 est
687 3396 838 3467 jam,
872 3396 930 3450 id
982 3398 1069 3451 est
1106 3395 1329 3449 videtur
1368 3392 1493 3463 jam
1540 3388 1682 3443 mihi
1725 3402 1923 3440 verum

311 3500 430 3539 esse
446 3485 683 3540 habere.
705 3485 871 3549 Quod
900 3487 986 3539 est
1013 3483 1201 3539 dicere
1228 3499 1240 3535 :
1268 3481 1411 3535 Cum
1442 3476 1742 3532 considero
1770 3473 1926 3545 quod

310 3572 505 3627 futura
542 3574 615 3627 sit
634 3573 693 3628 in
724 3590 857 3628 vero
885 3589 1029 3640 esse,
1062 3588 1193 3627 cum
1226 3569 1335 3623 erit
1366 3565 1519 3639 apud
1551 3568 1627 3629 te,
1662 3563 1720 3616 id
1752 3566 1837 3616 est
1864 3560 1924 3614 in

312 3661 394 3715 tui
423 3662 733 3733 praesentia
756 3666 813 3717 et
843 3661 1270 3724 conformitate,
1289 3658 1412 3728 jam
1444 3670 1543 3725 spe
1574 3652 1739 3706 video
1771 3649 1926 3721 quod

312 3748 372 3803 in
394 3765 529 3803 vero
560 3749 656 3804 illo
689 3766 808 3804 esse
839 3749 929 3817 sit,
967 3752 1025 3803 et
1073 3750 1135 3802 ut
1165 3744 1480 3802 substantia
1516 3756 1649 3794 mea
1687 3738 1839 3809 apud
1870 3740 1927 3789 te

312 3854 512 3891 verum
555 3854 675 3891 esse
708 3839 923 3892 habere
959 3839 1151 3908 queat,
1182 3835 1248 3888 ab
1293 3831 1532 3886 omnibus
1562 3825 1928 3898 iniquitatibus

314 3926 630 3981 venialibus
670 3944 789 3980 erue
820 3944 902 3980 me
944 3923 1324 3995 indulgendo,
1381 3917 1540 3991 quasi
1594 3914 1928 3983 dicat;Ego

314 4014 464 4068 bene
496 4014 793 4082 custodivi,
824 4019 887 4068 ut
909 4014 970 4067 in
1003 4011 1285 4084 principio
1319 4005 1524 4080 psalmi
1557 4001 1779 4059 ostendi
1812 4001 1932 4054 vias

319 4119 479 4157 meas
505 4120 537 4157 a
563 4102 975 4169 criminalibus,
998 4100 1098 4156 sed
1116 4103 1177 4153 tu
1206 4098 1441 4167 indulge
1474 4092 1738 4148 venialia.
1768 4091 1835 4144 Et
1855 4089 1932 4143 sic

318 4192 392 4246 ab
422 4191 691 4245 omnibus
706 4190 1102 4263 iniquitatibus
1123 4204 1222 4243 ero
1254 4186 1545 4241 liberatus.
1578 4182 1757 4235 Aliter
1774 4179 1931 4233 enim

320 4280 394 4334 ad
420 4280 560 4334 illud
590 4296 709 4334 esse
744 4296 861 4334 non
894 4279 1266 4349 attingerem,
1302 4291 1435 4328 cum
1461 4272 1601 4326 nihil
1631 4268 1930 4324 sordidum

320 4367 381 4422 in
411 4384 593 4439 regno
623 4370 721 4422 tuo
744 4367 1003 4422 futurum
1035 4367 1106 4420 sit
1132 4365 1323 4436 (Apoc.
1352 4379 1463 4427 χχι,
1495 4360 1606 4427 27),
1641 4360 1699 4411 et
1728 4370 1931 4410 eruere

322 4455 514 4510 debes.
544 4457 686 4511 Nam
719 4456 1056 4527 opprobrium
1102 4452 1369 4524 insipienti
1408 4448 1596 4503 dedisti
1633 4462 1734 4510 me,
1777 4442 1932 4515 quod

322 4543 639 4598 estdicere:
657 4561 789 4598 cum
802 4542 1172 4599 scecularibus
1194 4535 1560 4606 contemptis,
1577 4533 1649 4588 ad
1672 4535 1728 4585 te
1746 4531 1930 4585 solum

321 4635 598 4703 spectem,
622 4636 685 4686 ut
706 4632 1024 4702 expressius
1051 4630 1261 4689 dicam,
1282 4624 1492 4680 derisio
1514 4622 1622 4675 sim
1645 4624 1702 4673 et
1722 4632 1930 4689 oppro-

323 4720 512 4774 brium
527 4721 818 4792 insipienti
834 4721 1133 4792 populo,et
1146 4718 1255 4772 hoc
1269 4731 1375 4786 pro
1389 4716 1467 4767 te.
1488 4709 1649 4766 Unde
1668 4710 1929 4778 Prosper:

326 4830 355 4858 ‹‹
388 4806 493 4871 Qui
547 4810 741 4862 volunt
779 4809 871 4879 pie
913 4808 1119 4871 vivere,
1164 4819 1392 4858 necesse
1430 4803 1514 4855 est
1551 4800 1614 4851 ut
1644 4794 1936 4868 patiantur

325 4896 638 4967 opprobria
675 4897 745 4950 ab
790 4895 982 4968 impiis
1013 4898 1069 4948 et
1100 4890 1484 4947 dissimilibus.
1519 4909 1547 4935 »
1582 4887 1650 4938 Et
1694 4899 1825 4936 cum
1856 4881 1935 4935 eis

325 4984 706 5055 opprobrium
719 4983 829 5038 sim
841 4984 985 5037 nihil
1001 4997 1198 5037 amare
1217 4976 1509 5049 respondi,
1531 4973 1631 5029 sed
1644 4971 1888 5025 obmutui
1919 4984 1930 5020 :

325 5088 375 5135 et
405 5077 480 5131 sic
512 5075 666 5148 quod
680 5075 837 5129 nullo
859 5072 1035 5127 modo
1053 5072 1236 5141 aperui
1258 5084 1316 5123 os
1339 5083 1530 5132 meum,
1566 5066 1626 5117 ut
1646 5057 1934 5133 gemendo

326 5169 413 5223 vel
432 5166 606 5222 modo
626 5164 815 5235 aliquo
836 5159 1254 5216 murmurando
1273 5157 1503 5227 signum
1530 5148 1814 5213 maeroris,
1839 5148 1937 5201 aut

328 5252 744 5326 indignationis
766 5249 1154 5305 ostenderem.
1188 5246 1325 5300 Orat
1354 5243 1527 5298 etiam
1561 5242 1622 5292 ut
1654 5239 1801 5326 Deus
1821 5236 1936 5326 pla-

329 5358 433 5414 gas
459 5322 588 5395 suas
614 5338 858 5404 alleviet,
892 5354 964 5390 ne
999 5336 1044 5389 si
1076 5337 1201 5406 plus
1232 5330 1412 5386 nimio
1451 5343 1653 5399 graves
1698 5322 1933 5387 fuerint,

330 5413 435 5486 Sub
468 5445 668 5485 eorum
701 5426 956 5500 pondere
997 5424 1242 5487 deﬁciat,
1278 5423 1333 5473 et
1358 5418 1436 5472 sic
1465 5414 1620 5488 quod
1651 5413 1939 5481 exspectat

332 5535 451 5573 non
498 5518 765 5589 attingat.
822 5516 888 5568 Et
927 5514 1035 5567 hoc
1065 5512 1140 5565 sic
1175 5509 1343 5564 dicit:
1370 5507 1488 5560 Non
1528 5504 1713 5557 solum
1745 5515 1845 5554 oro
1880 5501 1940 5552 ut

335 5623 430 5662 me
454 5606 525 5660 ab
556 5604 950 5680 iniquitatibus
993 5616 1178 5667 eruas,
1212 5595 1313 5652 sed
1344 5594 1520 5650 etiam
1546 5608 1670 5657 oro,
1702 5603 1884 5644 amove
1908 5604 1938 5639 a

2018 1878 2137 1929 cisti
2162 1876 2438 1939 tabescere,
2472 1874 2529 1928 id
2559 1877 2643 1927 est
2663 1872 2908 1927 deﬁcere
2947 1888 3052 1942 per
3094 1871 3243 1942 ipsas
3282 1870 3627 1940 increpatio-

2018 1981 2142 2026 nes,
2170 1966 2411 2017 animum
2442 1979 2614 2016 meam
2647 1978 2680 2015 a
2708 1960 2971 2015 sordibus
3002 1959 3449 2015 delectationum
3499 1974 3626 2011 sua-

2019 2069 2149 2106 rum
2176 2054 2311 2105 sicut
2340 2068 2614 2115 araneam,
2648 2049 2707 2103 id
2738 2053 2822 2103 est
2847 2049 2917 2103 ad
2952 2048 3190 2102 modum
3226 2063 3471 2113 araneae,
3501 2062 3628 2117 quae

2017 2157 2120 2212 per
2134 2156 2309 2211 opera
2323 2156 2423 2192 sua
2440 2138 2716 2209 paulatim
2729 2136 2937 2192 deﬁcit.
2972 2137 3353 2190 Verumtamen
3370 2132 3630 2205 quamvis

2018 2228 2162 2282 adeo
2187 2228 2477 2299 perfectus
2508 2226 2712 2293 sim,et
2743 2224 2855 2278 mei
2881 2225 3145 2294 exemplo
3164 2226 3399 2293 possent
3423 2220 3516 2276 alii
3530 2221 3627 2277 de-

2019 2319 2212 2383 ﬁcerc,
2239 2320 2295 2371 et
2319 2316 2396 2370 sic
2428 2314 2551 2369 ﬁeri
2578 2313 2836 2386 perfecti.
2895 2313 3081 2367 Omnis
3115 2312 3290 2377 bomo,
3324 2310 3381 2365 id
3417 2313 3503 2364 est
3531 2310 3632 2364 ho-

2020 2406 2241 2462 minem
2287 2405 2476 2459 vivens
2506 2404 2692 2458 adhuc
2722 2402 3067 2457 conturbatur
3096 2417 3249 2467 vane,
3283 2399 3341 2453 id
3362 2401 3447 2453 est
3476 2397 3629 2453 solli-

2020 2495 2226 2548 citatur
2248 2494 2307 2548 in
2341 2492 2595 2564 appetitu
2624 2495 3011 2554 terrenorum,
3041 2505 3167 2559 quae
3196 2502 3343 2541 vana
3366 2489 3518 2541 sunt.

2095 2582 2330 2637 Ostensa
2348 2580 2595 2637 defectio
2608 2596 2680 2633 ne
2699 2595 2820 2643 sua,
2840 2577 2917 2631 sic
2950 2576 3023 2630 ad
3039 2576 3364 2631 orationem
3394 2572 3630 2628 reverti-

2020 2674 2147 2725 tur:
2175 2671 2323 2741 Ergo
2377 2669 2510 2740 quia
2557 2666 2635 2721 sic
2676 2665 2860 2720 fecisti
2903 2681 2997 2718 me
3044 2664 3355 2727 tabescere,
3388 2660 3628 2727 Exaudi,

2019 2760 2268 2824 Domine,
2311 2758 2603 2811 orationem
2654 2771 2827 2807 meam
2864 2767 2999 2806 voce
3040 2751 3421 2821 prolatamzet
3446 2749 3628 2819 depre-

2023 2849 2218 2900 tionem
2263 2862 2459 2910 meum,
2501 2860 2567 2897 ex
2611 2840 2940 2895 intensione
2984 2837 3171 2892 cordis
3195 2836 3627 2907 procedentem,

2022 2941 2070 2988 et
2085 2935 2296 3005 percipe
2344 2931 2558 2985 auribus
2601 2927 2829 3000 pietatis
2874 2930 2984 2979 ture
3035 2925 3296 2993 lacrymas
3344 2941 3503 2977 meas.
3533 2923 3631 2978 Vel

2023 3022 2101 3076 sic
2122 3039 2133 3075 :
2158 3038 2220 3074 ne
2243 3021 2417 3086 sileas,
2442 3018 2501 3072 id
2528 3022 2611 3071 est
2636 3015 2847 3087 perﬁce
2897 3012 3049 3083 quod
3088 3013 3334 3082 postulo,
3380 3012 3629 3082 quoniam

2023 3127 2115 3179 ego
2146 3108 2391 3163 existens
2410 3107 2535 3178 jam
2557 3121 2656 3176 spe
2672 3102 2814 3174 apud
2845 3105 2921 3167 te,
2956 3100 3014 3153 id
3046 3104 3130 3152 est
3168 3098 3226 3152 in
3254 3098 3632 3169 praesentiaet

2024 3195 2429 3253 conformitate
2482 3194 2561 3247 tui
2609 3211 2726 3247 sum
2801 3190 3005 3244 advena
3048 3194 3097 3240 et
3119 3188 3449 3257 peregrinus,
3498 3188 3631 3241 sicut

2023 3302 2200 3341 omnes
2235 3290 2415 3360 patres
2455 3284 2560 3336 mei
2615 3278 3311 3360 fuerunt,_a_ntecessores
3345 3274 3629 3343 videlicet,

2025 3349 2274 3447 quorum
2296 3370 2613 3426 sanctitatis
2637 3368 2785 3422 ﬁlius
2823 3349 3197 3436 I25existo,
3246 3363 3407 3436 quasi
3433 3364 3585 3417 dicat
3615 3380 3628 3419 :

2023 3464 2149 3518 Non
2170 3462 2318 3516 ﬁlius
2346 3461 2513 3531 hujus
2546 3457 2771 3523 mundi,
2804 3455 2905 3509 sed
2933 3454 3003 3507 de
3022 3453 3133 3507 alia
3147 3453 3384 3523 regione
3398 3452 3632 3519 sum,ad

2024 3567 2200 3623 quam
2233 3549 2426 3615 tendo,
2453 3547 2526 3601 ad
2544 3545 2896 3600 Hierusalem
2910 3541 3121 3595 scilicet
3143 3544 3445 3595 aeternam.
3461 3541 3630 3594 Pere-

2024 3638 2222 3711 grinus
2252 3640 2308 3691 et
2332 3636 2554 3689 advena
2581 3634 2737 3687 idem
2766 3634 2868 3696 est,
2902 3630 3001 3683 sed
3027 3646 3093 3683 ex
3121 3627 3421 3682 affectione
3452 3627 3635 3681 nimia

2027 3727 2105 3780 sic
2156 3721 2645 3778 inculcaturzideo
2685 3721 2878 3772 autem
2915 3718 3113 3770 Patres
3162 3714 3409 3768 advenas
3450 3716 3507 3767 et
3533 3729 3632 3783 pe-

2026 3813 2290 3885 regrinos
2321 3811 2491 3864 fuisse
2541 3807 2697 3872 dicit,
2750 3809 2811 3859 ut
2841 3820 3044 3858 eorum
3067 3802 3269 3855 saltem
3296 3800 3634 3854 auctoritate

2030 3919 2135 3957 nos
2151 3902 2223 3955 ab
2259 3895 2585 3970 hujusmodi
2633 3890 3098 3966 peregrinatione
3138 3889 3452 3942 abstrahat.
3498 3887 3633 3952 Oro,

2032 3989 2255 4055 exaudi,
2310 3990 2367 4042 et
2404 3986 2463 4040 in
2515 3985 2623 4037 hoc
2675 3978 3165 4035 exaudi:Remitte
3210 3977 3344 4029 mihi
3379 3979 3632 4045 peccata,

2021 4083 2338 4152 priusquam
2380 4074 2599 4127 habeam
2653 4070 2722 4124 de
2757 4070 2865 4123 hac
2923 4067 3058 4131 vita,
3092 4072 3171 4130 ut,
3221 4064 3329 4117 illis
3364 4062 3634 4130 remissis,

2032 4150 2308 4239 refrigerer
2336 4165 2395 4218 in
2418 4158 2716 4226 futuro,‘id
2747 4159 2832 4211 est
2863 4155 2919 4208 in
2952 4153 3251 4224 refrigerio
3272 4151 3475 4222 quietis
3503 4150 3635 4216 sim,

2031 4238 2126 4329 qui
2143 4255 2258 4324 hicj
2271 4254 2456 4324 ugiter
2476 4244 2941 4303 tribulationibus
2958 4244 3196 4313 propter
3216 4243 3270 4293 te
3297 4238 3552 4329 affligor.
3572 4239 3640 4291 Et

1958 4334 2005 4391 D
2029 4328 2074 4399 si
2099 4362 2213 4399 non
2234 4339 2522 4397 remiseris
2553 4339 2865 4405 antequam
2900 4332 3129 4394 abeam,
3161 4328 3385 4398 amplius
3426 4343 3531 4379 non
3552 4344 3637 4380 ero

2030 4434 2089 4487 in
2129 4449 2261 4487 vero
2293 4445 2414 4483 esse
2444 4424 2600 4498 quod
2638 4424 2921 4492 exspecto.

2527 4512 2592 4566 1N
2626 4507 2947 4564 PSALMUM
2974 4504 3182 4558 XXXIX.

2100 4607 2313 4661 Titulus
2340 4600 2609 4657 tricesimi
2636 4596 2797 4652 noni.
2821 4595 3071 4649 Psalmus
3103 4591 3504 4646 attribuendus
3531 4590 3640 4643 Da-

2032 4695 2123 4751 vid
2151 4698 2205 4748 in
2229 4690 2473 4761 ﬁnem,id
2502 4691 2588 4743 est
2627 4686 2848 4741 Christo
2916 4681 3177 4737 existenti
3220 4680 3418 4745 David,
3466 4678 3521 4732 id
3559 4682 3643 4733 est

2033 4800 2210 4840 manu
2233 4780 2366 4835 forti
2398 4794 2574 4849 usque
2600 4775 2656 4829 in
2688 4775 2890 4838 ﬁnem,
2918 4771 2977 4825 id
3008 4774 3091 4824 est
3121 4769 3179 4822 in
3225 4767 3639 4840 perfectionem

2033 4871 2271 4928 viriliter
2320 4866 2545 4938 agendo
2582 4866 2783 4919 contra
2826 4860 3140 4923 diabolum,
3186 4861 3243 4909 et
3288 4851 3643 4908 devincendo

2036 4978 2191 5027 eum,
2224 4961 2281 5012 et
2312 4957 2459 5011 bene
2491 4950 2835 5023 eomplcndo
2869 4944 3260 5002 obedientiam
3294 4940 3396 4994 sibi
3428 4956 3460 4992 a
3480 4943 3643 5010 patre

2035 5051 2377 5121 injunctam.
2424 5042 2676 5097 Intendit
2715 5042 2904 5092 autem
2951 5035 3009 5087 in
3044 5033 3153 5121 hoc
3200 5029 3422 5121 psalmo
3473 5030 3645 5098 caput

2037 5117 2340 5195 ostendere
2363 5132 2434 5187 ad
2450 5128 2885 5185 instructionem
2900 5126 2957 5175 et
2969 5117 3433 5175 conformitatem
3456 5130 3643 5169 mem-

2036 5230 2299 5292 brorum,
2330 5222 2547 5292 quanta
2567 5212 2889 5271 constantia
2922 5212 3101 5263 Deum
3132 5203 3561 5276 exspectaverit,
3588 5206 3647 5257 et

2036 5317 2260 5371 intense
2309 5310 2701 5378 susceptorum
2752 5317 2809 5353 se
2850 5297 3004 5369 quod
3039 5292 3465 5365 cxspectaverit,
3494 5294 3557 5346 ut
3586 5293 3645 5345 et

2039 5401 2304 5459 membra
2318 5397 2399 5452 sui
2419 5392 2678 5463 exemplo
2700 5386 3044 5458 exspectent,
3072 5400 3141 5435 ne
3177 5380 3477 5435 denarium
3511 5380 3645 5434 ante

2040 5504 2338 5562 vesperum
2364 5483 2609 5554 exigant,
2633 5477 2731 5531 sed
2752 5476 2807 5529 in
2826 5475 2962 5535 ﬁne,
2995 5472 3148 5543 quod
3179 5472 3326 5525 bene
3352 5472 3643 5541 exspecta-

2044 5560 2187 5636 bunt
2215 5577 2433 5631 iutcnsc
2460 5567 2755 5641 recipiant.
2790 5560 3050 5619 Ostendit
3080 5576 3307 5633 quoque
3338 5575 3395 5613 se
3418 5575 3534 5614 non
3560 5572 3649 5613 so-
