4008 6030
362 354 465 429 803

974 358 1037 429 Β.
1079 364 1425 428 BRUNONIS
1465 361 2095 425 CABTHUSIANORUM
2132 362 2599 423 INSTITUTORIS
2641 362 2796 423 OPP.
2840 361 3018 422 PARS
3054 364 3078 421 Ι

3579 349 3684 422 set

364 491 484 553 lum
513 499 884 571 exspectasse,
912 497 1009 551 sed
1037 497 1221 550 ethoc
1244 511 1454 560 orasse,
1488 498 1541 548 et
1572 493 1628 547 in
1661 493 1767 548 hoc
1800 508 1967 545 exau-
1996 492 2053 552 Α
2087 491 2296 546 timore
2318 495 2493 559 casto,
2522 491 2579 546 id
2610 495 2694 547 est
2710 490 2950 563 diligent
2978 497 3028 546 et
3046 489 3304 546 timendo
3328 490 3615 562 sperabunt
3628 492 3684 544 in

365 588 549 642 ditum
582 585 1196 655 fuisse,subjungendo
1233 600 1461 637 causam
1504 600 1617 653 qua
1653 581 1860 651 dignus
1905 579 1977 633 sit

360 675 647 740 exaudiri;
674 675 1029 727 demonstrat
1058 688 1284 743 quoque
1318 688 1375 724 se
1410 672 1619 724 mullos
1656 668 1976 723 imitatores

356 763 691 818 habiturum
718 760 777 814 in
809 760 1231 831 exspectatione
1259 762 1351 812 :ut
1375 758 1550 812 etiam
1587 757 1752 811 nobis
1772 755 1975 809 innuat

358 851 513 925 quod
543 849 587 903 si
619 847 1149 919 exspectaverimus,
1182 847 1393 900 multos
1416 846 1473 899 in
1497 846 1604 899 hoc
1652 844 1973 898 imitatores

356 937 718 994 habebimus.
741 936 957 990 [ndicat
976 935 1206 1004 insuper
1232 951 1344 1006 quo
1368 933 1569 989 ordine
1589 932 1683 987 alii
1705 932 1824 1001 ejus
1850 931 1973 985 imi-

358 1029 575 1081 tatores
611 1024 955 1090 efficientur,
1006 1040 1109 1095 per
1150 1025 1400 1076 mortem
1436 1022 1649 1076 scilicet
1688 1037 1873 1082 suam,
1914 1022 1971 1072 et

356 1130 591 1169 suorum
631 1111 1122 1184 praedicationem.
1172 1110 1307 1164 Orat
1352 1114 1549 1182 postea
1580 1109 1651 1163 de
1692 1123 1971 1162 resurrec-

356 1201 536 1268 tione,
573 1200 881 1255 ostendens
912 1199 984 1253 ad
1011 1198 1147 1270 quid
1174 1198 1495 1252 necessaria
1535 1214 1635 1251 sua
1673 1197 1743 1250 sit
1782 1211 1967 1248 resur-

354 1290 552 1345 rectio.
591 1288 728 1343 Orat
749 1287 924 1340 etiam
960 1303 1064 1357 pro
1104 1286 1351 1339 inimicis
1382 1288 1436 1339 et
1469 1302 1572 1356 pro
1597 1284 1894 1337 membris.

424 1377 748 1447 Exspectans
769 1376 1060 1444 exspectavi
1089 1372 1399 1427 Dominum.
1431 1374 1574 1425 Cum
1601 1371 1737 1425 dicit
1773 1386 1967 1440 exspe-

354 1472 535 1531 ctans,
574 1463 1056 1534 perseverantiam
1091 1461 1277 1514 innuit
1307 1459 1760 1530 exspectationis,
1811 1456 1965 1529 quasi

357 1554 540 1609 dicat:
565 1553 685 1605 Non
704 1549 970 1614 fastidivi,
1007 1566 1121 1602 non
1138 1549 1513 1613 murmuravi,
1531 1549 1630 1603 sed
1653 1545 1967 1619 exspectavi

355 1639 911 1696 remunerationem.
946 1638 1308 1707 Exspectans,
1334 1636 1390 1690 id
1424 1639 1508 1689 est
1535 1653 1653 1690 non
1677 1636 1966 1704 deﬁciens,

354 1730 456 1785 sed
479 1743 849 1801 perseverans
870 1726 927 1779 in
955 1724 1378 1795 exspectatione
1406 1731 1483 1778 :et
1515 1724 1650 1795 quia
1682 1730 1967 1796 exspecta-

2078 578 2305 633 Domino
2336 581 2892 635 remunerationem.
2918 580 2985 633 Et
3003 581 3137 652 quia
3159 580 3445 634 timebunt
3469 582 3528 633 et
3554 596 3678 651 spe-

2074 669 2306 733 rabunt,
2343 670 2520 722 beatus
2550 671 2636 723 vir
2665 669 2775 722 erit
2803 668 2864 722 in
2895 669 3112 745 futuro,
3147 669 3299 739 cujus
3324 668 3428 723 viri
3460 668 3684 721 Domini

2074 774 2260 810 nomen
2282 766 2356 810 est
2380 776 2489 827 spes
2516 759 2648 826 eius,
2682 757 2740 811 id
2771 761 2858 811 est
2897 757 2993 828 qui
3016 773 3178 828 spem
3213 758 3407 811 salutis
3430 756 3596 827 ponit
3618 756 3678 809 in

2074 845 2314 899 nomine
2345 844 2596 908 Domini,
2629 846 2784 916 quod
2820 845 3005 917 diligit
3036 850 3093 899 et
3124 845 3479 916 magnificat.
3515 843 3679 907 Quod

2071 937 2266 987 autem
2290 933 2451 1004 ponit
2468 934 2836 1006 singulariter
2858 936 2957 999 vir,
2991 950 3120 988 cum
3151 933 3449 1005 pluraliter
3469 932 3684 1005 posuis-

2069 1026 2156 1075 set
2184 1023 2471 1076 timebunt
2501 1028 2558 1077 et
2587 1024 2924 1094 sperabunt,
2950 1022 3078 1076 ideo
3110 1022 3247 1076 facit
3275 1025 3337 1076 ut
3374 1037 3473 1077 eos
3500 1036 3678 1075 unum

2069 1110 2205 1182 quid
2238 1128 2356 1165 esse
2384 1111 2441 1165 in
2475 1129 2574 1183 spe
2605 1115 2662 1165 et
2694 1112 2900 1165 timore
2934 1111 3218 1165 ostendat.

2141 1198 2426 1262 Quoniam
2447 1202 2639 1253 autem
2656 1199 2764 1253 hoc
2796 1215 2910 1253 non
2942 1198 3248 1263 sufficeret,
3279 1197 3439 1252 addit
3460 1214 3474 1252 :
3495 1196 3679 1251 Etille

2069 1287 2271 1341 beatus
2294 1288 2378 1341 vir
2407 1305 2509 1341 non
2538 1290 2783 1357 respexit,
2815 1287 2871 1341 id
2904 1291 2986 1341 est
3014 1303 3131 1342 non
3165 1290 3320 1341 retro
3351 1286 3679 1357 aspiciet,in

2070 1377 2328 1429 vanitates
2352 1383 2401 1429 et
2426 1378 2481 1428 in
2535 1378 2792 1441 insanias,
2849 1375 3215 1430 declinando.
3254 1398 3280 1423 ‹‹
3306 1375 3486 1428 Nemo
3520 1374 3679 1428 enim

2070 1464 2305 1517 mittens
2335 1481 2572 1517 manum
2602 1480 2762 1517 suam
2798 1464 2869 1518 ad
2899 1467 3177 1529 aratrum,
3212 1465 3268 1516 et
3288 1460 3568 1534 aspiciens
3595 1478 3685 1515 re-

2070 1555 2341 1617 trorsum,
2376 1553 2539 1620 aptus
2570 1554 2655 1604 est
2687 1567 2868 1621 regno
2897 1551 2997 1605 Dei
3029 1550 3179 1621 (Luc.
3205 1568 3278 1615 ix,
3304 1554 3417 1617 62).
3449 1572 3476 1598 ››
3509 1548 3678 1603 Vani-

2070 1641 2216 1692 tates
2248 1638 2384 1692 dicit
2414 1634 2702 1710 appetitus
2732 1642 3122 1703 terrenorum,
3178 1655 3302 1709 quia
3334 1654 3481 1691 vana
3524 1640 3676 1690 sunt.

2069 1727 2325 1780 lnsanias
2356 1730 2547 1780 autem
2579 1727 2747 1795 falsas
2779 1726 2914 1780 dicit
2942 1726 3063 1796 ipsa
3085 1726 3258 1793 bona,
3289 1725 3563 1797 quoniam
3580 1725 3683 1778 ho-

351 1817 424 1883 vi,
468 1820 524 1871 et
564 1816 749 1870 adhuc
799 1814 1157 1883 exspectabo,
1196 1813 1424 1867 intendit
1469 1814 1620 1879 mihi,
1660 1813 1716 1867 id
1763 1818 1846 1867 est
1888 1815 1973 1868 in-
1999 1801 2048 1859 Β
2072 1815 2260 1868 mines
2290 1815 2539 1869 insanire
2560 1815 2794 1880 faciunt,
2820 1815 2956 1868 dum
2982 1815 3274 1884 eosalege
3298 1813 3395 1868 Dei
3423 1812 3673 1867 deviant.

350 1905 512 1959 tense
537 1904 676 1958 mihi
708 1902 866 1957 dabit
892 1902 1048 1972 quod
1085 1901 1423 1971 exspectavi,
1456 1902 1850 1956 resuscitando
1878 1920 1969 1957 me

351 1998 408 2049 et
427 1991 824 2065 gloriﬁcando.
872 1991 984 2044 [Ioc
1028 1992 1221 2043 autem
1274 2006 1404 2043 cum
1452 1990 1705 2044 futurum
1734 1996 1877 2044 esset
1904 2008 1971 2045 ex

352 2080 693 2136 certitudine
708 2079 905 2144 nimia,
940 2078 1099 2149 quasi
1125 2078 1481 2148 prmteritum
1503 2080 1710 2149 posuit.
1738 2080 1856 2132 Non
1880 2097 1969 2134 so-

350 2171 471 2223 lum
503 2172 699 2221 autem
725 2166 1060 2237 exspectavi,
1097 2165 1195 2218 sed
1210 2182 1313 2236 pro
1333 2166 1440 2219 hoc
1466 2167 1623 2237 quod
1654 2168 1969 2237 exspectavi

354 2255 508 2311 oravi
535 2256 676 2309 :hoc
736 2257 896 2307 extra
933 2253 1144 2306 librum
1191 2269 1321 2305 cum
1362 2253 1451 2320 sit,
1497 2270 1560 2307 ex
1604 2256 1971 2325 sequentibus

352 2342 699 2398 habetur.Et
745 2341 879 2412 quia
919 2341 1095 2406 oravi,
1153 2340 1426 2393 eramlivit
1471 2359 1653 2411 preces
1694 2360 1854 2409 meas,
1914 2346 1971 2397 et

354 2433 462 2485 hoc
490 2430 909 2500 accipiendium
941 2432 1025 2481 est
1058 2427 1266 2493 future,
1302 2428 1459 2498 quasi
1493 2429 1966 2497 dieeret:0rabo,

354 2524 414 2574 et
430 2520 695 2574 exaudiet
713 2536 826 2582 me,
843 2524 893 2571 et
910 2520 970 2570 ut
986 2517 1195 2587 dignus
1209 2534 1392 2569 essem
1411 2518 1797 2585 exauditione,
1814 2520 1969 2588 prius

354 2608 536 2661 eduxit
567 2625 647 2660 me
667 2607 730 2659 de
774 2607 892 2659 lacu
925 2607 1167 2663 miseriae,
1220 2604 1279 2658 id
1331 2607 1416 2657 est
1456 2605 1525 2659 de
1574 2606 1966 2676 profunditate

353 2695 647 2761 vitiorum,
682 2694 739 2747 in
753 2710 925 2764 quem
951 2692 1043 2745 alii
1069 2691 1263 2745 miseri
1297 2692 1672 2760 descendunt,
1690 2711 1805 2747 non
1828 2694 1968 2749 dixit

356 2782 568 2849 eduxit,
588 2781 742 2852 quod
758 2781 814 2834 in
849 2797 916 2834 eo
932 2780 1173 2833 fuissent
1188 2779 1408 2850 iniqua,
1425 2781 1521 2834 seb
1537 2781 1671 2852 quia
1684 2785 1966 2852 quantum

356 2872 429 2927 ad
461 2870 815 2925 debilitatem
848 2868 1239 2934 humanitatis,
1285 2869 1390 2922 nisi
1432 2870 1619 2939 gratia
1658 2871 1967 2926 divinitatis

356 2959 683 3025 obstitisset,
700 2957 1235 3031 possetcontingere
1252 2974 1263 3010 :
1283 2959 1441 3028 quasi
1457 2958 1626 3025 dicat,
1643 2959 1964 3014 immunem

2071 1904 2230 1957 Falsa
2268 1919 2402 1956 vero
2430 1903 2584 1974 quod
2632 1903 2753 1973 ipsa
2805 1902 3209 1975 appetentibns
3255 1901 3676 1956 beatitudinem

2070 1992 2463 2064 promittendo
2515 1992 2758 2058 fallunt;
2784 1992 2868 2046 vel
2899 1991 3138 2045 insania:
3182 1991 3360 2056 falsae,
3389 1990 3677 2044 idolorum

2071 2082 2253 2134 cultus
2284 2080 2574 2133 dicuntur.
2601 2079 2746 2142 Quid
2778 2079 2937 2133 enim
2970 2079 3223 2132 fallacius
3244 2094 3418 2149 quam
3452 2082 3675 2131 creatu-

2070 2184 2195 2221 ram
2221 2168 2408 2221 dicere
2431 2171 2772 2232 creatorem,
2805 2171 3039 2237 autqum
3062 2165 3482 2236 majorinsania
3503 2178 3677 2235 quam

2072 2257 2285 2309 cultum
2322 2256 2435 2308 Deo
2463 2255 2719 2308 debitum
2751 2258 2992 2308 eraturar
3041 2254 3379 2325 impendere
3410 2253 3438 2307 ?
3464 2253 3560 2307 Vel
3592 2252 3678 2306 in-

2070 2343 2246 2396 sania:
2278 2344 2433 2397 falsa:
2466 2344 2597 2397 vitia
2629 2344 2916 2409 dicuntur,
2952 2359 3019 2397 eo
3056 2343 3209 2415 quod
3240 2342 3679 2396 hominesaDeo

2070 2432 2416 2486 retrahcndo
2452 2430 2703 2485 insanire
2735 2432 2972 2496 faciunt,
3009 2435 3067 2485 et
3111 2447 3238 2485 cum
3278 2429 3681 2485 desiderabilia

2070 2520 2313 2574 dixerim
2359 2537 2499 2586 esse,
2536 2537 2651 2574 non
2688 2524 2970 2591 quantum
2999 2518 3077 2573 ad’
3117 2519 3200 2573 sui
3235 2522 3524 2582 naturam,
3582 2516 3683 2569 sed

2065 2608 2365 2661 videantur
2395 2625 2535 2674 esse,
2577 2609 2800 2662 fallunt.
2846 2608 2983 2662 Dico
3011 2607 3164 2679 quod
3195 2623 3311 2660 non
3334 2605 3597 2676 respiciet
3622 2604 3681 2657 in

2066 2696 2364 2761 vanitates,
2404 2696 2460 2749 id
2522 2699 2604 2749 est
2636 2696 2692 2748 in
2722 2698 2973 2749 terrena.
3031 2695 3098 2747 Et
3140 2693 3402 2764 quamvis
3431 2710 3501 2747 ea
3533 2709 3681 2745 vana

2067 2784 2434 2855 quantumad
2457 2784 2760 2837 hominum
2784 2783 3230 2853 reputationem,
3261 2782 3356 2852 qui
3386 2781 3583 2835 dicunt
3612 2796 3680 2834 ea

2068 2888 2295 2925 summa
2326 2872 2481 2926 bona
2514 2888 2655 2937 esse,
2685 2887 2815 2924 cum
2846 2887 2963 2925 non
2995 2870 3129 2925 sint.
3175 2870 3416 2935 Tamen,
3452 2884 3523 2923 ne
3554 2868 3679 2938 ipsa

2066 2958 2388 3030 vituperare
2421 2958 2634 3025 videar,
2664 2958 2790 3012 dico
2822 2958 2964 3029 quod
2983 2964 3061 3019 tu,
3092 2958 3318 3011 Domine
3337 2955 3482 3009 Deus
3512 2972 3675 3021 meus,

358 3064 452 3101 me
483 3047 617 3101 fecit
643 3063 676 3099 a
706 3048 961 3117 peccato.
999 3047 1149 3099 Bene
1174 3062 1307 3099 vero
1342 3050 1707 3117 peccatorum
1729 3050 1964 3119 profun-
1990 3077 2038 3138 ο
2064 3048 2241 3118 fecisti
2260 3049 2424 3101 multa
2439 3048 2726 3113 mirabilia,
2759 3046 2969 3100 scilicet
2999 3046 3095 3099 illa
3117 3049 3364 3111 terrena,
3395 3043 3682 3097 mirabilia

359 3136 505 3190 ditas
525 3136 670 3188 lacus
696 3134 925 3199 dicitur,
957 3151 1023 3187 eo
1058 3134 1213 3204 quod
1244 3134 1537 3189 instabiles
1576 3139 1633 3189 et
1666 3136 1846 3191 ﬂuxos
1883 3137 1966 3191 fa-

357 3223 469 3278 ciat
511 3228 568 3277 et
595 3222 886 3286 insolidus,
943 3221 1436 3292 quemadmodum
1494 3224 1647 3276 lacus
1693 3224 1971 3279 instabilis

359 3312 542 3365 ﬂuxus
574 3314 629 3364 et
678 3309 952 3362 insolidus
983 3313 1085 3364 est.
1121 3308 1197 3361 Et
1228 3308 1410 3362 eduxit
1440 3326 1519 3363 me
1556 3311 1618 3363 de
1665 3311 1771 3364 luto
1800 3314 1966 3381 faecis.

361 3398 475 3452 Hoc
506 3402 698 3451 autem
726 3396 880 3449 idem
914 3400 1018 3459 est,
1060 3396 1215 3466 quod
1246 3400 1302 3449 et
1333 3397 1402 3450 de
1460 3399 1585 3451 lacu
1643 3399 1795 3453 fzecis
1825 3418 1836 3453 :
1873 3401 1972 3455 sed

361 3487 515 3541 aliud
542 3486 800 3550 denotat,
834 3483 1047 3536 scilicet
1089 3483 1329 3537 nimiam
1364 3484 1701 3539 surditatem
1740 3490 1798 3540 et
1828 3488 1970 3542 feto-

360 3591 485 3629 rem
500 3574 632 3627 mali
662 3571 929 3641 exempli,
963 3571 1105 3624 sicut
1125 3573 1308 3625 lutum
1338 3572 1558 3626 defence
1581 3574 1860 3629 sordidius
1890 3581 1975 3630 est

361 3667 418 3718 et
447 3661 727 3735 putridius
756 3659 866 3713 alio
894 3660 1035 3713 luto.
1058 3660 1198 3713 Nam
1217 3659 1382 3730 quiin
1408 3661 1537 3715 lacu
1563 3662 1805 3716 miseria!
1819 3668 1969 3729 sunt,

359 3754 419 3805 et
446 3748 765 3805 fetidissimi
802 3747 1070 3813 existunt,
1106 3750 1163 3801 et
1195 3746 1336 3801 alios
1362 3749 1609 3820 exempli
1640 3751 1971 3805 malifetore

358 3839 756 3909 corrumpunt.
792 3837 857 3889 Et
890 3852 1005 3888 non
1026 3836 1210 3889 solum
1240 3836 1455 3902 eduxit,
1492 3838 1591 3891 sed
1620 3846 1667 3890 et
1688 3840 1970 3901 statuit,id

361 3930 444 3981 est
489 3925 760 3980 stabilivit
813 3924 970 3994 pedes
1016 3940 1175 3984 meos,
1230 3924 1287 3975 id
1319 3927 1403 3977 est
1429 3925 1760 3979 att‘ectiones
1812 3943 1971 3981 meas

355 4032 516 4085 supra
546 4020 782 4084 petram,
817 4011 875 4067 id
905 4014 989 4064 est
1019 4026 1190 4081 super
1211 4010 1548 4064 ﬁrmitatem
1582 4012 1972 4067 virtutum.Et

358 4103 549 4156 direxit
587 4116 789 4168 gressus
816 4114 973 4161 meos,
1006 4097 1063 4150 id
1103 4100 1188 4150 est
1236 4097 1385 4168 ipsas
1433 4098 1765 4153 affectiones
1813 4118 1970 4155 meas

362 4184 876 4262 perseveranterde
895 4184 1046 4237 bono
1063 4200 1234 4254 opere
1254 4184 1310 4237 in
1336 4185 1558 4238 bonum
1585 4202 1745 4255 opus.
1774 4187 1850 4240 Et
1867 4190 1969 4241 im-

360 4279 505 4331 misit
562 4277 618 4328 in
664 4291 718 4326 os
762 4289 958 4336 meum,
1010 4271 1067 4324 in
1101 4289 1160 4325 os
1192 4271 1378 4325 cordis
1418 4272 1647 4339 scilicet,
1703 4278 1969 4330 canticum

360 4380 574 4430 novum,
607 4361 818 4415 scilicet
859 4376 1094 4421 carmen,
1147 4358 1202 4413 id
1263 4363 1347 4413 est
1400 4361 1631 4415 laudem
1657 4362 1768 4416 Ινρο
1796 4372 1969 4419 nostra
1993 4350 2045 4410 D

361 4454 717 4522 competens.
754 4450 815 4501 In
846 4447 1086 4502 Hebraeo
1120 4447 1367 4501 habetur
1424 4449 1708 4517 hymnum,
1751 4452 1971 4508 Novum

361 4538 651 4594 canticum
683 4535 836 4602 dicit,
892 4535 1005 4589 suis
1049 4535 1437 4589 voluntatibus
1484 4537 1584 4590 Dei
1620 4540 1972 4595 voluntatem

362 4641 725 4700 praeponere,
756 4639 868 4695 quo
895 4624 1243 4678 vetusbomo
1266 4625 1449 4679 Adam
1480 4628 1537 4679 et
1561 4627 1682 4697 ejus
1712 4631 1974 4683 membra

363 4716 672 4772 caruerunt
697 4730 708 4766 :
730 4712 825 4784 qui
841 4711 954 4766 suis
975 4711 1360 4766 voluntatibus
1372 4713 1605 4767 obedire
1625 4717 1968 4772 maluerunt.

365 4803 519 4859 Istud
564 4805 756 4857 autem
795 4816 973 4853 novus
1001 4799 1175 4854 homo
1204 4799 1477 4863 Christus,
1512 4805 1567 4855 et
1593 4802 1714 4872 ejus
1742 4804 1970 4859 confor-

365 4909 489 4948 mes
505 4890 853 4945 habuerunt.
875 4887 1225 4955 Notandum,
1247 4889 1555 4959 prephetas
1568 4890 1821 4961 aliosque
1840 4893 1975 4947 fide-

359 4983 441 5036 les
453 4979 548 5052 qui
565 4976 766 5032 Christi
780 4975 1089 5029 adventum
1104 4979 1527 5046 praevenerunt,
1565 4962 1581 5046 I
1758 4980 1969 5034 Christi

361 5067 630 5124 membra
667 5064 857 5128 fuisse,
890 5063 1006 5135 jam
1041 5063 1098 5116 in
1132 5063 1243 5117 fide
1282 5066 1340 5117 et
1369 5081 1490 5134 spe,
1540 5064 1671 5118 licet
1710 5068 1970 5121 nondum

361 5161 508 5213 esset
537 5157 702 5208 natus
728 5152 798 5206 de
826 5151 1055 5223 Virgine
1089 5167 1100 5203 :
1138 5151 1290 5222 quod
1325 5153 1756 5223 prteﬁguratum
1776 5159 1859 5209 est
1870 5172 1973 5225 per

360 5243 675 5318 quemdam
715 5240 770 5293 in
802 5239 989 5292 Veteri
1036 5238 1426 5305 Testamento,
1477 5240 1637 5309 cujus
1677 5258 1881 5296 manus
1915 5244 1972 5297 in

359 5332 655 5388 nativitate
709 5330 879 5399 caput
929 5327 1236 5397 praecessit,
1284 5326 1418 5381 Dico
1458 5344 1471 5381 :
1514 5328 1856 5398 Exspectavi’
1918 5336 1974 5386 et

354 5422 475 5492 ipse
510 5416 779 5473 intendit.
812 5416 879 5468 Et
908 5414 1084 5480 oravi,
1136 5416 1191 5468 et
1218 5415 1523 5481 exaudivit,
1574 5419 1631 5469 et
1679 5417 1799 5471 haec
1831 5419 1971 5473 cide-

359 5510 505 5573 bunt,
543 5506 600 5560 id
632 5506 716 5558 est
747 5502 1070 5572 intelligent
1127 5503 1303 5567 multi,
1349 5502 1491 5556 sicut
1533 5503 1971 5575 intelligendum

359 5597 463 5652 est.
499 5593 572 5647 Et
609 5589 878 5657 videndo,
912 5591 1176 5661 exemplo
1227 5590 1340 5645 mei
1368 5592 1623 5646 timebunt
1652 5592 1960 5663 hominum,
2038 5655 2042 5659 η

2070 3136 2388 3202 existentia,
2449 3136 2575 3190 dico
2608 3139 2703 3189 tua
2755 3151 2913 3189 esse:
2944 3134 3095 3206 quod
3151 3136 3234 3187 est
3281 3132 3471 3186 dicere
3501 3148 3514 3186 :
3541 3132 3679 3194 Quae

2070 3228 2345 3279 creaturae
2371 3229 2482 3278 tute
2502 3228 2654 3287 sunt,
2691 3240 2805 3278 non
2834 3227 3078 3287 creator,
3112 3222 3196 3276 vel
3225 3221 3320 3275 sic.
3350 3222 3475 3274 Non
3499 3219 3679 3289 respi-

2071 3313 2249 3367 cietin
2272 3312 2543 3377 insanias,
2569 3312 2625 3365 id
2645 3311 2801 3365 estin
2835 3310 3245 3375 idololatriam,
3282 3324 3385 3361 nec
3436 3311 3523 3362 est
3547 3308 3676 3361 illuc

2070 3400 2517 3470 respiciendum,
2554 3400 2652 3453 sed
2686 3400 2743 3452 in
2774 3398 3135 3463 te,Domine,
3173 3400 3233 3449 ut
3253 3396 3478 3450 celaris.
3538 3396 3680 3449 Nam

2073 3493 2154 3553 tu,
2190 3487 2455 3553 Domine,
2488 3486 2667 3541 fecisti
2698 3488 2879 3539 multa
2911 3485 3197 3539 mirabilia
3240 3487 3339 3537 tua
3368 3501 3381 3549 ;
3412 3483 3569 3555 quod
3598 3486 3683 3537 est

2075 3576 2307 3630 dicere:
2342 3577 2538 3629 Multas
2614 3574 2792 3629 fecisti
2864 3574 3158 3627 mirabiles
3210 3578 3522 3632 creaturas,
3579 3586 3683 3641 per

2075 3682 2214 3735 quas
2240 3667 2300 3717 tu
2338 3680 2467 3716 cum
2497 3664 2568 3716 sis
2598 3661 2907 3728 invisibilis,
2945 3659 3311 3731 cognosceris
3330 3676 3451 3713 esse
3484 3657 3682 3713 Domi-

2074 3769 2180 3804 nus
2200 3751 2523 3816 etCreator,
2560 3750 2802 3820 ideoque
2822 3750 2877 3803 in
2907 3749 2987 3801 tui
3007 3749 3224 3802 cultum
3250 3745 3679 3817 respiciendum

2072 3843 2175 3892 est.
2212 3840 2370 3893 Unde
2424 3838 2726 3909 Apostolus
2758 3853 2770 3889 :
2806 3858 2833 3885 «
2886 3836 3194 3890 lnvisibilia
3236 3835 3392 3888 enim
3444 3832 3618 3903 ipsius
3649 3850 3683 3886 a

2070 3932 2331 3981 creatura
2362 3926 2563 3980 mundi
2598 3942 2698 3998 per
2737 3942 2805 3979 ea
2847 3941 2974 3995 quae
3021 3926 3169 3977 facta
3217 3927 3347 3976 snnt
3394 3922 3682 3976 intellecta

2069 4016 2498 4085 conspiciuntur
2530 4014 2711 4072 (Rom.
2737 4031 2775 4078 l,
2804 4013 2950 4084 20).»
2983 4012 3059 4066 Et
3081 4029 3148 4065 ea
3185 4010 3471 4065 mirabilia
3500 4008 3680 4063 fecisti

2068 4104 2495 4172 cogitationibus,
2529 4102 2587 4156 id
2610 4105 2696 4155 est
2717 4101 3204 4171 dispositionibus,
3238 4101 3360 4164 tuis,
3395 4114 3510 4152 non
3538 4099 3676 4151 alte-

2069 4191 2185 4245 rius
2220 4191 2706 4262 dispositionibus.
2763 4189 2925 4243 Unde
2952 4188 3104 4242 idem
3132 4188 3471 4258 Apostolus:
3496 4209 3520 4233 ‹‹
3545 4184 3680 4248 Quis

2071 4278 2225 4333 enim
2255 4278 2767 4349 cognovitsensum
2793 4275 3044 4340 Domini,
3065 4279 3164 4329 aut
3178 4274 3302 4344 quis
3323 4272 3679 4327 consiliarius

2072 4368 2191 4437 ejus
2218 4367 2363 4419 fuit?
2396 4388 2422 4413 υ
2446 4366 2617 4436 \Rom.
2643 4380 2723 4431 xI,
2752 4367 2860 4432 3i)
2891 4364 3086 4417 Nullus
3119 4363 3519 4430 scilicetzergo
3545 4359 3679 4430 quia

2072 4454 2251 4509 fecisti
2280 4456 2461 4507 multa
2482 4453 2769 4507 mirabilia
2795 4450 3240 4523 cogitationibus
3265 4448 3396 4514 tuis,
3440 4449 3681 4518 apparet

2074 4543 2225 4613 quod
2259 4542 2434 4594 nullus
2458 4549 2530 4593 est
2562 4541 2654 4611 qui
2687 4540 2879 4594 similis
2908 4541 2976 4593 sit
3005 4539 3106 4591 tibi
3151 4551 3583 4608 usquequaque,
3618 4537 3682 4587 ut

2074 4631 2145 4684 sit
2173 4630 2387 4684 scilicet
2417 4646 2613 4683 rerum
2644 4632 2890 4693 creator,
2926 4628 3171 4698 ideoque
3202 4625 3344 4679 sicut
3368 4628 3431 4677 tu
3474 4623 3683 4677 debeat

2073 4719 2321 4774 adorari.
2356 4718 2649 4781 Quaereret
2682 4716 2910 4787 aliquis:
2938 4715 3085 4769 Dicis
3141 4713 3296 4785 quod
3328 4710 3494 4766 multi
3525 4708 3681 4763 vide-

2072 4809 2236 4874 bunt,
2277 4810 2384 4861 etc.
2430 4808 2537 4860 Per
2594 4805 2730 4877 quid
2790 4820 2930 4873 ergo
2990 4801 3440 4856 videbunt?hoc
3489 4803 3681 4852 autem

2074 4894 2343 4961 ostendit,
2375 4911 2505 4948 cum
2540 4894 2717 4947 addit.
2753 4893 2859 4946 Per
2884 4891 2992 4944 hoc
3025 4889 3319 4955 videbunt,
3372 4887 3524 4959 quod
3573 4901 3683 4956 ego

2072 4984 2394 5036 annuntiavi
2421 4987 2472 5036 et
2518 4980 2719 5034 locutus
2776 4996 2916 5040 sum,
2982 4977 3328 5047 multiplicati
3361 4980 3485 5029 sunt
3529 4989 3687 5043 super

2072 5087 2371 5135 numerum,
2404 5069 2558 5141 quod
2585 5071 2669 5121 est
2695 5067 2884 5120 dicere
2909 5065 3043 5121 :Mei
3065 5065 3497 5120 annuntiabunt
3516 5062 3599 5116 eis
3627 5063 3687 5114 et

2071 5159 2400 5229 loquentur,
2435 5160 2491 5210 et
2524 5173 2626 5228 per
2654 5156 2761 5209 hoc
2801 5154 2909 5225 ipsi
2940 5153 3479 5224 multiplicabuntur
3512 5164 3685 5221 super

2073 5260 2383 5299 numerum
2412 5243 2735 5308 deﬁnitum,
2772 5243 2828 5296 id
2855 5245 2940 5295 est
2979 5243 3169 5313 plures
3195 5242 3552 5309 erantquam
3577 5255 3683 5292 nu-

2074 5334 2285 5388 merari
2335 5333 2567 5404 possint.
2599 5330 2957 5385 Annuntiare
2989 5335 3045 5384 et
3075 5329 3230 5402 loqui
3279 5328 3502 5383 diversa
3531 5331 3682 5393 sunt,

2074 5421 2501 5477 annuntiabunt
2530 5420 2743 5474 scilicet
2768 5418 3100 5473 testimonio
3133 5414 3683 5490 prophetarum,qui

2073 5512 2266 5566 futura
2296 5509 2468 5572 locuti
2496 5513 2646 5564 sunt.

2147 5598 2503 5653 Anuuntiare
2536 5615 2787 5669 namque
2818 5595 3047 5671 proprie
3067 5599 3149 5650 est
3163 5595 3231 5649 de
3262 5593 3485 5659 futuris,
3515 5595 3572 5647 et
3592 5592 3676 5648 lo-
