4008 6030
241 375 340 434 805

1199 381 1566 442 EXPOSITIO'
1597 381 1668 442 IN
1707 379 2040 444 PSALMOS.
2071 415 2145 430 --
2180 385 2376 445 PSAL.
2415 380 2606 446 XXXIX

3457 385 3560 462 .800

241 501 840 598 quentu‘rauctoritate
863 505 919 558 et
941 505 1259 598 rationibus
1280 505 1596 598 suiszloqui
1629 523 1762 562 vero
1779 508 1850 562 de
1869 533 1926 592 Α
2026 507 2150 598 Non
2185 513 2377 565 autem
2423 514 2782 570 annuntiabo
2823 518 3249 590 tantummodo,
3284 516 3439 598 quod
3465 541 3552 584 sa-

239 592 540 664 prasteritis
591 596 648 648 et
705 594 1103 664 praesentibus.
1170 596 1414 666 Exponit
1467 599 1660 650 autem
1711 598 1851 669 quid

241 681 669 736 annuntiabunt
685 683 1083 754 etloquentur,
1108 699 1240 737 cum
1264 682 1550 754 adjungit.
1574 685 1681 739 hoc
1703 684 1848 738 scili-

241 771 329 822 cet
372 769 820 836 annuntiabunt,
884 771 1041 842 quod
1099 775 1160 826 tu
1218 771 1448 826 noluisti
1503 772 1848 828 sacriﬁcium

237 858 423 928 legale
454 861 512 912 et
541 858 790 913 hostiam
839 859 1106 930 legalem.
1137 861 1307 915 Multa
1338 877 1590 932 namque
1623 861 1680 915 in
1722 862 1848 933 lege

235 945 646 1013 offerebantur,
743 965 870 1020 qua:
943 947 1219 1003 sacriﬁcia
1299 965 1416 1004 non
1487 948 1845 1016 dicebantur,

237 1037 299 1088 ut
329 1049 528 1104 panes,
557 1037 616 1088 et
642 1037 852 1090 cetera
875 1035 1226 1106 hujusmodi.
1256 1037 1326 1091 Et
1364 1037 1490 1092 dico
1507 1037 1664 1110 quod
1676 1038 1847 1092 sacri-

231 1124 416 1191 ﬁcium
453 1130 502 1177 et
557 1123 879 1178 oblationem
933 1127 1173 1194 noluisti,
1231 1144 1386 1182 aures
1439 1134 1617 1181 autem
1663 1128 1844 1197 perfe-

232 1212 360 1266 cisti
387 1212 537 1279 mihi,
565 1211 626 1267 id
655 1217 741 1267 est
766 1213 977 1268 scilicet
1005 1215 1363 1270 intellectum
1396 1215 1715 1288 perfectum
1745 1215 1844 1269 de-

233 1299 364 1356 disti
399 1300 560 1370 mihi,
592 1301 747 1372 quod
777 1305 863 1356 est
894 1302 1081 1358 dicere
1119 1321 1130 1358 :
1156 1305 1221 1358 Et
1250 1304 1360 1359 hoc
1389 1303 1842 1370 annuntiabunt,

231 1389 388 1460 quod
422 1393 481 1444 tu
507 1389 827 1460 perfectum
854 1390 1208 1446 intellectum
1227 1391 1431 1446 dedisti
1466 1391 1634 1446 mihi.
1665 1395 1843 1446 Aures

230 1477 468 1552 quidem
499 1482 794 1550 ponuntur
813 1495 918 1550 pro
941 1479 1256 1544 intellectu,
1305 1479 1580 1552 quoniam
1609 1479 1840 1534 auribus

443 1549 729 1621 audiendo
750 1549 1144 1638 intelligimus.
1182 1569 1246 1622 Et
1275 1549 1383 1622 hoc
1410 1569 1582 1622 etiam
1611 1569 1762 1640 quod
1785 1575 1840 1622 tu

227 1671 333 1706 non
355 1655 656 1724 postulasti,
691 1657 768 1722 et,
802 1654 859 1710 id
891 1659 975 1709 est
1004 1655 1178 1710 etiam
1205 1657 1561 1710 holocaustum
1589 1673 1694 1727 pro
1714 1674 1838 1726 pec-

226 1750 345 1795 cato
368 1743 525 1814 quod
539 1759 816 1814 magnum
831 1761 952 1798 esse
970 1745 1363 1815 reputabatur.
1389 1746 1530 1798 Cum
1548 1745 1705 1811 dicit,
1735 1763 1840 1798 non

1951 597 2210 664 eri/icium
2241 600 2474 667 noluisti,
2509 605 2616 656 etc.
2651 603 2762 658 Sed
2791 605 2964 660 etiam
3017 597 3348 680 annuntiavi,
3383 617 3439 670 id
3471 623 3557 674 est

1950 686 2308 741 annuntiabo
2342 704 2444 758 per
2492 692 2760 746 membra
2809 711 2940 748 mea
2969 698 3024 748 in
3050 695 3285 754 Ecclesia
3339 721 3553 775 magna,

1951 774 2258 829 constituta
2279 792 2346 830 ex
2376 781 2618 850 utroque
2657 783 2894 853 populo,
2930 801 3044 838 non
3061 803 3256 858 parva,
3288 774 3435 846 sicut
3459 793 3558 867 Sy-

1948 875 2180 951 nagoga
2193 863 2576 934 signiﬁcatum
2589 867 2714 935 fuit,
2722 870 3234 938 justitiamomnem
3255 863 3553 951 essetuam,

1949 946 2006 1002 id
2035 953 2122 1004 est
2147 967 2213 1005 ex
2241 955 2316 1016 te,
2345 969 2464 1008 non
2481 971 2546 1009 ex
2569 957 2837 1028 operibus
2853 960 3014 1030 legis,
3047 967 3108 1018 ut
3138 965 3373 1036 quidam
3405 946 3556 1025 male

1949 1041 2211 1093 asserunt
2245 1057 2258 1108 ;
2287 1043 2376 1096 vel
2409 1042 2686 1112 justitiam
2727 1053 2872 1100 tuam
2920 1048 2978 1103 id
3010 1053 3094 1104 est
3133 1070 3162 1107 ε
3195 1057 3250 1108 te
3291 1055 3556 1114 ﬁdelibus

1947 1125 2224 1194 dandam,
2257 1146 2430 1200 quam
2460 1132 2756 1200 perAdam
2789 1135 3128 1193 amiserunt.
3154 1139 3554 1211 Dico,annun-

1946 1213 2194 1303 tiabunt.
2233 1215 2373 1270 Ecce
2387 1217 2496 1272 hoc
2529 1223 2614 1274 est
2647 1221 2785 1275 mihi
2819 1223 2976 1294 quasi
3011 1242 3281 1296 praesens,
3327 1249 3442 1303 prae
3466 1235 3553 1288 ni-

1947 1301 2062 1355 mia
2088 1303 2453 1372 certitudine,
2505 1307 2660 1378 quod
2709 1327 2812 1362 non
2841 1313 3125 1380 prohibebo
3157 1315 3300 1372 labia
3329 1301 3464 1382 mea,
3496 1321 3554 1376 id

1944 1391 2028 1442 est
2059 1391 2172 1444 mei
2207 1408 2321 1447 non
2370 1394 2762 1464 prohibebunt
2803 1399 2875 1452 ab
2918 1402 3360 1460 annuntiatione
3406 1407 3555 1464 labia

1941 1493 2043 1530 sua
2061 1477 2272 1534 timore
2312 1498 2520 1552 poema.
2553 1483 2619 1536 Et
2649 1483 2776 1538 ideo
2812 1502 2927 1540 non
2949 1489 3358 1559 prohibebunt,
3393 1512 3422 1549 ο
3447 1496 3556 1551 Do-

1942 1567 2098 1632 mine,
2132 1567 2266 1637 quia
2292 1576 2348 1621 tu
2377 1573 2538 1635 scisti,
2573 1571 2631 1626 id
2661 1576 2745 1626 est
2776 1576 2836 1627 tu
2861 1575 3083 1630 voluisti
3115 1577 3244 1644 hoc,
3281 1583 3436 1652 quod
3465 1584 3552 1639 di-

1941 1670 2068 1708 cere
2103 1671 2115 1708 :
2141 1656 2284 1719 Quia
2309 1657 2491 1712 scient
2517 1661 2572 1712 te
2603 1660 2711 1714 hoc
2742 1663 2904 1716 velle.
2939 1663 3100 1718 Unde
3125 1665 3182 1720 in
3211 1667 3545 1741 Evangelia:

2013 1741 2156 1796 Cum
2185 1745 2480 1799 audieritis
2509 1747 2709 1818 praelia
2728 1750 3126 1820 etseditiones,
3149 1755 3324 1809 nolite
3350 1759 3549 1814 terreri

215 1831 503 1901 postulasti
543 1831 984 1902 intelligendum
1017 1837 1101 1886 est
1129 1849 1234 1903 per
1257 1835 1536 1904 lyptotem
1567 1835 1835 1904 sprevisti-
1860 1847 1911 1905 Β
1939 1828 2091 1902 (Luc.
2128 1848 2237 1898 χιιι,
2265 1831 2340 1903 9).
2366 1853 2394 1881 ››
2429 1834 2496 1888 Et
2541 1835 2714 1889 etiam
2761 1837 3036 1906 justitiam
3087 1847 3231 1895 titan:
3268 1861 3374 1897 non
3429 1847 3548 1901 abs-

226 1920 466 1989 Lyptote
493 1919 704 1992 quippe
735 1925 987 1986 est,cum
1023 1921 1212 1975 minus
1244 1921 1470 1989 dicitur,
1510 1925 1567 1976 et
1592 1922 1716 1994 plus
1751 1919 1836 1974 in-

225 2007 521 2078 telligitur.
547 2007 690 2061 Helo
721 2024 854 2062 vero
897 2016 1084 2076 totum,
1129 2013 1296 2062 causis
1329 2015 1522 2064 autem
1551 2011 1836 2064 combustio

221 2099 411 2151 sonat.
429 2096 564 2150 Inde
577 2096 974 2151 holocaustum
989 2097 1331 2151 sacriﬁcium
1347 2097 1664 2184 dicebatur,
1681 2096 1836 2169 quod

223 2202 330 2257 pro
381 2187 613 2255 peccato
655 2184 846 2256 aliquo
879 2185 1116 2251 factum,
1146 2189 1333 2252 totum
1365 2185 1832 2242 comburebatur.

221 2275 286 2327 In
315 2273 440 2326 aliis
473 2273 667 2326 autem
689 2271 980 2328 sacriﬁciis
1009 2290 1127 2327 non
1161 2276 1367 2340 totum,
1397 2274 1498 2327 sed
1527 2290 1658 2345 pars
1674 2289 1832 2326 com-

219 2361 560 2416 burebatur.
607 2361 743 2415 Dico
791 2361 946 2435 quod
973 2361 1082 2416 hoc
1119 2361 1568 2427 annuntiabunt,
1611 2361 1744 2432 quia
1774 2363 1835 2415 tu

210 2451 488 2521 per/iecisti
515 2449 649 2502 mihi
677 2466 849 2517 aures,
890 2451 948 2504 et
991 2450 1097 2505 hoc
1123 2449 1298 2504 etiam
1346 2449 1501 2520 quod
1544 2453 1680 2503 tunc
1723 2449 1839 2502 dixi

219 2553 343 2592 non
396 2554 533 2592 voce
564 2537 666 2592 sed
712 2536 906 2604 corde,
968 2538 1122 2609 quod
1171 2540 1256 2592 est
1301 2537 1492 2592 dicere
1523 2553 1534 2590 :
1563 2536 1833 2600 Quando-

219 2625 459 2696 quidem
481 2627 773 2696 perfecisti,
803 2625 1046 2680 stabilivi
1081 2642 1307 2680 mecum
1340 2626 1468 2680 hoc.
1492 2625 1630 2679 Ecce
1662 2627 1833 2691 venio,

218 2712 282 2767 id
303 2717 388 2768 est
409 2716 639 2784 paratus
663 2713 871 2768 accedo
895 2713 1148 2785 passibus
1176 2713 1504 2781 voluntatis,
1534 2721 1593 2766 ut
1611 2715 1834 2784 faciam,

219 2802 369 2856 Deus
405 2803 725 2856 voluntatem
749 2809 895 2856 tuam
920 2803 1077 2857 illam
1104 2801 1314 2856 scilicet
1345 2803 1698 2873 singularem
1739 2819 1833 2856 vo-

219 2895 532 2958 luntatem,
549 2907 675 2962 quae
690 2891 1146 2946 antonomastice
1165 2891 1428 2945 voluntas
1451 2894 1546 2943 tua
1559 2891 1768 2944 dicitur
1787 2897 1835 2944 et

221 2981 401 3034 etiam
430 2981 636 3050 faciam
661 2980 824 3048 legem
847 2986 1014 3044 tuam,
1041 2979 1096 3033 id
1127 2982 1212 3033 est
1237 2980 1560 3050 compleant
1591 2981 1780 3050 legem
1803 2996 1837 3034 a

1936 1920 2096 1972 condi
2122 1923 2177 1976 in
2214 1921 2368 1975 corde
2397 1939 2530 1989 meo,
2564 1923 2620 1978 id
2653 1927 2739 1978 est
2771 1925 3058 1995 justitiam
3089 1945 3124 1983 a
3175 1933 3230 1984 te
3285 1932 3549 1990 fidelibus

1937 2007 2212 2076 dandam,
2232 2025 2348 2064 non
2376 2010 2750 2079 abscondent,
2779 2013 2836 2068 id
2868 2019 2952 2068 est
2981 2033 3098 2070 non
3144 2019 3411 2074 celabunt
3433 2023 3549 2079 mei

1938 2096 2305 2168 negligenter
2330 2097 2388 2152 in
2415 2099 2586 2153 corde
2600 2116 2722 2169 suo,
2750 2103 3001 2158 nolendo
3025 2121 3156 2160 eam
3189 2107 3313 2162 aliis
3341 2125 3546 2181 propa-

1936 2185 2073 2238 lare.
2112 2183 2224 2239 Sed
2251 2185 2384 2253 dixi,
2425 2186 2484 2240 id
2514 2190 2598 2241 est
2636 2187 2828 2244 dicent
2859 2191 2984 2244 aliis
3026 2196 3296 2249 veritatem
3327 2203 3376 2250 et
3402 2198 3546 2252 salu-

1936 2279 2047 2324 tare
2077 2279 2245 2340 tuum,
2269 2273 2327 2328 id
2353 2277 2437 2328 est
2465 2275 2864 2346 praedicabunt
2890 2296 2984 2332 me
3013 2279 3216 2336 Filium
3243 2286 3428 2353 tuum,
3448 2287 3547 2358 qui

1935 2377 2060 2414 sum
2094 2361 2278 2416 dictus
2315 2362 2555 2431 Veritas,
2579 2381 2646 2420 eo
2701 2366 2855 2436 quod
2885 2383 2918 2420 a
2971 2385 3064 2422 me
3103 2370 3308 2426 veritas
3357 2375 3546 2430 omnis

1938 2449 2232 2521 procedat,
2281 2455 2340 2506 et
2369 2451 2466 2522 qui
2520 2469 2648 2507 sum
2699 2453 2960 2508 Salvator
3007 2459 3154 2524 tuus,
3214 2475 3320 2530 per
3371 2477 3546 2532 quem

1938 2537 2223 2592 mundum
2256 2539 2515 2594 salvabis.
2569 2541 2900 2596 Notandum
2953 2548 3148 2599 autem
3197 2549 3352 2618 quod
3411 2568 3546 2606 cum

1939 2624 2169 2680 dixisset
2223 2630 2558 2693 annuntiavi,
2593 2645 2709 2682 non
2747 2631 3034 2700 superﬂue
3077 2637 3394 2704 supposuit,
3441 2656 3548 2692 non

1925 2714 2213 2784 prohibebo
2288 2715 2448 2778 labia,
2523 2719 2582 2770 et
2660 2733 2766 2770 non
2815 2718 3064 2772 abscondi
3109 2725 3542 2790 misericordiam,

1936 2817 2068 2854 cum
2129 2801 2283 2855 idem
2317 2801 2404 2856 sit.
2441 2803 2581 2858 Cum
2614 2804 2769 2858 enim
2807 2806 2966 2877 ponit
2995 2823 3100 2859 non
3117 2810 3424 2878 prohibebo,
3453 2811 3540 2867 in-

1938 2889 2063 2942 nuit
2088 2891 2243 2960 quod
2275 2889 2483 2945 timore
2516 2891 2720 2946 mortis
2747 2908 2862 2947 non
2897 2895 3187 2949 tacebunt.
3220 2895 3363 2952 Cum
3407 2915 3541 2956 vero

1937 2975 2073 3030 dicit
2103 2993 2206 3030 non
2235 2977 2592 3032 abscondent
2633 2982 2688 3032 in
2737 2981 2910 3046 corde,
2944 2981 3132 3035 innuit
3171 2985 3326 3054 quod
3358 2987 3540 3058 negli-

221 3065 280 3114 te
313 3061 531 3127 datam,
577 3077 703 3132 quas
736 3059 919 3114 adhuc
945 3063 1031 3113 est
1085 3059 1445 3129 imperfecta,
1480 3062 1542 3112 ut
1591 3059 1746 3113 idem
1775 3058 1833 3111 in
1870 3123 1912 3141 Α
1935 3064 2134 3136 gentia
2180 3081 2297 3118 non
2355 3065 2673 3120 cessabunt.
2721 3068 3106 3138 Imputaretur
3134 3070 3292 3126 enim
3347 3074 3448 3141 eis,
3497 3075 3544 3130 si

219 3123 532 3219 Evangelio
573 3123 813 3202 testatur
841 3164 906 3201 ;‹‹
929 3148 1052 3201 Non
1085 3123 1210 3200 veni
1235 3147 1452 3201 solvere
1483 3147 1694 3218 legem,
1736 3146 1836 3200 sed
1866 3123 1913 3184 α
1935 3123 2292 3224 begligentia
2318 3157 2626 3219 cessarent,
2653 3123 2825 3224 juxta
2860 3155 3000 3210 illud
3040 3123 3337 3230 prophetae
3352 3123 3448 3216 vi:

221 3236 546 3307 adimplere
573 3235 796 3308 (Matth.
825 3253 879 3288 v.
910 3237 992 3306 l7)
1011 3257 1062 3290 .»
1085 3236 1200 3290 Hoc
1215 3239 1407 3290 autem
1439 3234 1652 3289 scilicet
1673 3242 1730 3288 ut
1753 3237 1838 3304 fa-

219 3327 365 3380 ciam
403 3325 721 3378 voluntatem
762 3331 910 3378 tuam
949 3331 998 3378 et
1042 3325 1206 3394 legem
1253 3329 1414 3378 extra
1445 3323 1654 3376 librum
1704 3340 1834 3394 sup-

223 3415 438 3485 pletur,
473 3417 530 3466 ut
559 3413 760 3467 melius
791 3412 1149 3468 continuatio
1178 3411 1452 3484 procedat
1509 3411 1573 3464 Et
1597 3410 1836 3481 dignum

221 3505 330 3567 est,
365 3507 422 3554 ut
447 3502 647 3570 faciam
687 3501 1010 3554 voluntatem
1039 3507 1088 3554 et
1133 3502 1296 3568 legem
1329 3507 1494 3552 tuam.
1529 3499 1669 3552 Nam
1698 3497 1840 3552 scri-

221 3592 391 3661 ptum
429 3593 534 3656 est,
566 3588 624 3644 id
655 3592 741 3642 est
769 3591 960 3642 ratum
994 3591 1050 3642 et
1082 3589 1318 3642 ﬁrmum
1349 3591 1432 3641 est
1465 3588 1589 3657 jam
1619 3587 1734 3651 diu,
1767 3585 1840 3640 ad

223 3677 466 3734 modum
514 3676 822 3749 Scriptura:
854 3693 868 3730 :
903 3681 960 3729 ut
987 3677 1216 3746 facerem
1257 3677 1575 3728 voluntatem
1616 3681 1760 3728 tuam
1793 3680 1844 3725 et

224 3766 389 3834 legem.
411 3771 578 3827 tuam,
607 3765 968 3830 existentem,
1005 3766 1061 3818 in
1104 3763 1272 3817 medio
1310 3763 1480 3817 cordis
1519 3763 1641 3827 mei,
1689 3760 1842 3831 quod

224 3853 512 3909 estdicere
543 3870 555 3908 :
582 3854 766 3918 Quam
779 3869 888 3924 ego
921 3853 1104 3907 habeo
1124 3869 1239 3906 non
1257 3852 1406 3904 circa
1419 3853 1615 3917 cor,ut
1637 3864 1842 3920 parum

225 3943 300 3997 de
357 3958 426 3996 ea
479 3958 696 4008 curem,
761 3940 862 3996 sed
909 3942 965 3993 in
1045 3939 1214 3993 medio
1279 3938 1449 3992 cordis
1509 3935 1846 3990 memoriter

225 4037 426 4089 teneo.
486 4031 620 4086 Dico
673 4031 830 4102 quod
875 4029 1150 4100 scriptum
1211 4031 1317 4094 est,
1367 4030 1424 4080 et
1455 4024 1704 4080 ostendit
1748 4023 1843 4077 ubi

228 4123 304 4177 sit
378 4121 676 4192 scriptum,
751 4118 965 4174 scilicet
1027 4119 1082 4170 in
1131 4118 1298 4186 capite
1345 4115 1464 4169 libr.
1524 4131 1542 4168 ι
1587 4111 1845 4168 Psalterii

231 4209 330 4266 ubi
361 4209 568 4264 dicitur
595 4225 661 4262 ες
681 4206 794 4263 Sed
825 4206 883 4261 in
914 4208 1040 4279 lege
1073 4203 1301 4260 Domini
1319 4205 1578 4258 voluntas
1617 4201 1760 4272 ejus,
1789 4201 1846 4254 et

231 4299 293 4354 in
309 4300 439 4370 lege
455 4297 504 4369 ej
515 4315 577 4352 us
599 4295 973 4352 meditabitur
993 4294 1084 4349 die
1115 4309 1180 4348 ac
1199 4290 1606 4363 nocte(Psalm.
1639 4306 1679 4355 1,
1695 4293 1752 4352 2)
1768 4329 1780 4342 .
1813 4310 1842 4336 ι»

1937 3235 2054 3294 non
2086 3239 3080 3314 annuntiaverisimpioimpietatem
3099 3263 3287 3314 suam,
3319 3251 3547 3321 sangui-

1939 3344 2071 3382 nem
2092 3329 2212 3408 ejus
2230 3327 2300 3382 de
2322 3345 2497 3382 manu
2514 3332 2612 3382 tua
2641 3331 2934 3400 requiram
2964 3331 3176 3396 (Ezech.
3201 3351 3280 3402 ιιι,
3315 3337 3422 3408 18),
3444 3358 3472 3387 ››
3489 3343 3548 3394 et

1938 3426 2041 3461 non
2071 3407 2338 3475 abscondi,
2367 3409 2426 3462 id
2455 3413 2540 3463 est
2569 3409 2682 3463 mei
2717 3427 2830 3464 non
2863 3412 3222 3468 abscondant
3250 3407 3543 3472 misericor-

1937 3496 2080 3548 diam
2115 3504 2164 3551 et
2192 3499 2461 3551 veritatem
2491 3503 2658 3559 tuan-2,
2687 3498 2745 3551 id
2767 3501 2851 3552 est
2880 3515 2974 3552 me
3000 3500 3182 3555 ﬁlium
3215 3505 3402 3571 tuum,
3429 3522 3549 3560 em-

1942 3577 2166 3647 phatice
2189 3577 2406 3650 dictum
2436 3577 2870 3642 misericordiam,
2891 3595 2958 3632 eo
2978 3580 3132 3650 quod
3163 3597 3267 3650 per
3287 3599 3381 3638 me
3399 3585 3550 3640 Deus

1943 3665 2198 3720 humano
2237 3647 2606 3734 I28generi
2639 3647 3022 3732 miserebitur,
3058 3671 3113 3720 et
3133 3647 3455 3739 veritatem,
3477 3689 3546 3728 eo

1943 3753 2142 3824 quoda
2173 3768 2266 3804 me
2287 3751 2494 3805 veritas
2513 3751 2704 3806 omnis
2728 3753 3022 3822 procedat.
3055 3754 3382 3812 Notandum
3404 3775 3552 3830 quo-

1943 3856 2074 3913 que,
2116 3855 2220 3893 nec
2247 3839 2357 3893 hoc
2386 3839 2674 3908 superflue
2697 3839 3008 3910 repetitum
3043 3857 3182 3896 esse.
3219 3843 3549 3914 Repetitum

1944 3929 2099 3982 enim
2133 3931 2217 3982 est
2247 3931 2310 3980 ut
2333 3926 2410 3980 sic
2433 3925 2607 3980 addat
2639 3943 2652 3980 :
2683 3943 2800 3980 non
2853 3927 3228 3997 abscondent,
3275 3947 3390 3985 non
3422 3932 3570 3988 dico-

1944 4035 1978 4072 a
2025 4015 2240 4088 paucis,
2290 4015 2390 4070 sed
2436 4030 2544 4069 nec
2584 4015 2802 4068 concilio
2836 4015 3018 4070 multo.
3085 4017 3246 4072 Unde
3291 4021 3551 4090 superius

1943 4106 2232 4178 psalmus:
2266 4103 2432 4157 «Non
2465 4102 2682 4158 timebo
2716 4103 2771 4157 in
2806 4103 2950 4158 meis
2984 4103 3166 4160 millia
3201 4108 3420 4179 populi,
3451 4108 3554 4164 cir-

1944 4192 2268 4247 cumdantis
2299 4190 2568 4263 me(Psal.
2597 4207 2679 4258 ιιι,
2699 4190 2774 4261 7),
2791 4211 2818 4240 ››
2850 4190 2908 4246 id
2925 4193 3008 4247 est
3025 4208 3204 4248 meos.
3227 4195 3420 4250 Potest
3444 4196 3554 4251 hoc

1945 4281 2122 4335 etiam
2136 4296 2254 4335 esse
2268 4279 2581 4350 diversum,
2595 4279 2699 4334 sic:
2724 4278 2847 4333 Dixi
2867 4279 3023 4351 quod
3035 4281 3150 4334 mei
3168 4297 3285 4337 non
3313 4283 3557 4338 abscon-

229 4386 330 4442 Vel
359 4367 416 4441 in
481 4367 651 4456 capite
693 4383 820 4438 libri
850 4383 970 4449 I,in
1023 4381 1190 4436 Verbi
1237 4378 1632 4452 dispositione,
1702 4375 1844 4430 mihi
1871 4368 2085 4428 Ddent
2111 4369 2386 4456 veritatem
2443 4373 2510 4456 et,
2547 4367 2781 4420 salutare
2838 4373 3010 4456 tuum,
3049 4385 3158 4456 me
3208 4369 3438 4426 scilicet.
3488 4367 3558 4426 Et

229 4473 614 4548 personaliter
645 4471 811 4539 uniti,
843 4471 998 4544 quod
1015 4471 1283 4540 estcaput
1299 4483 1498 4522 meum
1526 4463 1844 4520 secundum

230 4561 661 4618 humanitatem
693 4559 791 4632 qui
821 4575 949 4635 sum
974 4558 1140 4612 liber.

232 4649 400 4706 Unde
429 4650 674 4704 Paulus:
699 4667 730 4701 ς
759 4647 943 4718 Caput
989 4640 1246 4700 mulieris
1289 4641 1394 4710 vir,
1423 4642 1596 4713 caput
1649 4641 1844 4694 autem

232 4738 338 4793 viri
367 4737 642 4804 Christus,
671 4735 880 4791 Christi
897 4750 1030 4790 vero
1045 4735 1194 4788 Deus
1223 4728 1408 4799 (ICor.
1449 4746 1527 4796 xx,
1547 4731 1660 4797 3).»
1678 4727 1848 4782 Liber

235 4832 434 4884 autem
464 4825 672 4882 dicitur
695 4823 967 4887 Christus,
1011 4839 1080 4878 eo
1111 4820 1268 4893 quod
1309 4819 1383 4874 ad
1426 4815 1845 4872 correctionem

235 4931 470 4972 morum
493 4917 828 4970 nostrorum
853 4912 914 4966 in
927 4911 1051 4982 ejus
1075 4910 1204 4965 vitae
1226 4906 1489 4979 exemplo
1509 4903 1738 4958 studere
1753 4901 1852 4956 de~

236 5005 500 5072 beamus,
531 5018 636 5058 ceu
665 5000 906 5075 quilibet
958 4999 1017 5053 in
1049 4998 1197 5075 libro
1245 5011 1416 5052 causa
1458 4989 1849 5047 instructionis

235 5093 447 5161 studet,
470 5092 626 5147 unde
657 5074 790 5146 alibi
831 5074 1134 5144 Psalmista
1159 5104 1172 5152 ;
1207 5105 1237 5138 α
1257 5087 1318 5140 ln
1349 5085 1494 5139 libro
1517 5085 1616 5138 tuo
1645 5094 1850 5136 omnes

236 5179 741 5252 scribentur(Psal.
761 5177 1046 5242 cxxxvmﬂ
1061 5177 1172 5244 6).»
1188 5172 1472 5238 Quoniam
1485 5173 1679 5226 autem
1701 5167 1851 5222 dixe-

238 5273 372 5324 rat:
417 5267 480 5322 In
533 5269 701 5338 capite
757 5267 884 5321 libri
931 5265 1185 5334 scriptum
1219 5267 1312 5327 est,
1357 5276 1426 5313 ne
1461 5259 1750 5314 videretur
1780 5272 1847 5310 ex

241 5356 601 5421 necessitate,
616 5358 672 5409 et
691 5370 808 5410 non
823 5369 890 5406 ex
904 5352 1196 5406 voluntate
1211 5343 1849 5418 complere,interponit

238 5445 384 5500 Deus
411 5461 554 5499 meus
600 5445 708 5498 hoc
757 5441 919 5507 volui,
959 5453 1066 5510 ego
1121 5439 1182 5490 ut
1221 5435 1450 5499 faciam,
1485 5449 1602 5488 non
1639 5449 1704 5487 ex
1745 5447 1845 5485 ne-

240 5533 501 5590 cessitate
529 5548 726 5603 cogor.
747 5527 1016 5604 Alioquin
1047 5525 1204 5584 enim
1222 5539 1340 5576 non
1369 5537 1649 5594 magnum
1679 5519 1848 5575 meri-

244 5626 369 5680 tum
399 5638 594 5680 meum
613 5625 776 5678 esset.

1944 4457 2255 4512 etiam’non
2284 4455 2598 4510 abscondent
2621 4472 2652 4508 a
2691 4455 2908 4508 concilio
2939 4455 3105 4510 multo
3145 4459 3559 4514 misericordiam

1945 4553 2112 4612 tuam,
2128 4545 2187 4600 id
2199 4547 2285 4599 est
2303 4543 2706 4598 remissionem
2721 4545 3111 4614 peccatorum,
3127 4563 3302 4618 quam
3334 4547 3556 4603 miseri-

1944 4633 2194 4689 corditer
2220 4631 2666 4708 hominibusper
2699 4630 3126 4702 meimpendes.
3163 4633 3242 4687 Et
3261 4637 3553 4706 veritatem,

1945 4722 2004 4776 id
2031 4725 2116 4777 est
2138 4721 2422 4792 justitiam
2437 4726 2604 4786 tuam,
2622 4733 2727 4789 per
2756 4735 2929 4790 quam
2938 4719 3122 4791 justos
3147 4721 3206 4776 in
3225 4722 3418 4779 futuro
3465 4741 3556 4782 re-

1946 4809 2298 4876 munerabis,
2333 4809 2475 4864 Cum
2501 4811 2696 4862 autem
2732 4808 2899 4878 ponit
2955 4825 3074 4864 non
3135 4810 3496 4868 abscondent
3523 4831 3557 4868 a

1947 4897 2182 4963 consilio,
2215 4895 2658 4967 intelligendum
2695 4899 2779 4951 est
2809 4912 2914 4966 per
2941 4898 3224 4968 lyptoten,
3279 4900 3557 4969 praedica-

1948 4987 2096 5041 bunt
2119 4983 2362 5039 concilio
2412 4985 2596 5040 multo
2650 4984 3106 5039 misericordiam
3147 4989 3207 5040 et
3257 4987 3559 5045 veritatem

1949 5077 2133 5128 tuam.
2167 5072 2413 5127 Summa
2440 5088 2576 5126 vero
2597 5072 2903 5128 sententia:
2934 5072 3272 5129 litteratura:
3303 5076 3557 5147 hujusab

1948 5163 2045 5218 illo
2076 5163 2223 5229 loco,
2254 5161 2349 5216 ubi
2375 5159 2628 5231 positum
2645 5164 2750 5226 est,
2781 5163 3100 5214 annuntiavi
3109 5167 3158 5215 et
3188 5161 3388 5216 locutus
3415 5179 3554 5231 sum,

1949 5267 2128 5323 usque
2181 5249 2255 5304 ad
2301 5255 2359 5301 tu
2416 5243 2613 5314 autem,
2665 5247 2914 5314 Domine,
2973 5247 3098 5302 11830
3141 5250 3395 5304 estzPer
3446 5251 3566 5306 hoc.

1950 5340 2192 5394 videbunt
2216 5339 2372 5392 multi
2397 5343 2446 5390 ct
2473 5335 2727 5389 timebunt
2787 5342 2837 5389 et
2871 5337 3152 5406 sperabunt
3193 5340 3248 5390 in
3301 5337 3554 5408 Domino,

1947 5427 2102 5500 quod
2130 5427 2240 5481 mci
2269 5423 2719 5488 annuntiabunt,
2744 5424 2798 5476 ct
2829 5424 3136 5494 loquentur
3171 5425 3250 5478 eis
3279 5425 3558 5482 sacriﬁcia

1947 5519 2005 5572 et
2018 5515 2232 5570 hostias
2246 5514 2478 5585 legales,
2495 5528 2622 5582 quae
2639 5509 2778 5565 Novi
2792 5509 3143 5566 Testamenti
3167 5513 3389 5568 umbra!
3414 5529 3560 5586 prae-

1945 5607 2257 5668 Cesserunt,
2275 5619 2379 5674 per
2406 5605 2656 5660 mortem
2673 5617 2867 5658 meam
2892 5605 3161 5658 evacuata
3187 5618 3332 5678 esse,
3367 5603 3554 5677 ipsum
