3994 6042
456 265 559 327 807

1076 260 1135 317 S.
1174 258 1522 317 BRUNONIS
1561 251 2192 316 CARTHUSIANORUM
2227 252 2695 315 INSTITUTORIS
2740 256 2896 315 OPP.
2936 255 3115 314 PARS
3148 255 3172 314 Ῑ

3680 259 3787 317 808

458 407 571 466 que
614 389 835 443 Novum
881 385 1320 441 Testamentum
1354 400 1458 455 per
1495 383 1783 438 eamdem
1822 382 2080 435 mortem
2096 408 2149 466 Α
2176 380 2372 436 addit:
2408 382 2474 436 Et
2496 382 2605 438 hoc
2637 383 2793 455 quod
2809 382 3305 455 compreltenderunt
3332 380 3781 466 eos,inde_c21r

457 479 835 551 completum,
868 475 956 529 cui
979 473 1190 528 amodo
1210 472 1624 527 adhaerendum
1649 474 1751 525 est.
1792 470 1860 523 Et
1888 468 2064 522 etiam

454 564 887 621 annuntiabunt
917 579 1031 629 me,
1066 561 1403 616 existentem
1434 559 1731 614 veritatem
1751 557 2065 611 etsalutare

454 658 642 710 tuum.
674 651 1117 707 Annuntiabunt
1148 665 1375 721 quoque
1397 645 1853 702 misericordiam
1879 648 2060 711 tuam,

440 732 557 817 'per
611 759 706 797 me
764 739 1095 795 hominibus
1126 737 1468 809 impensam,
1511 738 1568 789 et
1596 733 1918 799 veritatem,
1951 749 2064 803 qua

444 833 631 903 justos
653 830 710 884 in
732 830 924 884 futuro
957 824 1357 881 remunerabis
1388 823 1574 896 ;quod
1596 825 1683 876 est
1712 822 1902 876 dicere
1922 838 1935 876 :
1955 823 2065 876 Per

451 921 599 974 hanc
626 916 1093 991 praedicationem
1130 929 1418 979 meorum,
1454 928 1582 983 qum
1620 909 1733 965 dixi
1764 909 2060 976 videbunt,

451 1011 510 1062 et
535 1006 840 1071 timebunt,
873 1007 929 1057 et
952 1002 1289 1072 sperabunt.

524 1096 607 1148 Tu
635 1100 832 1159 autem,
866 1091 1094 1145 Domine
1124 1093 1183 1142 ut
1208 1088 1324 1142 mei
1381 1084 1750 1152 annuntient,
1796 1088 1853 1139 et
1878 1084 1955 1138 illi
1978 1084 2057 1138 vi-

450 1185 643 1249 deant,
676 1199 737 1235 ne
766 1181 915 1249 longe
942 1180 1114 1249 facias
1148 1177 1506 1230 miserationes
1534 1182 1675 1240 tuas,
1694 1173 1753 1227 id
1785 1176 1870 1227 est
1888 1173 2061 1227 bene-

449 1271 578 1326 ﬁcia
595 1268 1001 1324 misericordia:
1032 1269 1170 1332 tuas,
1203 1283 1235 1318 a
1270 1281 1369 1317 me.
1390 1263 1535 1316 Nam
1566 1261 1610 1316 si
1642 1261 1791 1329 longe
1818 1260 2054 1327 faceres,

449 1358 565 1413 mei
585 1374 701 1413 non
722 1354 1161 1417 annuntiarent,
1191 1349 1477 1404 necmulti
1508 1348 1770 1403 viderent
1800 1350 1857 1402 et
1885 1347 2054 1401 time-

450 1450 601 1513 rent,
619 1444 774 1516 quod
792 1446 876 1497 est
897 1442 1087 1496 dicere
1106 1456 1117 1493 :
1146 1438 1432 1493 Beneﬁcia
1444 1454 1569 1508 quin
1584 1436 1726 1490 mihi
1740 1435 2059 1490 misericor-

451 1533 600 1588 diter
627 1530 974 1597 concessisti,
999 1528 1211 1583 scilicet
1231 1526 1385 1598 quod
1415 1524 1847 1579 meimmunem
1879 1538 2052 1593 apec-

447 1625 574 1676 cato
626 1619 828 1685 fecisti,
880 1620 938 1672 et
988 1634 1079 1672 me
1135 1612 1594 1679 circumcinxisti,
1646 1629 1717 1666 ne
1766 1610 2054 1666 auferasa

2166 467 2477 542 tingitquia
2510 472 3067 544 cormeumdereliquit
3118 471 3294 539 me,id
3323 473 3566 528 estratio

2164 558 2352 612 cordis
2401 576 2689 627 meorum,
2741 578 2869 633 quae
2923 561 3179 633 perfecta
3233 564 3425 616 creata
3464 564 3777 628 estaDeo,

2165 645 2470 718 dereliquit
2493 664 2656 703 meos
2681 666 2747 704 ex
2774 650 3028 705 maxima
3042 652 3227 720 parte,
3242 649 3300 705 id
3331 653 3418 705 est
3433 650 3780 722 imperfecta

2164 737 2266 791 est.

2234 824 2562 880 Notandum
2595 843 2750 893 vero,
2780 828 2931 899 quod
2950 827 3093 882 sicut
3121 828 3267 884 ratio
3294 828 3350 882 in
3374 829 3561 883 Adam
3585 829 3776 901 perfe—

2161 913 2252 966 cta
2278 917 2489 981 creata,
2524 932 2627 987 per
2647 916 2769 986 ejus
2789 919 3090 988 peccatum
3121 916 3417 972 debilitata
3473 920 3580 984 est,
3610 918 3687 972 sic
3719 921 3777 972 et

2161 999 2221 1053 in
2257 1018 2605 1074 unoquoque
2637 1004 2834 1058 anima
2864 1005 3118 1076 perfecte
3174 1005 3475 1060 rationalis
3521 1009 3773 1074 creatur,

2161 1106 2287 1162 qua
2320 1094 2520 1162 postea
2550 1108 2655 1164 per
2680 1091 2854 1163 ipsius
2881 1092 3069 1147 carnis
3099 1093 3312 1148 vitiosae
3338 1093 3428 1148 cui
3463 1094 3772 1167 conjungi-

2159 1179 2253 1231 tur
2284 1179 2741 1250 oppressionem,
2776 1181 3128 1237 debilitatur.
3161 1182 3284 1238 Dixi
3311 1182 3468 1253 quod
3493 1199 3655 1239 meos
3671 1187 3777 1239 cir-

2157 1266 2532 1321 cumdederunt
2558 1269 2723 1335 mala,
2775 1273 2833 1323 et
2890 1271 3387 1341 comprehenderunt
3444 1272 3773 1343 iniquitates,

2156 1356 2222 1408 ut
2238 1358 2434 1409 autem
2466 1358 2525 1410 et
2550 1374 2584 1411 a
2615 1357 2800 1424 malis,
2833 1361 2889 1412 et
2916 1358 2987 1413 ab
3019 1358 3418 1431 iniquitatibus
3469 1364 3770 1415 eruantur.

2158 1440 2495 1513 Complaceat
2525 1445 2639 1510 tibi,
2667 1444 2913 1510 Domine,
2947 1453 3003 1500 ut
3033 1464 3184 1501 eruas
3215 1465 3317 1513 me,
3359 1464 3393 1501 a
3429 1451 3620 1502 morte
3674 1465 3771 1503 re-

2154 1532 2500 1586 suscitando.
2543 1532 2811 1605 Alioquin
2845 1534 3002 1589 enim
3032 1535 3138 1605 ipsi
3168 1552 3287 1590 non
3319 1540 3775 1604 eruerentur;et

2154 1620 2218 1671 ut
2247 1634 2355 1688 ego
2387 1618 2593 1689 dignus
2620 1620 2729 1674 sim
2762 1620 2905 1675 erui.
2959 1621 3176 1692 Respice
3219 1621 3670 1678 misericorditer
3698 1624 3773 1677 ad

446 1726 564 1776 me,
589 1707 850 1763 ducendo
883 1723 950 1760 ea
976 1705 1034 1759 in
1059 1704 1307 1770 irritum,
1343 1719 1461 1757 non
1492 1700 1885 1755 resuscitando
1936 1716 2050 1767 me,
2080 1727 2131 1785 B
2152 1705 2513 1776 adjuvandum
2531 1725 2632 1774 me,
2647 1709 2719 1763 ab
2736 1709 2883 1763 bene
2902 1710 3283 1781 operandam,
3309 1714 3367 1764 et
3386 1727 3458 1764 ne
3474 1710 3765 1766 deﬁciam.

444 1797 503 1852 id
517 1801 686 1851 estne
718 1794 1021 1866 permittas
1037 1793 1133 1846 illa
1161 1795 1323 1846 tanta
1348 1788 1631 1844 beneficia
1649 1786 1876 1842 inutilia
1896 1804 2047 1854 esse;

444 1884 633 1958 quiasi
658 1884 713 1938 in
742 1886 929 1938 morte
944 1881 1255 1947 detinerer,
1271 1878 1497 1933 inutilia
1516 1879 1734 1931 essent:
1753 1877 1810 1929 et
1834 1876 1942 1929 hoc
1967 1877 2053 1929 est

443 1989 509 2027 ac
542 1973 586 2027 si
618 1972 831 2026 diceret
866 1988 877 2024 :
915 1969 1208 2023 Resuscita
1239 1983 1354 2034 me,
1388 1970 1449 2020 ut
1468 1965 1581 2019 mei
1610 1966 1808 2034 postea
1836 1963 2047 2030 multis,

445 2059 871 2135 quodsuperius
883 2057 1129 2124 ostendi,
1146 2055 1513 2121 annuntient,
1530 2058 1587 2108 et
1615 2052 1695 2107 illi
1719 2051 1923 2122 quibus
1946 2068 2048 2105 an-

445 2146 1056 2211 nuntiabuntvideant,
1076 2145 1392 2199 timeantet
1407 2145 1659 2214 sperent.
1693 2141 1918 2196 Diceret
1947 2139 2048 2193 ali-

444 2236 595 2307 quis:
613 2234 763 2289 Fecit
776 2251 847 2288 ne
863 2236 1051 2287 tecum
1068 2231 1468 2286 miserationes
1488 2230 1516 2284 ?
1536 2229 1622 2283 Ad
1639 2230 1746 2283 hoc
1766 2232 1959 2283 autem
1973 2227 2050 2281 sic

444 2322 755 2394 respondet
781 2321 891 2375 ita:
922 2321 1065 2374 Nam
1122 2318 1480 2372 nu'sericordia
1533 2325 1623 2369 tua
1666 2324 1714 2369 et
1746 2319 1937 2371 veritas
1961 2322 2050 2368 tua

440 2428 642 2481 semper
665 2416 995 2480 susceperunt
1031 2426 1132 2474 me,
1165 2408 1223 2461 id
1254 2410 1339 2461 est
1358 2405 1771 2471 custodierunt,
1801 2404 1954 2476 quod
1969 2406 2052 2458 est

443 2499 633 2553 dicere
661 2498 933 2568 :Semper
963 2495 1115 2550 fuisti
1132 2498 1425 2565 susceptor
1438 2510 1619 2559 meus,
1655 2492 1711 2546 id
1739 2495 1822 2546 est
1853 2494 2051 2562 patro-

442 2604 550 2641 nus
579 2589 637 2641 et
693 2586 983 2649 defensor,
1041 2600 1112 2637 ne
1143 2582 1201 2636 in
1253 2584 1443 2653 aliquo
1496 2581 1826 2646 deﬁcerem,
1887 2583 1944 2633 et
1991 2578 2048 2631 in

444 2675 605 2731 omni
634 2675 789 2729 bono
822 2672 1203 2726 abundarem.
1234 2671 1301 2724 Et
1330 2670 1439 2723 hoc
1471 2671 1708 2741 propter
1737 2666 2052 2723 misericor-

442 2763 597 2818 diam
647 2760 849 2826 fecisti,
882 2763 945 2814 ut
984 2775 1088 2830 per
1127 2775 1220 2813 me
1276 2757 1559 2812 mundum
1604 2755 2052 2810 misericorditer

440 2852 702 2905 salvares.
737 2849 804 2902 Et
849 2850 1084 2918 propter
1124 2846 1448 2912 veritatem,
1484 2847 1546 2897 ut
1596 2861 1761 2898 verus
1811 2860 1959 2898 esses
1992 2842 2046 2896 in

438 2940 547 2994 hoc
578 2938 733 3010 quod
762 2935 1131 3007 promiseras,
1164 2935 1251 2987 vel
1274 2936 1513 3005 propter
1533 2932 1855 2998 veritatem,
1886 2926 1943 2985 id
1966 2934 2051 2985 est

435 3002 735 3099 justitiam.
760 3002 980 3078 iustum
1014 3022 1171 3076 enim
1186 3002 1330 3088 erat,
1365 3002 1425 3075 ut
1450 3037 1545 3074 me
1568 3020 1791 3090 justum
1820 3036 2050 3090 semper
2079 3002 2125 3064 C

438 3113 770 3184 susciperes.
807 3110 1104 3181 Suscipere
1136 3111 1292 3177 dicit,
1324 3128 1357 3164 a
1392 3108 1767 3164 similitudine
1794 3108 2045 3180 patroni,

438 3202 535 3273 qui
566 3201 817 3271 aliquem
839 3198 1071 3269 suscipit
1106 3197 1279 3253 utsibi
1298 3198 1714 3267 patrocinatur.
1744 3196 2051 3267 Subjungit

439 3294 631 3345 autem
672 3305 866 3343 causas
899 3290 960 3340 ut
988 3285 1207 3340 facilius
1262 3286 1557 3355 impetret,
1618 3301 1795 3355 quare
1832 3302 1949 3340 non
1977 3287 2047 3340 de

438 3377 573 3431 beat
600 3376 771 3444 longe
802 3374 992 3427 facere
1035 3372 1453 3439 miserationes,
1487 3372 1564 3426 sic
1599 3388 1611 3425 :
1643 3372 1770 3427 dico
1804 3390 1866 3426 ne
1900 3373 2049 3443 longe

436 3465 626 3535 facias,
679 3466 737 3517 et
780 3478 1013 3516 necesse
1059 3464 1146 3516 est
1176 3478 1249 3515 ne
1292 3462 1400 3515 hoc
1431 3460 1625 3529 facias,
1664 3463 1913 3532 quoniam
1942 3480 2044 3531 me,

437 3552 495 3607 id
527 3555 611 3606 est
639 3567 820 3617 meos,
853 3549 1323 3617 circmndedcrunt,
1364 3549 1422 3603 id
1453 3552 1540 3603 est
1586 3549 2044 3605 circumvallave-

436 3644 591 3708 runt,
626 3643 862 3712 propter
915 3640 1215 3709 peccatum
1244 3638 1382 3692 Adae
1434 3638 1574 3691 mala
1610 3638 2045 3694 tribulationum

437 3730 811 3796 diversarum,
856 3746 1079 3800 quorum
1108 3745 1214 3781 non
1256 3734 1332 3782 est
1365 3745 1612 3782 numerus
1662 3727 1952 3796 definitus,
1986 3729 2045 3784 id

436 3822 521 3873 est
577 3835 704 3889 quae
748 3834 865 3871 non
908 3819 1146 3888 possunt
1205 3816 1521 3881 numerari,
1557 3833 1591 3869 a
1624 3816 1830 3886 quibus
1879 3817 2044 3871 malis

434 3922 733 3977 nunquam
791 3905 1192 3969 liberarentur,
1253 3903 1297 3956 si
1346 3904 1521 3973 longe
1555 3902 1792 3970 faceres,
1824 3906 1881 3958 et
1912 3904 2041 3959 ideo

435 3994 619 4048 adhuc
646 4010 709 4045 ne
741 3992 891 4058 longe
920 3992 1110 4059 facias,
1145 3990 1279 4061 quia
1308 3989 1806 4060 comprehenderunt
1835 4009 1917 4044 me
1938 3994 2038 4045 ini-

434 4082 655 4151 quitates
686 4097 832 4145 meae,
872 4077 932 4131 id
970 4081 1056 4132 est
1093 4080 1514 4148 praevaluerunt
1543 4078 1684 4132 meis
1712 4078 2042 4150 iniquitates

434 4186 571 4233 sum,
596 4171 653 4221 et
682 4166 1034 4231 devicerunt,
1068 4168 1127 4219 et
1153 4182 1250 4219 eos
1281 4168 1475 4236 captos
1507 4165 1976 4236 subjugaverunt,
2011 4186 2045 4223 a

2150 1791 2369 1863 Respice
2401 1794 2554 1860 dicit,
2589 1812 2623 1849 a
2647 1795 3021 1851 similitudine
3050 1796 3222 1864 illius,
3254 1798 3351 1869 qui
3385 1798 3554 1852 illum
3588 1817 3768 1871 quem

2151 1881 2421 1952 adjuvare
2451 1884 2743 1956 vult,scepe
2790 1884 3039 1956 respicit,
3081 1885 3236 1957 quod
3270 1885 3479 1941 dicitur
3508 1887 3770 1958 :Adjuva

2151 1986 2246 2023 me
2275 1970 2347 2024 ad
2381 1972 2528 2026 bene
2561 1973 2944 2044 operandum.
2980 1974 3121 2029 Cum
3149 1974 3287 2029 dicit
3312 1976 3771 2046 complaceat,dec

2150 2061 2315 2113 notat
2366 2060 2666 2115 Trinitam.
2721 2061 2863 2116 Cum
2925 2065 3119 2117 autem
3160 2062 3296 2118 dicit
3348 2064 3461 2131 tibi,
3526 2064 3769 2120 denotat

2151 2148 2411 2202 essentiaa
2428 2149 2710 2204 unitatem
2728 2167 2741 2217 ;
2757 2153 2814 2204 et
2836 2154 3142 2222 postquam
3171 2168 3264 2206 me
3282 2153 3520 2219 erueris,
3534 2154 3765 2224 confun-

2150 2236 2347 2290 dantur
2363 2238 2515 2292 bona
2531 2238 2889 2305 confusione,
2909 2246 2958 2293 et
2974 2248 3328 2308 revereantur,
3347 2241 3404 2296 id
3416 2247 3503 2296 est
3520 2242 3771 2297 timeant

2151 2327 2245 2395 qui
2272 2333 2516 2396 quaerunt
2538 2330 2775 2380 animam
2804 2345 2996 2389 meam,
3019 2334 3079 2382 ut
3097 2329 3353 2399 auferant
3381 2347 3519 2397 eam,
3552 2347 3667 2386 non
3704 2334 3769 2384 ut

2152 2414 2485 2469 imitentur:
2513 2418 2570 2469 et
2596 2432 2714 2470 non
2747 2417 2932 2471 solum
2956 2416 3052 2487 qui
3085 2429 3369 2488 quierunt,
3401 2418 3500 2473 sed
3518 2422 3577 2473 et
3592 2418 3766 2474 simul

2151 2519 2281 2557 cum
2315 2503 2704 2573 quatrentibus
2725 2505 2819 2575 qui
2846 2505 3027 2558 volunt
3058 2505 3192 2557 mihi
3219 2505 3386 2572 mala,
3415 2510 3763 2562 convertan-

2153 2593 2246 2644 tur
2276 2591 2345 2644 de
2373 2590 2630 2661 nequitia
2657 2608 2778 2657 sua,
2810 2599 3095 2646 retrorsum
3109 2596 3239 2663 post
3271 2610 3365 2647 me
3397 2592 3755 2661 incedentes,

2152 2676 2209 2731 id
2242 2680 2327 2730 est
2357 2680 2418 2731 ut
2447 2678 2562 2731 sint
2593 2678 2707 2731 mei
2728 2695 2998 2750 sequaces
3022 2685 3071 2733 et
3093 2687 3449 2748 revereantur,
3486 2681 3543 2735 id
3574 2685 3658 2736 est
3688 2684 3763 2736 ti-

2152 2769 2370 2833 meant,
2404 2767 2489 2819 vel
2513 2765 2591 2819 sic
2621 2783 2633 2819 :
2664 2765 2989 2821 Simulcum
3026 2767 3242 2834 laetitia,
3268 2784 3444 2839 qnam
3473 2769 3543 2823 de
3572 2774 3763 2826 morte

2151 2854 2643 2921 mealiabuerunt,
2678 2862 3014 2908 revereantur
3045 2855 3103 2909 in
3134 2857 3578 2924 resurrectione,
3600 2862 3655 2912 et
3680 2858 3764 2913 sic

2149 2948 2521 2995 convertantur
2542 2948 2849 3008 retrorsum,
2868 2947 3278 3015 prmposterate
3301 2945 3409 2998 hoc
3432 2945 3489 2998 in
3522 2945 3644 3000 loco
3663 2963 3765 3017 po-

2150 3030 2325 3084 nitur.
2358 3029 2514 3084 Multi
2544 3047 2676 3085 vero
2703 3031 2937 3085 fuerunt
2958 3031 3274 3086 voluntatis
3296 3033 3487 3098 malas,
3513 3033 3610 3104 qui
3642 3050 3761 3088 non

2150 3118 2520 3189 quaesierunt.
2552 3118 2619 3171 Et
2645 3117 2722 3172 illi
2774 3134 3003 3189 quoque
3044 3121 3139 3191 qui
3180 3120 3534 3175 simulatorie
3576 3121 3761 3175 dicunt

2148 3206 2283 3258 mihi
2308 3223 2323 3257 :
2351 3205 2526 3275 Euge,
2558 3223 2708 3275 euge,
2742 3206 3064 3263 simulando
3084 3224 3142 3261 se
3167 3207 3383 3262 amicos
3402 3225 3563 3264 meos
3580 3211 3761 3278 ferant

2149 3294 2446 3364 confestim,
2480 3295 2537 3348 id
2586 3297 2671 3349 est
2736 3295 3035 3350 indilatate
3094 3299 3223 3367 post
3274 3297 3760 3352 resurrectionem

2149 3398 2367 3448 meam,
2412 3384 2771 3453 confusionem
2808 3401 2979 3451 suam,
3010 3383 3068 3439 id
3115 3387 3198 3439 est
3228 3384 3301 3439 ad
3335 3385 3421 3439 sui
3451 3386 3761 3441 utilitatem

2148 3470 2466 3526 credentes.
2504 3471 2653 3526 Bene
2702 3488 2835 3526 vero
2892 3471 3057 3542 ponit
3078 3473 3280 3542 ferant,
3312 3490 3346 3527 a
3383 3474 3761 3528 similitudine

2147 3557 2317 3624 illius,
2351 3558 2448 3629 qui
2480 3576 2651 3630 grave
2684 3576 2828 3614 onus
2857 3559 2990 3628 fert,
3027 3578 3061 3615 a
3085 3578 3197 3632 quo
3228 3560 3389 3615 valde
3419 3563 3758 3633 comprimi-

2145 3646 2260 3713 tur,
2286 3646 2440 3717 quod
2457 3646 2663 3701 dicitur
2692 3664 2703 3701 :
2738 3647 3109 3720 Compriman
3122 3652 3212 3702 tur
3230 3666 3263 3703 a
3284 3650 3622 3705 confusione
3636 3668 3759 3713 sua,

2146 3736 2205 3788 et
2231 3734 2309 3787 sic
2338 3741 2728 3806 convertantur.
2756 3736 2823 3789 Et
2854 3736 2962 3791 hoc
3015 3739 3100 3790 est
3159 3754 3223 3791 ac
3252 3738 3297 3792 si
3347 3738 3563 3792 diceret
3590 3755 3604 3792 :
3634 3740 3761 3794 Non

2144 3824 2331 3877 solum
2360 3838 2461 3877 oro
2494 3839 2598 3894 pro
2631 3823 2753 3878 aliis
2773 3824 3564 3896 volentibusetqumrentibus
3580 3829 3756 3893 mala,

2145 3911 2243 3981 qui
2278 3928 2395 3966 non
2425 3916 2557 3965 sunt
2580 3911 2746 3965 amici
2770 3912 2883 3966 mei
2902 3911 3266 3979 simulatorii,
3292 3914 3391 3968 sed
3404 3930 3515 3985 pao
3528 3915 3761 3970 simula-

2142 3999 2324 4066 toriis,
2359 3999 2428 4053 de
2455 3999 2658 4071 quibus
2690 3999 2879 4054 minus
2902 4000 3205 4056 videretur.

2220 4087 2547 4142 Notandum
2563 4091 2758 4143 autem
2782 4089 2934 4160 quod
2953 4106 3069 4144 non
3091 4107 3196 4162 pro
3219 4090 3628 4159 omnibus,scd
3650 4110 3757 4164 pro

2143 4174 2430 4230 salvandis
2457 4178 2680 4231 tantum
2720 4181 2867 4243 orat,
2901 4177 3182 4232 inutiliter
3203 4179 3361 4233 enim
3376 4196 3482 4251 pro
3507 4180 3755 4251 perden-

434 4253 808 4310 similitudine
840 4253 1007 4320 illius,
1044 4253 1141 4324 qui
1181 4253 1435 4325 aliquem
1478 4256 1624 4310 adeo
1655 4257 2039 4328 persequitur,
2068 4285 2121 4343 D
2146 4263 2230 4317 dis
2260 4267 2469 4318 oraret.
2502 4264 2635 4319 Dico
2669 4265 2824 4337 quod
2855 4265 3073 4320 inimici
3103 4266 3504 4337 confundantur
3531 4275 3579 4321 et
3610 4286 3755 4321 rece-

434 4343 588 4415 quod
602 4342 779 4396 etiam
796 4341 1044 4396 devincit
1061 4358 1091 4394 e
1104 4344 1125 4394 t
1140 4358 1271 4395 com
1277 4358 1346 4413 pr
1359 4343 1612 4398 ehendit.
1636 4346 1796 4399 Unde
1807 4347 2048 4416 Aposto-

434 4432 519 4485 lus
534 4447 546 4484 :
566 4430 770 4484 «Video
784 4429 956 4483 aliam
971 4430 1159 4501 legem
1172 4429 1228 4483 in
1246 4431 1525 4485 membris
1537 4432 1700 4500 meis,
1714 4450 2041 4505 repugnan-

431 4522 552 4572 tem
584 4516 698 4589 legi
730 4517 941 4572 nlentis
963 4534 1129 4585 mem,
1164 4521 1222 4572 et
1250 4519 1633 4590 captivantem
1666 4522 1833 4576 mein
1856 4524 2042 4593 legem

432 4605 671 4677 peccati,
700 4621 826 4676 quae
842 4608 925 4658 est
952 4604 1010 4658 in
1039 4606 1316 4660 membris
1342 4607 1485 4661 meis
1517 4608 1924 4682 (Rom.vu,23);
1942 4634 1968 4659 ››
1986 4616 2044 4666 et

432 4695 576 4750 adeo
628 4693 1121 4763 comprehenderunt
1150 4711 1329 4761 meos,
1374 4696 1528 4766 quod
1558 4716 1663 4750 non
1693 4702 1849 4767 potui
1876 4706 1932 4752 ut
1960 4703 2038 4753 vi-

429 4785 624 4850 derem,
658 4782 717 4836 id
748 4784 832 4835 est
863 4797 979 4836 non
1012 4782 1246 4837 fuerunt
1307 4787 1572 4853 potentes
1619 4790 1681 4840 ut
1710 4786 1859 4842 bene
1883 4788 2038 4843 vide-

430 4875 582 4940 rent,
615 4868 877 4924 interiori
930 4868 1143 4924 scilicet
1195 4870 1410 4925 visione
1441 4878 1873 4942 cognoscerent,
1902 4876 2039 4948 quid

431 4960 760 5015 faciendum
787 4960 953 5024 esset,
984 4961 1042 5011 et
1070 4958 1209 5029 quid
1240 4976 1379 5025 non,
1405 4977 1533 5031 qua:
1558 4959 1890 5032 iniquitates
1920 4980 2037 5019 non

427 5052 562 5103 sunt
591 5046 926 5120 paucaeSed
959 5045 1321 5116 multiplicatae
1344 5055 1464 5100 sunt
1493 5066 1645 5119 super
1693 5050 1909 5119 capillos
1948 5070 2035 5105 ca-

416 5139 548 5210 pitis
578 5138 698 5203 mei,
735 5134 793 5189 id
823 5137 909 5187 est
956 5150 1243 5200 meorum,
1278 5136 1435 5206 quod
1466 5140 1552 5190 est
1583 5138 1770 5191 dicere
1797 5156 1809 5192 :
1838 5140 2034 5195 Exces-

428 5227 627 5281 serunt
646 5221 1063 5277 numerositate
1079 5238 1181 5276 sua
1194 5222 1678 5293 multiplicitatem
1699 5226 2035 5297 capillorum

426 5328 718 5370 meorum.
776 5309 1061 5373 Quoniam
1108 5327 1239 5364 vero
1294 5311 1513 5366 dixerat
1541 5315 2037 5383 comprehenderunt

426 5415 590 5456 meos
622 5400 923 5468 iniquitates
954 5415 1091 5461 sum,
1126 5414 1197 5451 ne
1230 5398 1469 5469 quilibet
1494 5416 1590 5453 eos
1630 5418 1896 5459 excusare
1935 5423 2032 5460 vo-

424 5493 570 5560 lens,
604 5484 817 5540 diceret
858 5501 954 5540 eos
1001 5487 1079 5541 sic
1136 5484 1350 5542 debiles
1380 5505 1414 5542 a
1445 5489 1560 5543 Deo
1618 5493 1838 5547 creatos
1890 5511 2029 5564 esse,

2146 4359 2376 4407 reantur.
2402 4352 2477 4405 Ex
2500 4352 2759 4425 opposito
2780 4355 2997 4422 autem,
3016 4372 3194 4408 omnes
3217 4363 3501 4427 qua’rentcs
3525 4364 3571 4410 te
3598 4356 3757 4411 bona

2144 4440 2259 4493 vita
2274 4457 2394 4508 sua,
2410 4440 2622 4494 scilicet
2635 4441 2893 4512 discipuli
2917 4442 3053 4509 mei,
3080 4443 3402 4498 exsultentur
3420 4452 3469 4498 et
3489 4445 3751 4498 teetentur.

2144 4528 2606 4599 Prmposteratio.
2636 4529 2908 4582 Lac-tentur
2938 4532 2996 4583 ct
3026 4547 3139 4584 non
3174 4547 3402 4602 parum,
3450 4532 3553 4586 sed
3578 4533 3750 4586 exsul-

2147 4623 2274 4682 tent,
2309 4615 2365 4670 id
2400 4619 2483 4669 est
2503 4616 2666 4670 valde
2688 4618 2978 4684 laitentur,
3001 4634 3173 4689 super
3202 4621 3258 4672 te
3282 4618 3507 4674 fundati
3529 4636 3599 4673 ne
3623 4636 3750 4674 mo-

2142 4707 2404 4759 veantur.
2438 4704 2506 4758 Et
2538 4704 2642 4775 ipsi
2680 4710 3007 4775 quaerentes
3059 4709 3115 4761 te
3145 4709 3240 4779 qui
3266 4707 3495 4776 diligunt
3523 4708 3753 4761 salutare

2144 4799 2314 4858 tuum,
2344 4791 2402 4847 id
2431 4795 2516 4846 est
2547 4808 2642 4846 me
2674 4792 2921 4863 diligunt
2936 4809 3040 4863 per
3064 4810 3237 4866 quem
3264 4795 3548 4849 mundum
3569 4796 3750 4849 salva-

2142 4878 2248 4945 bis,
2283 4895 2399 4933 non
2434 4878 2565 4933 odio
2583 4879 2819 4943 habent,
2852 4880 3090 4952 utimpii
3115 4881 3314 4948 Judaei,
3348 4881 3544 4936 dicant
3562 4882 3749 4937 velin-

2139 4967 2315 5021 terius
2344 4968 2432 5021 vel
2464 4966 2709 5022 exterius
2735 4985 2747 5022 :
2772 4970 3141 5039 magniﬁcetur
3166 4987 3368 5040 semper
3390 4969 3674 5039 Dominus,
3691 4971 3749 5025 id

2139 5058 2225 5109 est
2253 5055 2607 5126 gloriﬁcetur
2632 5056 2817 5127 magis
2847 5059 2905 5110 et
2931 5056 3117 5128 magis
3142 5057 3201 5111 in
3217 5058 3590 5113 conversione
3637 5058 3749 5113 im-

2135 5141 2390 5212 piorum,
2423 5142 2518 5214 qui
2545 5143 2667 5214 jam
2701 5144 2759 5197 in
2791 5144 3214 5200 resurrectione
3246 5146 3597 5217 glorificatus
3636 5150 3741 5202 est.

2136 5231 2270 5286 Dico
2295 5247 2389 5285 me
2422 5248 2543 5285 csse
2556 5232 2822 5287 salutare.
2846 5232 2966 5302 Ego
2984 5240 3183 5300 autem,
3210 5233 3263 5289 id
3293 5239 3379 5289 est
3405 5235 3584 5290 etiam
3602 5255 3749 5290 men-

2133 5320 2279 5374 dicus
2306 5338 2421 5374 sum
2449 5327 2497 5374 et
2514 5338 2738 5391 pauper,
2767 5338 2799 5375 0
2826 5321 3134 5389 auditores,
3174 5324 3489 5378 secundum
3543 5324 3748 5379 huma-

2136 5409 2375 5464 nitatem
2399 5408 2638 5475 scilicet;
2672 5410 2823 5480 quod
2852 5410 3135 5465 estdicere
3166 5428 3177 5465 :
3203 5412 3327 5466 Non
3352 5414 3539 5467 solum
3562 5414 3739 5468 salva-

2133 5502 2227 5554 tor
2256 5515 2404 5565 sum,
2449 5497 2728 5553 sedetiam
2760 5503 2822 5553 ut
2852 5499 2929 5553 sic
2980 5517 3075 5555 vos
3106 5501 3339 5570 salvom,
3363 5519 3572 5575 parmer
3600 5522 3735 5571 sum,
