4008 6030
240 376 346 457 too

1261 377 1619 448 EXPOSITIO
1655 382 1728 446 IN
1764 379 2100 448 PSALMOS.
2134 416 2204 434 -
2232 383 2428 452 PSAL.
2461 373 2548 451 XL

3455 356 3560 458 aio

238 512 302 574 id
329 511 417 572 est
440 505 795 572 insufﬂeiens
808 521 917 585 ope
944 520 1039 567 me
1051 504 1288 580 salvari;
1320 512 1370 567 et
1384 506 1672 580 mendicus,
1694 506 1754 567 id
1770 509 1858 581 est
1875 519 1931 579 Α
1952 506 2069 568 Hoc
2082 511 2277 570 autem
2298 515 2459 572 extra
2478 512 2693 573 librum
2707 512 2811 587 est,
2828 506 2928 574 sed
2942 530 3008 576 ex
3023 514 3284 595 sequenti
3298 519 3561 579 oratione

241 619 509 681 quarens
524 618 697 677 opem
729 600 983 669 alterius,
1006 597 1211 669 Patris,
1229 600 1465 669 scilicet,
1496 600 1663 657 aliter
1694 599 1853 656 enim

240 713 364 754 non
395 692 783 751 salvaremini.
821 693 889 747 Et
914 691 1049 765 quia
1074 709 1169 747 me
1191 692 1491 747 humiliter
1519 691 1854 746 mendicum

240 789 300 843 et
328 800 648 859 pauperem
695 784 925 854 reputo,
952 782 1225 838 Dominus
1254 782 1511 838 sollicitus
1546 788 1621 837 est
1648 783 1771 850 mei,
1794 779 1855 835 id

243 879 350 944 est,
385 874 633 948 providit
663 872 805 927 mihi
828 875 891 927 ut
919 874 1276 940 remuneret,
1310 889 1344 926 a
1368 870 1745 926 similitudine
1761 886 1857 943 pa-

242 965 424 1034 troni,
450 964 549 1037 qui
580 961 729 1018 illius
760 978 936 1034 quem
957 978 1338 1018 remunerare
1368 961 1618 1017 intendit
1661 961 1853 1016 sollici-

245 1060 435 1110 tusest.
468 1053 613 1109 Cum
642 1054 838 1106 autem
869 1067 950 1117 se,
983 1050 1081 1123 qui
1113 1050 1482 1123 omnipotens
1502 1054 1607 1118 est,
1626 1048 1853 1105 mendi-

242 1160 380 1200 cum
411 1144 470 1199 et
496 1156 815 1213 pauperem
846 1139 1003 1205 dicit,
1035 1155 1149 1194 suae
1195 1156 1301 1194 nos
1340 1140 1604 1209 exemplo
1629 1137 1856 1193 humili-

241 1233 379 1291 tatis
410 1231 660 1299 instruit,
692 1247 767 1286 ne
783 1230 843 1286 in
862 1229 1031 1285 nobis
1044 1227 1425 1295 conﬁdamus,
1444 1228 1544 1283 sed
1571 1244 1853 1283 nosmen-

244 1324 405 1381 dicos
434 1324 493 1378 et
516 1336 798 1394 pauperes
827 1322 1186 1391 reputemus,
1210 1321 1268 1372 et
1297 1317 1374 1373 sic
1401 1318 1637 1372 tandem
1661 1334 1853 1371 remu-

241 1414 501 1478 neretur,
544 1410 691 1465 sicut
719 1408 841 1479 ipse
870 1409 1276 1461 remuneratus
1318 1408 1424 1461 est.
1461 1406 1599 1462 Orat
1628 1422 1856 1478 quoque

242 1503 313 1558 de
344 1498 821 1556 remuneratione
879 1494 1337 1563 resurrectionis,
1375 1498 1436 1549 ut
1470 1498 1528 1550 et
1557 1511 1662 1549 nos
1690 1511 1858 1550 orare

240 1590 510 1654 instruat,
532 1585 611 1642 sic
631 1603 645 1641 :
676 1585 719 1640 O
738 1584 884 1639 Deus
903 1601 1070 1652 meus,
1104 1584 1581 1656 quandoquidem
1601 1582 1860 1639 sollicitus

242 1698 295 1735 es
312 1681 439 1741 mei,
503 1684 558 1731 tu
611 1675 710 1747 qui
739 1692 789 1729 es
817 1673 1056 1744 adjutor,
1086 1673 1147 1729 id
1178 1677 1264 1728 est
1293 1674 1643 1744 cooperator
1671 1689 1856 1740 meus,

246 1775 310 1823 ut
339 1781 645 1835 resurgam;
677 1766 737 1818 et
754 1769 1045 1834 protector,
1080 1779 1152 1817 ne
1183 1762 1242 1816 in
1276 1760 1746 1816 tribulationibus
1768 1760 1863 1814 de-

1946 600 2433 675 'percipitur.Dico
2454 605 2758 677 {liberabit
2778 609 2835 663 et
2853 610 3236 680 conservabit,
3256 615 3388 682 etc,
3409 612 3559 670 etita

1954 691 2315 749 sit.Dominus
2332 703 2597 751 conservet
2617 714 2735 751 eum
2760 704 2810 752 et
2829 699 3056 768 viviﬁcet
3071 718 3187 755 eum
3204 719 3220 754 :
3238 703 3557 774 Praeposte-

1953 798 2051 836 rus
2064 782 2498 839 ordo.Dominus
2521 788 2747 856 viviﬁcet
2760 804 2877 841 eum
2897 787 3136 844 interius
3152 790 3211 846 in
3230 791 3446 860 anima,
3467 810 3562 849 re-

1955 870 2245 926 stituendo
2266 872 2504 928 virtutes
2522 891 2661 946 quas
2677 891 2781 946 per
2815 876 2999 931 Adam
3015 878 3226 935 amisit.
3260 879 3337 934 Et
3354 882 3562 939 beatum

1951 960 2117 1030 faciet
2135 978 2253 1015 eum
2267 963 2323 1014 in
2348 964 2671 1034 terra,quod
2694 967 2777 1018 est
2800 965 3019 1021 dicere:
3046 967 3238 1023 Faciat
3269 986 3401 1024 eum
3412 970 3562 1028 bene

1956 1047 2246 1103 dominari
2282 1052 2341 1104 et
2362 1051 2621 1105 excolere
2644 1056 2884 1121 terram,
2923 1055 3354 1113 sensualitatem
3371 1076 3558 1127 suam,
3638 1035 3661 1057 ’

1954 1138 2167 1193 scilicet
2188 1143 2249 1193 ut
2260 1139 2409 1194 bene
2432 1142 2655 1196 exculta
2674 1143 2968 1214 germinet
2981 1144 3233 1202 fructum
3254 1148 3562 1219 bonum,id

1954 1230 2039 1281 est
2055 1243 2232 1299 opera
2252 1228 2550 1295 bona,non
2565 1229 2803 1286 tribulos
2821 1234 2877 1286 et
2895 1233 3105 1304 spinas,
3134 1235 3193 1290 id
3210 1239 3558 1309 estpeccata,

1955 1317 2099 1373 sicut
2119 1317 2297 1389 prius,
2336 1318 2491 1391 quod
2531 1320 2943 1391 prtesignatum
2979 1325 3065 1377 est
3096 1341 3201 1396 per
3226 1325 3435 1393 Adam,
3469 1327 3561 1383 cui

1956 1406 2176 1462 dictum
2225 1410 2310 1462 est
2350 1408 2679 1463 aDomino:
2714 1409 2939 1465 «Terra
2954 1415 3053 1466 tua
3082 1411 3187 1467 tibi
3208 1414 3563 1484 germinabit

1955 1494 2198 1551 tribulos
2229 1499 2287 1551 et
2314 1496 2508 1568 spinas
2549 1496 2710 1566 (Gen.
2731 1497 2946 1577 115.13).
2978 1518 3010 1552 is
3052 1501 3119 1555 Et
3146 1500 3225 1557 sic
3250 1505 3559 1576 postquam

1959 1585 2069 1640 erit
2095 1586 2245 1640 bene
2270 1587 2421 1640 culta
2448 1589 2620 1654 terra,
2673 1587 2881 1643 beatum
2912 1589 3075 1660 faciet
3100 1607 3240 1659 eum,
3285 1591 3461 1648 etiam
3501 1593 3562 1649 in

1956 1675 2066 1730 hoc
2096 1674 2317 1729 mundo
2350 1690 2364 1729 :
2390 1676 2443 1728 in
2465 1679 2630 1743 terra,
2655 1676 2715 1731 id
2745 1679 2830 1732 est
2858 1677 2917 1732 in
2946 1679 3114 1734 bonis
3138 1680 3415 1739 fructibus
3444 1685 3560 1738 ter-

1959 1779 2039 1818 ra:
2069 1780 2205 1817 sua}.
2234 1763 2301 1816 Et
2332 1767 2459 1833 post
2486 1771 2755 1819 conservet
2783 1782 2899 1819 eum
2922 1773 3373 1838 perseveranter,
3406 1770 3466 1825 in
3487 1770 3564 1826 vi-

246 1856 473 1923 ﬁciam;
508 1871 581 1908 ne
612 1853 932 1908 tardaveris
957 1849 1442 1907 resurrectionem
1465 1864 1660 1905 meam
1682 1865 1861 1920 usque
1887 1858 1938 1916 B
1958 1850 2280 1905 viﬂcatione
2306 1850 2602 1920 animae,et
2622 1853 2679 1907 in
2697 1852 3253 1912 beatitudineterraa.
3281 1858 3348 1912 Et
3369 1859 3428 1913 in
3451 1859 3562 1915 hoc

248 1947 311 2002 in
343 1959 720 2000 communem
750 1939 1259 2005 resurrectionem,
1306 1939 1406 1994 sed
1437 1942 1567 2010 post
1596 1940 1711 1992 tres
1742 1936 1861 1992 dies

248 2033 549 2090 resuscita.
592 2031 737 2087 Cum
769 2030 1187 2101 ponitadjutor,
1210 2026 1400 2082 innuit
1419 2044 1478 2081 se
1506 2025 1727 2080 meritis
1748 2025 1862 2080 suis

251 2120 482 2197 Operari
516 2119 1022 2184 resurrectionem,
1055 2115 1415 2172 ostendendo
1448 2114 1603 2187 quod
1638 2118 1695 2169 et
1728 2130 1861 2169 eam

250 2211 441 2286 gratia
467 2209 661 2265 divina
690 2206 1113 2278 cooperabitur,
1149 2208 1210 2259 ut
1236 2209 1293 2259 et
1321 2221 1426 2260 nos
1453 2204 1601 2259 bene
1634 2203 1859 2277 agendo

249 2302 498 2357 salutem
524 2301 784 2354 nostram
818 2294 1043 2367 operari
1075 2294 1449 2349 instruamur.

766 2385 836 2439 IN
868 2383 1191 2438 PSALMUM
1220 2382 1326 2437 XL.

318 2476 537 2531 Titulus
553 2456 1000 2544 quadragesimi.
1023 2471 1231 2525 Psalm.
1246 2470 1446 2538 David,
1481 2469 1540 2524 id
1553 2472 1638 2524 est
1657 2466 1861 2524 Christi

247 2562 611 2637 respicientis
642 2564 698 2615 in
722 2562 903 2631 ﬁnem,
946 2560 1005 2615 id
1037 2563 1121 2614 est
1164 2559 1224 2613 in
1253 2559 1511 2614 futuram
1552 2557 1859 2613 beatitudi-

250 2669 413 2719 nem,
448 2667 576 2724 qum
596 2649 726 2704 finis
754 2649 862 2704 erit
883 2647 1323 2720 exspectationis
1344 2648 1661 2718 justorum,
1683 2647 1770 2701 vel
1799 2645 1860 2700 in

251 2758 313 2797 se
340 2740 520 2795 ﬁnem
550 2737 868 2812 prophetiae
899 2740 956 2791 et
988 2736 1149 2809 legis,
1183 2736 1280 2809 qui
1311 2736 1486 2792 etiam
1510 2735 1639 2789 ﬁnis
1668 2738 1753 2790 est
1771 2737 1860 2789 to-

250 2830 368 2885 tius
621 2826 959 2881 sanctitatis.
1015 2827 1111 2880 Est
1167 2842 1397 2897 quoque
1424 2823 1554 2879 ﬁnis
1583 2823 1657 2878 ad
1687 2839 1862 2894 quem

253 2916 663 2988 attingendum
683 2930 886 2970 omnes
900 2914 1035 2969 boni
1057 2913 1335 2968 nituntur.
1362 2912 1649 2977 Quoniam
1669 2914 1864 2964 autem

254 3024 315 3063 se
346 3004 681 3060 mendicum
711 3006 769 3058 et
798 3018 1114 3075 pauperem
1147 3002 1387 3065 dixerat,
1423 3017 1496 3055 ne
1529 2998 1867 3070 simpliciter

1961 1938 2137 1992 modo
2172 1937 2383 1993 scilicet
2411 1946 2693 1998 conservet.
2723 1940 2852 1994 Non
2883 1941 3063 1996 tradat
3081 1960 3198 1997 eum
3222 1946 3275 1997 in
3300 1948 3558 2016 animum,

1960 2026 2021 2081 id
2051 2029 2134 2081 est
2162 2026 2221 2081 in
2260 2028 2617 2083 voluntatem
2639 2031 2977 2087 inimicorum
3002 2034 3136 2104 ejus,
3167 2033 3323 2104 quod
3357 2039 3442 2090 est
3474 2035 3561 2090 di-

1961 2132 2089 2171 cere
2119 2132 2132 2170 :
2161 2116 2229 2170 Et
2252 2115 2298 2170 si
2327 2117 2518 2172 tradat
2543 2117 2603 2172 in
2634 2134 2861 2188 manus,
2897 2124 2960 2176 ut
3003 2121 3223 2193 possint
3252 2139 3386 2179 eum
3420 2125 3564 2180 afﬂi-

1961 2221 2118 2276 gere,
2150 2221 2270 2259 non
2301 2205 2492 2260 tradat
2544 2207 2748 2261 saltem
2779 2206 2839 2261 in
2886 2208 3256 2279 desiderium,
3310 2215 3374 2266 ut
3428 2229 3563 2269 eum

1928 2296 1934 2303 '
1961 2291 2180 2365 possint
2210 2292 2402 2364 aliquo
2425 2294 2599 2350 modo
2618 2292 3041 2353 aviviflcatione
3070 2298 3365 2368 animae,et
3382 2301 3562 2356 beati-

1962 2380 2159 2435 tudine
2209 2384 2376 2436 terrm
2428 2382 2744 2451 retrahere,
2778 2386 2932 2457 quod
2963 2389 3048 2440 est
3076 2403 3141 2441 ac
3171 2389 3215 2444 si
3260 2389 3446 2445 dicat:
3472 2389 3565 2446 Sic

1962 2472 2279 2537 conservet,
2315 2472 2374 2524 ut
2405 2487 2523 2525 non
2542 2472 2763 2543 possint
2801 2490 2935 2528 eum
2955 2474 3171 2530 inimici
3188 2492 3474 2546 revocare,
3508 2483 3568 2534 et

1962 2557 2139 2612 etiam
2161 2558 2424 2612 Dominus
2443 2575 2591 2630 opem
2609 2560 2755 2630 [erat
2775 2561 2920 2616 illiin
2942 2562 3419 2631 futuro,eruendo
3433 2583 3566 2622 eum

1963 2662 1997 2700 a
2019 2646 2371 2701 mortalitate
2393 2650 2451 2701 et
2481 2648 2967 2719 passibilitate.llli
2987 2651 3113 2707 dico
3135 2653 3399 2710 existenti
3415 2672 3570 2728 super

1963 2734 2154 2788 lectum
2191 2733 2385 2788 doloris
2410 2734 2542 2805 ejus,
2580 2735 2636 2790 id
2667 2739 2753 2791 est
2785 2736 3112 2793 dominanti
3157 2740 3384 2813 corpori
3443 2759 3566 2810 suo,

1964 2822 2121 2893 quod
2147 2825 2230 2876 est
2260 2824 2436 2877 lectus
2462 2823 2693 2891 animae,
2718 2814 2774 2878 et
2792 2826 2972 2879 lectus
2992 2826 3207 2896 doloris,
3228 2829 3286 2883 in
3315 2845 3428 2900 quo
3465 2830 3568 2884 hu-

1959 2909 2217 2980 jusmodi
2246 2911 2472 2965 dolores
2502 2916 2771 2982 regnant.
2801 2913 2953 2968 Bene
2978 2931 3112 2970 vero
3129 2916 3364 2988 ponitur
3391 2919 3570 2974 lectus

1965 2998 2178 3065 doloris,
2236 3014 2339 3069 per
2369 2998 2830 3056 similitudinem.
2874 3001 3030 3058 Sicut
3052 3004 3141 3058 cui
3177 3004 3360 3060 lectus
3379 3006 3572 3061 doloris

255 3094 574 3150 secundum
603 3092 1032 3147 humanitatem
1076 3090 1470 3145 consideratus
1498 3086 1865 3143 solummodo
1889 3135 1934 3159 η
1969 3085 2193 3153 dicitur,
2233 3086 2291 3141 in
2316 3103 2429 3158 quo
2461 3085 2666 3158 aliquis
2682 3087 2945 3143 inﬁrmus
2965 3091 3154 3159 cubat,
3188 3108 3294 3147 nec
3312 3093 3373 3147 in
3397 3110 3465 3149 eo
3486 3111 3574 3149 re-

257 3181 562 3239 mendicus
581 3183 638 3235 et
652 3195 874 3252 pauper
886 3178 1335 3249 intelligeretur,
1350 3176 1618 3231 membra
1637 3173 1869 3229 instruit

257 3275 323 3326 ut
352 3270 509 3326 aliud
539 3268 597 3323 in
621 3285 679 3323 se
710 3284 885 3340 supra
912 3267 1250 3322 mendicum
1266 3262 1869 3337 etpauperemintelli-

258 3360 612 3432 gant,Deum
639 3355 855 3411 scilicet
875 3373 889 3410 :
907 3356 1064 3427 quod
1091 3354 1169 3409 illi
1198 3372 1317 3408 non
1348 3354 1756 3409 intellexerunt
1772 3351 1869 3423 qui

259 3465 395 3503 eum
421 3445 601 3501 morti
629 3444 917 3498 dederunt
973 3442 1427 3498 Ostenditetiam
1451 3441 1735 3513 duplicem
1759 3439 1868 3494 uti-

253 3534 483 3590 litatem
512 3550 612 3588 eos
638 3531 772 3586 inde
797 3532 1128 3603 adepturos,
1154 3530 1247 3585 hic
1266 3530 1480 3585 scilicet
1499 3533 1557 3584 et
1578 3529 1635 3584 in
1652 3529 1866 3583 futuro.

257 3624 400 3679 Orat
433 3636 664 3695 quoque
696 3635 802 3691 pro
835 3619 936 3688 eis,
984 3619 1178 3675 dicens
1219 3635 1278 3673 se
1323 3618 1590 3690 passione
1620 3634 1721 3671 sua
1748 3616 1870 3670 haec

253 3708 602 3783 promereri,
636 3711 696 3761 ut
734 3724 838 3778 pro
856 3707 935 3762 eis
957 3707 1315 3771 exaudiatur,
1339 3723 1514 3778 quam
1544 3704 1870 3777 passionem

254 3799 472 3872 partim
505 3796 776 3852 ostendit.
814 3795 953 3851 Orat
983 3796 1220 3865 insuper
1252 3795 1321 3849 de
1349 3792 1873 3859 resurrectione,ut

253 3888 336 3942 sic
371 3884 622 3940 inimicis
653 3883 807 3955 quod
840 3886 1144 3939 merentur
1202 3882 1501 3949 retribuat,
1535 3884 1593 3935 et
1619 3897 1723 3952 per
1763 3880 1872 3935 hoc

253 3990 389 4030 suos
417 3973 489 4028 ab
518 3988 723 4027 eorum
774 3970 1184 4027 conformitate
1217 3971 1490 4026 deterret.
1533 3969 1791 4041 Dicitque
1813 3985 1874 4024 se

256 4060 705 4128 exaudiendum,
750 4076 883 4114 cum
914 4059 1197 4114 innocens
1228 4059 1319 4127 sit,
1371 4062 1433 4114 ut
1484 4061 1542 4113 et
1586 4074 1691 4113 nos
1718 4057 1762 4111 si
1791 4057 1875 4111 in-

256 4154 537 4208 nocentes
569 4149 973 4217 exstiterimus,
1005 4147 1398 4203 exaudiendos
1430 4164 1550 4203 esse
1571 4147 1798 4205 innuat.

341 4238 544 4293 Beatus
591 4239 689 4311 qui
716 4237 965 4306 intelligit
997 4254 1153 4307 super
1211 4253 1431 4305 egenum
1469 4241 1519 4289 et
1561 4252 1870 4306 pauperem,

259 4327 423 4400 quasi
441 4326 593 4381 dicat
615 4343 628 4380 :
648 4327 711 4379 In
734 4327 959 4396 psalmo
1002 4324 1285 4395 superiori
1329 4341 1423 4378 me
1455 4323 1786 4378 mendicum
1816 4326 1876 4377 et

1888 3135 1936 3194 C

1967 3174 2258 3246 quiescere
2289 3177 2496 3246 potest,
2528 3174 2606 3229 sic
2633 3178 2691 3230 et
2719 3192 2925 3248 corpus
2956 3177 3015 3232 in
3055 3196 3169 3251 quo
3202 3179 3570 3237 animainﬁr-

1968 3265 2127 3317 mata
2148 3266 2481 3329 manet,nec
2500 3263 2560 3318 in
2582 3280 2649 3319 eo
2673 3265 3031 3336 requiescere
3060 3270 3270 3339 potest,
3304 3269 3402 3325 sed
3423 3270 3572 3324 mul-

1966 3350 2189 3406 timode
2208 3350 2511 3419 cruciatur,
2528 3353 2707 3407 lectus
2727 3354 2923 3410 doloris
2934 3355 3056 3426 ejus
3073 3355 3299 3414 dicitur.
3331 3357 3577 3430 Exponit

1970 3444 2166 3494 autem
2198 3441 2490 3511 quomodo
2535 3441 2755 3497 factum
2804 3442 2877 3498 sit
2912 3459 3118 3515 corpus
3153 3446 3334 3501 lectus
3360 3447 3574 3506 doloris.

2043 3527 2135 3581 Sic
2164 3528 2379 3581 diceret
2404 3528 2634 3601 aliquis:
2656 3529 2963 3595 Quomodo
2995 3533 3214 3588 factum
3258 3537 3343 3589 est
3370 3551 3577 3607 corpus

1969 3617 2148 3670 lectus
2171 3615 2366 3669 doloris
2397 3616 2425 3668 ?
2484 3615 2815 3687 Respondet
2845 3636 2857 3673 :
2893 3619 2936 3675 O
2968 3621 3233 3689 Domine,
3266 3625 3326 3677 tu
3362 3628 3583 3679 versasti

1969 3705 2274 3759 universum
2295 3709 2520 3757 stratum
2545 3705 2741 3775 ejus,id
2761 3709 2864 3774 est,
2898 3710 2958 3761 tu
2980 3710 3350 3763 commutasti
3388 3713 3577 3767 totum
3636 3710 3641 3715 ’

1971 3795 2215 3847 stratum
2248 3791 2389 3862 ejus,
2423 3791 2483 3846 id
2512 3795 2617 3859 est,
2641 3794 3009 3848 commutasti
3041 3796 3254 3850 lectum
3285 3796 3449 3852 illum
3475 3816 3579 3872 per

1973 3898 2177 3936 omnes
2204 3884 2397 3952 partes
2421 3897 2570 3948 suas,
2599 3881 2816 3935 faciens
2833 3899 2966 3936 eum
2986 3884 3176 3938 lectum
3198 3883 3422 3953 doloris,
3445 3904 3576 3944 cum

1973 3973 2121 4041 esset
2166 3970 2344 4024 lectus
2382 3968 2606 4041 quietis,
2639 3968 2699 4023 in
2731 3986 2844 4041 quo
2877 3971 3073 4027 anima
3099 3971 3436 4044 quiesceret,
3469 3976 3576 4032 nisi

1970 4059 2155 4113 Adam
2180 4061 2444 4131 peccaret
2476 4075 2490 4127 ;
2544 4074 2578 4112 a
2602 4057 2979 4114 similitudine
3007 4061 3162 4129 lecti,
3196 4063 3314 4134 qui,
3347 4080 3480 4119 cum
3503 4066 3575 4122 sit

1972 4148 2121 4202 bene
2156 4145 2526 4217 compositus,
2569 4145 2646 4201 sic
2667 4148 2729 4201 ut
2758 4146 2816 4201 in
2841 4164 2906 4203 eo
2940 4150 3118 4220 possit
3169 4150 3374 4223 aliquis
3428 4154 3578 4210 bene

1973 4235 2633 4306 quiescere,versatur,et
2647 4235 2713 4288 ﬁt
2737 4235 3172 4309 incompositus,
3199 4242 3257 4293 ut
3270 4241 3398 4313 jam
3420 4241 3477 4296 in
3507 4258 3574 4298 eo

1972 4327 2223 4395 nequeat
2241 4323 2402 4395 quies
2422 4324 2642 4380 haberi.
2659 4323 2907 4380 Stratum
2931 4325 3057 4380 dico
3078 4328 3328 4399 positum
3355 4332 3409 4383 in
3430 4333 3579 4401 inﬁr-

260 4430 581 4487 pauperem
614 4413 749 4467 dixi.
776 4412 1025 4477 Quidam
1052 4428 1187 4467 vero
1209 4415 1343 4466 sunt
1371 4412 1468 4483 qui
1484 4428 1580 4466 me
1599 4411 1872 4482 simplici-
1894 4416 1947 4475 D
1972 4414 2156 4466 mitate
2174 4412 2470 4484 eius,quod
2486 4416 2570 4467 est
2591 4413 2802 4481 dicere,
2830 4414 3039 4485 noninj
3050 4419 3173 4470 uste
3194 4422 3437 4486 versasti,
3478 4420 3578 4476 sed

258 4505 351 4557 ter
380 4501 681 4557 hominem
701 4500 1516 4566 considerando,solummodo
1539 4499 1874 4553 mendicum

259 4594 320 4646 et
358 4605 679 4662 pauperem
710 4588 1270 4661 intelligunt,.ludaei
1296 4588 1528 4655 scilicet,
1544 4587 1645 4642 sed
1674 4588 1874 4642 beatus

260 4678 373 4734 erit
401 4678 499 4733 ille
527 4677 627 4749 qui
643 4677 918 4749 intelligit
945 4676 1102 4731 aliud
1122 4677 1180 4731 in
1208 4674 1486 4747 me,quod
1501 4679 1585 4729 est
1597 4692 1875 4747 superege-

257 4771 455 4821 numet
461 4782 780 4837 pauperem,
810 4765 1099 4820 Deitatem
1127 4764 1414 4831 videlicet,
1450 4779 1578 4836 quas
1612 4762 1874 4818 domina-

262 4858 357 4909 tur
386 4853 759 4921 humanitati,
792 4870 921 4925 quae
938 4852 1205 4908 mendica
1226 4855 1282 4907 et
1293 4868 1513 4924 pauper
1539 4854 1641 4906 est.
1676 4852 1874 4907 Osten-

258 4942 346 4997 dit
373 4945 571 4996 autem
602 4945 833 5014 partem
861 4940 1255 5008 beatitudinis,
1280 4956 1413 4994 cum
1434 4939 1731 5011 subjungit
1759 4956 1772 4994 :
1804 4938 1873 4993 In

258 5029 345 5085 die
374 5029 517 5084 mala
551 5029 795 5084 liberabit
824 5047 945 5084 eum
995 5029 1257 5083 Dominus
1289 5045 1321 5084 a
1374 5032 1563 5083 morte
1594 5031 1874 5101 perpetua

260 5118 321 5173 in
353 5118 446 5173 die
472 5117 698 5189 judicii,
724 5118 940 5172 scilicet
981 5134 1107 5189 quae
1136 5118 1259 5172 dies
1312 5117 1520 5171 dicitur
1569 5118 1741 5185 mala,
1802 5133 1871 5173 eo

264 5206 423 5279 quod
449 5206 509 5260 in
537 5206 704 5261 malis
736 5206 1035 5261 damnatio
1062 5206 1364 5260 tribuetur.
1403 5205 1564 5260 Unde
1598 5206 1874 5277 scriptum

262 5298 349 5349 est
381 5312 395 5349 :
433 5317 461 5346 «
488 5295 618 5349 Dies
643 5295 741 5349 illa
762 5294 883 5349 dies
914 5294 1013 5348 irae
1042 5294 1228 5364 (Saph.
1264 5311 1300 5359 ι,
1339 5293 1497 5365 l5),»
1533 5294 1876 5349 calamitatis

264 5386 323 5437 et
350 5382 619 5439 miserias.
652 5381 916 5438 Ostendit
939 5398 1170 5454 quoque
1201 5381 1376 5435 aliam
1396 5384 1624 5452 partem
1639 5383 1879 5437 beatitu-

265 5469 438 5538 dinis,
475 5469 553 5524 sic
586 5486 600 5525 :
629 5469 687 5524 in
712 5471 905 5525 futuro
934 5469 1205 5539 liberabit;
1235 5469 1326 5523 hic
1352 5474 1547 5524 autem
1579 5486 1877 5526 conserva-

1972 4500 2128 4555 malo
2160 4499 2369 4554 merito
2391 4500 2533 4571 ejus;
2558 4501 2693 4573 quia
2714 4501 2873 4572 prius
2899 4519 2957 4556 se
2977 4504 3168 4575 posuit
3187 4508 3241 4559 in
3265 4508 3580 4575 inﬁrmitate

1973 4586 2451 4659 transgrediendo
2466 4592 2819 4660 praeceptum
2832 4593 2993 4644 tuum
3009 4591 3068 4646 in
3084 4593 3298 4649 Adam:
3315 4595 3464 4649 hanc
3484 4612 3579 4651 au-

1970 4679 2093 4730 tem
2142 4676 2552 4747 apostropham
2601 4676 2736 4730 facit
2761 4694 2825 4732 ex
3050 4679 3233 4735 nimia
3253 4681 3575 4752 affectione,

1973 4763 2135 4836 quasi
2160 4762 2344 4818 dicat:
2383 4763 2485 4830 Tu,
2507 4763 2771 4832 Domine,
2804 4765 2898 4837 qui
2909 4766 3060 4836 juste
3079 4774 3307 4823 stratum
3337 4779 3573 4842 versas",

1973 4855 2031 4906 et
2043 4854 2252 4925 potens
2281 4867 2339 4905 es
2354 4851 2615 4920 reficere,
2644 4853 2961 4909 clementer
2975 4855 3242 4924 refice,ex
3266 4861 3443 4913 strato
3473 4859 3574 4915 do-

1972 4939 2387 4996 lorisfaCiendo
2422 4941 2634 4995 lectum
2665 4942 2893 5013 quietis.
2933 4944 3051 5016 Ego
3079 4945 3237 5000 oravi
3267 4963 3281 5001 ε
3314 4946 3577 5004 Dominus

1972 5035 2258 5096 conservet,
2281 5031 2385 5083 etc.
2400 5032 2480 5097 ,et
2500 5029 2576 5083 sic
2593 5029 2722 5096 erit,
2756 5031 3015 5086 namhoc
3038 5035 3361 5104 promeruit
3391 5037 3575 5093 oratio

1974 5136 2126 5176 mea.
2160 5118 2279 5190 Ego
2311 5117 2492 5185 enim,
2546 5117 2642 5190 qui
2670 5116 2912 5172 idoneus
2942 5136 3125 5188 eram,
3158 5124 3215 5175 et
3240 5124 3313 5177 ad
3342 5124 3450 5179 hoc
3482 5142 3579 5180 ve-

1975 5224 2201 5275 neram,
2242 5208 2305 5260 ut
2333 5223 2438 5278 pro
2471 5206 2551 5261 eis
2583 5222 2837 5273 orarem,
2867 5205 2979 5260 dixi
3006 5209 3091 5262 vel
3115 5209 3353 5265 interius
3374 5213 3459 5267 vel
3491 5230 3580 5268 ex-

1974 5296 2191 5352 terius:
2225 5297 2478 5358 Domine,
2510 5297 2755 5349 miserere
2784 5296 2908 5361 mei,
2963 5295 3022 5350 id
3068 5299 3154 5351 est
3183 5313 3473 5368 meorum,
3506 5301 3585 5357 sic

1978 5385 2191 5441 scilicet
2218 5383 2491 5438 miserere
2525 5400 2537 5436 :
2568 5382 2720 5438 Sana
2747 5384 2984 5436 animam
3005 5401 3197 5453 meam,
3231 5385 3287 5440 id
3318 5390 3403 5441 est
3424 5405 3585 5445 meo-

1980 5489 2134 5540 rum,
2182 5476 2239 5527 et
2273 5471 2409 5527 inde
2445 5470 2705 5526 sananda
2725 5472 2829 5536 est,
2857 5472 2983 5543 quia
3003 5474 3265 5544 peccavit,
3282 5473 3340 5529 id
3360 5479 3447 5532 est
3466 5492 3593 5548 pec-

263 5558 353 5614 bit
382 5558 844 5641 etvivilicabit,et
868 5560 1078 5614 beatum
1090 5561 1253 5632 faciet
1273 5562 1328 5613 in
1341 5566 1555 5627 terra,et
1574 5576 1679 5614 non
1696 5561 1887 5615 tradet
1984 5560 2198 5617 caverit
2248 5559 2374 5627 tibi,
2408 5559 2466 5614 id
2499 5561 2583 5613 est
2615 5562 2729 5613 ate
2760 5560 2882 5615 solo
2914 5576 3019 5632 per
3049 5561 3455 5621 remissionem
3506 5581 3595 5625 sa-

263 5666 387 5704 eum
415 5649 473 5703 in
508 5649 771 5717 animam,
809 5648 872 5704 id
900 5650 989 5704 est
1015 5649 1079 5705 in
1111 5665 1319 5706 manus
1349 5650 1508 5706 inimi
1546 5665 1726 5707 eorum
1752 5649 1882 5721 ejus.

594 5748 830 5808 Psraon.
877 5746 1030 5807 CLII.

1989 5648 2192 5713 nandi,
2218 5646 2343 5704 dico
2376 5662 2613 5704 causans
2638 5662 2740 5703 cur
2770 5647 3040 5722 adjuvare
3066 5650 3261 5708 debes.

3284 5753 3352 5810 26
