3994 6042
172 324 280 401 tis

1173 336 1527 402 EXPOSITIO
1563 337 1636 400 IN
1674 333 2008 401 PSALMOS.
2053 366 2123 386 --
2162 338 2356 402 PSAL.
2395 334 2507 403 XLI

3390 328 3498 410 sit

178 463 363 522 solam
394 460 650 523 nominis
685 458 1248 539 interpretationem.
1294 462 1480 521 Chore
1520 479 1774 539 namque
1809 466 1865 526 Α
1891 458 2033 538 quid
2062 479 2184 523 esse
2214 463 2413 523 videor
2437 464 2467 522 ?
2499 461 2617 522 Hoc
2667 460 2865 522 autem
2896 472 2966 523 ex
3003 458 3185 525 nimio
3213 460 3499 526 desiderio

178 554 433 611 Calvaria
455 554 868 630 interpretatur
890 572 904 611 :
926 555 1204 628 quoniam
1218 559 1411 611 autem
1432 556 1491 610 in
1507 555 1775 611 Calvariaa

175 646 303 701 loco
326 644 595 701 nominus
627 648 823 701 noster
852 662 1046 717 passus
1082 649 1187 713 est,
1219 645 1312 699 hic
1357 661 1461 718 pro
1488 645 1610 715 ejus
1640 661 1766 715 pas-

1884 554 2293 628 interrogative
2330 556 2519 629 ponit.

1955 643 2250 708 Quaereret
2263 645 2467 718 aliquis
2488 662 2500 699 :
2518 644 2707 710 Quare
2726 646 2870 701 adeo
2885 645 3081 701 venire
3098 646 3344 718 suspiras
3359 648 3388 701 ?
3404 648 3493 704 Ad

176 732 338 790 sione
365 734 548 789 Chore
578 734 830 807 ponitur.
862 734 1192 789 Notandum
1222 750 1356 789 vero
1399 733 1601 788 melius
1622 750 1775 788 ‘eum
1882 731 1991 786 hoc
2009 748 2148 803 ergo
2163 732 2242 787 sic
2262 734 2601 804 respondet:
2627 735 2759 789 Ideo
2784 735 3005 806 suspiro
3033 735 3299 803 dicendo,
3322 753 3500 809 quan-

178 822 362 878 Cbore
375 821 555 895 (quod
575 823 889 878 Calvariam
903 822 1083 893 sonat)
1100 824 1335 894 propter
1346 822 1784 877 similitudinem

173 911 452 984 posuisse,
486 928 663 983 quam
688 911 733 966 si
761 912 1045 983 Golgotha
1069 912 1366 982 posuisset,
1412 911 1569 983 quod
1600 910 1778 966 etiam

174 1017 434 1055 unomen
467 1003 554 1054 est
582 1000 690 1055 loci
733 1000 790 1054 in
837 1017 950 1072 quo
981 1000 1231 1054 Christus
1263 1018 1456 1073 passus
1482 1003 1566 1054 est
1600 1018 1612 1055 :
1645 1000 1781 1072 quia

175 1089 324 1143 sicut
370 1090 555 1145 Chore
608 1092 1130 1160 contemporaneus
1174 1089 1351 1144 David
1394 1089 1540 1143 ﬁlios
1581 1089 1784 1143 habuit

175 1178 459 1250 carnales,
491 1176 567 1231 sic
599 1181 657 1231 et
686 1176 958 1244 Christus,
992 1178 1150 1249 cujus
1194 1177 1378 1250 passio
1426 1193 1530 1248 per
1561 1193 1779 1233 nomen

177 1265 366 1321 Chore
397 1265 691 1336 accipitur,
725 1265 871 1320 ﬁlios
900 1266 1075 1321 habet
1117 1262 1458 1337 spirituales,
1512 1266 1607 1337 qui
1644 1282 1773 1336 pas-

173 1354 355 1409 sionis
383 1357 441 1408 et
476 1354 749 1409 bonitatis
789 1355 930 1425 ejus,
974 1355 1035 1409 in
1079 1359 1362 1426 quantum
1395 1354 1474 1409 eis
1511 1354 1779 1427 possibile

177 1446 287 1509 est,
320 1442 569 1497 existunt
590 1442 928 1497 imitatores.
962 1443 1277 1514 Exponitnr
1319 1447 1513 1499 autem
1543 1443 1622 1497 sic
1651 1442 1786 1496 titu-

175 1532 269 1585 lus
298 1531 709 1604 suprapositus.
757 1531 914 1585 Filiis
950 1530 1141 1599 Chore,
1182 1531 1241 1586 id
1284 1535 1370 1586 est
1401 1531 1789 1587 imitatoribus

178 1620 465 1691 passionis
516 1619 722 1674 Christi
775 1620 1144 1675 tendentibus
1200 1623 1257 1673 in
1305 1622 1486 1690 ﬁnem,
1530 1620 1701 1674 idest
1730 1619 1791 1673 in

178 1725 478 1763 summum
524 1708 765 1764 bonum.
816 1710 925 1763 Per
953 1709 1063 1763 hoc
1088 1709 1243 1781 quod
1274 1712 1407 1763 sunt
1448 1708 1550 1763 ﬁlii
1582 1709 1787 1775 Chore,

1885 821 1957 875 do
1987 822 2215 876 veniam
2247 826 2303 876 et
2321 824 2637 893 apparebo,
2664 824 2800 896 quia
2827 824 2884 878 in
2910 825 3378 881 tribulationibus
3392 841 3496 896 po-

1884 909 1991 963 sita
2016 927 2164 978 sum,
2198 928 2233 965 a
2262 912 2467 982 quibus
2498 912 2621 966 erui
2652 914 2881 967 vellem.
2909 912 3156 968 Fuerunt
3183 915 3341 969 enim
3360 915 3503 969 mihi

1886 1002 1943 1053 et
1970 1003 2103 1053 sunt
2133 999 2400 1069 lacrymae,
2444 1000 2500 1055 id
2534 1005 2616 1055 est
2664 1001 2928 1069 miserias,
2979 1020 3107 1075 quae
3148 1007 3282 1058 sunt
3313 1021 3497 1059 causa;

1886 1088 2293 1159 lacrymarum,
2305 1106 2492 1159 panes,
2514 1089 2571 1143 id
2593 1093 2679 1144 est
2702 1090 2944 1145 assidam
2961 1092 3033 1146 ad
3050 1093 3290 1147 modum
3310 1093 3496 1166 panis,

1889 1176 1987 1247 qui
2016 1175 2173 1231 cibus
2198 1177 2454 1231 assiduus
2487 1180 2543 1231 et
2570 1178 2943 1250 quotidianus
2980 1184 3083 1234 est.
3115 1182 3364 1252 Exponit
3394 1199 3495 1237 au-

1889 1267 2009 1318 tem
2035 1264 2093 1318 in
2125 1282 2238 1336 qua
2265 1265 2687 1335 signiﬁcatione
2716 1270 2894 1337 ponat
2925 1284 3123 1338 panes,
3151 1286 3281 1324 cum
3314 1270 3495 1337 addit,

1889 1353 1974 1406 die
2002 1371 2064 1407 ac
2094 1362 2259 1420 nocte,
2296 1353 2509 1408 scilicet
2536 1354 2795 1423 fuerunt,
2827 1356 2885 1410 id
2916 1360 3001 1410 est
3038 1358 3263 1412 assidue
3299 1375 3311 1412 :
3344 1359 3495 1424 dum,

1890 1442 1948 1497 id
1979 1444 2065 1496 est
2093 1441 2569 1513 quandoquidem
2591 1442 2793 1497 dicitur
2805 1445 2945 1499 mihi
2962 1445 3034 1499 ab
3058 1444 3307 1500 inimicis
3326 1450 3497 1519 quoti-

1891 1531 1994 1598 die,
2021 1530 2083 1585 id
2111 1534 2197 1585 est
2216 1531 2457 1602 jugiter,
2494 1535 2551 1586 et
2582 1532 2768 1587 verbis
2800 1536 2857 1586 et
2880 1533 3014 1604 ipsis
3031 1534 3498 1591 tribulationibus

1893 1636 2034 1693 quas
2058 1619 2349 1675 inferunt:
2392 1620 2500 1674 Ubi
2527 1628 2600 1674 est
2628 1621 2774 1676 Deus
2791 1628 2936 1688 tuus,
2953 1623 3049 1694 qui
3068 1626 3124 1677 te
3154 1641 3273 1678 non
3292 1624 3499 1681 liberat

1893 1725 1927 1762 a
1958 1707 2222 1762 manibus
2244 1708 2494 1763 nostris?
2515 1709 2827 1780 Nusquam.
2853 1711 2952 1764 Vel
2969 1711 3049 1765 sic
3072 1729 3085 1766 :
3112 1711 3217 1767 Ubi
3241 1716 3327 1767 est
3346 1715 3496 1769 Deus

176 1796 507 1852 intellectus
555 1797 955 1851 attribuendus
1006 1800 1110 1859 est,
1165 1797 1224 1852 id
1271 1800 1356 1851 est
1403 1796 1628 1851 dicendi
1659 1798 1793 1850 sunt
1818 1784 1868 1843 Β
1896 1800 2041 1863 tuus,
2064 1812 2239 1867 quem
2257 1796 2435 1868 digito
2455 1797 2662 1868 nequis
2677 1798 3163 1866 ostendere,sicut
3180 1818 3286 1857 nos
3311 1804 3495 1858 solem

178 1886 335 1940 bene
388 1885 778 1956 intelligentes
827 1902 958 1939 cum
1006 1902 1065 1939 se
1108 1902 1212 1956 per
1271 1885 1474 1940 Christi
1514 1884 1793 1957 passionis

178 1974 575 2029 imitationem
603 1974 932 2044 intelligant
950 1974 1007 2028 in
1039 1976 1219 2028 ﬁnem
1243 1974 1317 2029 ad
1346 1990 1521 2046 quem
1544 1973 1793 2028 tendunt

177 2065 577 2134 perventuros.
614 2063 999 2118 lntrodueitur
1032 2063 1090 2116 in
1126 2064 1236 2118 hoc
1284 2065 1508 2135 psalmo
1558 2079 1665 2117 vox
1697 2063 1793 2116 Ec-

177 2151 369 2206 clesiae
401 2155 747 2223 martyrum,
793 2151 851 2205 in
901 2150 1370 2207 tribulationibus
1399 2151 1705 2222 depressae,
1736 2153 1794 2204 et

177 2238 562 2311 intelligentis
616 2256 674 2293 se
726 2256 830 2311 per
872 2239 1274 2293 tribulationes
1314 2239 1437 2293 illas
1473 2239 1547 2293 ad
1611 2239 1791 2293 ﬁnem

176 2330 618 2400 perventuram,
659 2327 733 2382 ad
766 2327 1029 2399 quem.in
1051 2328 1161 2382 hoc
1186 2329 1409 2399 psalmo
1430 2327 1595 2382 valde
1612 2327 1793 2399 suspi-

176 2420 297 2483 rat,
336 2416 496 2486 cujus
526 2433 756 2488 quoque
782 2416 912 2470 ﬁnis
935 2416 1189 2471 contuitu
1216 2433 1275 2470 se
1317 2416 1387 2470 de
1419 2415 1798 2470 tribulationi-

177 2506 292 2560 bus
324 2506 438 2559 suis
466 2507 818 2572 consolatur,
847 2506 999 2560 unie
1031 2505 1208 2560 etiam
1241 2509 1536 2559 oraturam
1557 2521 1615 2558 se
1640 2504 1792 2559 dicit.

260 2593 721 2662 Quemadmodum
744 2593 1008 2647 desiderat
1031 2609 1212 2648 cervus
1243 2592 1315 2646 ad
1328 2593 1506 2662 fontes
1532 2609 1797 2664 aquarum

184 2681 515 2757 pervenire,
532 2685 662 2754 post
673 2681 1178 2752 consumptionem
1192 2680 1474 2753 serpentis
1490 2697 1503 2748 ;
1519 2682 1593 2734 ita
1607 2679 1800 2734 deside-

184 2777 280 2826 rat
298 2773 482 2825 anima
497 2787 613 2824 mea
635 2768 705 2823 ad
721 2776 788 2835 te,
812 2769 977 2832 Deus,
993 2769 1316 2841 pervenire,
1342 2772 1647 2841 postquam
1674 2769 1799 2839 jam

184 2859 400 2915 vitiain
418 2875 513 2913 me
536 2858 861 2929 consumpsi
891 2861 948 2912 et
972 2857 1241 2912 destruxi.
1277 2858 1416 2912 Ecce
1438 2857 1529 2911 hic
1556 2856 1802 2929 suspirat

184 2949 262 3005 ad
286 2964 583 3002 summum
604 2947 823 3001 bonum
839 2946 1163 3014 tendendo;
1184 2947 1332 3001 bene
1350 2962 1485 3000 vero
1504 2945 1667 3018 ponit
1684 2961 1801 2999 non

185 3053 375 3110 aquas
403 3035 758 3107 simpliciter,
792 3035 893 3089 sed
924 3036 1100 3104 fontes
1119 3052 1413 3107 aquarum,
1429 3034 1585 3105 quod
1600 3037 1684 3087 est
1715 3033 1799 3087 di-
1825 3062 1871 3122 Ο

184 3143 323 3181 cere
345 3142 357 3178 :
376 3124 463 3179 Ad
483 3140 660 3197 aquas
690 3123 1125 3192 indefectibiles,
1171 3140 1299 3196 quae
1337 3140 1567 3196 semper
1592 3123 1798 3190 ﬂuunt,

403 3218 460 3268 et
489 3230 789 3285 nunquam
819 3213 1191 3267 exsiccantur.
1234 3213 1443 3267 Cervus
1481 3211 1639 3267 enim
1683 3229 1814 3278 ser:

186 3307 370 3376 pente
401 3303 696 3370 devorato,
725 3302 797 3355 ad
824 3302 1047 3356 fontem
1075 3301 1287 3367 vivum,
1322 3301 1410 3356 cui
1461 3318 1611 3372 aqua
1643 3301 1799 3355 nullo

186 3396 459 3462 tempore
489 3390 700 3456 deﬁcit,
736 3390 917 3445 nimio
941 3390 1145 3444 ardore
1167 3392 1483 3443 exaestuans
1507 3392 1798 3460 properat,

185 3481 238 3551 ej
248 3497 429 3551 usque
444 3479 886 3551 refrigeratione
903 3481 961 3533 et
975 3478 1270 3549 potatione
1281 3478 1303 3548 j
1315 3476 1507 3530 uvenis
1521 3477 1797 3543 efﬁcitur;

186 3569 271 3623 sic
300 3572 357 3623 et
386 3567 568 3622 ﬁdelis
597 3567 836 3640 quisque
867 3582 1089 3620 veneno
1120 3566 1388 3620 vitiorum
1418 3564 1477 3618 in
1513 3581 1570 3619 se
1603 3566 1799 3619 absor-

186 3660 317 3728 pto,
337 3657 409 3711 ad
430 3657 654 3711 fontem
670 3655 795 3710 vitae
809 3654 1188 3708 indeﬁcientis
1208 3653 1493 3709 Christum
1511 3653 1799 3707 bonorum

187 3762 435 3816 operum
469 3762 659 3811 cursu,
690 3747 748 3798 et
779 3743 1056 3816 patientia
1087 3742 1522 3797 tribulationum
1558 3741 1803 3796 assidue-

187 3834 408 3901 tendit;
440 3834 514 3888 ad
543 3849 718 3905 quem
738 3850 871 3887 cum
892 3831 1080 3886 carnis
1098 3834 1374 3886 vetustate
1394 3830 1654 3901 deposita
1669 3846 1800 3902 per-

189 3923 438 3984 venerit,
462 3921 733 3975 ineﬁ'abili
751 3921 1050 3991 juventute
1069 3937 1171 3992 per
1184 3920 1357 3991 ipsius
1372 3918 1546 3973 fontis
1563 3918 1800 3990 refrige-

187 4012 349 4066 rium
373 4014 431 4065 ct
448 4010 891 4066 inebriationem
912 4008 1298 4063 renovabitur.
1325 4007 1561 4062 Undein
1579 4009 1800 4079 Apoca-

190 4099 343 4170 lypsi
379 4115 391 4151 :
425 4121 452 4148 «
488 4099 625 4153 Ecce
660 4114 807 4153 nova
835 4096 981 4152 facio
1013 4096 1213 4151 omnia
1247 4096 1423 4167 (Apoc
1478 4114 1588 4162 xxr,
1623 4101 1671 4167 ἓν)
1721 4112 1734 4150 :
1770 4114 1802 4149 ιδ

194 4186 462 4244 Ostendit
485 4189 680 4241 autem
708 4189 945 4258 propter
974 4184 1111 4256 quid
1162 4185 1235 4238 ad
1285 4186 1466 4239 Deum
1503 4183 1803 4254 pervenire

194 4276 506 4338 desideret,
528 4275 937 4346 apostropham
957 4274 1027 4327 ad
1056 4272 1347 4327 auditores
1374 4272 1727 4337 faciend0,ut
1746 4274 1803 4326 et

193 4382 299 4419 eos
330 4364 437 4418 hoc
481 4363 637 4417 idem
687 4362 1013 4417 desiderare
1067 4360 1330 4425 instruat,
1381 4376 1511 4413 cum
1562 4360 1753 4414 subdit
1787 4376 1800 4413 :
1830 4338 1882 4397 D

193 4452 360 4518 Dico,
387 4468 420 4507 ο
452 4451 761 4517 auditores,
787 4450 941 4521 quod
962 4452 1141 4503 anima
1160 4466 1276 4502 mea
1297 4448 1577 4513 dariderat,
1602 4451 1659 4501 et
1686 4464 1803 4503 non

195 4556 376 4614 parvo
407 4538 688 4594 desiderio
721 4555 735 4593 :
780 4538 880 4593 sed
930 4540 1099 4591 sitivit
1127 4539 1308 4590 anima
1342 4554 1480 4602 mea,
1522 4540 1580 4590 et
1618 4536 1804 4590 adhuc

193 4628 337 4695 sitit,
362 4627 421 4682 id
442 4631 545 4693 est,
575 4630 735 4682 tanto
761 4625 1043 4682 desiderio
1077 4625 1440 4691 desideravit,
1468 4628 1684 4695 quanto
1710 4624 1804 4679 ille

195 4714 299 4788 qui
321 4715 518 4770 sitiens
538 4718 643 4782 est,
687 4714 988 4787 pervenire
1019 4714 1089 4768 ad
1114 4714 1288 4768 Deum
1307 4714 1503 4784 fortem
1530 4714 1803 4784 [fontem),

195 4803 261 4858 id
290 4805 376 4858 est
400 4802 833 4875 impassibilem,
883 4801 973 4856 cui
1028 4803 1216 4857 nullus
1260 4800 1442 4856 hostis
1490 4801 1803 4872 praevalere

197 4894 411 4963 potest,
440 4893 622 4946 vivum
652 4890 1066 4958 indeﬁcienter,
1085 4891 1250 4962 juxta
1282 4890 1422 4945 illud
1445 4906 1458 4944 :
1483 4912 1511 4939 «
1534 4889 1670 4943 Vivo
1696 4905 1804 4961 ego

200 4980 264 5035 in
291 4982 572 5035 internum
606 4978 742 5051 (lsa.
774 4996 919 5040 χιιι,
954 4982 1082 5047 18);
1119 5001 1145 5027 ››
1175 4978 1337 5051 quasi
1369 4978 1586 5033 diceret
1615 4994 1629 5032 :
1673 4977 1805 5033 Ideo

198 5070 350 5123 sitivi
377 5071 438 5122 ut
481 5084 585 5139 per
608 5084 743 5122 eum
767 5069 946 5121 vivum
977 5070 1034 5121 et
1058 5066 1270 5121 fortem
1302 5066 1453 5121 vivus
1495 5065 1713 5122 efﬁciar
1750 5068 1809 5120 et

202 5156 387 5212 fortis.
416 5156 480 5209 Et
499 5171 607 5226 ego
648 5156 743 5227 qui
771 5155 851 5209 sic
885 5154 1031 5209 sitivi
1054 5158 1112 5209 et
1140 5155 1290 5221 sitio,
1325 5155 1538 5226 quando
1570 5157 1802 5221 veniam,

204 5261 382 5301 onere
413 5243 599 5299 carnis
624 5243 906 5314 deposito,
939 5251 1063 5298 ante
1084 5244 1302 5313 faciem,
1336 5242 1393 5297 id
1441 5246 1525 5298 est
1556 5260 1805 5315 praesen-

205 5333 350 5389 tiam
379 5332 501 5400 Dei,
523 5332 618 5405 qui
636 5332 774 5387 dum
797 5331 855 5386 in
883 5333 988 5387 hac
1002 5348 1129 5386 sum
1150 5331 1640 5402 peregrinatione,
1658 5332 1815 5386 elon-

207 5426 375 5492 gatus
392 5420 999 5493 videor.Etpostquam
1021 5420 1552 5490 venero,apparebo
1567 5418 1817 5474 inimicis

1893 1889 1951 1939 et
1977 1887 2199 1952 lunam,
2219 1887 2276 1939 et
2296 1888 2534 1940 caeteros
2547 1886 2687 1940 deos
2708 1902 2850 1958 quos
2876 1887 3117 1943 colimus
3131 1890 3158 1944 ?
3173 1891 3491 1963 Nusquam.

1893 1974 2028 2028 Dico
2057 1973 2212 2045 quod
2238 1973 2471 2028 fuerunt
2489 1972 2632 2028 mihi
2660 1975 2949 2045 lacrymm.
2980 1977 3045 2030 Et
3073 1978 3207 2049 quia
3247 1980 3446 2035 dicunt
3477 1996 3492 2036 :

1894 2062 1997 2117 Ubi
2027 2066 2111 2118 est
2131 2064 2277 2118 Deus
2303 2065 2437 2117 tuus
2458 2062 2485 2117 ?
2511 2064 2640 2117 Haec
2668 2066 2886 2132 tamen,
2914 2064 2973 2119 id
2994 2069 3080 2121 est
3108 2069 3410 2140 lacrymas,
3440 2073 3499 2125 et

1891 2151 2000 2206 hoc
2030 2151 2185 2223 quod
2233 2151 2443 2205 dicitur
2490 2151 2596 2206 Ubi
2642 2155 2727 2207 est
2769 2154 2917 2207 Deus
2966 2156 3498 2213 tuus?Recordatus

1890 2257 2030 2307 sum,
2056 2240 2115 2294 id
2133 2241 2219 2293 est
2233 2255 2383 2310 saepe
2407 2239 2785 2295 consideravi.
2802 2240 2881 2294 Et
2897 2240 3025 2297 ideo
3044 2244 3211 2314 effudi
3227 2246 3494 2300 animam:

1896 2331 2084 2383 etnon
2110 2331 2270 2382 extra
2311 2344 2404 2383 me
2432 2345 2445 2395 ;
2476 2328 2575 2382 sed
2603 2329 2662 2382 in
2696 2346 2791 2384 me
2823 2329 3046 2399 diﬁ'udi,
3072 2331 3130 2386 id
3150 2336 3236 2387 est
3263 2333 3497 2390 dilatavi

1897 2417 2157 2471 animam
2189 2433 2382 2470 meam
2416 2416 2475 2471 in
2506 2416 2725 2472 laetitia.
2751 2418 2912 2472 Unde
2928 2420 3277 2491 Augustinus
3298 2439 3310 2476 :
3330 2440 3360 2474 <<
3383 2418 3501 2478 Lie-

1896 2504 2044 2574 titila,
2078 2504 2260 2559 animi
2300 2503 2548 2559 diffusio.
2588 2505 2861 2573 Tristitia,
2920 2507 3099 2562 animi
3158 2510 3497 2569 contractio.

1899 2592 2211 2665 Cupiditas,
2244 2592 2423 2647 animi
2446 2593 2787 2664 progressio.
2821 2595 3041 2664 Timor,
3073 2597 3254 2652 animi
3278 2598 3435 2671 fuga.
3471 2619 3497 2646 ιι

1899 2680 1967 2734 Et
1998 2680 2127 2735 ideo
2153 2678 2326 2734 effudi
2360 2680 2642 2747 animam,
2675 2683 2929 2752 quoniam
2955 2699 3061 2754 per
3088 2684 3212 2739 haec
3248 2702 3376 2757 quae
3398 2702 3501 2757 pa-

1900 2768 2114 2823 tienter
2134 2768 2280 2835 fero,
2316 2769 2551 2823 transibo
2576 2769 2646 2823 de
2676 2770 2783 2824 hac
2808 2772 3066 2825 convalle
3093 2772 3500 2845 lacrymarum,

1901 2874 2063 2928 usque
2089 2856 2159 2909 ad
2183 2856 2399 2911 domum
2424 2857 2547 2923 Dei,
2564 2857 2776 2913 scilicet
2811 2859 3164 2916 Hierusalem
3189 2863 3500 2932 caelestem,

1903 2962 2030 3017 quae
2061 2961 2180 3000 non
2211 2949 2295 2999 est
2319 2944 2654 3000 transitoria
2684 2950 2746 3000 ut
2758 2948 3231 3005 tabernaculum:
3258 2952 3357 3006 sed
3373 2968 3503 3023 per-

1902 3051 2145 3088 manens
2171 3034 2245 3088 ad
2274 3034 2517 3088 modum
2534 3034 2740 3089 domus
2773 3051 2786 3087 :
2819 3036 2890 3090 de
2903 3053 3017 3108 qua
3044 3040 3334 3109 apostolus
3354 3042 3501 3095 Pau-

1903 3125 1989 3178 lus
2021 3123 2094 3177 ad
2125 3121 2454 3177 Corinthios
2482 3139 2494 3176 :
2529 3144 2557 3172 «
2581 3123 3042 3179 IEdiﬁcationem
3073 3142 3138 3180 ex
3169 3129 3286 3183 Deo
3332 3130 3505 3185 habe-

1903 3228 2031 3267 mus
2058 3212 2297 3266 domum
2332 3211 2455 3277 Dei,
2508 3228 2625 3266 non
2672 3214 3088 3281 manufactam,
3135 3220 3417 3273 aeternam
3448 3220 3507 3275 in

1903 3301 2057 3355 caelis
2087 3299 2179 3367 (II
2204 3298 2331 3355 Cor.
2351 3316 2401 3366 ν,
2430 3299 2502 3370 l).
2539 3319 2564 3349 ν
2596 3300 2732 3355 Dico
2756 3301 2913 3373 quod
2939 3302 3195 3359 transibo
3228 3321 3406 3377 usque
3433 3305 3508 3360 ad

1903 3389 2144 3443 domum
2176 3387 2275 3441 Dei
2311 3403 2322 3440 :
2359 3388 2476 3457 Ego
2498 3387 2625 3442 dico
2658 3388 2756 3460 qui
2786 3389 3021 3444 transivi
3044 3392 3099 3444 in
3119 3390 3310 3457 locum,
3342 3392 3401 3447 id
3424 3396 3512 3448 est

1902 3476 1961 3530 in
1989 3475 2485 3547 opportunitatem
2510 3475 2838 3530 tabernaculi
2859 3476 3215 3541 admirabilis,
3247 3481 3510 3538 Ecclesiae

1903 3564 2139 3625 scilicet,
2170 3580 2297 3634 quze
2318 3566 2404 3618 est
2441 3562 2540 3617 Dei
2564 3564 3001 3619 tabernaculum
3034 3566 3397 3636 admirabile,
3448 3569 3509 3625 in

1904 3669 2017 3724 quo
2050 3655 2165 3708 Deo
2199 3668 2232 3705 a
2270 3651 2532 3705 ﬁdelibus
2582 3651 2883 3708 militatur.
2913 3652 3078 3715 Quod
3127 3658 3212 3708 est
3252 3656 3505 3712 dicered.

1900 3739 2154 3795 Transivi
2172 3739 2244 3793 ab
2267 3737 2593 3793 idololatria
2619 3741 2676 3792 et
2702 3739 2961 3809 appetitu
2984 3741 3417 3796 mundanorum
3436 3745 3509 3798 ad

1903 3829 2013 3883 hoc
2039 3830 2099 3882 ut
2128 3826 2237 3881 sim
2267 3825 2415 3879 ﬁlius
2456 3825 2736 3892 Ecclesiae,
2766 3840 2869 3895 per
2895 3843 3069 3897 quam
3099 3827 3405 3884 deveniam
3434 3832 3508 3885 ad

1905 3917 2144 3971 domum
2168 3914 2289 3969 Dei.
2310 3916 2459 3968 Bene
2479 3914 2710 3984 quidem
2736 3914 2918 3984 ponit,
2944 3914 3004 3968 in
3027 3916 3214 3970 locum
3240 3917 3507 3973 taberna-

1905 4005 2035 4071 culi,
2062 4005 2117 4058 id
2139 4002 2302 4057 estin
2331 4002 2846 4073 opportunitatem.
2878 4002 3042 4066 Quod
3067 4007 3153 4057 est
3179 4004 3367 4059 dicere
3402 4024 3413 4060 :
3450 4008 3507 4061 in

1906 4097 2297 4165 opportunum
2316 4092 2773 4145 tabernaculum:
2791 4092 2885 4145 Hic
2903 4091 3059 4145 enim
3076 4093 3507 4150 tabernaculum

1907 4185 2293 4254 opportunum
2312 4180 2749 4250 est,utpcrillud
2768 4180 3136 4250 perveniatur
3152 4182 3223 4236 ad
3242 4183 3504 4239 domum.

1906 4272 2047 4326 Cum
2079 4273 2269 4323 autem
2302 4269 2755 4334 tabernaculum,
2790 4269 2942 4338 quod
2978 4270 3367 4326 transitorium
3404 4277 3507 4341 est,

1905 4358 2245 4414 admirabile
2268 4356 2402 4410 dicit
2422 4373 2433 4410 ε
2452 4359 2689 4427 propter
2711 4356 3108 4411 excellentiam
3134 4358 3389 4414 ﬁdelium
3409 4362 3507 4433 qui

1906 4447 1964 4501 in
1991 4463 2059 4500 eo
2082 4445 2352 4509 militant,
2396 4443 2589 4497 innuit
2618 4444 2859 4498 domum
2907 4461 3033 4515 quae
3067 4448 3287 4501 aeterna
3316 4449 3509 4506 futura

1906 4538 2010 4603 est,
2040 4535 2220 4588 multo
2252 4532 2437 4604 magis
2467 4532 2890 4587 admirabilem.
2920 4534 3052 4588 Dico
3077 4536 3231 4606 quod
3250 4540 3509 4595 transibu

1907 4640 2086 4697 usque
2116 4623 2189 4677 ad
2218 4622 2459 4676 domum
2492 4621 2591 4676 Dei
2623 4621 2918 4677 existendo
2946 4626 3081 4678 tunc
3098 4625 3153 4677 in
3174 4642 3315 4693 voce,
3342 4628 3397 4682 id
3422 4633 3508 4685 est

1907 4714 1966 4767 in
1990 4710 2457 4766 manifestatione
2480 4710 2845 4764 exsultationis
2882 4718 2932 4764 et
2961 4713 3301 4782 confessionis
3321 4715 3378 4769 id
3417 4720 3505 4771 est

1908 4801 2111 4857 laudis.
2143 4799 2353 4854 Vocem
2384 4815 2518 4853 vero
2548 4798 2711 4870 ponit
2735 4815 2839 4870 pro
2866 4800 3354 4868 manifestatione,
3374 4804 3509 4875 quia

1909 4906 2011 4962 per
2036 4904 2166 4962 eam
2180 4886 2562 4962 cogitationes
2574 4887 3039 4942 manifestantur.
3066 4888 3231 4951 Quod
3251 4893 3334 4943 est
3356 4891 3508 4947 dice-

1907 4961 2002 5033 re:
2041 4962 2056 5048 I
2227 4975 2371 5030 Cum
2395 4976 2670 5047 transibo,
2696 4975 2999 5029 manifeste
3021 4977 3312 5031 exsultabo
3330 4977 3387 5031 in
3416 4996 3507 5049 eo,

1910 5070 1967 5122 et
1995 5064 2315 5120 conﬁtebor
2343 5064 2416 5131 ei,
2450 5065 2507 5119 id
2539 5067 2621 5118 est
2645 5064 2892 5119 laudabo
2924 5080 3077 5117 eum.
3114 5086 3141 5113 «
3168 5064 3327 5119 Nunc
3353 5068 3512 5125 enim

1909 5154 2166 5209 videmus
2198 5152 2358 5223 quasi
2387 5169 2491 5225 per
2520 5152 2837 5223 speculum,
2881 5153 3013 5204 tunc
3047 5155 3241 5205 autem
3265 5152 3409 5208 facie
3442 5158 3517 5212 ad

1912 5244 2119 5298 faciem
2152 5240 2205 5311 ίΙ
2231 5239 2359 5297 Cor.
2392 5258 2509 5307 xm,
2556 5238 2667 5309 t2),
2709 5260 2737 5288 ››
2780 5238 3092 5309 Subjungit
3121 5256 3255 5294 vero
3285 5258 3518 5301 causam

1914 5330 2063 5386 vocis
2090 5328 2480 5384 exsultationis
2509 5329 2566 5380 et
2594 5325 2988 5393 confessionis,
3015 5327 3094 5381 sic
3118 5344 3130 5382 :
3158 5326 3292 5383 Dico
3316 5329 3373 5383 in
3385 5347 3525 5389 voce

1917 5416 2309 5474 exsultationis
2340 5420 2396 5471 et
2433 5413 2836 5471 confessionis.
2876 5414 2947 5468 Et
2991 5432 3147 5469 sonus
3186 5414 3312 5483 iste,
3353 5418 3411 5475 id
3441 5425 3530 5477 est

209 5510 369 5564 vivus
399 5512 456 5564 et
483 5509 667 5575 fortis,
702 5509 796 5581 qui
827 5509 919 5564 hic
950 5509 1195 5564 existens
1221 5507 1424 5562 debilis
1453 5506 1513 5560 in
1543 5522 1735 5573 carne,
1762 5511 1820 5561 et
1920 5524 2025 5562 vox
2056 5510 2140 5562 est
2179 5521 2372 5572 sonus,
2414 5503 2471 5558 id
2510 5503 2597 5555 est
2638 5501 3029 5560 manifestatio
3046 5503 3439 5561 exsultationis
3476 5514 3537 5565 et

214 5598 438 5677 assidue
460 5597 661 5655 mortis
691 5598 943 5670 periculo
971 5598 1293 5670 subjacens,
1335 5612 1442 5651 nec
1488 5594 1660 5652 etiam
1708 5595 1810 5650 ali-

1922 5592 2298 5651 confessionis
2329 5608 2473 5647 meas
2509 5591 2803 5659 epulantis.
2832 5590 2993 5655 Quod
3024 5595 3110 5649 est
3136 5592 3325 5650 dicere
3355 5611 3368 5651 :
3403 5595 3536 5653 ldeo
