  <div class='ocr_page' id='page_1' title='image "/cluster/home/n/w/nwhite01/storage/ocr_20150623/152/hvd.32044054760103/413.png"; bbox 0 0 4008 6030; ppageno 0'>
   <div class='ocr_carea' id='block_1_1' title="bbox 466 385 570 462">
    <p class='ocr_par' dir='ltr' id='par_1_1' title="bbox 466 385 570 462">
     <span class='ocr_line' id='line_1_1' title="bbox 466 385 570 462; baseline 0 -1"><span class='ocrx_word' id='word_1_1' title='bbox 466 385 570 462; x_wconf 73' lang='grc'><strong>818</strong></span> 
     </span>
    </p>
   </div>
   <div class='ocr_carea' id='block_1_2' title="bbox 1072 390 3178 462">
    <p class='ocr_par' dir='ltr' id='par_1_2' title="bbox 1072 390 3178 462">
     <span class='ocr_line' id='line_1_2' title="bbox 1072 390 3178 462; baseline -0 -3"><span class='ocrx_word' id='word_1_2' title='bbox 1072 390 1131 459; x_wconf 86' lang='lat' dir='ltr'><strong>S.</strong></span> <span class='ocrx_word' id='word_1_3' title='bbox 1160 396 1506 461; x_wconf 77' lang='lat' dir='ltr'><strong>BBUNONIS</strong></span> <span class='ocrx_word' id='word_1_4' title='bbox 1537 394 2171 461; x_wconf 74' lang='lat' dir='ltr'><strong>CARTHUSIANORUM</strong></span> <span class='ocrx_word' id='word_1_5' title='bbox 2208 394 2679 462; x_wconf 81' lang='lat' dir='ltr'><strong>INSTITUTORIS</strong></span> <span class='ocrx_word' id='word_1_6' title='bbox 2721 396 2875 461; x_wconf 87' lang='lat' dir='ltr'><strong>OPP.</strong></span> <span class='ocrx_word' id='word_1_7' title='bbox 2914 392 3113 460; x_wconf 73' lang='lat' dir='ltr'><strong>PARS.</strong></span> <span class='ocrx_word' id='word_1_8' title='bbox 3152 391 3178 458; x_wconf 77' lang='grc' dir='ltr'>ἰ</span> 
     </span>
    </p>
   </div>
   <div class='ocr_carea' id='block_1_3' title="bbox 3677 386 3786 460">
    <p class='ocr_par' dir='ltr' id='par_1_3' title="bbox 3677 386 3786 460">
     <span class='ocr_line' id='line_1_3' title="bbox 3677 386 3786 460; baseline 0 -1"><span class='ocrx_word' id='word_1_9' title='bbox 3677 386 3786 460; x_wconf 70' lang='grc' dir='ltr'><strong>θη</strong></span> 
     </span>
    </p>
   </div>
   <div class='ocr_carea' id='block_1_4' title="bbox 466 521 3782 605">
    <p class='ocr_par' dir='ltr' id='par_1_4' title="bbox 466 521 3782 605">
     <span class='ocr_line' id='line_1_4' title="bbox 466 521 3782 605; baseline 0.001 -19"><span class='ocrx_word' id='word_1_10' title='bbox 466 521 760 587; x_wconf 81' lang='lat' dir='ltr'><strong>exsultabo</strong></span> <span class='ocrx_word' id='word_1_11' title='bbox 787 523 1100 587; x_wconf 76' lang='lat' dir='ltr'><strong>manifeste</strong></span> <span class='ocrx_word' id='word_1_12' title='bbox 1129 532 1189 587; x_wconf 89' lang='lat' dir='ltr'><strong>et</strong></span> <span class='ocrx_word' id='word_1_13' title='bbox 1219 526 1567 600; x_wconf 82' lang='lat' dir='ltr'><strong>conﬁtebor,</strong></span> <span class='ocrx_word' id='word_1_14' title='bbox 1605 528 1744 605; x_wconf 89' lang='lat' dir='ltr'><strong>quia</strong></span> <span class='ocrx_word' id='word_1_15' title='bbox 1788 525 2151 604; x_wconf 72' lang='lat' dir='ltr'><strong>epulabor,A</strong></span> <span class='ocrx_word' id='word_1_16' title='bbox 2169 524 2479 589; x_wconf 78' lang='lat' dir='ltr'><strong>fessionem</strong></span> <span class='ocrx_word' id='word_1_17' title='bbox 2509 527 2787 601; x_wconf 85' lang='lat' dir='ltr'><strong>Hermon,</strong></span> <span class='ocrx_word' id='word_1_18' title='bbox 2809 525 2869 587; x_wconf 88' lang='lat' dir='ltr'><strong>id</strong></span> <span class='ocrx_word' id='word_1_19' title='bbox 2894 530 2981 587; x_wconf 89' lang='lat' dir='ltr'><strong>est</strong></span> <span class='ocrx_word' id='word_1_20' title='bbox 3007 524 3499 587; x_wconf 80' lang='lat' dir='ltr'><strong>anathematizans</strong></span> <span class='ocrx_word' id='word_1_21' title='bbox 3542 527 3782 605; x_wconf 86' lang='lat' dir='ltr'><strong>peccata</strong></span> 
     </span>
    </p>
   </div>
   <div class='ocr_carea' id='block_1_5' title="bbox 465 616 2066 691">
    <p class='ocr_par' dir='ltr' id='par_1_5' title="bbox 465 616 2066 691">
     <span class='ocr_line' id='line_1_5' title="bbox 465 616 2066 691; baseline 0 -17"><span class='ocrx_word' id='word_1_22' title='bbox 465 632 585 674; x_wconf 89' lang='lat' dir='ltr'><strong>non</strong></span> <span class='ocrx_word' id='word_1_23' title='bbox 616 616 673 673; x_wconf 93' lang='lat' dir='ltr'><strong>in</strong></span> <span class='ocrx_word' id='word_1_24' title='bbox 705 618 947 673; x_wconf 84' lang='lat' dir='ltr'><strong>terrenis</strong></span> <span class='ocrx_word' id='word_1_25' title='bbox 971 618 1171 691; x_wconf 85' lang='lat' dir='ltr'><strong>epulis,</strong></span> <span class='ocrx_word' id='word_1_26' title='bbox 1207 619 1306 676; x_wconf 92' lang='lat' dir='ltr'><strong>sed</strong></span> <span class='ocrx_word' id='word_1_27' title='bbox 1338 619 1399 675; x_wconf 91' lang='lat' dir='ltr'><strong>in</strong></span> <span class='ocrx_word' id='word_1_28' title='bbox 1438 624 1655 677; x_wconf 68' lang='lat' dir='ltr'><strong>aeterna</strong></span> <span class='ocrx_word' id='word_1_29' title='bbox 1686 620 2066 688; x_wconf 78' lang='lat' dir='ltr'><strong>beatitudine,</strong></span> 
     </span>
    </p>
   </div>
   <div class='ocr_carea' id='block_1_6' title="bbox 468 707 2070 781">
    <p class='ocr_par' dir='ltr' id='par_1_6' title="bbox 468 707 2070 781">
     <span class='ocr_line' id='line_1_6' title="bbox 468 707 2070 781; baseline 0.001 -20"><span class='ocrx_word' id='word_1_30' title='bbox 468 722 596 780; x_wconf 67' lang='lat' dir='ltr'><strong>quas</strong></span> <span class='ocrx_word' id='word_1_31' title='bbox 643 707 787 762; x_wconf 89' lang='lat' dir='ltr'><strong>mihi</strong></span> <span class='ocrx_word' id='word_1_32' title='bbox 838 707 946 762; x_wconf 91' lang='lat' dir='ltr'><strong>erit</strong></span> <span class='ocrx_word' id='word_1_33' title='bbox 1001 709 1257 781; x_wconf 89' lang='lat' dir='ltr'><strong>epulum.</strong></span> <span class='ocrx_word' id='word_1_34' title='bbox 1316 710 1479 764; x_wconf 89' lang='lat' dir='ltr'><strong>Unde</strong></span> <span class='ocrx_word' id='word_1_35' title='bbox 1532 709 1671 765; x_wconf 86' lang='lat' dir='ltr'><strong>alibi</strong></span> <span class='ocrx_word' id='word_1_36' title='bbox 1722 709 2070 764; x_wconf 89' lang='lat' dir='ltr'><strong>Psalmista:</strong></span> 
     </span>
    </p>
   </div>
   <div class='ocr_carea' id='block_1_7' title="bbox 470 796 2075 868">
    <p class='ocr_par' dir='ltr' id='par_1_7' title="bbox 470 796 2075 868">
     <span class='ocr_line' id='line_1_7' title="bbox 470 796 2075 868; baseline 0.003 -20"><span class='ocrx_word' id='word_1_37' title='bbox 470 817 498 846; x_wconf 82' lang='grc' dir='ltr'>α</span> <span class='ocrx_word' id='word_1_38' title='bbox 529 796 668 851; x_wconf 82' lang='lat' dir='ltr'><strong>Justi</strong></span> <span class='ocrx_word' id='word_1_39' title='bbox 695 797 999 867; x_wconf 90' lang='lat' dir='ltr'><strong>eputeutur</strong></span> <span class='ocrx_word' id='word_1_40' title='bbox 1034 796 1093 852; x_wconf 90' lang='lat' dir='ltr'><strong>in</strong></span> <span class='ocrx_word' id='word_1_41' title='bbox 1131 797 1331 853; x_wconf 79' lang='lat' dir='ltr'><strong>laetitia</strong></span> <span class='ocrx_word' id='word_1_42' title='bbox 1362 797 1535 867; x_wconf 84' lang='lat' dir='ltr'><strong>(Psal.</strong></span> <span class='ocrx_word' id='word_1_43' title='bbox 1570 815 1751 863; x_wconf 80' lang='lat' dir='ltr'><strong>Lxxvi,</strong></span> <span class='ocrx_word' id='word_1_44' title='bbox 1785 798 1861 868; x_wconf 79' lang='grc'><strong>4).</strong></span> <span class='ocrx_word' id='word_1_45' title='bbox 1904 818 1932 847; x_wconf 91' lang='grc'><strong>››</strong></span> <span class='ocrx_word' id='word_1_46' title='bbox 1975 797 2075 853; x_wconf 90' lang='lat' dir='ltr'><strong>So-</strong></span> 
     </span>
    </p>
   </div>
   <div class='ocr_carea' id='block_1_8' title="bbox 470 884 2071 957">
    <p class='ocr_par' dir='ltr' id='par_1_8' title="bbox 470 884 2071 957">
     <span class='ocr_line' id='line_1_8' title="bbox 470 884 2071 957; baseline 0.001 -17"><span class='ocrx_word' id='word_1_47' title='bbox 470 902 578 940; x_wconf 89' lang='lat' dir='ltr'><strong>nus</strong></span> <span class='ocrx_word' id='word_1_48' title='bbox 608 884 783 940; x_wconf 88' lang='lat' dir='ltr'><strong>etiam</strong></span> <span class='ocrx_word' id='word_1_49' title='bbox 814 885 946 957; x_wconf 87' lang='lat' dir='ltr'><strong>quia</strong></span> <span class='ocrx_word' id='word_1_50' title='bbox 976 886 1119 940; x_wconf 83' lang='lat' dir='ltr'><strong>sicut</strong></span> <span class='ocrx_word' id='word_1_51' title='bbox 1146 890 1203 940; x_wconf 94' lang='lat' dir='ltr'><strong>et</strong></span> <span class='ocrx_word' id='word_1_52' title='bbox 1230 903 1335 941; x_wconf 85' lang='lat' dir='ltr'><strong>vox</strong></span> <span class='ocrx_word' id='word_1_53' title='bbox 1374 904 1465 941; x_wconf 89' lang='lat' dir='ltr'><strong>res</strong></span> <span class='ocrx_word' id='word_1_54' title='bbox 1498 887 1805 941; x_wconf 87' lang='lat' dir='ltr'><strong>manifesta</strong></span> <span class='ocrx_word' id='word_1_55' title='bbox 1835 890 1940 953; x_wconf 91' lang='lat' dir='ltr'><strong>est,</strong></span> <span class='ocrx_word' id='word_1_56' title='bbox 1967 902 2071 957; x_wconf 90' lang='lat' dir='ltr'><strong>pro</strong></span> 
     </span>
    </p>
   </div>
   <div class='ocr_carea' id='block_1_9' title="bbox 472 974 2077 1047">
    <p class='ocr_par' dir='ltr' id='par_1_9' title="bbox 472 974 2077 1047">
     <span class='ocr_line' id='line_1_9' title="bbox 472 974 2077 1047; baseline 0.001 -19"><span class='ocrx_word' id='word_1_57' title='bbox 472 974 936 1029; x_wconf 87' lang='lat' dir='ltr'><strong>manifestatione</strong></span> <span class='ocrx_word' id='word_1_58' title='bbox 967 974 1231 1030; x_wconf 86' lang='lat' dir='ltr'><strong>similiter</strong></span> <span class='ocrx_word' id='word_1_59' title='bbox 1261 975 1515 1047; x_wconf 89' lang='lat' dir='ltr'><strong>ponitur.</strong></span> <span class='ocrx_word' id='word_1_60' title='bbox 1540 977 1639 1031; x_wconf 92' lang='lat' dir='ltr'><strong>Vel</strong></span> <span class='ocrx_word' id='word_1_61' title='bbox 1667 975 1745 1030; x_wconf 90' lang='lat' dir='ltr'><strong>sic</strong></span> <span class='ocrx_word' id='word_1_62' title='bbox 1780 993 1792 1031; x_wconf 91' lang='lat'><strong>:</strong></span> <span class='ocrx_word' id='word_1_63' title='bbox 1824 976 2077 1030; x_wconf 86' lang='lat' dir='ltr'><strong>Fuerunt</strong></span> 
     </span>
    </p>
   </div>
   <div class='ocr_carea' id='block_1_10' title="bbox 469 1063 931 1120">
    <p class='ocr_par' dir='ltr' id='par_1_10' title="bbox 469 1063 931 1120">
     <span class='ocr_line' id='line_1_10' title="bbox 469 1063 931 1120; baseline 0 -1"><span class='ocrx_word' id='word_1_64' title='bbox 469 1063 613 1119; x_wconf 88' lang='lat' dir='ltr'><strong>mihi</strong></span> <span class='ocrx_word' id='word_1_65' title='bbox 640 1064 931 1120; x_wconf 84' lang='lat' dir='ltr'><strong>continue.</strong></span> 
     </span>
    </p>
   </div>
   <div class='ocr_carea' id='block_1_11' title="bbox 543 1151 2076 1225">
    <p class='ocr_par' dir='ltr' id='par_1_11' title="bbox 543 1151 2076 1225">
     <span class='ocr_line' id='line_1_11' title="bbox 543 1151 2076 1225; baseline 0.001 -18"><span class='ocrx_word' id='word_1_66' title='bbox 543 1154 610 1207; x_wconf 88' lang='lat' dir='ltr'><strong>Et</strong></span> <span class='ocrx_word' id='word_1_67' title='bbox 633 1152 908 1223; x_wconf 84' lang='lat' dir='ltr'><strong>exponit:</strong></span> <span class='ocrx_word' id='word_1_68' title='bbox 957 1151 1092 1208; x_wconf 90' lang='lat' dir='ltr'><strong>Dico</strong></span> <span class='ocrx_word' id='word_1_69' title='bbox 1133 1153 1364 1225; x_wconf 87' lang='lat' dir='ltr'><strong>quando</strong></span> <span class='ocrx_word' id='word_1_70' title='bbox 1411 1154 1642 1210; x_wconf 84' lang='lat' dir='ltr'><strong>veniam</strong></span> <span class='ocrx_word' id='word_1_71' title='bbox 1681 1156 1817 1210; x_wconf 83' lang='lat' dir='ltr'><strong>ante</strong></span> <span class='ocrx_word' id='word_1_72' title='bbox 1868 1154 2076 1209; x_wconf 86' lang='lat' dir='ltr'><strong>faciem</strong></span> 
     </span>
    </p>
   </div>
   <div class='ocr_carea' id='block_1_12' title="bbox 471 1241 2076 1314">
    <p class='ocr_par' dir='ltr' id='par_1_12' title="bbox 471 1241 2076 1314">
     <span class='ocr_line' id='line_1_12' title="bbox 471 1241 2076 1314; baseline 0 -17"><span class='ocrx_word' id='word_1_73' title='bbox 471 1241 591 1297; x_wconf 90' lang='lat' dir='ltr'><strong>Dei.</strong></span> <span class='ocrx_word' id='word_1_74' title='bbox 620 1242 686 1296; x_wconf 89' lang='lat' dir='ltr'><strong>Et</strong></span> <span class='ocrx_word' id='word_1_75' title='bbox 711 1244 866 1297; x_wconf 89' lang='lat' dir='ltr'><strong>certa</strong></span> <span class='ocrx_word' id='word_1_76' title='bbox 895 1258 1021 1296; x_wconf 89' lang='lat' dir='ltr'><strong>sum</strong></span> <span class='ocrx_word' id='word_1_77' title='bbox 1050 1242 1181 1314; x_wconf 89' lang='lat' dir='ltr'><strong>quia</strong></span> <span class='ocrx_word' id='word_1_78' title='bbox 1208 1242 1458 1298; x_wconf 87' lang='lat' dir='ltr'><strong>veniam.</strong></span> <span class='ocrx_word' id='word_1_79' title='bbox 1476 1245 1731 1299; x_wconf 83' lang='lat' dir='ltr'><strong>Fuerunt</strong></span> <span class='ocrx_word' id='word_1_80' title='bbox 1752 1244 1908 1299; x_wconf 91' lang='lat' dir='ltr'><strong>enim</strong></span> <span class='ocrx_word' id='word_1_81' title='bbox 1934 1243 2076 1298; x_wconf 89' lang='lat' dir='ltr'><strong>mihi</strong></span> 
     </span>
    </p>
   </div>
   <div class='ocr_carea' id='block_1_13' title="bbox 468 1330 2080 1405">
    <p class='ocr_par' dir='ltr' id='par_1_13' title="bbox 468 1330 2080 1405">
     <span class='ocr_line' id='line_1_13' title="bbox 468 1330 2080 1405; baseline 0 -20"><span class='ocrx_word' id='word_1_82' title='bbox 468 1331 742 1402; x_wconf 67' lang='lat' dir='ltr'><strong>lacrymaa</strong></span> <span class='ocrx_word' id='word_1_83' title='bbox 770 1346 917 1385; x_wconf 84' lang='lat' dir='ltr'><strong>meae</strong></span> <span class='ocrx_word' id='word_1_84' title='bbox 945 1330 1037 1385; x_wconf 91' lang='lat' dir='ltr'><strong>die</strong></span> <span class='ocrx_word' id='word_1_85' title='bbox 1065 1347 1131 1385; x_wconf 90' lang='lat' dir='ltr'><strong>ac</strong></span> <span class='ocrx_word' id='word_1_86' title='bbox 1156 1335 1345 1398; x_wconf 90' lang='lat' dir='ltr'><strong>nocte,</strong></span> <span class='ocrx_word' id='word_1_87' title='bbox 1372 1332 1430 1386; x_wconf 88' lang='lat' dir='ltr'><strong>id</strong></span> <span class='ocrx_word' id='word_1_88' title='bbox 1453 1336 1538 1387; x_wconf 90' lang='lat' dir='ltr'><strong>est</strong></span> <span class='ocrx_word' id='word_1_89' title='bbox 1562 1332 1799 1405; x_wconf 83' lang='lat' dir='ltr'><strong>jugiter.</strong></span> <span class='ocrx_word' id='word_1_90' title='bbox 1819 1332 1983 1396; x_wconf 88' lang='lat' dir='ltr'><strong>Quod</strong></span> <span class='ocrx_word' id='word_1_91' title='bbox 1996 1333 2080 1386; x_wconf 90' lang='lat' dir='ltr'><strong>est</strong></span> 
     </span>
    </p>
   </div>
   <div class='ocr_carea' id='block_1_14' title="bbox 470 1418 2077 1491">
    <p class='ocr_par' dir='ltr' id='par_1_14' title="bbox 470 1418 2077 1491">
     <span class='ocr_line' id='line_1_14' title="bbox 470 1418 2077 1491; baseline 0 -17"><span class='ocrx_word' id='word_1_92' title='bbox 470 1418 660 1474; x_wconf 89' lang='lat' dir='ltr'><strong>dicere</strong></span> <span class='ocrx_word' id='word_1_93' title='bbox 690 1436 702 1473; x_wconf 93' lang='lat'><strong>:</strong></span> <span class='ocrx_word' id='word_1_94' title='bbox 734 1418 983 1474; x_wconf 76' lang='lat' dir='ltr'><strong>Miserias</strong></span> <span class='ocrx_word' id='word_1_95' title='bbox 1013 1435 1117 1491; x_wconf 93' lang='lat' dir='ltr'><strong>pro</strong></span> <span class='ocrx_word' id='word_1_96' title='bbox 1150 1436 1218 1473; x_wconf 91' lang='lat' dir='ltr'><strong>eo</strong></span> <span class='ocrx_word' id='word_1_97' title='bbox 1238 1420 1457 1491; x_wconf 87' lang='lat' dir='ltr'><strong>jugiter</strong></span> <span class='ocrx_word' id='word_1_98' title='bbox 1486 1421 1726 1475; x_wconf 82' lang='lat' dir='ltr'><strong>sustinui</strong></span> <span class='ocrx_word' id='word_1_99' title='bbox 1752 1421 1922 1475; x_wconf 90' lang='lat' dir='ltr'><strong>:dum</strong></span> <span class='ocrx_word' id='word_1_100' title='bbox 1944 1420 2077 1475; x_wconf 85' lang='lat' dir='ltr'><strong>dici-</strong></span> 
     </span>
    </p>
   </div>
   <div class='ocr_carea' id='block_1_15' title="bbox 467 1506 2075 1581">
    <p class='ocr_par' dir='ltr' id='par_1_15' title="bbox 467 1506 2075 1581">
     <span class='ocr_line' id='line_1_15' title="bbox 467 1506 2075 1581; baseline 0.001 -19"><span class='ocrx_word' id='word_1_101' title='bbox 467 1508 562 1562; x_wconf 91' lang='lat' dir='ltr'><strong>tur</strong></span> <span class='ocrx_word' id='word_1_102' title='bbox 588 1506 731 1561; x_wconf 87' lang='lat' dir='ltr'><strong>mihi</strong></span> <span class='ocrx_word' id='word_1_103' title='bbox 752 1507 1029 1578; x_wconf 87' lang='lat' dir='ltr'><strong>quotidie.</strong></span> <span class='ocrx_word' id='word_1_104' title='bbox 1055 1507 1158 1562; x_wconf 87' lang='lat' dir='ltr'><strong>Ubi</strong></span> <span class='ocrx_word' id='word_1_105' title='bbox 1185 1512 1269 1561; x_wconf 91' lang='lat' dir='ltr'><strong>est</strong></span> <span class='ocrx_word' id='word_1_106' title='bbox 1291 1509 1439 1562; x_wconf 90' lang='lat' dir='ltr'><strong>Deus</strong></span> <span class='ocrx_word' id='word_1_107' title='bbox 1464 1509 1629 1563; x_wconf 83' lang='lat' dir='ltr'><strong>tuus?</strong></span> <span class='ocrx_word' id='word_1_108' title='bbox 1648 1510 1936 1581; x_wconf 62' lang='lat' dir='ltr'><strong>Lacrymas</strong></span> <span class='ocrx_word' id='word_1_109' title='bbox 1950 1509 2075 1563; x_wconf 89' lang='lat' dir='ltr'><strong>dico</strong></span> 
     </span>
    </p>
   </div>
   <div class='ocr_carea' id='block_1_16' title="bbox 470 1594 2077 1668">
    <p class='ocr_par' dir='ltr' id='par_1_16' title="bbox 470 1594 2077 1668">
     <span class='ocr_line' id='line_1_16' title="bbox 470 1594 2077 1668; baseline 0.001 -17"><span class='ocrx_word' id='word_1_110' title='bbox 470 1594 776 1651; x_wconf 83' lang='lat' dir='ltr'><strong>existentes</strong></span> <span class='ocrx_word' id='word_1_111' title='bbox 788 1611 966 1666; x_wconf 88' lang='lat' dir='ltr'><strong>panes</strong></span> <span class='ocrx_word' id='word_1_112' title='bbox 979 1595 1189 1650; x_wconf 74' lang='lat' dir='ltr'><strong>animae</strong></span> <span class='ocrx_word' id='word_1_113' title='bbox 1207 1598 1468 1651; x_wconf 71' lang='lat' dir='ltr'><strong>meie.Ac</strong></span> <span class='ocrx_word' id='word_1_114' title='bbox 1490 1597 1535 1651; x_wconf 90' lang='lat' dir='ltr'><strong>si</strong></span> <span class='ocrx_word' id='word_1_115' title='bbox 1565 1598 1715 1653; x_wconf 86' lang='lat' dir='ltr'><strong>dicat</strong></span> <span class='ocrx_word' id='word_1_116' title='bbox 1744 1615 1755 1651; x_wconf 93' lang='lat'><strong>:</strong></span> <span class='ocrx_word' id='word_1_117' title='bbox 1790 1600 1835 1651; x_wconf 85' lang='lat' dir='ltr'><strong>A</strong></span> <span class='ocrx_word' id='word_1_118' title='bbox 1873 1598 2077 1668; x_wconf 87' lang='lat' dir='ltr'><strong>quibus</strong></span> 
     </span>
    </p>
   </div>
   <div class='ocr_carea' id='block_1_17' title="bbox 469 1684 2077 1760">
    <p class='ocr_par' dir='ltr' id='par_1_17' title="bbox 469 1684 2077 1760">
     <span class='ocr_line' id='line_1_17' title="bbox 469 1684 2077 1760; baseline 0.001 -20"><span class='ocrx_word' id='word_1_119' title='bbox 469 1684 667 1741; x_wconf 85' lang='lat' dir='ltr'><strong>anima</strong></span> <span class='ocrx_word' id='word_1_120' title='bbox 686 1684 943 1739; x_wconf 86' lang='lat' dir='ltr'><strong>reficitur</strong></span> <span class='ocrx_word' id='word_1_121' title='bbox 966 1687 1025 1738; x_wconf 92' lang='lat' dir='ltr'><strong>et</strong></span> <span class='ocrx_word' id='word_1_122' title='bbox 1050 1685 1429 1752; x_wconf 87' lang='lat' dir='ltr'><strong>confortatur,</strong></span> <span class='ocrx_word' id='word_1_123' title='bbox 1461 1687 1599 1741; x_wconf 90' lang='lat' dir='ltr'><strong>dum</strong></span> <span class='ocrx_word' id='word_1_124' title='bbox 1630 1704 1664 1742; x_wconf 91' lang='lat' dir='ltr'><strong>a</strong></span> <span class='ocrx_word' id='word_1_125' title='bbox 1689 1686 1951 1742; x_wconf 84' lang='lat' dir='ltr'><strong>sordibus</strong></span> <span class='ocrx_word' id='word_1_126' title='bbox 1973 1704 2077 1760; x_wconf 91' lang='lat' dir='ltr'><strong>per</strong></span> 
     </span>
    </p>
   </div>
   <div class='ocr_carea' id='block_1_18' title="bbox 468 1772 2075 1848">
    <p class='ocr_par' dir='ltr' id='par_1_18' title="bbox 468 1772 2075 1848">
     <span class='ocr_line' id='line_1_18' title="bbox 468 1772 2075 1848; baseline 0.002 -20"><span class='ocrx_word' id='word_1_127' title='bbox 468 1790 564 1829; x_wconf 89' lang='lat' dir='ltr'><strong>eas</strong></span> <span class='ocrx_word' id='word_1_128' title='bbox 595 1772 855 1845; x_wconf 86' lang='lat' dir='ltr'><strong>expiatur</strong></span> <span class='ocrx_word' id='word_1_129' title='bbox 884 1790 896 1827; x_wconf 88' lang='lat'><strong>:</strong></span> <span class='ocrx_word' id='word_1_130' title='bbox 921 1773 1025 1827; x_wconf 87' lang='lat' dir='ltr'><strong>etsi</strong></span> <span class='ocrx_word' id='word_1_131' title='bbox 1052 1789 1184 1827; x_wconf 92' lang='lat' dir='ltr'><strong>caro</strong></span> <span class='ocrx_word' id='word_1_132' title='bbox 1214 1773 1351 1828; x_wconf 90' lang='lat' dir='ltr'><strong>inde</strong></span> <span class='ocrx_word' id='word_1_133' title='bbox 1390 1776 1695 1833; x_wconf 83' lang='lat' dir='ltr'><strong>crucietur.</strong></span> <span class='ocrx_word' id='word_1_134' title='bbox 1723 1776 1788 1831; x_wconf 87' lang='lat' dir='ltr'><strong>Et</strong></span> <span class='ocrx_word' id='word_1_135' title='bbox 1818 1775 2075 1848; x_wconf 86' lang='lat' dir='ltr'><strong>quamvis</strong></span> 
     </span>
    </p>
   </div>
   <div class='ocr_carea' id='block_1_19' title="bbox 2172 618 3782 693">
    <p class='ocr_par' dir='ltr' id='par_1_19' title="bbox 2172 618 3782 693">
     <span class='ocr_line' id='line_1_19' title="bbox 2172 618 3782 693; baseline 0.001 -18"><span class='ocrx_word' id='word_1_136' title='bbox 2172 636 2323 676; x_wconf 90' lang='lat' dir='ltr'><strong>mea.</strong></span> <span class='ocrx_word' id='word_1_137' title='bbox 2357 621 2425 675; x_wconf 89' lang='lat' dir='ltr'><strong>Et</strong></span> <span class='ocrx_word' id='word_1_138' title='bbox 2464 621 2741 693; x_wconf 88' lang='lat' dir='ltr'><strong>procedet</strong></span> <span class='ocrx_word' id='word_1_139' title='bbox 2766 638 2799 675; x_wconf 89' lang='lat' dir='ltr'><strong>a</strong></span> <span class='ocrx_word' id='word_1_140' title='bbox 2840 624 3018 677; x_wconf 75' lang='lat' dir='ltr'><strong>monte</strong></span> <span class='ocrx_word' id='word_1_141' title='bbox 3054 618 3277 683; x_wconf 80' lang='lat' dir='ltr'><strong>modico,</strong></span> <span class='ocrx_word' id='word_1_142' title='bbox 3321 618 3379 675; x_wconf 91' lang='lat' dir='ltr'><strong>id</strong></span> <span class='ocrx_word' id='word_1_143' title='bbox 3426 622 3511 675; x_wconf 91' lang='lat' dir='ltr'><strong>est</strong></span> <span class='ocrx_word' id='word_1_144' title='bbox 3540 619 3611 675; x_wconf 90' lang='lat' dir='ltr'><strong>de</strong></span> <span class='ocrx_word' id='word_1_145' title='bbox 3638 635 3734 675; x_wconf 89' lang='lat' dir='ltr'><strong>me</strong></span> <span class='ocrx_word' id='word_1_146' title='bbox 3767 635 3782 676; x_wconf 92' lang='lat'><strong>:</strong></span> 
     </span>
    </p>
   </div>
   <div class='ocr_carea' id='block_1_20' title="bbox 2171 709 3783 782">
    <p class='ocr_par' dir='ltr' id='par_1_20' title="bbox 2171 709 3783 782">
     <span class='ocr_line' id='line_1_20' title="bbox 2171 709 3783 782; baseline 0.001 -19"><span class='ocrx_word' id='word_1_147' title='bbox 2171 710 2305 782; x_wconf 88' lang='lat' dir='ltr'><strong>quia</strong></span> <span class='ocrx_word' id='word_1_148' title='bbox 2329 709 2513 765; x_wconf 85' lang='lat' dir='ltr'><strong>fecisti</strong></span> <span class='ocrx_word' id='word_1_149' title='bbox 2540 727 2633 765; x_wconf 92' lang='lat' dir='ltr'><strong>me</strong></span> <span class='ocrx_word' id='word_1_150' title='bbox 2665 713 2950 776; x_wconf 88' lang='lat' dir='ltr'><strong>montem,</strong></span> <span class='ocrx_word' id='word_1_151' title='bbox 2976 709 3032 765; x_wconf 91' lang='lat' dir='ltr'><strong>id</strong></span> <span class='ocrx_word' id='word_1_152' title='bbox 3066 713 3150 763; x_wconf 91' lang='lat' dir='ltr'><strong>est</strong></span> <span class='ocrx_word' id='word_1_153' title='bbox 3171 709 3227 763; x_wconf 90' lang='lat' dir='ltr'><strong>in</strong></span> <span class='ocrx_word' id='word_1_154' title='bbox 3264 709 3566 765; x_wconf 87' lang='lat' dir='ltr'><strong>virtutibus</strong></span> <span class='ocrx_word' id='word_1_155' title='bbox 3596 711 3783 765; x_wconf 81' lang='lat' dir='ltr'><strong>excel-</strong></span> 
     </span>
    </p>
   </div>
   <div class='ocr_carea' id='block_1_21' title="bbox 2172 797 3786 865">
    <p class='ocr_par' dir='ltr' id='par_1_21' title="bbox 2172 797 3786 865">
     <span class='ocr_line' id='line_1_21' title="bbox 2172 797 3786 865; baseline 0.001 -14"><span class='ocrx_word' id='word_1_156' title='bbox 2172 815 2321 865; x_wconf 90' lang='lat' dir='ltr'><strong>sum,</strong></span> <span class='ocrx_word' id='word_1_157' title='bbox 2347 799 2419 853; x_wconf 91' lang='lat' dir='ltr'><strong>ad</strong></span> <span class='ocrx_word' id='word_1_158' title='bbox 2444 799 2683 854; x_wconf 90' lang='lat' dir='ltr'><strong>modum</strong></span> <span class='ocrx_word' id='word_1_159' title='bbox 2714 798 2950 853; x_wconf 89' lang='lat' dir='ltr'><strong>montis.</strong></span> <span class='ocrx_word' id='word_1_160' title='bbox 2974 799 3041 853; x_wconf 86' lang='lat' dir='ltr'><strong>Et</strong></span> <span class='ocrx_word' id='word_1_161' title='bbox 3061 798 3355 853; x_wconf 91' lang='lat' dir='ltr'><strong>modicum</strong></span> <span class='ocrx_word' id='word_1_162' title='bbox 3385 801 3602 863; x_wconf 89' lang='lat' dir='ltr'><strong>tamen,</strong></span> <span class='ocrx_word' id='word_1_163' title='bbox 3625 797 3786 853; x_wconf 87' lang='lat' dir='ltr'><strong>idest</strong></span> 
     </span>
    </p>
   </div>
   <div class='ocr_carea' id='block_1_22' title="bbox 2172 886 3783 959">
    <p class='ocr_par' dir='ltr' id='par_1_22' title="bbox 2172 886 3783 959">
     <span class='ocr_line' id='line_1_22' title="bbox 2172 886 3783 959; baseline -0.001 -16"><span class='ocrx_word' id='word_1_164' title='bbox 2172 888 2476 954; x_wconf 89' lang='lat' dir='ltr'><strong>humilem,</strong></span> <span class='ocrx_word' id='word_1_165' title='bbox 2509 904 2627 942; x_wconf 91' lang='lat' dir='ltr'><strong>non</strong></span> <span class='ocrx_word' id='word_1_166' title='bbox 2661 888 2731 941; x_wconf 91' lang='lat' dir='ltr'><strong>de</strong></span> <span class='ocrx_word' id='word_1_167' title='bbox 2757 887 3060 941; x_wconf 84' lang='lat' dir='ltr'><strong>virtutibus</strong></span> <span class='ocrx_word' id='word_1_168' title='bbox 3085 886 3539 959; x_wconf 87' lang='lat' dir='ltr'><strong>superbientem,</strong></span> <span class='ocrx_word' id='word_1_169' title='bbox 3569 887 3634 941; x_wconf 84' lang='lat' dir='ltr'><strong>de</strong></span> <span class='ocrx_word' id='word_1_170' title='bbox 3661 890 3720 941; x_wconf 88' lang='lat' dir='ltr'><strong>et</strong></span> <span class='ocrx_word' id='word_1_171' title='bbox 3748 904 3783 941; x_wconf 90' lang='lat' dir='ltr'><strong>a</strong></span> 
     </span>
    </p>
   </div>
   <div class='ocr_carea' id='block_1_23' title="bbox 2175 975 3788 1049">
    <p class='ocr_par' dir='ltr' id='par_1_23' title="bbox 2175 975 3788 1049">
     <span class='ocr_line' id='line_1_23' title="bbox 2175 975 3788 1049; baseline 0.001 -17"><span class='ocrx_word' id='word_1_172' title='bbox 2175 977 2461 1032; x_wconf 89' lang='lat' dir='ltr'><strong>causative</strong></span> <span class='ocrx_word' id='word_1_173' title='bbox 2491 977 2583 1031; x_wconf 86' lang='lat' dir='ltr'><strong>hic</strong></span> <span class='ocrx_word' id='word_1_174' title='bbox 2614 980 2931 1049; x_wconf 88' lang='lat' dir='ltr'><strong>ponuntur.</strong></span> <span class='ocrx_word' id='word_1_175' title='bbox 2966 975 3132 1040; x_wconf 87' lang='lat' dir='ltr'><strong>Quod</strong></span> <span class='ocrx_word' id='word_1_176' title='bbox 3161 980 3245 1030; x_wconf 89' lang='lat' dir='ltr'><strong>est</strong></span> <span class='ocrx_word' id='word_1_177' title='bbox 3266 992 3329 1030; x_wconf 91' lang='lat' dir='ltr'><strong>ac</strong></span> <span class='ocrx_word' id='word_1_178' title='bbox 3352 976 3395 1030; x_wconf 92' lang='lat' dir='ltr'><strong>si</strong></span> <span class='ocrx_word' id='word_1_179' title='bbox 3424 976 3575 1031; x_wconf 84' lang='lat' dir='ltr'><strong>dicat</strong></span> <span class='ocrx_word' id='word_1_180' title='bbox 3601 993 3614 1031; x_wconf 90' lang='lat'><strong>:</strong></span> <span class='ocrx_word' id='word_1_181' title='bbox 3651 976 3788 1033; x_wconf 80' lang='lat' dir='ltr'><strong>Ideo</strong></span> 
     </span>
    </p>
   </div>
   <div class='ocr_carea' id='block_1_24' title="bbox 2174 1064 3791 1136">
    <p class='ocr_par' dir='ltr' id='par_1_24' title="bbox 2174 1064 3791 1136">
     <span class='ocr_line' id='line_1_24' title="bbox 2174 1064 3791 1136; baseline 0.001 -17"><span class='ocrx_word' id='word_1_182' title='bbox 2174 1066 2259 1120; x_wconf 91' lang='lat' dir='ltr'><strong>tui</strong></span> <span class='ocrx_word' id='word_1_183' title='bbox 2289 1081 2519 1121; x_wconf 90' lang='lat' dir='ltr'><strong>memor</strong></span> <span class='ocrx_word' id='word_1_184' title='bbox 2547 1082 2668 1131; x_wconf 89' lang='lat' dir='ltr'><strong>ero,</strong></span> <span class='ocrx_word' id='word_1_185' title='bbox 2700 1066 2834 1136; x_wconf 90' lang='lat' dir='ltr'><strong>quia</strong></span> <span class='ocrx_word' id='word_1_186' title='bbox 2863 1082 2957 1119; x_wconf 90' lang='lat' dir='ltr'><strong>me</strong></span> <span class='ocrx_word' id='word_1_187' title='bbox 2984 1065 3167 1119; x_wconf 84' lang='lat' dir='ltr'><strong>fecisti</strong></span> <span class='ocrx_word' id='word_1_188' title='bbox 3200 1068 3416 1119; x_wconf 89' lang='lat' dir='ltr'><strong>terram</strong></span> <span class='ocrx_word' id='word_1_189' title='bbox 3446 1064 3714 1119; x_wconf 67' lang='lat' dir='ltr'><strong>Iordanis</strong></span> <span class='ocrx_word' id='word_1_190' title='bbox 3731 1067 3791 1121; x_wconf 86' lang='lat' dir='ltr'><strong>et</strong></span> 
     </span>
    </p>
   </div>
   <div class='ocr_carea' id='block_1_25' title="bbox 2176 1152 3788 1221">
    <p class='ocr_par' dir='ltr' id='par_1_25' title="bbox 2176 1152 3788 1221">
     <span class='ocr_line' id='line_1_25' title="bbox 2176 1152 3788 1221; baseline 0 -13"><span class='ocrx_word' id='word_1_191' title='bbox 2176 1154 2598 1221; x_wconf 87' lang='lat' dir='ltr'><strong>Hermoniium,</strong></span> <span class='ocrx_word' id='word_1_192' title='bbox 2629 1157 2688 1208; x_wconf 91' lang='lat' dir='ltr'><strong>et</strong></span> <span class='ocrx_word' id='word_1_193' title='bbox 2712 1157 2975 1208; x_wconf 88' lang='lat' dir='ltr'><strong>montem</strong></span> <span class='ocrx_word' id='word_1_194' title='bbox 3000 1152 3315 1208; x_wconf 90' lang='lat' dir='ltr'><strong>modicum.</strong></span> <span class='ocrx_word' id='word_1_195' title='bbox 3348 1154 3415 1207; x_wconf 88' lang='lat' dir='ltr'><strong>Et</strong></span> <span class='ocrx_word' id='word_1_196' title='bbox 3445 1153 3631 1208; x_wconf 88' lang='lat' dir='ltr'><strong>adhuc</strong></span> <span class='ocrx_word' id='word_1_197' title='bbox 3662 1169 3788 1208; x_wconf 86' lang='lat' dir='ltr'><strong>me-</strong></span> 
     </span>
    </p>
   </div>
   <div class='ocr_carea' id='block_1_26' title="bbox 2177 1241 3791 1313">
    <p class='ocr_par' dir='ltr' id='par_1_26' title="bbox 2177 1241 3791 1313">
     <span class='ocr_line' id='line_1_26' title="bbox 2177 1241 3791 1313; baseline 0 -16"><span class='ocrx_word' id='word_1_198' title='bbox 2177 1259 2308 1297; x_wconf 90' lang='lat' dir='ltr'><strong>mor</strong></span> <span class='ocrx_word' id='word_1_199' title='bbox 2338 1259 2437 1296; x_wconf 90' lang='lat' dir='ltr'><strong>ero</strong></span> <span class='ocrx_word' id='word_1_200' title='bbox 2474 1242 2577 1308; x_wconf 92' lang='lat' dir='ltr'><strong>tui,</strong></span> <span class='ocrx_word' id='word_1_201' title='bbox 2613 1244 2853 1313; x_wconf 89' lang='lat' dir='ltr'><strong>propter</strong></span> <span class='ocrx_word' id='word_1_202' title='bbox 2880 1242 3167 1313; x_wconf 82' lang='lat' dir='ltr'><strong>abyssum,</strong></span> <span class='ocrx_word' id='word_1_203' title='bbox 3201 1241 3261 1295; x_wconf 92' lang='lat' dir='ltr'><strong>id</strong></span> <span class='ocrx_word' id='word_1_204' title='bbox 3305 1245 3391 1296; x_wconf 91' lang='lat' dir='ltr'><strong>est</strong></span> <span class='ocrx_word' id='word_1_205' title='bbox 3425 1241 3791 1313; x_wconf 41' lang='lat' dir='ltr'><strong>profunditas</strong></span> 
     </span>
    </p>
   </div>
   <div class='ocr_carea' id='block_1_27' title="bbox 2174 1323 3793 1401">
    <p class='ocr_par' dir='ltr' id='par_1_27' title="bbox 2174 1323 3793 1401">
     <span class='ocr_line' id='line_1_27' title="bbox 2174 1323 3793 1401; baseline 0.001 -17"><span class='ocrx_word' id='word_1_206' title='bbox 2174 1334 2295 1385; x_wconf 91' lang='lat' dir='ltr'><strong>tem</strong></span> <span class='ocrx_word' id='word_1_207' title='bbox 2325 1347 2537 1397; x_wconf 86' lang='lat' dir='ltr'><strong>meam,</strong></span> <span class='ocrx_word' id='word_1_208' title='bbox 2571 1330 2629 1385; x_wconf 92' lang='lat' dir='ltr'><strong>id</strong></span> <span class='ocrx_word' id='word_1_209' title='bbox 2660 1323 2745 1385; x_wconf 73' lang='lat' dir='ltr'><strong>est</strong></span> <span class='ocrx_word' id='word_1_210' title='bbox 2792 1333 3031 1401; x_wconf 86' lang='lat' dir='ltr'><strong>propter</strong></span> <span class='ocrx_word' id='word_1_211' title='bbox 3070 1329 3505 1384; x_wconf 88' lang='lat' dir='ltr'><strong>multitudinem</strong></span> <span class='ocrx_word' id='word_1_212' title='bbox 3556 1330 3793 1385; x_wconf 85' lang='lat' dir='ltr'><strong>tribula-</strong></span> 
     </span>
    </p>
   </div>
   <div class='ocr_carea' id='block_1_28' title="bbox 2175 1418 3787 1490">
    <p class='ocr_par' dir='ltr' id='par_1_28' title="bbox 2175 1418 3787 1490">
     <span class='ocr_line' id='line_1_28' title="bbox 2175 1418 3787 1490; baseline -0.001 -16"><span class='ocrx_word' id='word_1_213' title='bbox 2175 1419 2401 1474; x_wconf 88' lang='lat' dir='ltr'><strong>tionum</strong></span> <span class='ocrx_word' id='word_1_214' title='bbox 2435 1435 2720 1475; x_wconf 90' lang='lat' dir='ltr'><strong>mearum.</strong></span> <span class='ocrx_word' id='word_1_215' title='bbox 2746 1420 2814 1473; x_wconf 87' lang='lat' dir='ltr'><strong>Et</strong></span> <span class='ocrx_word' id='word_1_216' title='bbox 2843 1419 2952 1474; x_wconf 92' lang='lat' dir='ltr'><strong>hoc</strong></span> <span class='ocrx_word' id='word_1_217' title='bbox 3000 1421 3163 1473; x_wconf 81' lang='lat' dir='ltr'><strong>extra</strong></span> <span class='ocrx_word' id='word_1_218' title='bbox 3210 1418 3424 1472; x_wconf 90' lang='lat' dir='ltr'><strong>librum</strong></span> <span class='ocrx_word' id='word_1_219' title='bbox 3465 1420 3787 1490; x_wconf 87' lang='lat' dir='ltr'><strong>suppletur.</strong></span> 
     </span>
    </p>
   </div>
   <div class='ocr_carea' id='block_1_29' title="bbox 2248 1506 3791 1579">
    <p class='ocr_par' dir='ltr' id='par_1_29' title="bbox 2248 1506 3791 1579">
     <span class='ocr_line' id='line_1_29' title="bbox 2248 1506 3791 1579; baseline 0.001 -17"><span class='ocrx_word' id='word_1_220' title='bbox 2248 1509 2476 1563; x_wconf 89' lang='lat' dir='ltr'><strong>Diceret</strong></span> <span class='ocrx_word' id='word_1_221' title='bbox 2507 1507 2713 1579; x_wconf 87' lang='lat' dir='ltr'><strong>aliquis</strong></span> <span class='ocrx_word' id='word_1_222' title='bbox 2743 1523 2756 1562; x_wconf 93' lang='lat'><strong>:</strong></span> <span class='ocrx_word' id='word_1_223' title='bbox 2788 1507 2974 1571; x_wconf 89' lang='lat' dir='ltr'><strong>Quare</strong></span> <span class='ocrx_word' id='word_1_224' title='bbox 2996 1510 3235 1579; x_wconf 89' lang='lat' dir='ltr'><strong>propter</strong></span> <span class='ocrx_word' id='word_1_225' title='bbox 3259 1506 3527 1578; x_wconf 83' lang='lat' dir='ltr'><strong>abyssum</strong></span> <span class='ocrx_word' id='word_1_226' title='bbox 3556 1524 3791 1563; x_wconf 87' lang='lat' dir='ltr'><strong>memor</strong></span> 
     </span>
    </p>
   </div>
   <div class='ocr_carea' id='block_1_30' title="bbox 2177 1594 3790 1667">
    <p class='ocr_par' dir='ltr' id='par_1_30' title="bbox 2177 1594 3790 1667">
     <span class='ocr_line' id='line_1_30' title="bbox 2177 1594 3790 1667; baseline 0.001 -17"><span class='ocrx_word' id='word_1_227' title='bbox 2177 1596 2326 1651; x_wconf 83' lang='lat' dir='ltr'><strong>eris?</strong></span> <span class='ocrx_word' id='word_1_228' title='bbox 2350 1596 2699 1667; x_wconf 86' lang='lat' dir='ltr'><strong>Respondet.</strong></span> <span class='ocrx_word' id='word_1_229' title='bbox 2729 1595 2968 1665; x_wconf 79' lang='lat' dir='ltr'><strong>Abyssus</strong></span> <span class='ocrx_word' id='word_1_230' title='bbox 2980 1595 3136 1650; x_wconf 91' lang='lat' dir='ltr'><strong>enim</strong></span> <span class='ocrx_word' id='word_1_231' title='bbox 3154 1595 3296 1663; x_wconf 56' lang='lat' dir='ltr'><strong>haec,</strong></span> <span class='ocrx_word' id='word_1_232' title='bbox 3316 1594 3369 1649; x_wconf 90' lang='lat' dir='ltr'><strong>id</strong></span> <span class='ocrx_word' id='word_1_233' title='bbox 3388 1598 3471 1650; x_wconf 90' lang='lat' dir='ltr'><strong>est</strong></span> <span class='ocrx_word' id='word_1_234' title='bbox 3490 1596 3790 1666; x_wconf 85' lang='lat' dir='ltr'><strong>profundi-</strong></span> 
     </span>
    </p>
   </div>
   <div class='ocr_carea' id='block_1_31' title="bbox 2174 1667 3788 1754">
    <p class='ocr_par' dir='ltr' id='par_1_31' title="bbox 2174 1667 3788 1754">
     <span class='ocr_line' id='line_1_31' title="bbox 2174 1667 3788 1754; baseline 0.001 -15"><span class='ocrx_word' id='word_1_235' title='bbox 2174 1687 2263 1740; x_wconf 89' lang='lat' dir='ltr'><strong>tas</strong></span> <span class='ocrx_word' id='word_1_236' title='bbox 2284 1685 2721 1740; x_wconf 88' lang='lat' dir='ltr'><strong>tribulationum</strong></span> <span class='ocrx_word' id='word_1_237' title='bbox 2739 1686 2968 1754; x_wconf 79' lang='lat' dir='ltr'><strong>invocat,</strong></span> <span class='ocrx_word' id='word_1_238' title='bbox 3008 1668 3025 1754; x_wconf 86' lang='lat' dir='ltr'><strong>I</strong></span> <span class='ocrx_word' id='word_1_239' title='bbox 3190 1683 3247 1737; x_wconf 93' lang='lat' dir='ltr'><strong>id</strong></span> <span class='ocrx_word' id='word_1_240' title='bbox 3265 1683 3421 1738; x_wconf 91' lang='lat' dir='ltr'><strong>estin</strong></span> <span class='ocrx_word' id='word_1_241' title='bbox 3438 1688 3634 1739; x_wconf 88' lang='lat' dir='ltr'><strong>mente</strong></span> <span class='ocrx_word' id='word_1_242' title='bbox 3651 1701 3788 1740; x_wconf 85' lang='lat' dir='ltr'><strong>mea</strong></span> 
     </span>
    </p>
   </div>
   <div class='ocr_carea' id='block_1_32' title="bbox 2173 1772 3789 1846">
    <p class='ocr_par' dir='ltr' id='par_1_32' title="bbox 2173 1772 3789 1846">
     <span class='ocr_line' id='line_1_32' title="bbox 2173 1772 3789 1846; baseline 0.001 -18"><span class='ocrx_word' id='word_1_243' title='bbox 2173 1778 2338 1829; x_wconf 91' lang='lat' dir='ltr'><strong>vocat</strong></span> <span class='ocrx_word' id='word_1_244' title='bbox 2360 1789 2463 1844; x_wconf 89' lang='lat' dir='ltr'><strong>per</strong></span> <span class='ocrx_word' id='word_1_245' title='bbox 2480 1773 3005 1829; x_wconf 84' lang='lat' dir='ltr'><strong>considerationem</strong></span> <span class='ocrx_word' id='word_1_246' title='bbox 3028 1773 3298 1843; x_wconf 76' lang='lat' dir='ltr'><strong>abyssum,</strong></span> <span class='ocrx_word' id='word_1_247' title='bbox 3317 1772 3375 1827; x_wconf 88' lang='lat' dir='ltr'><strong>id</strong></span> <span class='ocrx_word' id='word_1_248' title='bbox 3389 1776 3474 1828; x_wconf 83' lang='lat' dir='ltr'><strong>est</strong></span> <span class='ocrx_word' id='word_1_249' title='bbox 3486 1774 3789 1846; x_wconf 85' lang='lat' dir='ltr'><strong>profundi-</strong></span> 
     </span>
    </p>
   </div>
   <div class='ocr_carea' id='block_1_33' title="bbox 468 1856 3782 1937">
    <p class='ocr_par' dir='ltr' id='par_1_33' title="bbox 468 1856 3782 1937">
     <span class='ocr_line' id='line_1_33' title="bbox 468 1856 3782 1937; baseline 0 -19"><span class='ocrx_word' id='word_1_250' title='bbox 468 1862 610 1919; x_wconf 88' lang='lat' dir='ltr'><strong>mihi</strong></span> <span class='ocrx_word' id='word_1_251' title='bbox 630 1863 902 1932; x_wconf 83' lang='lat' dir='ltr'><strong>laerymae</strong></span> <span class='ocrx_word' id='word_1_252' title='bbox 926 1865 1116 1916; x_wconf 90' lang='lat' dir='ltr'><strong>essent</strong></span> <span class='ocrx_word' id='word_1_253' title='bbox 1141 1861 1231 1916; x_wconf 88' lang='lat' dir='ltr'><strong>die</strong></span> <span class='ocrx_word' id='word_1_254' title='bbox 1260 1878 1324 1916; x_wconf 89' lang='lat' dir='ltr'><strong>ac</strong></span> <span class='ocrx_word' id='word_1_255' title='bbox 1340 1868 1773 1930; x_wconf 90' lang='lat' dir='ltr'><strong>nocte,tantum</strong></span> <span class='ocrx_word' id='word_1_256' title='bbox 1799 1864 1922 1920; x_wconf 61' lang='lat' dir='ltr'><strong>haec</strong></span> <span class='ocrx_word' id='word_1_257' title='bbox 1945 1882 2072 1937; x_wconf 64' lang='lat' dir='ltr'><strong>quae</strong></span> <span class='ocrx_word' id='word_1_258' title='bbox 2097 1856 2147 1916; x_wconf 89' lang='lat' dir='ltr'><strong>B</strong></span> <span class='ocrx_word' id='word_1_259' title='bbox 2174 1865 2352 1918; x_wconf 89' lang='lat' dir='ltr'><strong>tatem</strong></span> <span class='ocrx_word' id='word_1_260' title='bbox 2378 1863 2767 1917; x_wconf 89' lang='lat' dir='ltr'><strong>damnationis</strong></span> <span class='ocrx_word' id='word_1_261' title='bbox 2796 1862 3024 1929; x_wconf 71' lang='lat' dir='ltr'><strong>futuras,</strong></span> <span class='ocrx_word' id='word_1_262' title='bbox 3051 1878 3179 1932; x_wconf 73' lang='lat' dir='ltr'><strong>quas</strong></span> <span class='ocrx_word' id='word_1_263' title='bbox 3211 1865 3430 1916; x_wconf 68' lang='lat' dir='ltr'><strong>aeterna</strong></span> <span class='ocrx_word' id='word_1_264' title='bbox 3461 1863 3589 1916; x_wconf 88' lang='lat' dir='ltr'><strong>erit.</strong></span> <span class='ocrx_word' id='word_1_265' title='bbox 3611 1862 3782 1927; x_wconf 85' lang='lat' dir='ltr'><strong>Quod</strong></span> 
     </span>
    </p>
   </div>
   <div class='ocr_carea' id='block_1_34' title="bbox 466 1950 2073 2025">
    <p class='ocr_par' dir='ltr' id='par_1_34' title="bbox 466 1950 2073 2025">
     <span class='ocr_line' id='line_1_34' title="bbox 466 1950 2073 2025; baseline 0.002 -20"><span class='ocrx_word' id='word_1_266' title='bbox 466 1966 575 2022; x_wconf 88' lang='lat' dir='ltr'><strong>ego</strong></span> <span class='ocrx_word' id='word_1_267' title='bbox 599 1950 809 2017; x_wconf 90' lang='lat' dir='ltr'><strong>dicam,</strong></span> <span class='ocrx_word' id='word_1_268' title='bbox 834 1950 1169 2006; x_wconf 88' lang='lat' dir='ltr'><strong>recordatus</strong></span> <span class='ocrx_word' id='word_1_269' title='bbox 1182 1967 1308 2005; x_wconf 91' lang='lat' dir='ltr'><strong>sum</strong></span> <span class='ocrx_word' id='word_1_270' title='bbox 1327 1950 1424 2023; x_wconf 91' lang='lat' dir='ltr'><strong>qui</strong></span> <span class='ocrx_word' id='word_1_271' title='bbox 1451 1953 1764 2025; x_wconf 88' lang='lat' dir='ltr'><strong>aliquando</strong></span> <span class='ocrx_word' id='word_1_272' title='bbox 1778 1970 1883 2025; x_wconf 91' lang='lat' dir='ltr'><strong>per</strong></span> <span class='ocrx_word' id='word_1_273' title='bbox 1899 1954 2073 2009; x_wconf 90' lang='lat' dir='ltr'><strong>tribu-</strong></span> 
     </span>
    </p>
   </div>
   <div class='ocr_carea' id='block_1_35' title="bbox 466 2038 2072 2114">
    <p class='ocr_par' dir='ltr' id='par_1_35' title="bbox 466 2038 2072 2114">
     <span class='ocr_line' id='line_1_35' title="bbox 466 2038 2072 2114; baseline -0.001 -16"><span class='ocrx_word' id='word_1_274' title='bbox 466 2038 711 2099; x_wconf 83' lang='lat' dir='ltr'><strong>lationes</strong></span> <span class='ocrx_word' id='word_1_275' title='bbox 731 2038 941 2094; x_wconf 88' lang='lat' dir='ltr'><strong>oblitus</strong></span> <span class='ocrx_word' id='word_1_276' title='bbox 968 2038 1215 2105; x_wconf 82' lang='lat' dir='ltr'><strong>fueram,</strong></span> <span class='ocrx_word' id='word_1_277' title='bbox 1234 2038 1447 2094; x_wconf 89' lang='lat' dir='ltr'><strong>scilicet</strong></span> <span class='ocrx_word' id='word_1_278' title='bbox 1465 2041 1741 2112; x_wconf 89' lang='lat' dir='ltr'><strong>quoniam</strong></span> <span class='ocrx_word' id='word_1_279' title='bbox 1769 2059 1874 2114; x_wconf 90' lang='lat' dir='ltr'><strong>per</strong></span> <span class='ocrx_word' id='word_1_280' title='bbox 1893 2043 2072 2114; x_wconf 84' lang='lat' dir='ltr'><strong>lacry—</strong></span> 
     </span>
    </p>
   </div>
   <div class='ocr_carea' id='block_1_36' title="bbox 464 2126 2071 2199">
    <p class='ocr_par' dir='ltr' id='par_1_36' title="bbox 464 2126 2071 2199">
     <span class='ocr_line' id='line_1_36' title="bbox 464 2126 2071 2199; baseline 0.002 -16"><span class='ocrx_word' id='word_1_281' title='bbox 464 2143 590 2183; x_wconf 88' lang='lat' dir='ltr'><strong>mas</strong></span> <span class='ocrx_word' id='word_1_282' title='bbox 609 2126 863 2183; x_wconf 86' lang='lat' dir='ltr'><strong>transibo</strong></span> <span class='ocrx_word' id='word_1_283' title='bbox 881 2143 1059 2199; x_wconf 88' lang='lat' dir='ltr'><strong>usque</strong></span> <span class='ocrx_word' id='word_1_284' title='bbox 1077 2127 1150 2183; x_wconf 90' lang='lat' dir='ltr'><strong>ad</strong></span> <span class='ocrx_word' id='word_1_285' title='bbox 1171 2127 1411 2183; x_wconf 91' lang='lat' dir='ltr'><strong>domum</strong></span> <span class='ocrx_word' id='word_1_286' title='bbox 1430 2129 1552 2196; x_wconf 91' lang='lat' dir='ltr'><strong>Dei,</strong></span> <span class='ocrx_word' id='word_1_287' title='bbox 1581 2130 1827 2185; x_wconf 86' lang='lat' dir='ltr'><strong>existens</strong></span> <span class='ocrx_word' id='word_1_288' title='bbox 1853 2131 1912 2185; x_wconf 88' lang='lat' dir='ltr'><strong>in</strong></span> <span class='ocrx_word' id='word_1_289' title='bbox 1933 2147 2071 2186; x_wconf 90' lang='lat' dir='ltr'><strong>voce</strong></span> 
     </span>
    </p>
   </div>
   <div class='ocr_carea' id='block_1_37' title="bbox 465 2215 2067 2290">
    <p class='ocr_par' dir='ltr' id='par_1_37' title="bbox 465 2215 2067 2290">
     <span class='ocr_line' id='line_1_37' title="bbox 465 2215 2067 2290; baseline 0.001 -17"><span class='ocrx_word' id='word_1_290' title='bbox 465 2215 878 2282; x_wconf 81' lang='lat' dir='ltr'><strong>exsultationis,</strong></span> <span class='ocrx_word' id='word_1_291' title='bbox 919 2232 1048 2287; x_wconf 71' lang='lat' dir='ltr'><strong>quas</strong></span> <span class='ocrx_word' id='word_1_292' title='bbox 1078 2232 1185 2271; x_wconf 85' lang='lat' dir='ltr'><strong>vox</strong></span> <span class='ocrx_word' id='word_1_293' title='bbox 1222 2218 1332 2271; x_wconf 90' lang='lat' dir='ltr'><strong>erit</strong></span> <span class='ocrx_word' id='word_1_294' title='bbox 1361 2234 1534 2272; x_wconf 90' lang='lat' dir='ltr'><strong>sonus</strong></span> <span class='ocrx_word' id='word_1_295' title='bbox 1573 2235 1735 2273; x_wconf 88' lang='lat' dir='ltr'><strong>meus</strong></span> <span class='ocrx_word' id='word_1_296' title='bbox 1764 2219 2067 2290; x_wconf 90' lang='lat' dir='ltr'><strong>epulantis.</strong></span> 
     </span>
    </p>
   </div>
   <div class='ocr_carea' id='block_1_38' title="bbox 474 2303 2073 2375">
    <p class='ocr_par' dir='ltr' id='par_1_38' title="bbox 474 2303 2073 2375">
     <span class='ocr_line' id='line_1_38' title="bbox 474 2303 2073 2375; baseline 0 -12"><span class='ocrx_word' id='word_1_297' title='bbox 474 2305 591 2375; x_wconf 82' lang='lat' dir='ltr'><strong>Ego</strong></span> <span class='ocrx_word' id='word_1_298' title='bbox 619 2304 745 2359; x_wconf 91' lang='lat' dir='ltr'><strong>dico</strong></span> <span class='ocrx_word' id='word_1_299' title='bbox 774 2303 871 2375; x_wconf 91' lang='lat' dir='ltr'><strong>qui</strong></span> <span class='ocrx_word' id='word_1_300' title='bbox 882 2303 1008 2374; x_wconf 85' lang='lat' dir='ltr'><strong>jam</strong></span> <span class='ocrx_word' id='word_1_301' title='bbox 1036 2304 1272 2359; x_wconf 87' lang='lat' dir='ltr'><strong>transivi</strong></span> <span class='ocrx_word' id='word_1_302' title='bbox 1302 2306 1362 2360; x_wconf 93' lang='lat' dir='ltr'><strong>in</strong></span> <span class='ocrx_word' id='word_1_303' title='bbox 1389 2308 1579 2361; x_wconf 92' lang='lat' dir='ltr'><strong>locum</strong></span> <span class='ocrx_word' id='word_1_304' title='bbox 1608 2308 1961 2363; x_wconf 84' lang='lat' dir='ltr'><strong>tabernaculi</strong></span> <span class='ocrx_word' id='word_1_305' title='bbox 1976 2308 2073 2363; x_wconf 85' lang='lat' dir='ltr'><strong>ad-</strong></span> 
     </span>
    </p>
   </div>
   <div class='ocr_carea' id='block_1_39' title="bbox 465 2391 2073 2466">
    <p class='ocr_par' dir='ltr' id='par_1_39' title="bbox 465 2391 2073 2466">
     <span class='ocr_line' id='line_1_39' title="bbox 465 2391 2073 2466; baseline 0.001 -17"><span class='ocrx_word' id='word_1_306' title='bbox 465 2392 764 2450; x_wconf 86' lang='lat' dir='ltr'><strong>mirabilis.</strong></span> <span class='ocrx_word' id='word_1_307' title='bbox 788 2392 855 2447; x_wconf 88' lang='lat' dir='ltr'><strong>Et</strong></span> <span class='ocrx_word' id='word_1_308' title='bbox 871 2391 1006 2463; x_wconf 89' lang='lat' dir='ltr'><strong>quia</strong></span> <span class='ocrx_word' id='word_1_309' title='bbox 1026 2392 1283 2448; x_wconf 85' lang='lat' dir='ltr'><strong>transibo</strong></span> <span class='ocrx_word' id='word_1_310' title='bbox 1300 2394 1373 2448; x_wconf 89' lang='lat' dir='ltr'><strong>ad</strong></span> <span class='ocrx_word' id='word_1_311' title='bbox 1398 2394 1659 2462; x_wconf 89' lang='lat' dir='ltr'><strong>domum,</strong></span> <span class='ocrx_word' id='word_1_312' title='bbox 1677 2399 1734 2450; x_wconf 93' lang='lat' dir='ltr'><strong>et</strong></span> <span class='ocrx_word' id='word_1_313' title='bbox 1747 2396 1872 2466; x_wconf 86' lang='lat' dir='ltr'><strong>jam</strong></span> <span class='ocrx_word' id='word_1_314' title='bbox 1890 2400 2073 2451; x_wconf 84' lang='lat' dir='ltr'><strong>trans-</strong></span> 
     </span>
    </p>
   </div>
   <div class='ocr_carea' id='block_1_40' title="bbox 461 2480 2070 2550">
    <p class='ocr_par' dir='ltr' id='par_1_40' title="bbox 461 2480 2070 2550">
     <span class='ocr_line' id='line_1_40' title="bbox 461 2480 2070 2550; baseline 0.002 -12"><span class='ocrx_word' id='word_1_315' title='bbox 461 2480 537 2539; x_wconf 85' lang='lat' dir='ltr'><strong>ivi</strong></span> <span class='ocrx_word' id='word_1_316' title='bbox 594 2482 656 2537; x_wconf 92' lang='lat' dir='ltr'><strong>in</strong></span> <span class='ocrx_word' id='word_1_317' title='bbox 708 2482 902 2537; x_wconf 92' lang='lat' dir='ltr'><strong>locum</strong></span> <span class='ocrx_word' id='word_1_318' title='bbox 954 2481 1332 2550; x_wconf 86' lang='lat' dir='ltr'><strong>tabernaculi,</strong></span> <span class='ocrx_word' id='word_1_319' title='bbox 1364 2482 1538 2538; x_wconf 83' lang='lat' dir='ltr'><strong>eﬂ&#39;udi</strong></span> <span class='ocrx_word' id='word_1_320' title='bbox 1583 2483 1641 2538; x_wconf 93' lang='lat' dir='ltr'><strong>in</strong></span> <span class='ocrx_word' id='word_1_321' title='bbox 1689 2501 1783 2539; x_wconf 88' lang='lat' dir='ltr'><strong>me</strong></span> <span class='ocrx_word' id='word_1_322' title='bbox 1809 2486 2070 2541; x_wconf 88' lang='lat' dir='ltr'><strong>animam</strong></span> 
     </span>
    </p>
   </div>
   <div class='ocr_carea' id='block_1_41' title="bbox 465 2569 2072 2641">
    <p class='ocr_par' dir='ltr' id='par_1_41' title="bbox 465 2569 2072 2641">
     <span class='ocr_line' id='line_1_41' title="bbox 465 2569 2072 2641; baseline 0.001 -13"><span class='ocrx_word' id='word_1_323' title='bbox 465 2585 681 2629; x_wconf 87' lang='lat' dir='ltr'><strong>meam.</strong></span> <span class='ocrx_word' id='word_1_324' title='bbox 704 2570 854 2640; x_wconf 88' lang='lat' dir='ltr'><strong>Ergo</strong></span> <span class='ocrx_word' id='word_1_325' title='bbox 878 2569 1014 2641; x_wconf 89' lang='lat' dir='ltr'><strong>quia</strong></span> <span class='ocrx_word' id='word_1_326' title='bbox 1024 2585 1129 2641; x_wconf 91' lang='lat' dir='ltr'><strong>per</strong></span> <span class='ocrx_word' id='word_1_327' title='bbox 1152 2570 1550 2626; x_wconf 88' lang='lat' dir='ltr'><strong>tribulationes</strong></span> <span class='ocrx_word' id='word_1_328' title='bbox 1573 2573 1828 2628; x_wconf 88' lang='lat' dir='ltr'><strong>transibo</strong></span> <span class='ocrx_word' id='word_1_329' title='bbox 1852 2590 1866 2628; x_wconf 89' lang='lat'><strong>:</strong></span> <span class='ocrx_word' id='word_1_330' title='bbox 1892 2573 2072 2641; x_wconf 82' lang='lat' dir='ltr'><strong>Quare</strong></span> 
     </span>
    </p>
   </div>
   <div class='ocr_carea' id='block_1_42' title="bbox 463 2657 2071 2734">
    <p class='ocr_par' dir='ltr' id='par_1_42' title="bbox 463 2657 2071 2734">
     <span class='ocr_line' id='line_1_42' title="bbox 463 2657 2071 2734; baseline 0.001 -18"><span class='ocrx_word' id='word_1_331' title='bbox 463 2660 629 2716; x_wconf 75' lang='lat' dir='ltr'><strong>tristis</strong></span> <span class='ocrx_word' id='word_1_332' title='bbox 647 2675 717 2727; x_wconf 83' lang='lat' dir='ltr'><strong>es,</strong></span> <span class='ocrx_word' id='word_1_333' title='bbox 744 2660 927 2713; x_wconf 87' lang='lat' dir='ltr'><strong>anima</strong></span> <span class='ocrx_word' id='word_1_334' title='bbox 966 2675 1103 2725; x_wconf 85' lang='lat' dir='ltr'><strong>mea,</strong></span> <span class='ocrx_word' id='word_1_335' title='bbox 1150 2657 1209 2713; x_wconf 91' lang='lat' dir='ltr'><strong>in</strong></span> <span class='ocrx_word' id='word_1_336' title='bbox 1237 2659 1705 2716; x_wconf 89' lang='lat' dir='ltr'><strong>tribulationibus</strong></span> <span class='ocrx_word' id='word_1_337' title='bbox 1733 2661 1761 2716; x_wconf 86' lang='lat' dir='ltr'><strong>‘l</strong></span> <span class='ocrx_word' id='word_1_338' title='bbox 1798 2661 1875 2717; x_wconf 81' lang='lat' dir='ltr'><strong>Et</strong></span> <span class='ocrx_word' id='word_1_339' title='bbox 1905 2679 2071 2734; x_wconf 81' lang='lat' dir='ltr'><strong>quare</strong></span> 
     </span>
    </p>
   </div>
   <div class='ocr_carea' id='block_1_43' title="bbox 459 2744 2070 2821">
    <p class='ocr_par' dir='ltr' id='par_1_43' title="bbox 459 2744 2070 2821">
     <span class='ocr_line' id='line_1_43' title="bbox 459 2744 2070 2821; baseline 0.001 -18"><span class='ocrx_word' id='word_1_340' title='bbox 459 2746 741 2803; x_wconf 76' lang='lat' dir='ltr'><strong>conturbas</strong></span> <span class='ocrx_word' id='word_1_341' title='bbox 754 2762 855 2813; x_wconf 83' lang='lat' dir='ltr'><strong>me,</strong></span> <span class='ocrx_word' id='word_1_342' title='bbox 873 2744 933 2800; x_wconf 92' lang='lat' dir='ltr'><strong>id</strong></span> <span class='ocrx_word' id='word_1_343' title='bbox 951 2749 1038 2801; x_wconf 91' lang='lat' dir='ltr'><strong>est</strong></span> <span class='ocrx_word' id='word_1_344' title='bbox 1055 2745 1250 2801; x_wconf 89' lang='lat' dir='ltr'><strong>reddis</strong></span> <span class='ocrx_word' id='word_1_345' title='bbox 1270 2763 1366 2802; x_wconf 91' lang='lat' dir='ltr'><strong>me</strong></span> <span class='ocrx_word' id='word_1_346' title='bbox 1390 2748 1681 2803; x_wconf 89' lang='lat' dir='ltr'><strong>turbatam</strong></span> <span class='ocrx_word' id='word_1_347' title='bbox 1711 2765 1817 2821; x_wconf 93' lang='lat' dir='ltr'><strong>pro</strong></span> <span class='ocrx_word' id='word_1_348' title='bbox 1839 2750 2070 2807; x_wconf 89' lang='lat' dir='ltr'><strong>tristitia</strong></span> 
     </span>
    </p>
   </div>
   <div class='ocr_carea' id='block_1_44' title="bbox 464 2833 2066 2910">
    <p class='ocr_par' dir='ltr' id='par_1_44' title="bbox 464 2833 2066 2910">
     <span class='ocr_line' id='line_1_44' title="bbox 464 2833 2066 2910; baseline 0.002 -18"><span class='ocrx_word' id='word_1_349' title='bbox 464 2839 565 2892; x_wconf 87' lang='lat' dir='ltr'><strong>tua</strong></span> <span class='ocrx_word' id='word_1_350' title='bbox 588 2836 615 2892; x_wconf 89' lang='lat'><strong>?</strong></span> <span class='ocrx_word' id='word_1_351' title='bbox 648 2836 764 2891; x_wconf 88' lang='lat' dir='ltr'><strong>Hoc</strong></span> <span class='ocrx_word' id='word_1_352' title='bbox 795 2837 988 2889; x_wconf 91' lang='lat' dir='ltr'><strong>autem</strong></span> <span class='ocrx_word' id='word_1_353' title='bbox 1017 2850 1083 2889; x_wconf 84' lang='lat' dir='ltr'><strong>ex</strong></span> <span class='ocrx_word' id='word_1_354' title='bbox 1109 2833 1414 2892; x_wconf 77' lang='lat' dir='ltr'><strong>affectione</strong></span> <span class='ocrx_word' id='word_1_355' title='bbox 1448 2837 1628 2893; x_wconf 90' lang='lat' dir='ltr'><strong>nimia</strong></span> <span class='ocrx_word' id='word_1_356' title='bbox 1658 2840 1824 2910; x_wconf 92' lang='lat' dir='ltr'><strong>ponit</strong></span> <span class='ocrx_word' id='word_1_357' title='bbox 1847 2841 1951 2895; x_wconf 92' lang='lat' dir='ltr'><strong>sub</strong></span> <span class='ocrx_word' id='word_1_358' title='bbox 1979 2842 2066 2896; x_wconf 84' lang='lat' dir='ltr'><strong>in-</strong></span> 
     </span>
    </p>
   </div>
   <div class='ocr_carea' id='block_1_45' title="bbox 460 2922 2071 2999">
    <p class='ocr_par' dir='ltr' id='par_1_45' title="bbox 460 2922 2071 2999">
     <span class='ocr_line' id='line_1_45' title="bbox 460 2922 2071 2999; baseline 0.002 -16"><span class='ocrx_word' id='word_1_359' title='bbox 460 2924 855 2997; x_wconf 88' lang='lat' dir='ltr'><strong>terrogatione</strong></span> <span class='ocrx_word' id='word_1_360' title='bbox 879 2939 893 2980; x_wconf 90' lang='lat'><strong>:</strong></span> <span class='ocrx_word' id='word_1_361' title='bbox 920 2922 1090 2989; x_wconf 89' lang='lat' dir='ltr'><strong>Quasi</strong></span> <span class='ocrx_word' id='word_1_362' title='bbox 1131 2924 1348 2981; x_wconf 90' lang='lat' dir='ltr'><strong>diceret</strong></span> <span class='ocrx_word' id='word_1_363' title='bbox 1371 2944 1384 2982; x_wconf 94' lang='lat'><strong>:</strong></span> <span class='ocrx_word' id='word_1_364' title='bbox 1406 2928 1609 2984; x_wconf 88' lang='lat' dir='ltr'><strong>Desine</strong></span> <span class='ocrx_word' id='word_1_365' title='bbox 1637 2930 1810 2985; x_wconf 87' lang='lat' dir='ltr'><strong>tristis</strong></span> <span class='ocrx_word' id='word_1_366' title='bbox 1838 2947 1979 2999; x_wconf 90' lang='lat' dir='ltr'><strong>esse,</strong></span> <span class='ocrx_word' id='word_1_367' title='bbox 2013 2936 2071 2987; x_wconf 95' lang='lat' dir='ltr'><strong>et</strong></span> 
     </span>
    </p>
   </div>
   <div class='ocr_carea' id='block_1_46' title="bbox 459 3012 2067 3089">
    <p class='ocr_par' dir='ltr' id='par_1_46' title="bbox 459 3012 2067 3089">
     <span class='ocr_line' id='line_1_46' title="bbox 459 3012 2067 3089; baseline 0.003 -18"><span class='ocrx_word' id='word_1_368' title='bbox 459 3014 804 3071; x_wconf 84' lang='lat' dir='ltr'><strong>conturbare</strong></span> <span class='ocrx_word' id='word_1_369' title='bbox 824 3012 1031 3069; x_wconf 85' lang='lat' dir='ltr'><strong>me.Et</strong></span> <span class='ocrx_word' id='word_1_370' title='bbox 1048 3030 1219 3085; x_wconf 79' lang='lat' dir='ltr'><strong>spera,</strong></span> <span class='ocrx_word' id='word_1_371' title='bbox 1238 3014 1295 3069; x_wconf 91' lang='lat' dir='ltr'><strong>id</strong></span> <span class='ocrx_word' id='word_1_372' title='bbox 1325 3019 1411 3071; x_wconf 91' lang='lat' dir='ltr'><strong>est</strong></span> <span class='ocrx_word' id='word_1_373' title='bbox 1431 3032 1595 3088; x_wconf 90' lang='lat' dir='ltr'><strong>spem</strong></span> <span class='ocrx_word' id='word_1_374' title='bbox 1633 3033 1786 3089; x_wconf 90' lang='lat' dir='ltr'><strong>pone</strong></span> <span class='ocrx_word' id='word_1_375' title='bbox 1818 3021 1875 3075; x_wconf 82' lang='lat' dir='ltr'><strong>in</strong></span> <span class='ocrx_word' id='word_1_376' title='bbox 1902 3020 2017 3076; x_wconf 86' lang='lat' dir='ltr'><strong>Deo</strong></span> <span class='ocrx_word' id='word_1_377' title='bbox 2050 3039 2067 3076; x_wconf 93' lang='lat'><strong>:</strong></span> 
     </span>
    </p>
   </div>
   <div class='ocr_carea' id='block_1_47' title="bbox 462 3101 2140 3199">
    <p class='ocr_par' dir='ltr' id='par_1_47' title="bbox 462 3101 2140 3199">
     <span class='ocr_line' id='line_1_47' title="bbox 462 3101 2140 3199; baseline 0.003 -41"><span class='ocrx_word' id='word_1_378' title='bbox 462 3105 719 3199; x_wconf 64' lang='lat' dir='ltr'><strong>quoniam</strong></span> <span class='ocrx_word' id='word_1_379' title='bbox 740 3102 919 3199; x_wconf 55' lang='lat' dir='ltr'><strong>adhuc</strong></span> <span class='ocrx_word' id='word_1_380' title='bbox 948 3101 1206 3199; x_wconf 71' lang='lat' dir='ltr'><strong>futurum</strong></span> <span class='ocrx_word' id='word_1_381' title='bbox 1251 3105 1337 3199; x_wconf 80' lang='lat' dir='ltr'><strong>est</strong></span> <span class='ocrx_word' id='word_1_382' title='bbox 1369 3107 1530 3199; x_wconf 68' lang='lat' dir='ltr'><strong>quod</strong></span> <span class='ocrx_word' id='word_1_383' title='bbox 1555 3106 1840 3175; x_wconf 74' lang='lat' dir='ltr'><strong>conﬁtebor</strong></span> <span class='ocrx_word' id='word_1_384' title='bbox 1880 3108 1978 3175; x_wconf 86' lang='lat' dir='ltr'><strong>illi,</strong></span> <span class='ocrx_word' id='word_1_385' title='bbox 2012 3108 2069 3163; x_wconf 93' lang='lat' dir='ltr'><strong>id</strong></span> <span class='ocrx_word' id='word_1_386' title='bbox 2093 3139 2140 3199; x_wconf 67' lang='grc' dir='ltr'>Ο</span> 
     </span>
    </p>
   </div>
   <div class='ocr_carea' id='block_1_48' title="bbox 460 3190 2067 3264">
    <p class='ocr_par' dir='ltr' id='par_1_48' title="bbox 460 3190 2067 3264">
     <span class='ocr_line' id='line_1_48' title="bbox 460 3190 2067 3264; baseline 0.001 -15"><span class='ocrx_word' id='word_1_387' title='bbox 460 3195 548 3249; x_wconf 90' lang='lat' dir='ltr'><strong>est</strong></span> <span class='ocrx_word' id='word_1_388' title='bbox 566 3192 813 3248; x_wconf 87' lang='lat' dir='ltr'><strong>laudabo</strong></span> <span class='ocrx_word' id='word_1_389' title='bbox 842 3190 1005 3245; x_wconf 90' lang='lat' dir='ltr'><strong>illum</strong></span> <span class='ocrx_word' id='word_1_390' title='bbox 1035 3190 1289 3264; x_wconf 90' lang='lat' dir='ltr'><strong>perfecta</strong></span> <span class='ocrx_word' id='word_1_391' title='bbox 1307 3193 1575 3259; x_wconf 86' lang='lat' dir='ltr'><strong>laude,in</strong></span> <span class='ocrx_word' id='word_1_392' title='bbox 1593 3195 1906 3250; x_wconf 90' lang='lat' dir='ltr'><strong>beatudine</strong></span> <span class='ocrx_word' id='word_1_393' title='bbox 1928 3212 2067 3251; x_wconf 90' lang='lat' dir='ltr'><strong>con-</strong></span> 
     </span>
    </p>
   </div>
   <div class='ocr_carea' id='block_1_49' title="bbox 463 3279 2068 3356">
    <p class='ocr_par' dir='ltr' id='par_1_49' title="bbox 463 3279 2068 3356">
     <span class='ocr_line' id='line_1_49' title="bbox 463 3279 2068 3356; baseline 0.001 -19"><span class='ocrx_word' id='word_1_394' title='bbox 463 3280 681 3337; x_wconf 84' lang='lat' dir='ltr'><strong>stituta.</strong></span> <span class='ocrx_word' id='word_1_395' title='bbox 713 3280 811 3334; x_wconf 89' lang='lat' dir='ltr'><strong>Vel</strong></span> <span class='ocrx_word' id='word_1_396' title='bbox 841 3279 938 3334; x_wconf 92' lang='lat' dir='ltr'><strong>sic.</strong></span> <span class='ocrx_word' id='word_1_397' title='bbox 976 3279 1264 3343; x_wconf 90' lang='lat' dir='ltr'><strong>Quoniam</strong></span> <span class='ocrx_word' id='word_1_398' title='bbox 1286 3281 1471 3335; x_wconf 85' lang='lat' dir='ltr'><strong>adhuc</strong></span> <span class='ocrx_word' id='word_1_399' title='bbox 1498 3283 1785 3352; x_wconf 90' lang='lat' dir='ltr'><strong>sperando</strong></span> <span class='ocrx_word' id='word_1_400' title='bbox 1804 3301 1984 3356; x_wconf 89' lang='lat' dir='ltr'><strong>usque</strong></span> <span class='ocrx_word' id='word_1_401' title='bbox 2010 3285 2068 3339; x_wconf 92' lang='lat' dir='ltr'><strong>in</strong></span> 
     </span>
    </p>
   </div>
   <div class='ocr_carea' id='block_1_50' title="bbox 461 3367 2069 3435">
    <p class='ocr_par' dir='ltr' id='par_1_50' title="bbox 461 3367 2069 3435">
     <span class='ocr_line' id='line_1_50' title="bbox 461 3367 2069 3435; baseline 0.002 -11"><span class='ocrx_word' id='word_1_402' title='bbox 461 3370 641 3425; x_wconf 81' lang='lat' dir='ltr'><strong>finem</strong></span> <span class='ocrx_word' id='word_1_403' title='bbox 666 3367 815 3433; x_wconf 65' lang='lat' dir='ltr'><strong>vitae,</strong></span> <span class='ocrx_word' id='word_1_404' title='bbox 849 3367 1167 3422; x_wconf 78' lang='lat' dir='ltr'><strong>confitebor</strong></span> <span class='ocrx_word' id='word_1_405' title='bbox 1195 3367 1390 3423; x_wconf 79' lang='lat' dir='ltr'><strong>illi.Ac</strong></span> <span class='ocrx_word' id='word_1_406' title='bbox 1415 3368 1623 3424; x_wconf 85' lang='lat' dir='ltr'><strong>sidicat</strong></span> <span class='ocrx_word' id='word_1_407' title='bbox 1652 3387 1665 3425; x_wconf 93' lang='lat'><strong>:</strong></span> <span class='ocrx_word' id='word_1_408' title='bbox 1690 3370 1977 3435; x_wconf 89' lang='lat' dir='ltr'><strong>Quoniam</strong></span> <span class='ocrx_word' id='word_1_409' title='bbox 2023 3373 2069 3428; x_wconf 90' lang='lat' dir='ltr'><strong>si</strong></span> 
     </span>
    </p>
   </div>
   <div class='ocr_carea' id='block_1_51' title="bbox 463 3457 2068 3532">
    <p class='ocr_par' dir='ltr' id='par_1_51' title="bbox 463 3457 2068 3532">
     <span class='ocr_line' id='line_1_51' title="bbox 463 3457 2068 3532; baseline 0.004 -21"><span class='ocrx_word' id='word_1_410' title='bbox 463 3458 896 3530; x_wconf 88' lang='lat' dir='ltr'><strong>perseveranter</strong></span> <span class='ocrx_word' id='word_1_411' title='bbox 945 3470 1270 3525; x_wconf 90' lang='lat' dir='ltr'><strong>speravero,</strong></span> <span class='ocrx_word' id='word_1_412' title='bbox 1312 3457 1559 3512; x_wconf 88' lang='lat' dir='ltr'><strong>laudabo</strong></span> <span class='ocrx_word' id='word_1_413' title='bbox 1600 3475 1734 3513; x_wconf 93' lang='lat' dir='ltr'><strong>eum</strong></span> <span class='ocrx_word' id='word_1_414' title='bbox 1792 3462 2068 3532; x_wconf 84' lang='lat' dir='ltr'><strong>perfecte,</strong></span> 
     </span>
    </p>
   </div>
   <div class='ocr_carea' id='block_1_52' title="bbox 462 3544 2073 3617">
    <p class='ocr_par' dir='ltr' id='par_1_52' title="bbox 462 3544 2073 3617">
     <span class='ocr_line' id='line_1_52' title="bbox 462 3544 2073 3617; baseline 0.003 -15"><span class='ocrx_word' id='word_1_415' title='bbox 462 3546 629 3602; x_wconf 84' lang='lat' dir='ltr'><strong>aliter</strong></span> <span class='ocrx_word' id='word_1_416' title='bbox 659 3560 792 3599; x_wconf 89' lang='lat' dir='ltr'><strong>vero</strong></span> <span class='ocrx_word' id='word_1_417' title='bbox 817 3559 934 3599; x_wconf 91' lang='lat' dir='ltr'><strong>non</strong></span> <span class='ocrx_word' id='word_1_418' title='bbox 962 3544 1288 3599; x_wconf 83' lang='lat' dir='ltr'><strong>confiterer.</strong></span> <span class='ocrx_word' id='word_1_419' title='bbox 1309 3546 1376 3599; x_wconf 88' lang='lat' dir='ltr'><strong>Et</strong></span> <span class='ocrx_word' id='word_1_420' title='bbox 1394 3548 1745 3617; x_wconf 90' lang='lat' dir='ltr'><strong>sperandum</strong></span> <span class='ocrx_word' id='word_1_421' title='bbox 1761 3554 1845 3605; x_wconf 89' lang='lat' dir='ltr'><strong>est</strong></span> <span class='ocrx_word' id='word_1_422' title='bbox 1874 3550 1931 3605; x_wconf 93' lang='lat' dir='ltr'><strong>in</strong></span> <span class='ocrx_word' id='word_1_423' title='bbox 1950 3567 2018 3606; x_wconf 91' lang='lat' dir='ltr'><strong>eo</strong></span> <span class='ocrx_word' id='word_1_424' title='bbox 2053 3568 2073 3607; x_wconf 75' lang='grc' dir='ltr'><em>τ</em></span> 
     </span>
    </p>
   </div>
   <div class='ocr_carea' id='block_1_53' title="bbox 463 3632 2072 3703">
    <p class='ocr_par' dir='ltr' id='par_1_53' title="bbox 463 3632 2072 3703">
     <span class='ocr_line' id='line_1_53' title="bbox 463 3632 2072 3703; baseline 0.004 -14"><span class='ocrx_word' id='word_1_425' title='bbox 463 3633 745 3700; x_wconf 89' lang='lat' dir='ltr'><strong>Quoniam</strong></span> <span class='ocrx_word' id='word_1_426' title='bbox 756 3633 1013 3699; x_wconf 85' lang='lat' dir='ltr'><strong>salutare,</strong></span> <span class='ocrx_word' id='word_1_427' title='bbox 1036 3632 1095 3687; x_wconf 92' lang='lat' dir='ltr'><strong>id</strong></span> <span class='ocrx_word' id='word_1_428' title='bbox 1111 3635 1197 3688; x_wconf 89' lang='lat' dir='ltr'><strong>est</strong></span> <span class='ocrx_word' id='word_1_429' title='bbox 1223 3635 1489 3703; x_wconf 90' lang='lat' dir='ltr'><strong>salvator,</strong></span> <span class='ocrx_word' id='word_1_430' title='bbox 1510 3639 1595 3691; x_wconf 88' lang='lat' dir='ltr'><strong>est</strong></span> <span class='ocrx_word' id='word_1_431' title='bbox 1623 3640 1729 3692; x_wconf 85' lang='lat' dir='ltr'><strong>mei</strong></span> <span class='ocrx_word' id='word_1_432' title='bbox 1747 3639 1930 3696; x_wconf 79' lang='lat' dir='ltr'><strong>vultus</strong></span> <span class='ocrx_word' id='word_1_433' title='bbox 1961 3640 2072 3696; x_wconf 90' lang='lat' dir='ltr'><strong>exi-</strong></span> 
     </span>
    </p>
   </div>
   <div class='ocr_carea' id='block_1_54' title="bbox 474 3721 2073 3792">
    <p class='ocr_par' dir='ltr' id='par_1_54' title="bbox 474 3721 2073 3792">
     <span class='ocr_line' id='line_1_54' title="bbox 474 3721 2073 3792; baseline 0.003 -13"><span class='ocrx_word' id='word_1_434' title='bbox 474 3726 651 3791; x_wconf 87' lang='lat' dir='ltr'><strong>stens,</strong></span> <span class='ocrx_word' id='word_1_435' title='bbox 682 3722 744 3777; x_wconf 91' lang='lat' dir='ltr'><strong>id</strong></span> <span class='ocrx_word' id='word_1_436' title='bbox 773 3725 859 3777; x_wconf 90' lang='lat' dir='ltr'><strong>est</strong></span> <span class='ocrx_word' id='word_1_437' title='bbox 888 3737 1033 3776; x_wconf 76' lang='lat' dir='ltr'><strong>meas</strong></span> <span class='ocrx_word' id='word_1_438' title='bbox 1060 3721 1471 3792; x_wconf 89' lang='lat' dir='ltr'><strong>similitudinis,</strong></span> <span class='ocrx_word' id='word_1_439' title='bbox 1494 3724 1706 3781; x_wconf 90' lang='lat' dir='ltr'><strong>scilicet</strong></span> <span class='ocrx_word' id='word_1_440' title='bbox 1734 3727 1912 3783; x_wconf 92' lang='lat' dir='ltr'><strong>homo</strong></span> <span class='ocrx_word' id='word_1_441' title='bbox 1930 3729 2073 3783; x_wconf 90' lang='lat' dir='ltr'><strong>sicut</strong></span> 
     </span>
    </p>
   </div>
   <div class='ocr_carea' id='block_1_55' title="bbox 2173 1950 3778 2021">
    <p class='ocr_par' dir='ltr' id='par_1_55' title="bbox 2173 1950 3778 2021">
     <span class='ocr_line' id='line_1_55' title="bbox 2173 1950 3778 2021; baseline -0.001 -15"><span class='ocrx_word' id='word_1_442' title='bbox 2173 1954 2258 2006; x_wconf 91' lang='lat' dir='ltr'><strong>est</strong></span> <span class='ocrx_word' id='word_1_443' title='bbox 2285 1950 2473 2005; x_wconf 89' lang='lat' dir='ltr'><strong>dicere</strong></span> <span class='ocrx_word' id='word_1_444' title='bbox 2497 1969 2515 2004; x_wconf 89' lang='lat'><strong>:</strong></span> <span class='ocrx_word' id='word_1_445' title='bbox 2539 1950 2680 2005; x_wconf 90' lang='lat' dir='ltr'><strong>Cum</strong></span> <span class='ocrx_word' id='word_1_446' title='bbox 2714 1950 2877 2004; x_wconf 91' lang='lat' dir='ltr'><strong>video</strong></span> <span class='ocrx_word' id='word_1_447' title='bbox 2902 1967 2995 2004; x_wconf 92' lang='lat' dir='ltr'><strong>me</strong></span> <span class='ocrx_word' id='word_1_448' title='bbox 3011 1950 3149 2004; x_wconf 88' lang='lat' dir='ltr'><strong>bica</strong></span> <span class='ocrx_word' id='word_1_449' title='bbox 3174 1952 3230 2004; x_wconf 90' lang='lat' dir='ltr'><strong>te</strong></span> <span class='ocrx_word' id='word_1_450' title='bbox 3257 1950 3515 2021; x_wconf 89' lang='lat' dir='ltr'><strong>permitti</strong></span> <span class='ocrx_word' id='word_1_451' title='bbox 3537 1950 3778 2005; x_wconf 85' lang='lat' dir='ltr'><strong>tribula-</strong></span> 
     </span>
    </p>
   </div>
   <div class='ocr_carea' id='block_1_56' title="bbox 2173 2038 3778 2111">
    <p class='ocr_par' dir='ltr' id='par_1_56' title="bbox 2173 2038 3778 2111">
     <span class='ocr_line' id='line_1_56' title="bbox 2173 2038 3778 2111; baseline 0 -18"><span class='ocrx_word' id='word_1_452' title='bbox 2173 2040 2424 2095; x_wconf 88' lang='lat' dir='ltr'><strong>tionibus</strong></span> <span class='ocrx_word' id='word_1_453' title='bbox 2436 2039 2638 2111; x_wconf 85' lang='lat' dir='ltr'><strong>afﬂigi,</strong></span> <span class='ocrx_word' id='word_1_454' title='bbox 2656 2039 2791 2111; x_wconf 89' lang='lat' dir='ltr'><strong>quia</strong></span> <span class='ocrx_word' id='word_1_455' title='bbox 2807 2055 2911 2110; x_wconf 89' lang='lat' dir='ltr'><strong>per</strong></span> <span class='ocrx_word' id='word_1_456' title='bbox 2931 2041 3166 2109; x_wconf 89' lang='lat' dir='ltr'><strong>peccata</strong></span> <span class='ocrx_word' id='word_1_457' title='bbox 3182 2042 3237 2092; x_wconf 91' lang='lat' dir='ltr'><strong>te</strong></span> <span class='ocrx_word' id='word_1_458' title='bbox 3253 2038 3522 2093; x_wconf 82' lang='lat' dir='ltr'><strong>oblivioni</strong></span> <span class='ocrx_word' id='word_1_459' title='bbox 3542 2038 3778 2106; x_wconf 87' lang='lat' dir='ltr'><strong>tradidi,</strong></span> 
     </span>
    </p>
   </div>
   <div class='ocr_carea' id='block_1_57' title="bbox 2171 2126 3784 2200">
    <p class='ocr_par' dir='ltr' id='par_1_57' title="bbox 2171 2126 3784 2200">
     <span class='ocr_line' id='line_1_57' title="bbox 2171 2126 3784 2200; baseline 0.001 -19"><span class='ocrx_word' id='word_1_460' title='bbox 2171 2128 2473 2183; x_wconf 90' lang='lat' dir='ltr'><strong>considero</strong></span> <span class='ocrx_word' id='word_1_461' title='bbox 2503 2128 2658 2200; x_wconf 92' lang='lat' dir='ltr'><strong>quod</strong></span> <span class='ocrx_word' id='word_1_462' title='bbox 2690 2127 2917 2199; x_wconf 88' lang='lat' dir='ltr'><strong>gravius</strong></span> <span class='ocrx_word' id='word_1_463' title='bbox 2945 2126 3000 2181; x_wconf 90' lang='lat' dir='ltr'><strong>in</strong></span> <span class='ocrx_word' id='word_1_464' title='bbox 3024 2127 3216 2181; x_wconf 86' lang='lat' dir='ltr'><strong>futuro</strong></span> <span class='ocrx_word' id='word_1_465' title='bbox 3231 2126 3573 2194; x_wconf 84' lang='lat' dir='ltr'><strong>damnabor,</strong></span> <span class='ocrx_word' id='word_1_466' title='bbox 3597 2127 3641 2181; x_wconf 89' lang='lat' dir='ltr'><strong>si</strong></span> <span class='ocrx_word' id='word_1_467' title='bbox 3654 2144 3784 2198; x_wconf 88' lang='lat' dir='ltr'><strong>per-</strong></span> 
     </span>
    </p>
   </div>
   <div class='ocr_carea' id='block_1_58' title="bbox 2169 2214 3783 2287">
    <p class='ocr_par' dir='ltr' id='par_1_58' title="bbox 2169 2214 3783 2287">
     <span class='ocr_line' id='line_1_58' title="bbox 2169 2214 3783 2287; baseline 0 -16"><span class='ocrx_word' id='word_1_468' title='bbox 2169 2219 2501 2271; x_wconf 90' lang='lat' dir='ltr'><strong>severanter</strong></span> <span class='ocrx_word' id='word_1_469' title='bbox 2528 2216 2804 2271; x_wconf 83' lang='lat' dir='ltr'><strong>oblivioni</strong></span> <span class='ocrx_word' id='word_1_470' title='bbox 2832 2219 2886 2269; x_wconf 90' lang='lat' dir='ltr'><strong>te</strong></span> <span class='ocrx_word' id='word_1_471' title='bbox 2917 2214 3232 2283; x_wconf 89' lang='lat' dir='ltr'><strong>tradidero,</strong></span> <span class='ocrx_word' id='word_1_472' title='bbox 3277 2219 3333 2270; x_wconf 92' lang='lat' dir='ltr'><strong>et</strong></span> <span class='ocrx_word' id='word_1_473' title='bbox 3379 2216 3457 2269; x_wconf 93' lang='lat' dir='ltr'><strong>sic</strong></span> <span class='ocrx_word' id='word_1_474' title='bbox 3495 2231 3600 2286; x_wconf 91' lang='lat' dir='ltr'><strong>per</strong></span> <span class='ocrx_word' id='word_1_475' title='bbox 3628 2216 3783 2287; x_wconf 72' lang='lat' dir='ltr'><strong>ipsas</strong></span> 
     </span>
    </p>
   </div>
   <div class='ocr_carea' id='block_1_59' title="bbox 2171 2303 3782 2361">
    <p class='ocr_par' dir='ltr' id='par_1_59' title="bbox 2171 2303 3782 2361">
     <span class='ocr_line' id='line_1_59' title="bbox 2171 2303 3782 2361; baseline 0 -2"><span class='ocrx_word' id='word_1_476' title='bbox 2171 2305 2572 2360; x_wconf 90' lang='lat' dir='ltr'><strong>tribulationes</strong></span> <span class='ocrx_word' id='word_1_477' title='bbox 2602 2307 2684 2359; x_wconf 91' lang='lat' dir='ltr'><strong>tui</strong></span> <span class='ocrx_word' id='word_1_478' title='bbox 2714 2321 2942 2359; x_wconf 90' lang='lat' dir='ltr'><strong>memor</strong></span> <span class='ocrx_word' id='word_1_479' title='bbox 2971 2320 3069 2359; x_wconf 92' lang='lat' dir='ltr'><strong>ero</strong></span> <span class='ocrx_word' id='word_1_480' title='bbox 3100 2321 3112 2358; x_wconf 94' lang='lat'><strong>:</strong></span> <span class='ocrx_word' id='word_1_481' title='bbox 3146 2304 3375 2361; x_wconf 83' lang='lat' dir='ltr'><strong>Invocat</strong></span> <span class='ocrx_word' id='word_1_482' title='bbox 3395 2304 3534 2359; x_wconf 88' lang='lat' dir='ltr'><strong>dicit</strong></span> <span class='ocrx_word' id='word_1_483' title='bbox 3562 2322 3597 2359; x_wconf 91' lang='lat' dir='ltr'><strong>a</strong></span> <span class='ocrx_word' id='word_1_484' title='bbox 3620 2303 3782 2359; x_wconf 85' lang='lat' dir='ltr'><strong>simi-</strong></span> 
     </span>
    </p>
   </div>
   <div class='ocr_carea' id='block_1_60' title="bbox 2170 2392 3781 2465">
    <p class='ocr_par' dir='ltr' id='par_1_60' title="bbox 2170 2392 3781 2465">
     <span class='ocr_line' id='line_1_60' title="bbox 2170 2392 3781 2465; baseline -0.001 -16"><span class='ocrx_word' id='word_1_485' title='bbox 2170 2394 2415 2449; x_wconf 89' lang='lat' dir='ltr'><strong>litudine</strong></span> <span class='ocrx_word' id='word_1_486' title='bbox 2437 2394 2695 2465; x_wconf 85' lang='lat' dir='ltr'><strong>alicujus,</strong></span> <span class='ocrx_word' id='word_1_487' title='bbox 2732 2393 2830 2465; x_wconf 88' lang='lat' dir='ltr'><strong>qui</strong></span> <span class='ocrx_word' id='word_1_488' title='bbox 2862 2392 3114 2464; x_wconf 88' lang='lat' dir='ltr'><strong>aliquem</strong></span> <span class='ocrx_word' id='word_1_489' title='bbox 3146 2396 3476 2465; x_wconf 88' lang='lat' dir='ltr'><strong>separatum</strong></span> <span class='ocrx_word' id='word_1_490' title='bbox 3491 2394 3564 2447; x_wconf 89' lang='lat' dir='ltr'><strong>ab</strong></span> <span class='ocrx_word' id='word_1_491' title='bbox 3584 2392 3781 2465; x_wconf 89' lang='lat' dir='ltr'><strong>aliquo</strong></span> 
     </span>
    </p>
   </div>
   <div class='ocr_carea' id='block_1_61' title="bbox 2170 2481 3779 2554">
    <p class='ocr_par' dir='ltr' id='par_1_61' title="bbox 2170 2481 3779 2554">
     <span class='ocr_line' id='line_1_61' title="bbox 2170 2481 3779 2554; baseline 0 -17"><span class='ocrx_word' id='word_1_492' title='bbox 2170 2486 2356 2551; x_wconf 88' lang='lat' dir='ltr'><strong>vocat,</strong></span> <span class='ocrx_word' id='word_1_493' title='bbox 2392 2487 2453 2538; x_wconf 91' lang='lat' dir='ltr'><strong>ut</strong></span> <span class='ocrx_word' id='word_1_494' title='bbox 2482 2483 2561 2537; x_wconf 92' lang='lat' dir='ltr'><strong>illi</strong></span> <span class='ocrx_word' id='word_1_495' title='bbox 2595 2498 2848 2554; x_wconf 63' lang='lat' dir='ltr'><strong>praesens</strong></span> <span class='ocrx_word' id='word_1_496' title='bbox 2876 2498 2980 2554; x_wconf 90' lang='lat' dir='ltr'><strong>per</strong></span> <span class='ocrx_word' id='word_1_497' title='bbox 3010 2482 3376 2537; x_wconf 87' lang='lat' dir='ltr'><strong>vocationem</strong></span> <span class='ocrx_word' id='word_1_498' title='bbox 3422 2498 3584 2537; x_wconf 88' lang='lat' dir='ltr'><strong>suam</strong></span> <span class='ocrx_word' id='word_1_499' title='bbox 3626 2481 3728 2537; x_wconf 84' lang='lat' dir='ltr'><strong>ﬁat</strong></span> <span class='ocrx_word' id='word_1_500' title='bbox 3760 2498 3779 2538; x_wconf 88' lang='lat'><strong>:</strong></span> 
     </span>
    </p>
   </div>
   <div class='ocr_carea' id='block_1_62' title="bbox 2169 2572 3784 2635">
    <p class='ocr_par' dir='ltr' id='par_1_62' title="bbox 2169 2572 3784 2635">
     <span class='ocr_line' id='line_1_62' title="bbox 2169 2572 3784 2635; baseline -0.001 -8"><span class='ocrx_word' id='word_1_501' title='bbox 2169 2572 2410 2635; x_wconf 83' lang='lat' dir='ltr'><strong>Invocat,</strong></span> <span class='ocrx_word' id='word_1_502' title='bbox 2449 2572 2507 2627; x_wconf 90' lang='lat' dir='ltr'><strong>id</strong></span> <span class='ocrx_word' id='word_1_503' title='bbox 2537 2574 2623 2626; x_wconf 89' lang='lat' dir='ltr'><strong>est</strong></span> <span class='ocrx_word' id='word_1_504' title='bbox 2652 2572 2713 2626; x_wconf 91' lang='lat' dir='ltr'><strong>in</strong></span> <span class='ocrx_word' id='word_1_505' title='bbox 2746 2575 2941 2626; x_wconf 90' lang='lat' dir='ltr'><strong>mente</strong></span> <span class='ocrx_word' id='word_1_506' title='bbox 2973 2574 3155 2626; x_wconf 86' lang='lat' dir='ltr'><strong>vocat.</strong></span> <span class='ocrx_word' id='word_1_507' title='bbox 3188 2572 3255 2625; x_wconf 90' lang='lat' dir='ltr'><strong>Et</strong></span> <span class='ocrx_word' id='word_1_508' title='bbox 3307 2574 3515 2625; x_wconf 80' lang='lat' dir='ltr'><strong>invocat</strong></span> <span class='ocrx_word' id='word_1_509' title='bbox 3559 2572 3621 2625; x_wconf 82' lang='lat' dir='ltr'><strong>in</strong></span> <span class='ocrx_word' id='word_1_510' title='bbox 3659 2586 3784 2626; x_wconf 82' lang='lat' dir='ltr'><strong>voce</strong></span> 
     </span>
    </p>
   </div>
   <div class='ocr_carea' id='block_1_63' title="bbox 2169 2659 3782 2731">
    <p class='ocr_par' dir='ltr' id='par_1_63' title="bbox 2169 2659 3782 2731">
     <span class='ocr_line' id='line_1_63' title="bbox 2169 2659 3782 2731; baseline -0.001 -14"><span class='ocrx_word' id='word_1_511' title='bbox 2169 2667 2561 2717; x_wconf 85' lang='lat' dir='ltr'><strong>cataractarum</strong></span> <span class='ocrx_word' id='word_1_512' title='bbox 2601 2666 2841 2723; x_wconf 86' lang='lat' dir='ltr'><strong>tuarum,</strong></span> <span class='ocrx_word' id='word_1_513' title='bbox 2883 2660 2940 2715; x_wconf 90' lang='lat' dir='ltr'><strong>id</strong></span> <span class='ocrx_word' id='word_1_514' title='bbox 2972 2664 3058 2715; x_wconf 89' lang='lat' dir='ltr'><strong>est</strong></span> <span class='ocrx_word' id='word_1_515' title='bbox 3083 2660 3142 2714; x_wconf 89' lang='lat' dir='ltr'><strong>in</strong></span> <span class='ocrx_word' id='word_1_516' title='bbox 3175 2662 3377 2731; x_wconf 85' lang='lat' dir='ltr'><strong>aperta</strong></span> <span class='ocrx_word' id='word_1_517' title='bbox 3408 2659 3782 2716; x_wconf 85' lang='lat' dir='ltr'><strong>attestatione</strong></span> 
     </span>
    </p>
   </div>
   <div class='ocr_carea' id='block_1_64' title="bbox 2168 2748 3781 2822">
    <p class='ocr_par' dir='ltr' id='par_1_64' title="bbox 2168 2748 3781 2822">
     <span class='ocr_line' id='line_1_64' title="bbox 2168 2748 3781 2822; baseline -0.001 -17"><span class='ocrx_word' id='word_1_518' title='bbox 2168 2751 2584 2822; x_wconf 86' lang='lat' dir='ltr'><strong>prophetarum</strong></span> <span class='ocrx_word' id='word_1_519' title='bbox 2603 2748 2962 2821; x_wconf 89' lang='lat' dir='ltr'><strong>tuorum,qui</strong></span> <span class='ocrx_word' id='word_1_520' title='bbox 2979 2749 3166 2803; x_wconf 91' lang='lat' dir='ltr'><strong>testati</strong></span> <span class='ocrx_word' id='word_1_521' title='bbox 3186 2752 3319 2803; x_wconf 90' lang='lat' dir='ltr'><strong>sunt</strong></span> <span class='ocrx_word' id='word_1_522' title='bbox 3335 2749 3600 2819; x_wconf 80' lang='lat' dir='ltr'><strong>abyssum</strong></span> <span class='ocrx_word' id='word_1_523' title='bbox 3618 2749 3781 2804; x_wconf 84' lang='lat' dir='ltr'><strong>illam</strong></span> 
     </span>
    </p>
   </div>
   <div class='ocr_carea' id='block_1_65' title="bbox 2168 2837 3781 2909">
    <p class='ocr_par' dir='ltr' id='par_1_65' title="bbox 2168 2837 3781 2909">
     <span class='ocr_line' id='line_1_65' title="bbox 2168 2837 3781 2909; baseline -0.001 -16"><span class='ocrx_word' id='word_1_524' title='bbox 2168 2841 2443 2893; x_wconf 87' lang='lat' dir='ltr'><strong>futuram.</strong></span> <span class='ocrx_word' id='word_1_525' title='bbox 2478 2840 2558 2893; x_wconf 80' lang='lat' dir='ltr'><strong>Ac</strong></span> <span class='ocrx_word' id='word_1_526' title='bbox 2590 2838 2636 2892; x_wconf 92' lang='lat' dir='ltr'><strong>si</strong></span> <span class='ocrx_word' id='word_1_527' title='bbox 2665 2838 2819 2893; x_wconf 85' lang='lat' dir='ltr'><strong>dicat</strong></span> <span class='ocrx_word' id='word_1_528' title='bbox 2846 2855 2858 2892; x_wconf 92' lang='lat'><strong>:</strong></span> <span class='ocrx_word' id='word_1_529' title='bbox 2894 2839 3003 2893; x_wconf 89' lang='lat' dir='ltr'><strong>Per</strong></span> <span class='ocrx_word' id='word_1_530' title='bbox 3027 2838 3137 2892; x_wconf 88' lang='lat' dir='ltr'><strong>hoc</strong></span> <span class='ocrx_word' id='word_1_531' title='bbox 3187 2841 3418 2900; x_wconf 80' lang='lat' dir='ltr'><strong>invocat,</strong></span> <span class='ocrx_word' id='word_1_532' title='bbox 3451 2837 3589 2909; x_wconf 88' lang='lat' dir='ltr'><strong>quia</strong></span> <span class='ocrx_word' id='word_1_533' title='bbox 3624 2837 3781 2893; x_wconf 86' lang='lat' dir='ltr'><strong>videt</strong></span> 
     </span>
    </p>
   </div>
   <div class='ocr_carea' id='block_1_66' title="bbox 2167 2926 3777 3000">
    <p class='ocr_par' dir='ltr' id='par_1_66' title="bbox 2167 2926 3777 3000">
     <span class='ocr_line' id='line_1_66' title="bbox 2167 2926 3777 3000; baseline 0 -19"><span class='ocrx_word' id='word_1_534' title='bbox 2167 2928 2480 3000; x_wconf 88' lang='lat' dir='ltr'><strong>prophetas</strong></span> <span class='ocrx_word' id='word_1_535' title='bbox 2500 2928 2621 2982; x_wconf 67' lang='lat' dir='ltr'><strong>haec</strong></span> <span class='ocrx_word' id='word_1_536' title='bbox 2647 2930 2885 2982; x_wconf 89' lang='lat' dir='ltr'><strong>testatos</strong></span> <span class='ocrx_word' id='word_1_537' title='bbox 2908 2944 3049 2982; x_wconf 89' lang='lat' dir='ltr'><strong>esse.</strong></span> <span class='ocrx_word' id='word_1_538' title='bbox 3084 2927 3199 2982; x_wconf 86' lang='lat' dir='ltr'><strong>Vox</strong></span> <span class='ocrx_word' id='word_1_539' title='bbox 3246 2942 3402 2994; x_wconf 90' lang='lat' dir='ltr'><strong>vero,</strong></span> <span class='ocrx_word' id='word_1_540' title='bbox 3436 2926 3579 2981; x_wconf 90' lang='lat' dir='ltr'><strong>sicut</strong></span> <span class='ocrx_word' id='word_1_541' title='bbox 3608 2942 3777 2997; x_wconf 87' lang='lat' dir='ltr'><strong>supe-</strong></span> 
     </span>
    </p>
   </div>
   <div class='ocr_carea' id='block_1_67' title="bbox 2169 3014 3781 3087">
    <p class='ocr_par' dir='ltr' id='par_1_67' title="bbox 2169 3014 3781 3087">
     <span class='ocr_line' id='line_1_67' title="bbox 2169 3014 3781 3087; baseline 0 -17"><span class='ocrx_word' id='word_1_542' title='bbox 2169 3015 2305 3084; x_wconf 88' lang='lat' dir='ltr'><strong>rius,</strong></span> <span class='ocrx_word' id='word_1_543' title='bbox 2327 3014 2908 3087; x_wconf 85' lang='lat' dir='ltr'><strong>promanifestatione</strong></span> <span class='ocrx_word' id='word_1_544' title='bbox 2920 3014 3493 3086; x_wconf 73' lang='lat' dir='ltr'><strong>ponitur.Cataractae</strong></span> <span class='ocrx_word' id='word_1_545' title='bbox 3511 3014 3781 3070; x_wconf 87' lang='lat' dir='ltr'><strong>dicuntur</strong></span> 
     </span>
    </p>
   </div>
   <div class='ocr_carea' id='block_1_68' title="bbox 2171 3103 3781 3176">
    <p class='ocr_par' dir='ltr' id='par_1_68' title="bbox 2171 3103 3781 3176">
     <span class='ocr_line' id='line_1_68' title="bbox 2171 3103 3781 3176; baseline 0 -17"><span class='ocrx_word' id='word_1_546' title='bbox 2171 3104 2489 3176; x_wconf 72' lang='lat' dir='ltr'><strong>prophetae,</strong></span> <span class='ocrx_word' id='word_1_547' title='bbox 2515 3121 2582 3159; x_wconf 92' lang='lat' dir='ltr'><strong>eo</strong></span> <span class='ocrx_word' id='word_1_548' title='bbox 2610 3104 2765 3176; x_wconf 90' lang='lat' dir='ltr'><strong>quod</strong></span> <span class='ocrx_word' id='word_1_549' title='bbox 2786 3120 2889 3176; x_wconf 85' lang='lat' dir='ltr'><strong>per</strong></span> <span class='ocrx_word' id='word_1_550' title='bbox 2901 3119 3001 3157; x_wconf 92' lang='lat' dir='ltr'><strong>eos</strong></span> <span class='ocrx_word' id='word_1_551' title='bbox 3022 3103 3080 3157; x_wconf 91' lang='lat' dir='ltr'><strong>in</strong></span> <span class='ocrx_word' id='word_1_552' title='bbox 3097 3103 3418 3158; x_wconf 88' lang='lat' dir='ltr'><strong>humanum</strong></span> <span class='ocrx_word' id='word_1_553' title='bbox 3433 3120 3613 3175; x_wconf 88' lang='lat' dir='ltr'><strong>genus</strong></span> <span class='ocrx_word' id='word_1_554' title='bbox 3628 3119 3781 3176; x_wconf 89' lang='lat' dir='ltr'><strong>aqua</strong></span> 
     </span>
    </p>
   </div>
   <div class='ocr_carea' id='block_1_69' title="bbox 2170 3192 3777 3264">
    <p class='ocr_par' dir='ltr' id='par_1_69' title="bbox 2170 3192 3777 3264">
     <span class='ocr_line' id='line_1_69' title="bbox 2170 3192 3777 3264; baseline -0.001 -16"><span class='ocrx_word' id='word_1_555' title='bbox 2170 3192 2445 3248; x_wconf 68' lang='lat' dir='ltr'><strong>doctrinas</strong></span> <span class='ocrx_word' id='word_1_556' title='bbox 2469 3192 2801 3259; x_wconf 90' lang='lat' dir='ltr'><strong>descendit;</strong></span> <span class='ocrx_word' id='word_1_557' title='bbox 2839 3192 2983 3246; x_wconf 90' lang='lat' dir='ltr'><strong>sicut</strong></span> <span class='ocrx_word' id='word_1_558' title='bbox 3006 3208 3110 3264; x_wconf 89' lang='lat' dir='ltr'><strong>per</strong></span> <span class='ocrx_word' id='word_1_559' title='bbox 3129 3194 3444 3246; x_wconf 83' lang='lat' dir='ltr'><strong>cataractas</strong></span> <span class='ocrx_word' id='word_1_560' title='bbox 3457 3209 3622 3263; x_wconf 71' lang='lat' dir='ltr'><strong>aquas</strong></span> <span class='ocrx_word' id='word_1_561' title='bbox 3650 3194 3777 3264; x_wconf 78' lang='lat' dir='ltr'><strong>plu-</strong></span> 
     </span>
    </p>
   </div>
   <div class='ocr_carea' id='block_1_70' title="bbox 2169 3280 3780 3352">
    <p class='ocr_par' dir='ltr' id='par_1_70' title="bbox 2169 3280 3780 3352">
     <span class='ocr_line' id='line_1_70' title="bbox 2169 3280 3780 3352; baseline -0.001 -16"><span class='ocrx_word' id='word_1_562' title='bbox 2169 3282 2391 3336; x_wconf 89' lang='lat' dir='ltr'><strong>viarum</strong></span> <span class='ocrx_word' id='word_1_563' title='bbox 2426 3281 2485 3335; x_wconf 89' lang='lat' dir='ltr'><strong>in</strong></span> <span class='ocrx_word' id='word_1_564' title='bbox 2518 3285 2735 3335; x_wconf 87' lang='lat' dir='ltr'><strong>terram</strong></span> <span class='ocrx_word' id='word_1_565' title='bbox 2769 3280 3053 3335; x_wconf 89' lang='lat' dir='ltr'><strong>deﬂuunt.</strong></span> <span class='ocrx_word' id='word_1_566' title='bbox 3090 3280 3403 3335; x_wconf 68' lang='lat' dir='ltr'><strong>Cataractaa</strong></span> <span class='ocrx_word' id='word_1_567' title='bbox 3421 3297 3672 3352; x_wconf 88' lang='lat' dir='ltr'><strong>namque</strong></span> <span class='ocrx_word' id='word_1_568' title='bbox 3696 3280 3780 3336; x_wconf 86' lang='lat' dir='ltr'><strong>di-</strong></span> 
     </span>
    </p>
   </div>
   <div class='ocr_carea' id='block_1_71' title="bbox 2171 3368 3777 3442">
    <p class='ocr_par' dir='ltr' id='par_1_71' title="bbox 2171 3368 3777 3442">
     <span class='ocr_line' id='line_1_71' title="bbox 2171 3368 3777 3442; baseline -0.001 -17"><span class='ocrx_word' id='word_1_569' title='bbox 2171 3375 2378 3425; x_wconf 90' lang='lat' dir='ltr'><strong>cuntur</strong></span> <span class='ocrx_word' id='word_1_570' title='bbox 2408 3370 2638 3441; x_wconf 89' lang='lat' dir='ltr'><strong>proprie</strong></span> <span class='ocrx_word' id='word_1_571' title='bbox 2689 3368 2791 3423; x_wconf 62' lang='lat' dir='ltr'><strong>vias</strong></span> <span class='ocrx_word' id='word_1_572' title='bbox 2838 3387 2942 3441; x_wconf 92' lang='lat' dir='ltr'><strong>per</strong></span> <span class='ocrx_word' id='word_1_573' title='bbox 2980 3385 3122 3442; x_wconf 87' lang='lat' dir='ltr'><strong>quas</strong></span> <span class='ocrx_word' id='word_1_574' title='bbox 3170 3386 3333 3440; x_wconf 71' lang='lat' dir='ltr'><strong>aquas</strong></span> <span class='ocrx_word' id='word_1_575' title='bbox 3366 3369 3684 3440; x_wconf 87' lang='lat' dir='ltr'><strong>pluviarum</strong></span> <span class='ocrx_word' id='word_1_576' title='bbox 3718 3369 3777 3424; x_wconf 87' lang='lat' dir='ltr'><strong>in</strong></span> 
     </span>
    </p>
   </div>
   <div class='ocr_carea' id='block_1_72' title="bbox 2170 3457 3778 3528">
    <p class='ocr_par' dir='ltr' id='par_1_72' title="bbox 2170 3457 3778 3528">
     <span class='ocr_line' id='line_1_72' title="bbox 2170 3457 3778 3528; baseline -0.001 -14"><span class='ocrx_word' id='word_1_577' title='bbox 2170 3463 2387 3515; x_wconf 88' lang='lat' dir='ltr'><strong>terram</strong></span> <span class='ocrx_word' id='word_1_578' title='bbox 2414 3458 2695 3514; x_wconf 89' lang='lat' dir='ltr'><strong>deﬂuunt.</strong></span> <span class='ocrx_word' id='word_1_579' title='bbox 2733 3458 2895 3513; x_wconf 90' lang='lat' dir='ltr'><strong>Unde</strong></span> <span class='ocrx_word' id='word_1_580' title='bbox 2927 3457 2987 3511; x_wconf 92' lang='lat' dir='ltr'><strong>in</strong></span> <span class='ocrx_word' id='word_1_581' title='bbox 3024 3458 3226 3512; x_wconf 86' lang='lat' dir='ltr'><strong>Genesi</strong></span> <span class='ocrx_word' id='word_1_582' title='bbox 3252 3457 3461 3528; x_wconf 82' lang='lat' dir='ltr'><strong>legitur</strong></span> <span class='ocrx_word' id='word_1_583' title='bbox 3504 3473 3517 3511; x_wconf 90' lang='lat'><strong>:</strong></span> <span class='ocrx_word' id='word_1_584' title='bbox 3553 3480 3581 3507; x_wconf 85' lang='grc'><strong>‹‹</strong></span> <span class='ocrx_word' id='word_1_585' title='bbox 3611 3457 3778 3513; x_wconf 80' lang='lat' dir='ltr'><strong>Cata-</strong></span> 
     </span>
    </p>
   </div>
   <div class='ocr_carea' id='block_1_73' title="bbox 2169 3544 3439 3617">
    <p class='ocr_par' dir='ltr' id='par_1_73' title="bbox 2169 3544 3439 3617">
     <span class='ocr_line' id='line_1_73' title="bbox 2169 3544 3439 3617; baseline -0.008 -14"><span class='ocrx_word' id='word_1_586' title='bbox 2169 3552 2342 3603; x_wconf 75' lang='lat' dir='ltr'><strong>ractae</strong></span> <span class='ocrx_word' id='word_1_587' title='bbox 2374 3547 2499 3603; x_wconf 60' lang='lat' dir='ltr'><strong>caeli</strong></span> <span class='ocrx_word' id='word_1_588' title='bbox 2534 3549 2748 3617; x_wconf 63' lang='lat' dir='ltr'><strong>apertas</strong></span> <span class='ocrx_word' id='word_1_589' title='bbox 2774 3550 2908 3600; x_wconf 88' lang='lat' dir='ltr'><strong>sunt</strong></span> <span class='ocrx_word' id='word_1_590' title='bbox 2934 3544 3096 3616; x_wconf 81' lang='lat' dir='ltr'><strong>(Gen.</strong></span> <span class='ocrx_word' id='word_1_591' title='bbox 3126 3562 3223 3611; x_wconf 85' lang='lat' dir='ltr'><strong>vu,</strong></span> <span class='ocrx_word' id='word_1_592' title='bbox 3266 3545 3373 3613; x_wconf 84' lang='lat' dir='ltr'><strong>ll).</strong></span> <span class='ocrx_word' id='word_1_593' title='bbox 3412 3565 3439 3594; x_wconf 84' lang='grc'>››</span> 
     </span>
    </p>
   </div>
   <div class='ocr_carea' id='block_1_74' title="bbox 2242 3631 3781 3706">
    <p class='ocr_par' dir='ltr' id='par_1_74' title="bbox 2242 3631 3781 3706">
     <span class='ocr_line' id='line_1_74' title="bbox 2242 3631 3781 3706; baseline -0.003 -15"><span class='ocrx_word' id='word_1_594' title='bbox 2242 3637 2467 3692; x_wconf 90' lang='lat' dir='ltr'><strong>Diceret</strong></span> <span class='ocrx_word' id='word_1_595' title='bbox 2489 3635 2693 3706; x_wconf 89' lang='lat' dir='ltr'><strong>aliquis</strong></span> <span class='ocrx_word' id='word_1_596' title='bbox 2719 3651 2730 3688; x_wconf 91' lang='lat'><strong>:</strong></span> <span class='ocrx_word' id='word_1_597' title='bbox 2757 3635 2927 3689; x_wconf 90' lang='lat' dir='ltr'><strong>Estne</strong></span> <span class='ocrx_word' id='word_1_598' title='bbox 2944 3634 3177 3705; x_wconf 86' lang='lat' dir='ltr'><strong>abyssus</strong></span> <span class='ocrx_word' id='word_1_599' title='bbox 3190 3634 3247 3686; x_wconf 91' lang='lat' dir='ltr'><strong>in</strong></span> <span class='ocrx_word' id='word_1_600' title='bbox 3272 3631 3366 3690; x_wconf 79' lang='lat' dir='ltr'><strong>te?</strong></span> <span class='ocrx_word' id='word_1_601' title='bbox 3380 3632 3781 3705; x_wconf 87' lang='lat' dir='ltr'><strong>Respondetur</strong></span> 
     </span>
    </p>
   </div>
   <div class='ocr_carea' id='block_1_75' title="bbox 2172 3720 3781 3791">
    <p class='ocr_par' dir='ltr' id='par_1_75' title="bbox 2172 3720 3781 3791">
     <span class='ocr_line' id='line_1_75' title="bbox 2172 3720 3781 3791; baseline -0.003 -10"><span class='ocrx_word' id='word_1_602' title='bbox 2172 3742 2207 3781; x_wconf 90' lang='lat' dir='ltr'><strong>a</strong></span> <span class='ocrx_word' id='word_1_603' title='bbox 2236 3725 2517 3791; x_wconf 89' lang='lat' dir='ltr'><strong>Patribus,</strong></span> <span class='ocrx_word' id='word_1_604' title='bbox 2542 3722 2865 3778; x_wconf 80' lang='lat' dir='ltr'><strong>ita:0mm’a</strong></span> <span class='ocrx_word' id='word_1_605' title='bbox 2886 3722 3043 3777; x_wconf 89' lang='lat' dir='ltr'><strong>enim</strong></span> <span class='ocrx_word' id='word_1_606' title='bbox 3063 3722 3260 3775; x_wconf 70' lang='lat' dir='ltr'><strong>excelsa</strong></span> <span class='ocrx_word' id='word_1_607' title='bbox 3291 3726 3404 3788; x_wconf 86' lang='lat' dir='ltr'><strong>tua,</strong></span> <span class='ocrx_word' id='word_1_608' title='bbox 3425 3720 3483 3776; x_wconf 91' lang='lat' dir='ltr'><strong>id</strong></span> <span class='ocrx_word' id='word_1_609' title='bbox 3511 3722 3618 3787; x_wconf 90' lang='lat' dir='ltr'><strong>est,</strong></span> <span class='ocrx_word' id='word_1_610' title='bbox 3652 3737 3781 3776; x_wconf 84' lang='lat' dir='ltr'><strong>ma-</strong></span> 
     </span>
    </p>
   </div>
   <div class='ocr_carea' id='block_1_76' title="bbox 465 3810 3785 3889">
    <p class='ocr_par' dir='ltr' id='par_1_76' title="bbox 465 3810 3785 3889">
     <span class='ocr_line' id='line_1_76' title="bbox 465 3810 3785 3889; baseline -0.002 -20"><span class='ocrx_word' id='word_1_611' title='bbox 465 3830 596 3888; x_wconf 89' lang='lat' dir='ltr'><strong>ego.</strong></span> <span class='ocrx_word' id='word_1_612' title='bbox 620 3813 869 3886; x_wconf 87' lang='lat' dir='ltr'><strong>Ideoque</strong></span> <span class='ocrx_word' id='word_1_613' title='bbox 896 3813 1011 3868; x_wconf 90' lang='lat' dir='ltr'><strong>mei</strong></span> <span class='ocrx_word' id='word_1_614' title='bbox 1036 3813 1402 3870; x_wconf 89' lang='lat' dir='ltr'><strong>miserebitur</strong></span> <span class='ocrx_word' id='word_1_615' title='bbox 1422 3815 1519 3888; x_wconf 88' lang='lat' dir='ltr'><strong>qui</strong></span> <span class='ocrx_word' id='word_1_616' title='bbox 1550 3818 1811 3889; x_wconf 88' lang='lat' dir='ltr'><strong>ejusdem</strong></span> <span class='ocrx_word' id='word_1_617' title='bbox 1851 3824 2073 3875; x_wconf 60' lang='lat' dir='ltr'><strong>natura;</strong></span> <span class='ocrx_word' id='word_1_618' title='bbox 2173 3830 2303 3885; x_wconf 71' lang='lat' dir='ltr'><strong>gnte</strong></span> <span class='ocrx_word' id='word_1_619' title='bbox 2333 3813 2751 3879; x_wconf 89' lang='lat' dir='ltr'><strong>tribulationes,</strong></span> <span class='ocrx_word' id='word_1_620' title='bbox 2785 3827 2819 3865; x_wconf 90' lang='lat' dir='ltr'><strong>a</strong></span> <span class='ocrx_word' id='word_1_621' title='bbox 2838 3810 3212 3881; x_wconf 87' lang='lat' dir='ltr'><strong>dispositione</strong></span> <span class='ocrx_word' id='word_1_622' title='bbox 3233 3810 3515 3864; x_wconf 72' lang='lat' dir='ltr'><strong>tuaillatas</strong></span> <span class='ocrx_word' id='word_1_623' title='bbox 3540 3827 3553 3878; x_wconf 89' lang='lat'><strong>;</strong></span> <span class='ocrx_word' id='word_1_624' title='bbox 3577 3816 3628 3863; x_wconf 81' lang='lat' dir='ltr'><strong>et</strong></span> <span class='ocrx_word' id='word_1_625' title='bbox 3650 3811 3785 3880; x_wconf 71' lang='lat' dir='ltr'><strong>[tuc-</strong></span> 
     </span>
    </p>
   </div>
   <div class='ocr_carea' id='block_1_77' title="bbox 467 3898 3785 3970">
    <p class='ocr_par' dir='ltr' id='par_1_77' title="bbox 467 3898 3785 3970">
     <span class='ocr_line' id='line_1_77' title="bbox 467 3898 3785 3970; baseline -0.002 -11"><span class='ocrx_word' id='word_1_626' title='bbox 467 3919 617 3959; x_wconf 89' lang='lat' dir='ltr'><strong>sum.</strong></span> <span class='ocrx_word' id='word_1_627' title='bbox 648 3901 727 3957; x_wconf 87' lang='lat' dir='ltr'><strong>Et</strong></span> <span class='ocrx_word' id='word_1_628' title='bbox 748 3901 892 3957; x_wconf 88' lang='lat' dir='ltr'><strong>Deus</strong></span> <span class='ocrx_word' id='word_1_629' title='bbox 914 3919 1056 3957; x_wconf 86' lang='lat' dir='ltr'><strong>meus</strong></span> <span class='ocrx_word' id='word_1_630' title='bbox 1086 3906 1190 3970; x_wconf 91' lang='lat' dir='ltr'><strong>est,</strong></span> <span class='ocrx_word' id='word_1_631' title='bbox 1223 3902 1282 3957; x_wconf 92' lang='lat' dir='ltr'><strong>id</strong></span> <span class='ocrx_word' id='word_1_632' title='bbox 1306 3908 1390 3958; x_wconf 90' lang='lat' dir='ltr'><strong>est</strong></span> <span class='ocrx_word' id='word_1_633' title='bbox 1416 3904 1655 3961; x_wconf 89' lang='lat' dir='ltr'><strong>Creator</strong></span> <span class='ocrx_word' id='word_1_634' title='bbox 1675 3923 1859 3962; x_wconf 90' lang='lat' dir='ltr'><strong>meus.</strong></span> <span class='ocrx_word' id='word_1_635' title='bbox 1879 3908 2076 3963; x_wconf 87' lang='lat' dir='ltr'><strong>Vultus</strong></span> <span class='ocrx_word' id='word_1_636' title='bbox 2176 3909 2258 3957; x_wconf 83' lang='lat' dir='ltr'><strong>tus</strong></span> <span class='ocrx_word' id='word_1_637' title='bbox 2282 3904 2380 3968; x_wconf 82' lang='lat' dir='ltr'><strong>tui,</strong></span> <span class='ocrx_word' id='word_1_638' title='bbox 2414 3901 2473 3955; x_wconf 91' lang='lat' dir='ltr'><strong>id</strong></span> <span class='ocrx_word' id='word_1_639' title='bbox 2500 3904 2585 3955; x_wconf 90' lang='lat' dir='ltr'><strong>est</strong></span> <span class='ocrx_word' id='word_1_640' title='bbox 2612 3900 2870 3955; x_wconf 90' lang='lat' dir='ltr'><strong>minores</strong></span> <span class='ocrx_word' id='word_1_641' title='bbox 2897 3898 3322 3964; x_wconf 87' lang='lat' dir='ltr'><strong>tribulationes,</strong></span> <span class='ocrx_word' id='word_1_642' title='bbox 3355 3900 3710 3961; x_wconf 77' lang='lat' dir='ltr'><strong>transierunt,</strong></span> <span class='ocrx_word' id='word_1_643' title='bbox 3724 3898 3785 3953; x_wconf 90' lang='lat' dir='ltr'><strong>id</strong></span> 
     </span>
    </p>
   </div>
   <div class='ocr_carea' id='block_1_78' title="bbox 467 3986 3787 4069">
    <p class='ocr_par' dir='ltr' id='par_1_78' title="bbox 467 3986 3787 4069">
     <span class='ocr_line' id='line_1_78' title="bbox 467 3986 3787 4069; baseline -0.002 -22"><span class='ocrx_word' id='word_1_644' title='bbox 467 4008 572 4068; x_wconf 94' lang='lat' dir='ltr'><strong>pro</strong></span> <span class='ocrx_word' id='word_1_645' title='bbox 596 3990 972 4047; x_wconf 88' lang='lat' dir='ltr'><strong>similitudine</strong></span> <span class='ocrx_word' id='word_1_646' title='bbox 994 3990 1604 4063; x_wconf 81' lang='lat' dir='ltr'><strong>poniturquoniamin</strong></span> <span class='ocrx_word' id='word_1_647' title='bbox 1618 3997 1770 4049; x_wconf 85' lang='lat' dir='ltr'><strong>vultu</strong></span> <span class='ocrx_word' id='word_1_648' title='bbox 1788 3997 2074 4069; x_wconf 62' lang='lat' dir='ltr'><strong>praecipue</strong></span> <span class='ocrx_word' id='word_1_649' title='bbox 2176 3994 2262 4045; x_wconf 90' lang='lat' dir='ltr'><strong>est</strong></span> <span class='ocrx_word' id='word_1_650' title='bbox 2286 3992 2569 4044; x_wconf 91' lang='lat' dir='ltr'><strong>venerunt</strong></span> <span class='ocrx_word' id='word_1_651' title='bbox 2594 3989 2739 4043; x_wconf 90' lang='lat' dir='ltr'><strong>sicut</strong></span> <span class='ocrx_word' id='word_1_652' title='bbox 2764 3988 3267 4058; x_wconf 84' lang='lat' dir='ltr'><strong>transirent,super</strong></span> <span class='ocrx_word' id='word_1_653' title='bbox 3290 4003 3390 4053; x_wconf 86' lang='lat' dir='ltr'><strong>me,</strong></span> <span class='ocrx_word' id='word_1_654' title='bbox 3406 3990 3470 4041; x_wconf 93' lang='lat' dir='ltr'><strong>ut</strong></span> <span class='ocrx_word' id='word_1_655' title='bbox 3493 3986 3787 4060; x_wconf 83' lang='lat' dir='ltr'><strong>Opprime-</strong></span> 
     </span>
    </p>
   </div>
   <div class='ocr_carea' id='block_1_79' title="bbox 470 4078 2075 4149">
    <p class='ocr_par' dir='ltr' id='par_1_79' title="bbox 470 4078 2075 4149">
     <span class='ocr_line' id='line_1_79' title="bbox 470 4078 2075 4149; baseline 0.002 -13"><span class='ocrx_word' id='word_1_656' title='bbox 470 4081 614 4138; x_wconf 90' lang='lat' dir='ltr'><strong>solet</strong></span> <span class='ocrx_word' id='word_1_657' title='bbox 642 4079 950 4134; x_wconf 89' lang='lat' dir='ltr'><strong>hominum</strong></span> <span class='ocrx_word' id='word_1_658' title='bbox 976 4078 1291 4133; x_wconf 89' lang='lat' dir='ltr'><strong>similitudo</strong></span> <span class='ocrx_word' id='word_1_659' title='bbox 1316 4080 1598 4136; x_wconf 87' lang='lat' dir='ltr'><strong>denotari.</strong></span> <span class='ocrx_word' id='word_1_660' title='bbox 1622 4082 1777 4149; x_wconf 92' lang='lat' dir='ltr'><strong>Dico,</strong></span> <span class='ocrx_word' id='word_1_661' title='bbox 1798 4100 1831 4138; x_wconf 89' lang='grc' dir='ltr'>ο</span> <span class='ocrx_word' id='word_1_662' title='bbox 1849 4084 2075 4139; x_wconf 85' lang='lat' dir='ltr'><strong>audito-</strong></span> 
     </span>
    </p>
   </div>
   <div class='ocr_carea' id='block_1_80' title="bbox 466 4166 2075 4241">
    <p class='ocr_par' dir='ltr' id='par_1_80' title="bbox 466 4166 2075 4241">
     <span class='ocr_line' id='line_1_80' title="bbox 466 4166 2075 4241; baseline 0.002 -18"><span class='ocrx_word' id='word_1_663' title='bbox 466 4185 578 4236; x_wconf 91' lang='lat' dir='ltr'><strong>res,</strong></span> <span class='ocrx_word' id='word_1_664' title='bbox 606 4184 785 4240; x_wconf 89' lang='lat' dir='ltr'><strong>quare</strong></span> <span class='ocrx_word' id='word_1_665' title='bbox 827 4166 1003 4221; x_wconf 89' lang='lat' dir='ltr'><strong>tristis</strong></span> <span class='ocrx_word' id='word_1_666' title='bbox 1039 4170 1125 4221; x_wconf 89' lang='lat' dir='ltr'><strong>est</strong></span> <span class='ocrx_word' id='word_1_667' title='bbox 1176 4166 1373 4222; x_wconf 90' lang='lat' dir='ltr'><strong>anima</strong></span> <span class='ocrx_word' id='word_1_668' title='bbox 1403 4168 1430 4222; x_wconf 76' lang='lat' dir='ltr'><strong>‘l</strong></span> <span class='ocrx_word' id='word_1_669' title='bbox 1471 4169 1539 4222; x_wconf 90' lang='lat' dir='ltr'><strong>Et</strong></span> <span class='ocrx_word' id='word_1_670' title='bbox 1574 4171 1709 4241; x_wconf 83' lang='lat' dir='ltr'><strong>quia</strong></span> <span class='ocrx_word' id='word_1_671' title='bbox 1758 4172 1933 4225; x_wconf 90' lang='lat' dir='ltr'><strong>tristis</strong></span> <span class='ocrx_word' id='word_1_672' title='bbox 1970 4176 2075 4239; x_wconf 89' lang='lat' dir='ltr'><strong>est,</strong></span> 
     </span>
    </p>
   </div>
   <div class='ocr_carea' id='block_1_81' title="bbox 469 4254 2072 4332">
    <p class='ocr_par' dir='ltr' id='par_1_81' title="bbox 469 4254 2072 4332">
     <span class='ocr_line' id='line_1_81' title="bbox 469 4254 2072 4332; baseline 0.002 -20"><span class='ocrx_word' id='word_1_673' title='bbox 469 4256 778 4312; x_wconf 81' lang='lat' dir='ltr'><strong>conturbata</strong></span> <span class='ocrx_word' id='word_1_674' title='bbox 802 4260 876 4311; x_wconf 85' lang='lat' dir='ltr'><strong>est</strong></span> <span class='ocrx_word' id='word_1_675' title='bbox 899 4254 1305 4326; x_wconf 89' lang='lat' dir='ltr'><strong>indignatione</strong></span> <span class='ocrx_word' id='word_1_676' title='bbox 1327 4256 1514 4310; x_wconf 82' lang='lat' dir='ltr'><strong>anima</strong></span> <span class='ocrx_word' id='word_1_677' title='bbox 1541 4275 1657 4312; x_wconf 85' lang='lat' dir='ltr'><strong>mea</strong></span> <span class='ocrx_word' id='word_1_678' title='bbox 1686 4260 1757 4312; x_wconf 84' lang='lat' dir='ltr'><strong>ad</strong></span> <span class='ocrx_word' id='word_1_679' title='bbox 1796 4263 2072 4332; x_wconf 79' lang='lat' dir='ltr'><strong>meipsum,</strong></span> 
     </span>
    </p>
   </div>
   <div class='ocr_carea' id='block_1_82' title="bbox 472 4343 2076 4414">
    <p class='ocr_par' dir='ltr' id='par_1_82' title="bbox 472 4343 2076 4414">
     <span class='ocr_line' id='line_1_82' title="bbox 472 4343 2076 4414; baseline 0.002 -14"><span class='ocrx_word' id='word_1_680' title='bbox 472 4344 529 4400; x_wconf 92' lang='lat' dir='ltr'><strong>id</strong></span> <span class='ocrx_word' id='word_1_681' title='bbox 558 4348 643 4400; x_wconf 91' lang='lat' dir='ltr'><strong>est</strong></span> <span class='ocrx_word' id='word_1_682' title='bbox 670 4343 972 4414; x_wconf 87' lang='lat' dir='ltr'><strong>indignata</strong></span> <span class='ocrx_word' id='word_1_683' title='bbox 997 4346 1086 4397; x_wconf 90' lang='lat' dir='ltr'><strong>est</strong></span> <span class='ocrx_word' id='word_1_684' title='bbox 1117 4343 1314 4398; x_wconf 89' lang='lat' dir='ltr'><strong>anima</strong></span> <span class='ocrx_word' id='word_1_685' title='bbox 1352 4361 1486 4399; x_wconf 89' lang='lat' dir='ltr'><strong>mea</strong></span> <span class='ocrx_word' id='word_1_686' title='bbox 1523 4345 1829 4402; x_wconf 86' lang='lat' dir='ltr'><strong>adversum</strong></span> <span class='ocrx_word' id='word_1_687' title='bbox 1862 4354 2076 4404; x_wconf 91' lang='lat' dir='ltr'><strong>semet-</strong></span> 
     </span>
    </p>
   </div>
   <div class='ocr_carea' id='block_1_83' title="bbox 2177 4076 3784 4148">
    <p class='ocr_par' dir='ltr' id='par_1_83' title="bbox 2177 4076 3784 4148">
     <span class='ocr_line' id='line_1_83' title="bbox 2177 4076 3784 4148; baseline -0.002 -15"><span class='ocrx_word' id='word_1_688' title='bbox 2177 4082 2308 4133; x_wconf 87' lang='lat' dir='ltr'><strong>rent</strong></span> <span class='ocrx_word' id='word_1_689' title='bbox 2334 4096 2447 4133; x_wconf 92' lang='lat' dir='ltr'><strong>me.</strong></span> <span class='ocrx_word' id='word_1_690' title='bbox 2481 4079 2622 4134; x_wconf 88' lang='lat' dir='ltr'><strong>Cum</strong></span> <span class='ocrx_word' id='word_1_691' title='bbox 2655 4077 2791 4132; x_wconf 88' lang='lat' dir='ltr'><strong>dicit</strong></span> <span class='ocrx_word' id='word_1_692' title='bbox 2816 4078 3167 4139; x_wconf 79' lang='lat' dir='ltr'><strong>transierunt,</strong></span> <span class='ocrx_word' id='word_1_693' title='bbox 3190 4076 3382 4130; x_wconf 92' lang='lat' dir='ltr'><strong>innuit</strong></span> <span class='ocrx_word' id='word_1_694' title='bbox 3413 4077 3567 4148; x_wconf 90' lang='lat' dir='ltr'><strong>quod</strong></span> <span class='ocrx_word' id='word_1_695' title='bbox 3596 4076 3784 4131; x_wconf 90' lang='lat' dir='ltr'><strong>sicve-</strong></span> 
     </span>
    </p>
   </div>
   <div class='ocr_carea' id='block_1_84' title="bbox 2180 4164 3783 4233">
    <p class='ocr_par' dir='ltr' id='par_1_84' title="bbox 2180 4164 3783 4233">
     <span class='ocr_line' id='line_1_84' title="bbox 2180 4164 3783 4233; baseline -0.002 -11"><span class='ocrx_word' id='word_1_696' title='bbox 2180 4171 2393 4222; x_wconf 88' lang='lat' dir='ltr'><strong>nerunt</strong></span> <span class='ocrx_word' id='word_1_697' title='bbox 2424 4170 2484 4221; x_wconf 92' lang='lat' dir='ltr'><strong>ut</strong></span> <span class='ocrx_word' id='word_1_698' title='bbox 2511 4166 2844 4233; x_wconf 89' lang='lat' dir='ltr'><strong>transirent,</strong></span> <span class='ocrx_word' id='word_1_699' title='bbox 2874 4169 2935 4220; x_wconf 90' lang='lat' dir='ltr'><strong>ut</strong></span> <span class='ocrx_word' id='word_1_700' title='bbox 2964 4164 3210 4218; x_wconf 86' lang='lat' dir='ltr'><strong>instruat</strong></span> <span class='ocrx_word' id='word_1_701' title='bbox 3240 4180 3336 4218; x_wconf 87' lang='lat' dir='ltr'><strong>eas</strong></span> <span class='ocrx_word' id='word_1_702' title='bbox 3384 4180 3501 4219; x_wconf 91' lang='lat' dir='ltr'><strong>non</strong></span> <span class='ocrx_word' id='word_1_703' title='bbox 3545 4181 3667 4219; x_wconf 88' lang='lat' dir='ltr'><strong>esse</strong></span> <span class='ocrx_word' id='word_1_704' title='bbox 3706 4164 3783 4219; x_wconf 86' lang='lat' dir='ltr'><strong>ti-</strong></span> 
     </span>
    </p>
   </div>
   <div class='ocr_carea' id='block_1_85' title="bbox 2183 4250 3786 4321">
    <p class='ocr_par' dir='ltr' id='par_1_85' title="bbox 2183 4250 3786 4321">
     <span class='ocr_line' id='line_1_85' title="bbox 2183 4250 3786 4321; baseline -0.001 -13"><span class='ocrx_word' id='word_1_705' title='bbox 2183 4254 2444 4321; x_wconf 90' lang='lat' dir='ltr'><strong>mendas,</strong></span> <span class='ocrx_word' id='word_1_706' title='bbox 2488 4271 2619 4309; x_wconf 91' lang='lat' dir='ltr'><strong>cum</strong></span> <span class='ocrx_word' id='word_1_707' title='bbox 2659 4254 2775 4308; x_wconf 90' lang='lat' dir='ltr'><strong>sint</strong></span> <span class='ocrx_word' id='word_1_708' title='bbox 2818 4252 3179 4308; x_wconf 71' lang='lat' dir='ltr'><strong>transitorios.</strong></span> <span class='ocrx_word' id='word_1_709' title='bbox 3246 4250 3470 4307; x_wconf 74' lang='lat' dir='ltr'><strong>Fluctus</strong></span> <span class='ocrx_word' id='word_1_710' title='bbox 3515 4252 3786 4307; x_wconf 82' lang='lat' dir='ltr'><strong>dicuntur</strong></span> 
     </span>
    </p>
   </div>
   <div class='ocr_carea' id='block_1_86' title="bbox 2184 4341 3787 4413">
    <p class='ocr_par' dir='ltr' id='par_1_86' title="bbox 2184 4341 3787 4413">
     <span class='ocr_line' id='line_1_86' title="bbox 2184 4341 3787 4413; baseline -0.002 -14"><span class='ocrx_word' id='word_1_711' title='bbox 2184 4345 2602 4409; x_wconf 86' lang='lat' dir='ltr'><strong>tribulationes,</strong></span> <span class='ocrx_word' id='word_1_712' title='bbox 2639 4360 2707 4398; x_wconf 89' lang='lat' dir='ltr'><strong>eo</strong></span> <span class='ocrx_word' id='word_1_713' title='bbox 2758 4341 2913 4413; x_wconf 91' lang='lat' dir='ltr'><strong>quod</strong></span> <span class='ocrx_word' id='word_1_714' title='bbox 2968 4342 3307 4413; x_wconf 88' lang='lat' dir='ltr'><strong>opprimunt</strong></span> <span class='ocrx_word' id='word_1_715' title='bbox 3353 4357 3609 4409; x_wconf 90' lang='lat' dir='ltr'><strong>carnem,</strong></span> <span class='ocrx_word' id='word_1_716' title='bbox 3640 4341 3787 4396; x_wconf 83' lang='lat' dir='ltr'><strong>sicut.</strong></span> 
     </span>
    </p>
   </div>
   <div class='ocr_carea' id='block_1_87' title="bbox 474 4422 3784 4509">
    <p class='ocr_par' dir='ltr' id='par_1_87' title="bbox 474 4422 3784 4509">
     <span class='ocr_line' id='line_1_87' title="bbox 474 4422 3784 4509; baseline -0.001 -21"><span class='ocrx_word' id='word_1_717' title='bbox 474 4432 659 4505; x_wconf 88' lang='lat' dir='ltr'><strong>ipsam</strong></span> <span class='ocrx_word' id='word_1_718' title='bbox 685 4431 850 4503; x_wconf 89' lang='lat' dir='ltr'><strong>:quia</strong></span> <span class='ocrx_word' id='word_1_719' title='bbox 868 4431 1021 4485; x_wconf 89' lang='lat' dir='ltr'><strong>unde</strong></span> <span class='ocrx_word' id='word_1_720' title='bbox 1042 4447 1157 4486; x_wconf 89' lang='lat' dir='ltr'><strong>non</strong></span> <span class='ocrx_word' id='word_1_721' title='bbox 1186 4432 1452 4503; x_wconf 90' lang='lat' dir='ltr'><strong>oportuit</strong></span> <span class='ocrx_word' id='word_1_722' title='bbox 1474 4432 1707 4502; x_wconf 90' lang='lat' dir='ltr'><strong>tristari,</strong></span> <span class='ocrx_word' id='word_1_723' title='bbox 1736 4435 1812 4509; x_wconf 89' lang='lat' dir='ltr'><strong>de</strong></span> <span class='ocrx_word' id='word_1_724' title='bbox 1847 4438 2081 4492; x_wconf 85' lang='lat' dir='ltr'><strong>tribula-</strong></span> <span class='ocrx_word' id='word_1_725' title='bbox 2105 4422 2157 4481; x_wconf 85' lang='lat' dir='ltr'><strong>D</strong></span> <span class='ocrx_word' id='word_1_726' title='bbox 2185 4434 2389 4489; x_wconf 89' lang='lat' dir='ltr'><strong>ﬂuctus</strong></span> <span class='ocrx_word' id='word_1_727' title='bbox 2418 4432 2755 4505; x_wconf 90' lang='lat' dir='ltr'><strong>opprimunt</strong></span> <span class='ocrx_word' id='word_1_728' title='bbox 2782 4447 2986 4485; x_wconf 91' lang='lat' dir='ltr'><strong>navem</strong></span> <span class='ocrx_word' id='word_1_729' title='bbox 3042 4430 3177 4494; x_wconf 62' lang='lat' dir='ltr'><strong>Quae</strong></span> <span class='ocrx_word' id='word_1_730' title='bbox 3201 4430 3422 4484; x_wconf 86' lang='lat' dir='ltr'><strong>excelsa</strong></span> <span class='ocrx_word' id='word_1_731' title='bbox 3446 4434 3503 4484; x_wconf 93' lang='lat' dir='ltr'><strong>et</strong></span> <span class='ocrx_word' id='word_1_732' title='bbox 3520 4431 3784 4502; x_wconf 86' lang='lat' dir='ltr'><strong>quosﬂu-</strong></span> 
     </span>
    </p>
   </div>
   <div class='ocr_carea' id='block_1_88' title="bbox 477 4518 2086 4586">
    <p class='ocr_par' dir='ltr' id='par_1_88' title="bbox 477 4518 2086 4586">
     <span class='ocr_line' id='line_1_88' title="bbox 477 4518 2086 4586; baseline 0.002 -10"><span class='ocrx_word' id='word_1_733' title='bbox 477 4520 732 4576; x_wconf 87' lang='lat' dir='ltr'><strong>tionibus</strong></span> <span class='ocrx_word' id='word_1_734' title='bbox 760 4518 995 4586; x_wconf 89' lang='lat' dir='ltr'><strong>scilicet,</strong></span> <span class='ocrx_word' id='word_1_735' title='bbox 1028 4519 1202 4573; x_wconf 89' lang='lat' dir='ltr'><strong>tristis</strong></span> <span class='ocrx_word' id='word_1_736' title='bbox 1231 4520 1383 4574; x_wconf 87' lang='lat' dir='ltr'><strong>facta</strong></span> <span class='ocrx_word' id='word_1_737' title='bbox 1410 4524 1513 4575; x_wconf 89' lang='lat' dir='ltr'><strong>est.</strong></span> <span class='ocrx_word' id='word_1_738' title='bbox 1540 4523 1601 4576; x_wconf 91' lang='lat' dir='ltr'><strong>In</strong></span> <span class='ocrx_word' id='word_1_739' title='bbox 1636 4523 1744 4579; x_wconf 90' lang='lat' dir='ltr'><strong>hoc</strong></span> <span class='ocrx_word' id='word_1_740' title='bbox 1775 4529 1970 4580; x_wconf 91' lang='lat' dir='ltr'><strong>autem</strong></span> <span class='ocrx_word' id='word_1_741' title='bbox 2002 4527 2086 4580; x_wconf 91' lang='lat' dir='ltr'><strong>in-</strong></span> 
     </span>
    </p>
   </div>
   <div class='ocr_carea' id='block_1_89' title="bbox 477 4606 2081 4682">
    <p class='ocr_par' dir='ltr' id='par_1_89' title="bbox 477 4606 2081 4682">
     <span class='ocr_line' id='line_1_89' title="bbox 477 4606 2081 4682; baseline 0.005 -20"><span class='ocrx_word' id='word_1_742' title='bbox 477 4606 1039 4679; x_wconf 89' lang='lat' dir='ltr'><strong>nuit,quiasimiliter</strong></span> <span class='ocrx_word' id='word_1_743' title='bbox 1051 4608 1351 4663; x_wconf 87' lang='lat' dir='ltr'><strong>adversum</strong></span> <span class='ocrx_word' id='word_1_744' title='bbox 1367 4626 1470 4663; x_wconf 90' lang='lat' dir='ltr'><strong>nos</strong></span> <span class='ocrx_word' id='word_1_745' title='bbox 1484 4609 1772 4682; x_wconf 83' lang='lat' dir='ltr'><strong>indignari</strong></span> <span class='ocrx_word' id='word_1_746' title='bbox 1787 4613 2081 4671; x_wconf 91' lang='lat' dir='ltr'><strong>debemus:</strong></span> 
     </span>
    </p>
   </div>
   <div class='ocr_carea' id='block_1_90' title="bbox 482 4696 2089 4771">
    <p class='ocr_par' dir='ltr' id='par_1_90' title="bbox 482 4696 2089 4771">
     <span class='ocr_line' id='line_1_90' title="bbox 482 4696 2089 4771; baseline 0.003 -19"><span class='ocrx_word' id='word_1_747' title='bbox 482 4698 529 4752; x_wconf 92' lang='lat' dir='ltr'><strong>si</strong></span> <span class='ocrx_word' id='word_1_748' title='bbox 556 4696 867 4767; x_wconf 87' lang='lat' dir='ltr'><strong>contigerit</strong></span> <span class='ocrx_word' id='word_1_749' title='bbox 897 4696 1206 4768; x_wconf 85' lang='lat' dir='ltr'><strong>aliquando</strong></span> <span class='ocrx_word' id='word_1_750' title='bbox 1234 4714 1339 4768; x_wconf 89' lang='lat' dir='ltr'><strong>pro</strong></span> <span class='ocrx_word' id='word_1_751' title='bbox 1371 4699 1739 4755; x_wconf 89' lang='lat' dir='ltr'><strong>tribulatione</strong></span> <span class='ocrx_word' id='word_1_752' title='bbox 1760 4702 2009 4771; x_wconf 89' lang='lat' dir='ltr'><strong>tristitia,</strong></span> <span class='ocrx_word' id='word_1_753' title='bbox 2032 4707 2089 4759; x_wconf 90' lang='lat' dir='ltr'><strong>et</strong></span> 
     </span>
    </p>
   </div>
   <div class='ocr_carea' id='block_1_91' title="bbox 481 4785 2088 4865">
    <p class='ocr_par' dir='ltr' id='par_1_91' title="bbox 481 4785 2088 4865">
     <span class='ocr_line' id='line_1_91' title="bbox 481 4785 2088 4865; baseline 0.005 -25"><span class='ocrx_word' id='word_1_754' title='bbox 481 4785 561 4840; x_wconf 90' lang='lat' dir='ltr'><strong>sic</strong></span> <span class='ocrx_word' id='word_1_755' title='bbox 586 4802 620 4840; x_wconf 93' lang='lat' dir='ltr'><strong>a</strong></span> <span class='ocrx_word' id='word_1_756' title='bbox 651 4785 883 4839; x_wconf 89' lang='lat' dir='ltr'><strong>tristitia</strong></span> <span class='ocrx_word' id='word_1_757' title='bbox 904 4785 1193 4839; x_wconf 90' lang='lat' dir='ltr'><strong>recedere.</strong></span> <span class='ocrx_word' id='word_1_758' title='bbox 1225 4786 1345 4841; x_wconf 88' lang='lat' dir='ltr'><strong>Dixi</strong></span> <span class='ocrx_word' id='word_1_759' title='bbox 1370 4789 1524 4858; x_wconf 90' lang='lat' dir='ltr'><strong>quod</strong></span> <span class='ocrx_word' id='word_1_760' title='bbox 1546 4789 1799 4845; x_wconf 89' lang='lat' dir='ltr'><strong>transibo</strong></span> <span class='ocrx_word' id='word_1_761' title='bbox 1818 4808 1992 4865; x_wconf 88' lang='lat' dir='ltr'><strong>usque</strong></span> <span class='ocrx_word' id='word_1_762' title='bbox 2015 4792 2088 4848; x_wconf 82' lang='lat' dir='ltr'><strong>ad</strong></span> 
     </span>
    </p>
   </div>
   <div class='ocr_carea' id='block_1_92' title="bbox 483 4872 2085 4948">
    <p class='ocr_par' dir='ltr' id='par_1_92' title="bbox 483 4872 2085 4948">
     <span class='ocr_line' id='line_1_92' title="bbox 483 4872 2085 4948; baseline 0.004 -20"><span class='ocrx_word' id='word_1_763' title='bbox 483 4872 725 4929; x_wconf 90' lang='lat' dir='ltr'><strong>domum</strong></span> <span class='ocrx_word' id='word_1_764' title='bbox 762 4872 861 4927; x_wconf 91' lang='lat' dir='ltr'><strong>Dei</strong></span> <span class='ocrx_word' id='word_1_765' title='bbox 914 4873 981 4926; x_wconf 89' lang='lat' dir='ltr'><strong>Et</strong></span> <span class='ocrx_word' id='word_1_766' title='bbox 1002 4878 1277 4944; x_wconf 80' lang='lat' dir='ltr'><strong>propterea</strong></span> <span class='ocrx_word' id='word_1_767' title='bbox 1311 4876 1446 4947; x_wconf 87' lang='lat' dir='ltr'><strong>quia</strong></span> <span class='ocrx_word' id='word_1_768' title='bbox 1477 4875 1547 4930; x_wconf 91' lang='lat' dir='ltr'><strong>de</strong></span> <span class='ocrx_word' id='word_1_769' title='bbox 1586 4876 1694 4931; x_wconf 85' lang='lat' dir='ltr'><strong>hoc</strong></span> <span class='ocrx_word' id='word_1_770' title='bbox 1740 4882 1898 4933; x_wconf 88' lang='lat' dir='ltr'><strong>certa</strong></span> <span class='ocrx_word' id='word_1_771' title='bbox 1934 4897 2085 4948; x_wconf 90' lang='lat' dir='ltr'><strong>sum,</strong></span> 
     </span>
    </p>
   </div>
   <div class='ocr_carea' id='block_1_93' title="bbox 485 4961 2086 5033">
    <p class='ocr_par' dir='ltr' id='par_1_93' title="bbox 485 4961 2086 5033">
     <span class='ocr_line' id='line_1_93' title="bbox 485 4961 2086 5033; baseline 0.004 -16"><span class='ocrx_word' id='word_1_772' title='bbox 485 4979 685 5017; x_wconf 86' lang='lat' dir='ltr'><strong>memor</strong></span> <span class='ocrx_word' id='word_1_773' title='bbox 708 4978 795 5015; x_wconf 86' lang='lat' dir='ltr'><strong>ero</strong></span> <span class='ocrx_word' id='word_1_774' title='bbox 827 4962 909 5014; x_wconf 85' lang='lat' dir='ltr'><strong>tui</strong></span> <span class='ocrx_word' id='word_1_775' title='bbox 936 4961 1008 5015; x_wconf 93' lang='lat' dir='ltr'><strong>ad</strong></span> <span class='ocrx_word' id='word_1_776' title='bbox 1041 4965 1096 5015; x_wconf 91' lang='lat' dir='ltr'><strong>te</strong></span> <span class='ocrx_word' id='word_1_777' title='bbox 1127 4977 1356 5033; x_wconf 89' lang='lat' dir='ltr'><strong>semper</strong></span> <span class='ocrx_word' id='word_1_778' title='bbox 1394 4963 1657 5018; x_wconf 91' lang='lat' dir='ltr'><strong>tendens.</strong></span> <span class='ocrx_word' id='word_1_779' title='bbox 1711 4966 1836 5020; x_wconf 86' lang='lat' dir='ltr'><strong>Non</strong></span> <span class='ocrx_word' id='word_1_780' title='bbox 1873 4968 2086 5023; x_wconf 90' lang='lat' dir='ltr'><strong>amodo</strong></span> 
     </span>
    </p>
   </div>
   <div class='ocr_carea' id='block_1_94' title="bbox 484 5049 2087 5126">
    <p class='ocr_par' dir='ltr' id='par_1_94' title="bbox 484 5049 2087 5126">
     <span class='ocr_line' id='line_1_94' title="bbox 484 5049 2087 5126; baseline 0.002 -19"><span class='ocrx_word' id='word_1_781' title='bbox 484 5049 758 5107; x_wconf 87' lang='lat' dir='ltr'><strong>oblivioni</strong></span> <span class='ocrx_word' id='word_1_782' title='bbox 784 5053 840 5103; x_wconf 91' lang='lat' dir='ltr'><strong>te</strong></span> <span class='ocrx_word' id='word_1_783' title='bbox 879 5050 1131 5104; x_wconf 89' lang='lat' dir='ltr'><strong>tradens.</strong></span> <span class='ocrx_word' id='word_1_784' title='bbox 1181 5051 1317 5114; x_wconf 60' lang='lat' dir='ltr'><strong>Quae</strong></span> <span class='ocrx_word' id='word_1_785' title='bbox 1369 5052 1659 5107; x_wconf 90' lang='lat' dir='ltr'><strong>memoria</strong></span> <span class='ocrx_word' id='word_1_786' title='bbox 1698 5055 1996 5126; x_wconf 83' lang='lat' dir='ltr'><strong>continget</strong></span> <span class='ocrx_word' id='word_1_787' title='bbox 2024 5056 2087 5110; x_wconf 82' lang='lat' dir='ltr'><strong>de</strong></span> 
     </span>
    </p>
   </div>
   <div class='ocr_carea' id='block_1_95' title="bbox 482 5138 2085 5213">
    <p class='ocr_par' dir='ltr' id='par_1_95' title="bbox 482 5138 2085 5213">
     <span class='ocr_line' id='line_1_95' title="bbox 482 5138 2085 5213; baseline 0.002 -17"><span class='ocrx_word' id='word_1_788' title='bbox 482 5146 626 5197; x_wconf 78' lang='lat' dir='ltr'><strong>terra</strong></span> <span class='ocrx_word' id='word_1_789' title='bbox 653 5138 913 5193; x_wconf 84' lang='lat' dir='ltr'><strong>Jordanis</strong></span> <span class='ocrx_word' id='word_1_790' title='bbox 945 5155 959 5192; x_wconf 93' lang='lat'><strong>:</strong></span> <span class='ocrx_word' id='word_1_791' title='bbox 984 5138 1054 5192; x_wconf 90' lang='lat' dir='ltr'><strong>de</strong></span> <span class='ocrx_word' id='word_1_792' title='bbox 1086 5155 1180 5194; x_wconf 91' lang='lat' dir='ltr'><strong>me</strong></span> <span class='ocrx_word' id='word_1_793' title='bbox 1213 5140 1444 5208; x_wconf 88' lang='lat' dir='ltr'><strong>scilicet,</strong></span> <span class='ocrx_word' id='word_1_794' title='bbox 1478 5142 1613 5213; x_wconf 91' lang='lat' dir='ltr'><strong>quia</strong></span> <span class='ocrx_word' id='word_1_795' title='bbox 1634 5141 1783 5197; x_wconf 87' lang='lat' dir='ltr'><strong>facta</strong></span> <span class='ocrx_word' id='word_1_796' title='bbox 1813 5161 1939 5197; x_wconf 89' lang='lat' dir='ltr'><strong>sum</strong></span> <span class='ocrx_word' id='word_1_797' title='bbox 1967 5162 2000 5198; x_wconf 90' lang='lat' dir='ltr'><strong>a</strong></span> <span class='ocrx_word' id='word_1_798' title='bbox 2028 5148 2085 5199; x_wconf 90' lang='lat' dir='ltr'><strong>te</strong></span> 
     </span>
    </p>
   </div>
   <div class='ocr_carea' id='block_1_96' title="bbox 482 5225 2088 5302">
    <p class='ocr_par' dir='ltr' id='par_1_96' title="bbox 482 5225 2088 5302">
     <span class='ocr_line' id='line_1_96' title="bbox 482 5225 2088 5302; baseline 0.002 -19"><span class='ocrx_word' id='word_1_799' title='bbox 482 5232 638 5283; x_wconf 85' lang='lat' dir='ltr'><strong>terra</strong></span> <span class='ocrx_word' id='word_1_800' title='bbox 666 5226 952 5292; x_wconf 84' lang='lat' dir='ltr'><strong>Jordanis,</strong></span> <span class='ocrx_word' id='word_1_801' title='bbox 986 5225 1043 5280; x_wconf 90' lang='lat' dir='ltr'><strong>id</strong></span> <span class='ocrx_word' id='word_1_802' title='bbox 1083 5231 1170 5280; x_wconf 91' lang='lat' dir='ltr'><strong>est</strong></span> <span class='ocrx_word' id='word_1_803' title='bbox 1200 5231 1351 5283; x_wconf 88' lang='lat' dir='ltr'><strong>terra</strong></span> <span class='ocrx_word' id='word_1_804' title='bbox 1380 5228 1601 5300; x_wconf 85' lang='lat' dir='ltr'><strong>irrigua</strong></span> <span class='ocrx_word' id='word_1_805' title='bbox 1654 5234 1713 5283; x_wconf 83' lang='lat' dir='ltr'><strong>et</strong></span> <span class='ocrx_word' id='word_1_806' title='bbox 1757 5231 1958 5287; x_wconf 84' lang='lat' dir='ltr'><strong>fertilis</strong></span> <span class='ocrx_word' id='word_1_807' title='bbox 1984 5248 2088 5302; x_wconf 87' lang='lat' dir='ltr'><strong>per</strong></span> 
     </span>
    </p>
   </div>
   <div class='ocr_carea' id='block_1_97' title="bbox 478 5314 2085 5389">
    <p class='ocr_par' dir='ltr' id='par_1_97' title="bbox 478 5314 2085 5389">
     <span class='ocr_line' id='line_1_97' title="bbox 478 5314 2085 5389; baseline 0.001 -15"><span class='ocrx_word' id='word_1_808' title='bbox 478 5318 812 5382; x_wconf 83' lang='lat' dir='ltr'><strong>Jordanem,</strong></span> <span class='ocrx_word' id='word_1_809' title='bbox 848 5314 906 5369; x_wconf 90' lang='lat' dir='ltr'><strong>id</strong></span> <span class='ocrx_word' id='word_1_810' title='bbox 940 5318 1044 5381; x_wconf 90' lang='lat' dir='ltr'><strong>est,</strong></span> <span class='ocrx_word' id='word_1_811' title='bbox 1079 5331 1183 5386; x_wconf 88' lang='lat' dir='ltr'><strong>per</strong></span> <span class='ocrx_word' id='word_1_812' title='bbox 1205 5316 1511 5388; x_wconf 88' lang='lat' dir='ltr'><strong>baptisma,</strong></span> <span class='ocrx_word' id='word_1_813' title='bbox 1564 5334 1691 5389; x_wconf 64' lang='lat' dir='ltr'><strong>quae</strong></span> <span class='ocrx_word' id='word_1_814' title='bbox 1722 5318 1878 5389; x_wconf 90' lang='lat' dir='ltr'><strong>prius</strong></span> <span class='ocrx_word' id='word_1_815' title='bbox 1924 5336 2085 5375; x_wconf 87' lang='lat' dir='ltr'><strong>eram</strong></span> 
     </span>
    </p>
   </div>
   <div class='ocr_carea' id='block_1_98' title="bbox 480 5403 2086 5477">
    <p class='ocr_par' dir='ltr' id='par_1_98' title="bbox 480 5403 2086 5477">
     <span class='ocr_line' id='line_1_98' title="bbox 480 5403 2086 5477; baseline 0.002 -16"><span class='ocrx_word' id='word_1_816' title='bbox 480 5412 638 5461; x_wconf 87' lang='lat' dir='ltr'><strong>terra</strong></span> <span class='ocrx_word' id='word_1_817' title='bbox 660 5404 864 5460; x_wconf 89' lang='lat' dir='ltr'><strong>sterilis</strong></span> <span class='ocrx_word' id='word_1_818' title='bbox 878 5403 949 5458; x_wconf 88' lang='lat' dir='ltr'><strong>ab</strong></span> <span class='ocrx_word' id='word_1_819' title='bbox 963 5419 1137 5473; x_wconf 85' lang='lat' dir='ltr'><strong>opere</strong></span> <span class='ocrx_word' id='word_1_820' title='bbox 1158 5404 1311 5459; x_wconf 89' lang='lat' dir='ltr'><strong>bono</strong></span> <span class='ocrx_word' id='word_1_821' title='bbox 1331 5422 1432 5477; x_wconf 91' lang='lat' dir='ltr'><strong>per</strong></span> <span class='ocrx_word' id='word_1_822' title='bbox 1458 5410 1824 5477; x_wconf 85' lang='lat' dir='ltr'><strong>peccatorum</strong></span> <span class='ocrx_word' id='word_1_823' title='bbox 1856 5409 1937 5462; x_wconf 87' lang='lat' dir='ltr'><strong>ari</strong></span> <span class='ocrx_word' id='word_1_824' title='bbox 1947 5410 1999 5463; x_wconf 88' lang='lat' dir='ltr'><strong>di</strong></span> <span class='ocrx_word' id='word_1_825' title='bbox 2009 5415 2086 5465; x_wconf 89' lang='lat' dir='ltr'><strong>ta-</strong></span> 
     </span>
    </p>
   </div>
   <div class='ocr_carea' id='block_1_99' title="bbox 481 5491 2079 5566">
    <p class='ocr_par' dir='ltr' id='par_1_99' title="bbox 481 5491 2079 5566">
     <span class='ocr_line' id='line_1_99' title="bbox 481 5491 2079 5566; baseline 0.003 -19"><span class='ocrx_word' id='word_1_826' title='bbox 481 5497 620 5547; x_wconf 90' lang='lat' dir='ltr'><strong>tem.</strong></span> <span class='ocrx_word' id='word_1_827' title='bbox 655 5492 937 5557; x_wconf 87' lang='lat' dir='ltr'><strong>Jordanis,</strong></span> <span class='ocrx_word' id='word_1_828' title='bbox 961 5491 1096 5563; x_wconf 85' lang='lat' dir='ltr'><strong>quia</strong></span> <span class='ocrx_word' id='word_1_829' title='bbox 1123 5491 1182 5545; x_wconf 91' lang='lat' dir='ltr'><strong>in</strong></span> <span class='ocrx_word' id='word_1_830' title='bbox 1223 5509 1290 5546; x_wconf 90' lang='lat' dir='ltr'><strong>eo</strong></span> <span class='ocrx_word' id='word_1_831' title='bbox 1319 5494 1596 5548; x_wconf 89' lang='lat' dir='ltr'><strong>Dominus</strong></span> <span class='ocrx_word' id='word_1_832' title='bbox 1633 5494 1947 5566; x_wconf 81' lang='lat' dir='ltr'><strong>baptizatus</strong></span> <span class='ocrx_word' id='word_1_833' title='bbox 1976 5500 2079 5565; x_wconf 69' lang='lat' dir='ltr'><strong>est,</strong></span> 
     </span>
    </p>
   </div>
   <div class='ocr_carea' id='block_1_100' title="bbox 481 5580 2083 5654">
    <p class='ocr_par' dir='ltr' id='par_1_100' title="bbox 481 5580 2083 5654">
     <span class='ocr_line' id='line_1_100' title="bbox 481 5580 2083 5654; baseline 0.005 -21"><span class='ocrx_word' id='word_1_834' title='bbox 481 5598 585 5650; x_wconf 88' lang='lat' dir='ltr'><strong>pro</strong></span> <span class='ocrx_word' id='word_1_835' title='bbox 608 5581 891 5650; x_wconf 84' lang='lat' dir='ltr'><strong>baptismo</strong></span> <span class='ocrx_word' id='word_1_836' title='bbox 914 5580 1149 5651; x_wconf 89' lang='lat' dir='ltr'><strong>ponitur</strong></span> <span class='ocrx_word' id='word_1_837' title='bbox 1175 5596 1188 5635; x_wconf 90' lang='lat'><strong>:</strong></span> <span class='ocrx_word' id='word_1_838' title='bbox 1213 5580 1288 5634; x_wconf 82' lang='lat' dir='ltr'><strong>Et</strong></span> <span class='ocrx_word' id='word_1_839' title='bbox 1306 5582 1403 5636; x_wconf 91' lang='lat' dir='ltr'><strong>illa</strong></span> <span class='ocrx_word' id='word_1_840' title='bbox 1420 5582 1705 5637; x_wconf 87' lang='lat' dir='ltr'><strong>memoria</strong></span> <span class='ocrx_word' id='word_1_841' title='bbox 1723 5581 1995 5654; x_wconf 79' lang='lat' dir='ltr'><strong>procedet</strong></span> <span class='ocrx_word' id='word_1_842' title='bbox 2012 5586 2083 5641; x_wconf 90' lang='lat' dir='ltr'><strong>de</strong></span> 
     </span>
    </p>
   </div>
   <div class='ocr_carea' id='block_1_101' title="bbox 482 5668 2082 5748">
    <p class='ocr_par' dir='ltr' id='par_1_101' title="bbox 482 5668 2082 5748">
     <span class='ocr_line' id='line_1_101' title="bbox 482 5668 2082 5748; baseline 0.005 -23"><span class='ocrx_word' id='word_1_843' title='bbox 482 5669 841 5735; x_wconf 76' lang='lat' dir='ltr'><strong>Hcrmoniz&#39;m,</strong></span> <span class='ocrx_word' id='word_1_844' title='bbox 859 5668 916 5722; x_wconf 93' lang='lat' dir='ltr'><strong>id</strong></span> <span class='ocrx_word' id='word_1_845' title='bbox 949 5672 1053 5737; x_wconf 89' lang='lat' dir='ltr'><strong>est,</strong></span> <span class='ocrx_word' id='word_1_846' title='bbox 1088 5669 1158 5723; x_wconf 92' lang='lat' dir='ltr'><strong>de</strong></span> <span class='ocrx_word' id='word_1_847' title='bbox 1186 5685 1303 5737; x_wconf 90' lang='lat' dir='ltr'><strong>me,</strong></span> <span class='ocrx_word' id='word_1_848' title='bbox 1336 5670 1470 5744; x_wconf 85' lang='lat' dir='ltr'><strong>quia</strong></span> <span class='ocrx_word' id='word_1_849' title='bbox 1499 5671 1650 5727; x_wconf 83' lang='lat' dir='ltr'><strong>facta</strong></span> <span class='ocrx_word' id='word_1_850' title='bbox 1671 5689 1797 5729; x_wconf 92' lang='lat' dir='ltr'><strong>sum</strong></span> <span class='ocrx_word' id='word_1_851' title='bbox 1828 5690 1930 5748; x_wconf 84' lang='lat' dir='ltr'><strong>per</strong></span> <span class='ocrx_word' id='word_1_852' title='bbox 1947 5691 2082 5733; x_wconf 86' lang='lat' dir='ltr'><strong>con-</strong></span> 
     </span>
    </p>
   </div>
   <div class='ocr_carea' id='block_1_102' title="bbox 2184 4518 3786 4589">
    <p class='ocr_par' dir='ltr' id='par_1_102' title="bbox 2184 4518 3786 4589">
     <span class='ocr_line' id='line_1_102' title="bbox 2184 4518 3786 4589; baseline -0.002 -12"><span class='ocrx_word' id='word_1_853' title='bbox 2184 4527 2305 4577; x_wconf 91' lang='lat' dir='ltr'><strong>ctus</strong></span> <span class='ocrx_word' id='word_1_854' title='bbox 2327 4523 2492 4577; x_wconf 89' lang='lat' dir='ltr'><strong>nobis</strong></span> <span class='ocrx_word' id='word_1_855' title='bbox 2517 4524 2571 4575; x_wconf 87' lang='lat' dir='ltr'><strong>in</strong></span> <span class='ocrx_word' id='word_1_856' title='bbox 2597 4522 2700 4581; x_wconf 60' lang='lat' dir='ltr'><strong>«lie,</strong></span> <span class='ocrx_word' id='word_1_857' title='bbox 2734 4520 2792 4574; x_wconf 91' lang='lat' dir='ltr'><strong>id</strong></span> <span class='ocrx_word' id='word_1_858' title='bbox 2821 4523 2906 4573; x_wconf 90' lang='lat' dir='ltr'><strong>est</strong></span> <span class='ocrx_word' id='word_1_859' title='bbox 2935 4518 2994 4572; x_wconf 91' lang='lat' dir='ltr'><strong>in</strong></span> <span class='ocrx_word' id='word_1_860' title='bbox 3026 4519 3429 4589; x_wconf 88' lang='lat' dir='ltr'><strong>prosperitate,</strong></span> <span class='ocrx_word' id='word_1_861' title='bbox 3462 4519 3786 4574; x_wconf 83' lang='lat' dir='ltr'><strong>constitutis</strong></span> 
     </span>
    </p>
   </div>
   <div class='ocr_carea' id='block_1_103' title="bbox 2186 4606 3785 4679">
    <p class='ocr_par' dir='ltr' id='par_1_103' title="bbox 2186 4606 3785 4679">
     <span class='ocr_line' id='line_1_103' title="bbox 2186 4606 3785 4679; baseline -0.003 -13"><span class='ocrx_word' id='word_1_862' title='bbox 2186 4612 2463 4666; x_wconf 80' lang='lat' dir='ltr'><strong>mandavit</strong></span> <span class='ocrx_word' id='word_1_863' title='bbox 2487 4612 2770 4668; x_wconf 83' lang='lat' dir='ltr'><strong>Dominus,</strong></span> <span class='ocrx_word' id='word_1_864' title='bbox 2799 4623 2904 4679; x_wconf 91' lang='lat' dir='ltr'><strong>per</strong></span> <span class='ocrx_word' id='word_1_865' title='bbox 2946 4606 3259 4677; x_wconf 90' lang='lat' dir='ltr'><strong>scripturas</strong></span> <span class='ocrx_word' id='word_1_866' title='bbox 3292 4607 3618 4673; x_wconf 89' lang='lat' dir='ltr'><strong>doctorum,</strong></span> <span class='ocrx_word' id='word_1_867' title='bbox 3660 4623 3785 4662; x_wconf 86' lang='lat' dir='ltr'><strong>esse</strong></span> 
     </span>
    </p>
   </div>
   <div class='ocr_carea' id='block_1_104' title="bbox 2190 4694 3789 4765">
    <p class='ocr_par' dir='ltr' id='par_1_104' title="bbox 2190 4694 3789 4765">
     <span class='ocr_line' id='line_1_104' title="bbox 2190 4694 3789 4765; baseline -0.004 -10"><span class='ocrx_word' id='word_1_868' title='bbox 2190 4699 2599 4755; x_wconf 79' lang='lat' dir='ltr'><strong>misericordiam</strong></span> <span class='ocrx_word' id='word_1_869' title='bbox 2625 4714 2797 4762; x_wconf 83' lang='lat' dir='ltr'><strong>suam,</strong></span> <span class='ocrx_word' id='word_1_870' title='bbox 2830 4696 2889 4749; x_wconf 92' lang='lat' dir='ltr'><strong>id</strong></span> <span class='ocrx_word' id='word_1_871' title='bbox 2914 4698 2999 4749; x_wconf 90' lang='lat' dir='ltr'><strong>est</strong></span> <span class='ocrx_word' id='word_1_872' title='bbox 3044 4712 3147 4765; x_wconf 90' lang='lat' dir='ltr'><strong>per</strong></span> <span class='ocrx_word' id='word_1_873' title='bbox 3189 4694 3646 4749; x_wconf 84' lang='lat' dir='ltr'><strong>misericordiam</strong></span> <span class='ocrx_word' id='word_1_874' title='bbox 3684 4694 3789 4751; x_wconf 81' lang='lat' dir='ltr'><strong>Dei</strong></span> 
     </span>
    </p>
   </div>
   <div class='ocr_carea' id='block_1_105' title="bbox 2191 4782 3790 4856">
    <p class='ocr_par' dir='ltr' id='par_1_105' title="bbox 2191 4782 3790 4856">
     <span class='ocr_line' id='line_1_105' title="bbox 2191 4782 3790 4856; baseline -0.005 -12"><span class='ocrx_word' id='word_1_875' title='bbox 2191 4789 2356 4844; x_wconf 87' lang='lat' dir='ltr'><strong>nobis</strong></span> <span class='ocrx_word' id='word_1_876' title='bbox 2375 4788 2596 4853; x_wconf 81' lang='lat' dir='ltr'><strong>inferri,</strong></span> <span class='ocrx_word' id='word_1_877' title='bbox 2615 4790 2694 4851; x_wconf 89' lang='lat' dir='ltr'><strong>ut,</strong></span> <span class='ocrx_word' id='word_1_878' title='bbox 2709 4801 2812 4856; x_wconf 89' lang='lat' dir='ltr'><strong>per</strong></span> <span class='ocrx_word' id='word_1_879' title='bbox 2824 4801 2921 4838; x_wconf 89' lang='lat' dir='ltr'><strong>eas</strong></span> <span class='ocrx_word' id='word_1_880' title='bbox 2935 4783 3185 4855; x_wconf 88' lang='lat' dir='ltr'><strong>purgati,</strong></span> <span class='ocrx_word' id='word_1_881' title='bbox 3206 4799 3323 4837; x_wconf 89' lang='lat' dir='ltr'><strong>non</strong></span> <span class='ocrx_word' id='word_1_882' title='bbox 3347 4782 3403 4837; x_wconf 91' lang='lat' dir='ltr'><strong>in</strong></span> <span class='ocrx_word' id='word_1_883' title='bbox 3421 4783 3613 4837; x_wconf 86' lang='lat' dir='ltr'><strong>futuro</strong></span> <span class='ocrx_word' id='word_1_884' title='bbox 3628 4782 3790 4837; x_wconf 90' lang='lat' dir='ltr'><strong>dam-</strong></span> 
     </span>
    </p>
   </div>
   <div class='ocr_carea' id='block_1_106' title="bbox 2190 4870 3791 4947">
    <p class='ocr_par' dir='ltr' id='par_1_106' title="bbox 2190 4870 3791 4947">
     <span class='ocr_line' id='line_1_106' title="bbox 2190 4870 3791 4947; baseline -0.004 -15"><span class='ocrx_word' id='word_1_885' title='bbox 2190 4894 2418 4943; x_wconf 91' lang='lat' dir='ltr'><strong>nemur,</strong></span> <span class='ocrx_word' id='word_1_886' title='bbox 2435 4876 2600 4947; x_wconf 85' lang='lat' dir='ltr'><strong>juxta</strong></span> <span class='ocrx_word' id='word_1_887' title='bbox 2624 4873 2763 4929; x_wconf 93' lang='lat' dir='ltr'><strong>illud</strong></span> <span class='ocrx_word' id='word_1_888' title='bbox 2788 4871 3084 4943; x_wconf 84' lang='lat' dir='ltr'><strong>Augustini</strong></span> <span class='ocrx_word' id='word_1_889' title='bbox 3110 4888 3129 4925; x_wconf 76' lang='lat'><strong>:.</strong></span> <span class='ocrx_word' id='word_1_890' title='bbox 3163 4894 3189 4920; x_wconf 88' lang='grc'><strong>‹‹</strong></span> <span class='ocrx_word' id='word_1_891' title='bbox 3215 4870 3655 4926; x_wconf 80' lang='lat' dir='ltr'><strong>Misericorditer</strong></span> <span class='ocrx_word' id='word_1_892' title='bbox 3684 4871 3791 4927; x_wconf 88' lang='lat' dir='ltr'><strong>ad-</strong></span> 
     </span>
    </p>
   </div>
   <div class='ocr_carea' id='block_1_107' title="bbox 2186 4959 3793 5035">
    <p class='ocr_par' dir='ltr' id='par_1_107' title="bbox 2186 4959 3793 5035">
     <span class='ocr_line' id='line_1_107' title="bbox 2186 4959 3793 5035; baseline -0.003 -14"><span class='ocrx_word' id='word_1_893' title='bbox 2186 4967 2346 5021; x_wconf 88' lang='lat' dir='ltr'><strong>hibet</strong></span> <span class='ocrx_word' id='word_1_894' title='bbox 2357 4965 2738 5035; x_wconf 87' lang='lat' dir='ltr'><strong>temporalem</strong></span> <span class='ocrx_word' id='word_1_895' title='bbox 2751 4961 3132 5028; x_wconf 80' lang='lat' dir='ltr'><strong>sevcritatem,</strong></span> <span class='ocrx_word' id='word_1_896' title='bbox 3152 4960 3380 5031; x_wconf 89' lang='lat' dir='ltr'><strong>nejuste</strong></span> <span class='ocrx_word' id='word_1_897' title='bbox 3396 4959 3607 5015; x_wconf 78' lang='lat' dir='ltr'><strong>inferat</strong></span> <span class='ocrx_word' id='word_1_898' title='bbox 3625 4965 3793 5016; x_wconf 65' lang='lat' dir='ltr'><strong>aeter-</strong></span> 
     </span>
    </p>
   </div>
   <div class='ocr_carea' id='block_1_108' title="bbox 2188 5048 3788 5121">
    <p class='ocr_par' dir='ltr' id='par_1_108' title="bbox 2188 5048 3788 5121">
     <span class='ocr_line' id='line_1_108' title="bbox 2188 5048 3788 5121; baseline -0.004 -11"><span class='ocrx_word' id='word_1_899' title='bbox 2188 5072 2324 5110; x_wconf 89' lang='lat' dir='ltr'><strong>nam</strong></span> <span class='ocrx_word' id='word_1_900' title='bbox 2356 5055 2708 5109; x_wconf 84' lang='lat' dir='ltr'><strong>ultionem.»</strong></span> <span class='ocrx_word' id='word_1_901' title='bbox 2746 5053 2895 5106; x_wconf 86' lang='lat' dir='ltr'><strong>Bene</strong></span> <span class='ocrx_word' id='word_1_902' title='bbox 2928 5050 3066 5105; x_wconf 89' lang='lat' dir='ltr'><strong>dicit</strong></span> <span class='ocrx_word' id='word_1_903' title='bbox 3095 5049 3329 5121; x_wconf 90' lang='lat' dir='ltr'><strong>quidem</strong></span> <span class='ocrx_word' id='word_1_904' title='bbox 3356 5051 3411 5103; x_wconf 81' lang='lat' dir='ltr'><strong>in</strong></span> <span class='ocrx_word' id='word_1_905' title='bbox 3433 5048 3537 5114; x_wconf 79' lang='lat' dir='ltr'><strong>die,</strong></span> <span class='ocrx_word' id='word_1_906' title='bbox 3560 5049 3788 5104; x_wconf 89' lang='lat' dir='ltr'><strong>idestin</strong></span> 
     </span>
    </p>
   </div>
   <div class='ocr_carea' id='block_1_109' title="bbox 2186 5137 3789 5217">
    <p class='ocr_par' dir='ltr' id='par_1_109' title="bbox 2186 5137 3789 5217">
     <span class='ocr_line' id='line_1_109' title="bbox 2186 5137 3789 5217; baseline -0.003 -20"><span class='ocrx_word' id='word_1_907' title='bbox 2186 5144 2587 5217; x_wconf 87' lang='lat' dir='ltr'><strong>prosperitate,</strong></span> <span class='ocrx_word' id='word_1_908' title='bbox 2628 5141 2923 5205; x_wconf 81' lang='lat' dir='ltr'><strong>mandavit,</strong></span> <span class='ocrx_word' id='word_1_909' title='bbox 2958 5138 3092 5210; x_wconf 89' lang='lat' dir='ltr'><strong>quia</strong></span> <span class='ocrx_word' id='word_1_910' title='bbox 3138 5141 3273 5191; x_wconf 89' lang='lat' dir='ltr'><strong>tunc</strong></span> <span class='ocrx_word' id='word_1_911' title='bbox 3309 5137 3569 5191; x_wconf 79' lang='lat' dir='ltr'><strong>fidelibus</strong></span> <span class='ocrx_word' id='word_1_912' title='bbox 3599 5138 3789 5193; x_wconf 89' lang='lat' dir='ltr'><strong>studio</strong></span> 
     </span>
    </p>
   </div>
   <div class='ocr_carea' id='block_1_110' title="bbox 2189 5224 3791 5303">
    <p class='ocr_par' dir='ltr' id='par_1_110' title="bbox 2189 5224 3791 5303">
     <span class='ocr_line' id='line_1_110' title="bbox 2189 5224 3791 5303; baseline -0.004 -16"><span class='ocrx_word' id='word_1_913' title='bbox 2189 5233 2612 5303; x_wconf 81' lang='lat' dir='ltr'><strong>Scripturarum</strong></span> <span class='ocrx_word' id='word_1_914' title='bbox 2647 5246 2847 5283; x_wconf 79' lang='lat' dir='ltr'><strong>vacare</strong></span> <span class='ocrx_word' id='word_1_915' title='bbox 2883 5229 3034 5293; x_wconf 87' lang='lat' dir='ltr'><strong>licet,</strong></span> <span class='ocrx_word' id='word_1_916' title='bbox 3076 5242 3208 5280; x_wconf 87' lang='lat' dir='ltr'><strong>cum</strong></span> <span class='ocrx_word' id='word_1_917' title='bbox 3248 5244 3283 5279; x_wconf 89' lang='lat' dir='ltr'><strong>a</strong></span> <span class='ocrx_word' id='word_1_918' title='bbox 3320 5224 3791 5281; x_wconf 80' lang='lat' dir='ltr'><strong>tribulationibus</strong></span> 
     </span>
    </p>
   </div>
   <div class='ocr_carea' id='block_1_111' title="bbox 2187 5313 3789 5393">
    <p class='ocr_par' dir='ltr' id='par_1_111' title="bbox 2187 5313 3789 5393">
     <span class='ocr_line' id='line_1_111' title="bbox 2187 5313 3789 5393; baseline -0.003 -18"><span class='ocrx_word' id='word_1_919' title='bbox 2187 5322 2505 5393; x_wconf 86' lang='lat' dir='ltr'><strong>quiescunt.</strong></span> <span class='ocrx_word' id='word_1_920' title='bbox 2533 5320 2611 5373; x_wconf 82' lang='lat' dir='ltr'><strong>Et</strong></span> <span class='ocrx_word' id='word_1_921' title='bbox 2644 5316 2937 5373; x_wconf 89' lang='lat' dir='ltr'><strong>mandavit</strong></span> <span class='ocrx_word' id='word_1_922' title='bbox 2956 5332 3060 5387; x_wconf 92' lang='lat' dir='ltr'><strong>per</strong></span> <span class='ocrx_word' id='word_1_923' title='bbox 3092 5314 3324 5369; x_wconf 88' lang='lat' dir='ltr'><strong>easdem</strong></span> <span class='ocrx_word' id='word_1_924' title='bbox 3358 5313 3700 5387; x_wconf 89' lang='lat' dir='ltr'><strong>Scripturas,</strong></span> <span class='ocrx_word' id='word_1_925' title='bbox 3727 5316 3789 5370; x_wconf 89' lang='lat' dir='ltr'><strong>in</strong></span> 
     </span>
    </p>
   </div>
   <div class='ocr_carea' id='block_1_112' title="bbox 2186 5403 3790 5475">
    <p class='ocr_par' dir='ltr' id='par_1_112' title="bbox 2186 5403 3790 5475">
     <span class='ocr_line' id='line_1_112' title="bbox 2186 5403 3790 5475; baseline -0.002 -14"><span class='ocrx_word' id='word_1_926' title='bbox 2186 5416 2350 5475; x_wconf 81' lang='lat' dir='ltr'><strong>nocte,</strong></span> <span class='ocrx_word' id='word_1_927' title='bbox 2385 5408 2440 5462; x_wconf 92' lang='lat' dir='ltr'><strong>id</strong></span> <span class='ocrx_word' id='word_1_928' title='bbox 2468 5411 2551 5461; x_wconf 81' lang='lat' dir='ltr'><strong>est</strong></span> <span class='ocrx_word' id='word_1_929' title='bbox 2579 5408 2637 5461; x_wconf 92' lang='lat' dir='ltr'><strong>in</strong></span> <span class='ocrx_word' id='word_1_930' title='bbox 2661 5405 2998 5461; x_wconf 88' lang='lat' dir='ltr'><strong>adversitate</strong></span> <span class='ocrx_word' id='word_1_931' title='bbox 3026 5403 3355 5457; x_wconf 88' lang='lat' dir='ltr'><strong>habendum</strong></span> <span class='ocrx_word' id='word_1_932' title='bbox 3382 5418 3502 5457; x_wconf 90' lang='lat' dir='ltr'><strong>esse</strong></span> <span class='ocrx_word' id='word_1_933' title='bbox 3520 5405 3790 5457; x_wconf 83' lang='lat' dir='ltr'><strong>canticum</strong></span> 
     </span>
    </p>
   </div>
   <div class='ocr_carea' id='block_1_113' title="bbox 2184 5490 3785 5569">
    <p class='ocr_par' dir='ltr' id='par_1_113' title="bbox 2184 5490 3785 5569">
     <span class='ocr_line' id='line_1_113' title="bbox 2184 5490 3785 5569; baseline -0.001 -20"><span class='ocrx_word' id='word_1_934' title='bbox 2184 5498 2316 5569; x_wconf 67' lang='lat' dir='ltr'><strong>(jus,</strong></span> <span class='ocrx_word' id='word_1_935' title='bbox 2332 5497 2389 5552; x_wconf 91' lang='lat' dir='ltr'><strong>id</strong></span> <span class='ocrx_word' id='word_1_936' title='bbox 2411 5495 2931 5568; x_wconf 76' lang='lat' dir='ltr'><strong>cstjucuuditatem</strong></span> <span class='ocrx_word' id='word_1_937' title='bbox 2951 5492 3005 5546; x_wconf 87' lang='lat' dir='ltr'><strong>in</strong></span> <span class='ocrx_word' id='word_1_938' title='bbox 3025 5491 3287 5561; x_wconf 78' lang='lat' dir='ltr'><strong>e0,juxta</strong></span> <span class='ocrx_word' id='word_1_939' title='bbox 3309 5490 3446 5545; x_wconf 89' lang='lat' dir='ltr'><strong>illud</strong></span> <span class='ocrx_word' id='word_1_940' title='bbox 3462 5491 3785 5563; x_wconf 84' lang='lat' dir='ltr'><strong>Evangelii:</strong></span> 
     </span>
    </p>
   </div>
   <div class='ocr_carea' id='block_1_114' title="bbox 2182 5579 3785 5647">
    <p class='ocr_par' dir='ltr' id='par_1_114' title="bbox 2182 5579 3785 5647">
     <span class='ocr_line' id='line_1_114' title="bbox 2182 5579 3785 5647; baseline -0.004 -7"><span class='ocrx_word' id='word_1_941' title='bbox 2182 5606 2215 5640; x_wconf 68' lang='grc' dir='ltr'><strong>α</strong></span> <span class='ocrx_word' id='word_1_942' title='bbox 2240 5587 2493 5642; x_wconf 84' lang='lat' dir='ltr'><strong>Gaudete</strong></span> <span class='ocrx_word' id='word_1_943' title='bbox 2529 5588 2587 5639; x_wconf 91' lang='lat' dir='ltr'><strong>et</strong></span> <span class='ocrx_word' id='word_1_944' title='bbox 2617 5585 2892 5638; x_wconf 81' lang='lat' dir='ltr'><strong>exsultate</strong></span> <span class='ocrx_word' id='word_1_945' title='bbox 2915 5597 3047 5635; x_wconf 92' lang='lat' dir='ltr'><strong>cum</strong></span> <span class='ocrx_word' id='word_1_946' title='bbox 3078 5596 3177 5633; x_wconf 84' lang='lat' dir='ltr'><strong>vos</strong></span> <span class='ocrx_word' id='word_1_947' title='bbox 3222 5579 3454 5634; x_wconf 88' lang='lat' dir='ltr'><strong>oderint</strong></span> <span class='ocrx_word' id='word_1_948' title='bbox 3493 5580 3785 5647; x_wconf 89' lang='lat' dir='ltr'><strong>homines,</strong></span> 
     </span>
    </p>
   </div>
   <div class='ocr_carea' id='block_1_115' title="bbox 2182 5666 3789 5750">
    <p class='ocr_par' dir='ltr' id='par_1_115' title="bbox 2182 5666 3789 5750">
     <span class='ocr_line' id='line_1_115' title="bbox 2182 5666 3789 5750; baseline -0.003 -18"><span class='ocrx_word' id='word_1_949' title='bbox 2182 5679 2241 5733; x_wconf 88' lang='lat' dir='ltr'><strong>et</strong></span> <span class='ocrx_word' id='word_1_950' title='bbox 2271 5672 2740 5750; x_wconf 77' lang='lat' dir='ltr'><strong>exprobraveriut</strong></span> <span class='ocrx_word' id='word_1_951' title='bbox 2768 5685 2886 5739; x_wconf 84' lang='lat' dir='ltr'><strong>vos,</strong></span> <span class='ocrx_word' id='word_1_952' title='bbox 2916 5672 2975 5724; x_wconf 95' lang='lat' dir='ltr'><strong>et</strong></span> <span class='ocrx_word' id='word_1_953' title='bbox 3003 5666 3506 5741; x_wconf 86' lang='lat' dir='ltr'><strong>ejecerintnomen</strong></span> <span class='ocrx_word' id='word_1_954' title='bbox 3534 5670 3789 5727; x_wconf 85' lang='lat' dir='ltr'><strong>vestrum</strong></span> 
     </span>
    </p>
   </div>
  </div>
