3994 6042
285 258 389 317 817

1283 258 1640 321 EXPOSITIO
1680 258 1748 320 ΙΝ
1788 264 2123 322 PSALMOS.
2151 261 2437 324 -—PSAL.
2479 262 2611 324 XLII

3511 271 3616 333 Sis

283 382 570 451 tanquam
597 381 821 436 malum
848 385 1089 454 propter
1117 383 1323 440 Filium
1378 386 1663 443 hominis:
1698 388 1908 444 Merces
1928 396 1983 454 Α
2076 388 2273 443 Judica
2303 407 2404 456 me,
2431 389 2597 457 Deus,
2627 391 2787 463 quasi
2820 391 3008 452 dicat:
3049 394 3170 450 Non
3184 395 3500 451 reformido
3522 397 3616 468 ju-

285 468 445 523 enim
468 473 657 525 vestra
683 473 867 526 multa
888 473 1045 527 estin
1065 475 1205 529 coelo
1226 474 1381 546 (Luc.
1399 493 1469 542 v1,
1501 480 1618 543 22).
1649 497 1677 527 »
1708 477 1896 543 Diem,

282 557 422 627 quia
451 559 636 613 clarus
663 563 769 627 est,
786 578 890 632 pro
921 564 1301 635 prosperitate
1318 565 1509 634 ponit;
1531 568 1760 620 noctem
1795 582 1895 620 au-

282 646 567 718 tem,quia
584 648 844 715 obscura,
863 667 967 722 pro
998 652 1358 707 adversitate.
1390 654 1675 718 Quoniam
1705 657 1899 708 autem

278 735 580 790 mandavit
621 738 1025 794 tribulationes
1055 757 1174 794 esse
1234 742 1712 809 miscricordiam,
1755 748 1812 798 et
1841 745 1898 797 in

281 826 453 878 nocte
484 824 819 881 habendum
851 843 972 882 esse
1005 830 1314 895 canticum,
1340 830 1483 901 aqurl
1512 848 1611 897 me,
1639 832 1694 886 id
1724 836 1807 885 est.
1836 832 1915 886 in

277 911 455 966 corde
470 929 600 968 meo
615 913 726 968 erit
745 919 916 969 oratio
928 917 1193 972 facienda
1208 918 1340 985 Deo,
1374 920 1564 991 opiﬁci
1591 922 1715 974 viiee
1746 938 1896 989 meae,

276 1000 341 1054 id
369 1005 454 1055 est
484 1002 664 1057 orabo
710 1004 865 1059 intra
903 1022 997 1059 me
1030 1008 1213 1062 Deum
1245 1011 1538 1063 auctorem
1566 1009 1694 1062 vitm
1725 1026 1896 1077 metr,

275 1091 500 1145 scilicet
533 1092 706 1146 dicam
761 1094 1001 1149 interius
1030 1098 1147 1151 Deo
1174 1113 1187 1150 :
1223 1097 1267 1151 Ο
1297 1099 1463 1164 Deus,
1497 1102 1558 1152 tu
1609 1106 1894 1170 susceptor,

274 1179 337 1235 id
365 1183 450 1235 cst
479 1182 735 1238 medicus
765 1187 822 1239 et
857 1189 1133 1257 patronus
1162 1204 1305 1240 meus
1326 1205 1397 1243 es.

353 1268 531 1335 Quare
551 1288 689 1340 ergo
711 1273 909 1329 oblitus
938 1292 989 1328 es
1016 1277 1138 1342 mei,
1166 1275 1225 1330 id
1248 1280 1333 1331 est
1355 1276 1561 1332 videris
1596 1294 1716 1332 esse
1748 1276 1891 1332 obli-

278 1358 376 1411 tus
400 1358 558 1413 mei?
589 1360 834 1431 Exponit
864 1366 1058 1416 autem
1087 1362 1143 1416 in
1175 1381 1289 1435 quo
1321 1366 1547 1420 videtur
1571 1366 1799 1431 oblitus,
1815 1365 1893 1419 sic

280 1445 502 1501 scilicet
530 1463 543 1501 :
568 1465 733 1520 quare
763 1453 1105 1505 contristatus
1126 1453 1325 1517 incerto,
1361 1453 1419 1508 id
1450 1457 1537 1507 est
1566 1470 1742 1526 quare
1772 1470 1896 1525 per-

275 1534 466 1588 mittis
493 1553 587 1591 me
621 1538 1050 1594 constristatum
1081 1540 1349 1595 incedere
1365 1541 1517 1596 viam
1546 1542 1675 1596 vitae
1702 1543 1891 1610 hujus,

268 1622 546 1690 dum,hoc
566 1628 650 1679 est
672 1627 847 1697 quod,
872 1627 1077 1698 afﬂigit
1098 1646 1180 1683 me
1206 1631 1450 1683 inimicus
1464 1630 1897 1685 tribulando?Et

2008 476 2219 531 dicium
2255 481 2441 545 tuum,
2477 483 2537 532 ut
2567 479 2753 550 impii,
2787 483 2885 537 sed
2915 499 3038 548 oro,
3061 484 3249 552 judico
3271 501 3353 538 me
3381 484 3621 556 sicutju-

2007 566 2199 620 dicare
2234 567 2427 622 debes.
2465 567 2541 621 Et
2565 569 2673 623 hoc
2705 571 2879 625 modo
2895 572 3106 641 judica,
3149 572 3360 627 scilicet
3388 574 3620 627 discerne

2004 653 2062 707 in
2093 654 2284 710 futuro
2315 674 2529 710 causam
2558 675 2750 723 meam,
2781 659 2838 713 id
2869 663 2954 714 est
2987 661 3282 731 negotium
3330 678 3525 717 meum
3555 663 3618 715 de

2001 751 2155 812 gente
2182 762 2288 797 non
2312 754 2514 811 sancta,
2546 746 2601 799 id
2637 752 2721 799 est
2747 748 2815 801 de
2841 765 3009 801 causa
3052 750 3323 803 falsorum
3350 751 3615 804 Christia—

2006 849 2238 899 norum,
2272 834 2367 904 qui
2401 850 2458 887 se
2490 839 2718 889 sanctos
2749 852 2868 889 esse
2900 838 3176 892 simulant
3208 844 3266 892 et.
3296 855 3411 892 non
3444 843 3610 905 sunt;

2008 923 2069 974 ut
2089 937 2217 974 cum
2253 939 2403 975 nunc
2434 924 2630 976 multis
2660 924 2944 978 incertum
2970 926 3060 992 sit,
3085 926 3181 997 qui
3214 928 3417 981 melius
3442 944 3616 993 nego-

2005 1008 2147 1062 tium
2181 1010 2398 1063 habent
2428 1014 2485 1064 et
2515 1011 2793 1066 meritum
2842 1012 2897 1066 in
2956 1015 3169 1080 futuro,
3198 1016 3482 1069 reveletur
3508 1031 3612 1085 per

2000 1096 2798 1167 tuiJustijudicis,judicium,
2814 1116 2941 1155 cum
2964 1119 3068 1155 nos
3087 1105 3325 1172 propter
3340 1103 3612 1156 meritum

1998 1188 2261 1238 nostrum
2294 1187 2662 1254 salvabimur,
2694 1188 2797 1259 ipsi
2829 1206 2959 1243 vero
2991 1192 3229 1260 propter
3257 1207 3421 1243 suum
3447 1190 3610 1244 dam-

1997 1272 2480 1327 nabuntur.Prius
2511 1279 2707 1329 autem
2739 1292 2913 1346 quam
2939 1276 3299 1346 adjudicium
3320 1276 3459 1332 illud
3480 1293 3610 1348 per-

1994 1360 2278 1427 veniatur,
2313 1378 2436 1416 erue
2478 1379 2561 1417 me
2592 1380 2696 1433 per
2738 1365 2993 1434 corporis
3042 1365 3501 1432 dissolutionem,
3545 1365 3614 1419 ab

1992 1448 2200 1502 homine
2229 1450 2445 1521 iniquo,
2474 1450 2527 1505 id
2563 1455 2648 1505 est
2677 1453 2748 1505 ab
2784 1452 3115 1524 iniquorum
3138 1453 3442 1508 hominum
3472 1470 3611 1507 con-

1996 1538 2194 1604 sortio,
2227 1539 2503 1593 falsorum
2537 1540 2799 1594 videlicet
2819 1541 3295 1607 Christianorum,
3321 1542 3416 1614 qui
3443 1558 3609 1613 aper-

1995 1628 2117 1679 tam
2149 1625 2292 1679 milii
2322 1626 2579 1681 inferunt
2611 1628 2796 1682 verbis
2826 1630 2911 1682 vel
2937 1629 3101 1683 factis
3125 1631 3609 1700 persecutionem,

269 1709 426 1775 dum,
478 1713 586 1767 hoc
636 1718 721 1768 est
746 1715 920 1787 quod.
966 1717 1329 1787 confringant:
1353 1736 1382 1770 r
1410 1735 1522 1773 ossa
1554 1736 1691 1784 mea,
1723 1718 1782 1773 id
1813 1720 1898 1771 est
1920 1709 1970 1768 B
1998 1716 2060 1767 ut
2075 1713 2262 1781 Arius,
2289 1718 2346 1768 et
2366 1716 2559 1768 caateri
2582 1715 2708 1770 falsi
2732 1715 2928 1770 ﬁdeles
2951 1720 3008 1770 et
3029 1718 3304 1785 hmretici,
3339 1718 3437 1790 qui
3466 1719 3607 1773 ﬁde-

273 1798 655 1856 debilitantur
679 1803 1045 1859 fortitudines
1074 1805 1364 1874 patientiae
1390 1823 1557 1871 mem,
1585 1822 1716 1860 cum
1739 1823 1893 1878 aegre

270 1887 462 1943 feram
484 1890 1202 1965 tribulationes,de‘quibus
1219 1910 1335 1948 non
1354 1898 1501 1949 esset
1518 1894 1721 1949 tristan
1731 1894 1892 1950 dum.

273 1976 416 2031 Ossa
447 1978 745 2047 pluraliter
765 1981 1220 2052 ponitquantum
1254 1983 1327 2037 ad
1357 1984 1549 2053 plures
1579 1983 1778 2037 ﬁdeles
1799 1986 1897 2039 Ec-

276 2066 490 2120 clesiae.
542 2068 609 2121 Et
637 2084 815 2138 quare
845 2070 1213 2124 contristatus
1235 2070 1461 2136 incedo,
1495 2071 1635 2125 dum
1673 2071 1893 2127 inimici

277 2153 420 2221 mei,
460 2155 557 2226 qui
608 2173 703 2210 me
735 2157 1033 2224 tribulant,
1061 2160 1507 2229 exprobrauerunt
1533 2161 1687 2226 mihi,
1720 2161 1777 2215 id
1810 2164 1896 2215 est

270 2242 492 2313 probra
514 2244 656 2298 mihi
681 2244 1283 2313 intulerunt,dicentes
1302 2264 1395 2301 me
1412 2249 1643 2302 stultam
1662 2251 1721 2303 et
1743 2249 1894 2303 insa-

271 2347 413 2385 nam
447 2348 732 2404 esse,quze
765 2335 968 2389 amitto
997 2336 1148 2390 bona
1170 2336 1497 2407 praesentia,
1531 2339 1588 2390 et
1615 2337 1892 2407 promitto

273 2417 422 2471 mihi
454 2418 757 2475 invisibilia
785 2438 850 2476 ac
881 2421 1120 2477 futura?
1146 2424 1212 2476 Et
1242 2422 1368 2476 dum
1400 2423 1587 2478 dicunt
1617 2425 1754 2478 milii
1795 2442 1895 2495 per

272 2506 511 2574 singulos
543 2508 682 2563 dies:
720 2510 824 2565 Ubi
862 2517 936 2564 est
960 2510 1106 2565 Deus
1141 2518 1282 2577 tuus,
1316 2512 1413 2583 qui
1444 2515 1501 2566 te
1532 2529 1651 2567 non
1683 2513 1893 2567 liberat

272 2599 331 2649 et
363 2612 535 2667 quem
567 2599 872 2654 ostendere
900 2599 1143 2671 nequis?
1167 2601 1321 2654 Hanc
1342 2602 1535 2655 autem
1565 2602 1891 2656 orationem

276 2700 347 2738 ex
374 2684 601 2756 ingenti
631 2686 915 2742 desiderio
947 2687 1025 2741 sic
1049 2687 1462 2757 interrogative
1493 2689 1676 2759 ponit.
1716 2691 1781 2743 Et
1807 2693 1891 2743 est

270 2772 383 2826 hoc
408 2776 596 2827 totum
627 2790 693 2827 ac
721 2774 765 2828 si
800 2779 1069 2845 poneret:
1102 2776 1226 2830 Noli
1255 2776 1336 2829 sic
1357 2776 1469 2831 mei
1498 2776 1710 2830 oblitus
1741 2794 1885 2844 esse,

272 2863 339 2914 ut
370 2860 440 2915 de
473 2861 885 2917 afﬂictionibus
927 2880 1068 2934 quas
1092 2880 1197 2935 pro
1230 2866 1286 2917 te
1316 2863 1505 2935 patior
1533 2864 1884 2930 constrister,

1996 1802 2079 1855 les
2110 1818 2274 1857 veros
2307 1803 2647 1859 omnimode
2677 1805 2957 1875 persecuti
2988 1808 3138 1861 sunt.
3180 1805 3259 1860 Et
3286 1823 3421 1861 erue
3447 1823 3541 1861 me
3573 1824 3607 1861 a

1995 1890 2169 1943 doloso
2194 1891 2454 1958 homine,
2478 1892 2535 1946 id
2553 1896 2639 1946 est
2664 1910 2697 1947 a
2714 1893 3046 1948 dolosorum
3073 1894 3361 1948 consortio
3387 1910 3400 1948 ε
3432 1894 3603 1949 falso-

1996 1995 2128 2032 rum
2160 1978 2423 2033 videlicet
2455 1980 2909 2036 Christianorum
2943 1986 3001 2036 et
3054 1983 3480 2050 haereticorum,
3507 1982 3606 2054 qui

1998 2065 2257 2122 dolosam
2286 2068 2429 2122 mihi
2455 2072 2513 2122 et
2534 2070 2813 2125 latentem
2836 2070 3094 2125 inferunt
3125 2072 3603 2142 persecutionem.

1995 2155 2232 2209 Homine
2259 2156 2397 2210 dicit
2428 2156 2812 2228 singulariter,
2846 2159 2982 2230 quia
3012 2176 3191 2212 unum
3224 2159 3363 2231 quid
3393 2160 3453 2214 in
3480 2177 3604 2214 ma-

1994 2244 2119 2298 litia
2148 2248 2309 2311 sunt;
2344 2245 2586 2316 dignum
2621 2250 2707 2300 est
2736 2250 2929 2300 autem
2959 2251 3020 2301 ut
3061 2247 3288 2316 judices
3318 2252 3376 2303 et
3417 2265 3602 2315 eruas,

1994 2335 2245 2404 quoniam
2265 2341 2321 2386 tu
2354 2351 2405 2387 es
2427 2334 2686 2404 fortitudo
2703 2352 2842 2403 mea,
2872 2335 2929 2389 id
2960 2338 3046 2390 est
3064 2336 3229 2391 fortis
3262 2352 3386 2391 sum
3414 2353 3518 2408 per
3547 2341 3604 2391 te

1994 2437 2068 2474 ne
2117 2419 2381 2475 deﬁciam
2437 2421 2494 2474 in
2547 2421 3030 2488 tribulationibus,
3076 2423 3201 2490 etsi,
3259 2424 3394 2495 quia
3424 2425 3494 2478 de
3525 2424 3606 2478 eis

1993 2509 2322 2579 contristor,
2345 2510 2538 2564 minus
2566 2511 2764 2565 videar
2799 2528 2919 2565 esse
2952 2512 3255 2583 perfectus.
3295 2514 3603 2567 Prmtentio

1992 2597 2205 2651 meriti.
2244 2597 2421 2664 Quare
2449 2615 2590 2669 ergo
2619 2615 2748 2652 cum
2785 2616 2879 2653 me
2904 2600 2983 2653 sic
3020 2600 3144 2670 jam
3166 2601 3373 2655 fortem
3399 2600 3602 2664 fecisti,

1990 2701 2073 2738 me
2093 2686 2353 2756 repulisti,
2370 2687 2426 2741 id
2445 2691 2529 2740 est
2549 2686 2696 2739 visus
2713 2704 2771 2741 es
2788 2704 2820 2741 a
2846 2688 3033 2757 gratia
3048 2688 3321 2758 repulisse
3335 2687 3363 2741 ?
3389 2688 3604 2743 scilicet

1990 2790 2156 2843 quare
2185 2776 2349 2827 tristis
2381 2774 2581 2840 incedo,
2607 2774 2665 2827 id
2693 2777 2776 2827 est
2800 2775 2895 2827 diu
2932 2791 3142 2829 maneo
3179 2775 3500 2831 incedendo
3530 2777 3600 2831 de

1989 2860 2221 2915 tristitia
2250 2861 2309 2915 in
2344 2861 2681 2916 tristitiam?
2724 2861 2873 2928 dum,
2913 2863 3022 2916 hoc
3066 2864 3357 2934 estquod,
3398 2866 3602 2933 afﬂigit

271 2952 330 3003 et
364 2952 427 3003 ut
455 2950 895 3022 confringantur
920 2968 1046 3007 ossa
1074 2968 1228 3019 mea,
1262 2955 1320 3006 et
1361 2955 1424 3006 ut
1468 2952 1642 3007 tristis
1674 2953 1780 3007 sim
1816 2954 1886 3008 de
1916 2981 1958 3045 Β
1988 2965 2071 3002 me
2099 2950 2355 3004 inimicus
2380 2949 2718 3005 omnimoda
2739 2950 3074 3006 afﬂictione.
3110 2952 3274 3015 Quod
3288 2954 3597 3008 estdicere:

270 3038 499 3109 probris
525 3039 596 3093 ab
641 3039 888 3094 inimicis
914 3056 1018 3110 pro
1044 3044 1101 3095 te
1128 3040 1319 3095 illatis.
1341 3041 1498 3095 Facit
1523 3045 1717 3095 autem
1746 3057 1883 3112 apo-

266 3127 565 3199 stropham
596 3128 669 3182 ad
694 3145 752 3182 se
782 3130 1134 3185 consolando
1163 3130 1419 3184 animam
1442 3146 1605 3183 suam
1624 3130 1693 3184 de
1717 3131 1887 3185 tristi-

265 3214 351 3269 tia
378 3232 500 3281 sua,
532 3215 645 3270 sic:
678 3216 815 3291 Dico
832 3218 978 3291 gupd
994 3218 1135 3271 Deus
1156 3224 1229 3271 est
1248 3225 1510 3288 susceptor
1534 3235 1698 3272 meus.
1732 3220 1881 3291 Ergo

265 3234 351 3269 ua
378 3234 500 3281 sua,
532 3234 610 3270 Sic
632 3234 645 3270 :
678 3234 815 3271 meo
875 3234 975 3270 non
994 3234 1135 3271 ueus
1156 3234 1229 3271 es:
1248 3234 1510 3288 susceptor
1534 3235 1698 3272 meus.
1734 3234 1878 3291 Ergo

263 3318 433 3374 quare
482 3305 644 3357 tristis
673 3322 725 3359 es
968 3308 1153 3359 anima
1186 3323 1302 3360 mea
1326 3308 1354 3359 ?
1381 3313 1430 3360 et
1469 3324 1635 3377 quare
1666 3315 1878 3361 contur-

264 3390 358 3445 bas
404 3392 534 3445 me?
574 3392 697 3447 Noli
736 3393 1061 3448 contristari
1122 3397 1178 3448 et
1227 3396 1571 3449 conturbare
1609 3412 1724 3450 me.
1768 3396 1877 3450 Sed

261 3496 413 3550 spera
432 3481 489 3533 in
512 3480 646 3546 Deo,
690 3483 949 3552 quoniam
981 3483 1156 3537 adhuc
1185 3484 1470 3550 conﬁtebor
1504 3484 1601 3549 illi,
1646 3485 1879 3538 salutare

261 3569 448 3622 vultus
470 3571 639 3623 meiet
658 3569 804 3623 Deus
835 3587 998 3626 meus.
1026 3572 1143 3626 Hoc
1168 3575 1361 3626 autem
1385 3572 1497 3638 hic,
1526 3577 1588 3626 ut
1625 3572 1879 3644 superius

263 3657 596 3728 exponitur.

334 3746 665 3801 Notandum
692 3749 910 3815 autem,
933 3747 1041 3802 hoc
1062 3746 1323 3820 quamvis
1347 3748 1605 3820 superius
1626 3747 1875 3821 positum

257 3833 357 3900 sit,
396 3834 486 3889 hic
517 3835 694 3891 etiam
726 3852 844 3891 non
873 3837 1159 3908 superflue
1189 3837 1484 3909 poni,cum
1512 3838 1584 3892 ad
1606 3837 1874 3910 aliudpo-

256 3924 580 3991 natur,hoc
608 3926 782 3980 etiam
815 3942 881 3980 ex
907 3925 1210 3980 affectione
1233 3926 1411 3980 nimia
1429 3927 1506 3981 sic
1529 3926 1869 3997 ingeminat.

257 4011 428 4076 Quod
458 4012 616 4068 enim
649 4015 907 4069 multum
960 4014 1271 4081 desiderat,
1306 4016 1483 4069 semel
1518 4014 1722 4070 dixisse
1754 4031 1871 4070 non

256 4099 491 4156 sufﬁcit.

759 4192 828 4246 IN
868 4184 1193 4248 PSALMUM
1216 4192 1370 4247 XLII.

1988 3038 2129 3092 Cum
2152 3037 2276 3108 jam
2319 3054 2422 3108 per
2453 3038 2875 3105 fortitudinem,
2905 3056 3079 3110 quam
3111 3056 3145 3093 a
3174 3043 3230 3094 te
3260 3042 3446 3096 habeo
3478 3059 3595 3096 non

1984 3126 2184 3198 repelli
2213 3126 2656 3198 promeruerim,
2685 3128 2802 3182 noli
2828 3128 3107 3199 repellere
3129 3128 3206 3183 sic
3238 3132 3302 3183 ut
3331 3130 3402 3183 de
3424 3130 3599 3184 tribu-

1982 3214 2292 3269 lationibus
2323 3214 2528 3285 quibus
2560 3215 2631 3269 ab
2650 3215 2896 3269 inimicis
2918 3232 3024 3286 pro
3052 3220 3106 3271 te
3128 3217 3379 3288 afﬂigor,
3409 3217 3598 3272 dimit-

1982 3303 2066 3356 tas
2097 3319 2192 3356 me
2223 3302 2447 3356 tristem
2477 3302 2765 3358 incedere.
2806 3304 2968 3359 Dico:
2992 3304 3184 3375 judica
3214 3322 3314 3358 me.
3332 3306 3397 3359 Et
3417 3305 3593 3360 etiam

1970 3390 2289 3460 judicando
2339 3392 2524 3445 emitte
2564 3392 2622 3446 in
2656 3408 2774 3455 me,
2807 3392 2864 3446 id
2891 3396 2976 3446 est
3004 3394 3307 3447 manifeste
3336 3393 3503 3447 mitte
3534 3394 3591 3448 in

1979 3495 2096 3544 me,
2132 3483 2193 3532 ut
2237 3478 2463 3549 plenius
2495 3496 2862 3550 cognoscam,
2894 3480 3060 3535 lucem
3092 3488 3260 3548 tuam,
3287 3481 3345 3535 id
3390 3485 3475 3535 est
3501 3498 3590 3535 sa-

1979 3567 2260 3637 pientiam
2286 3570 2468 3627 tuam,
2494 3584 2621 3637 quae
2648 3567 2857 3620 dicitur
2875 3568 2968 3621 lux
2998 3571 3198 3634 tua,eo
3218 3569 3370 3640 quod
3392 3570 3593 3624 huma-

1978 3674 2116 3711 nam
2146 3659 2413 3709 naturam
2432 3654 2537 3709 sibi
2564 3654 2944 3724 personaliter
2976 3657 3197 3709 unitam
3221 3656 3591 3721 illuminet,et

1976 3748 2177 3818 postea
2208 3743 2406 3798 omnia
2426 3743 2550 3812 ejus
2582 3742 3048 3813 mcmbra,juxta
3078 3744 3244 3797 illud:
3277 3765 3304 3792 ‹‹
3334 3744 3464 3796 Erat
3495 3745 3585 3797 lux

1975 3848 2263 3903 vera,quae
2292 3831 2579 3886 illuminat
2594 3846 2831 3884 omnem
2860 3830 3157 3884 hominem
3172 3830 3499 3884 venientem
3523 3830 3581 3884 in

1973 3921 2125 3975 hunc
2179 3919 2464 3974 mundum
2491 3919 2673 3980 (Joan.
2711 3934 2748 3983 ι,
2784 3918 2860 3988 9).
2899 3939 2926 3965 »
2956 3917 3034 3971 Et
3077 3918 3276 3972 emitte
3314 3920 3582 3971 veritatem

1974 4017 2140 4075 tuam,
2167 4008 2224 4062 id
2255 4012 2338 4063 est
2361 4006 2663 4061 manifeste
2688 4005 2853 4060 mitte
2875 4005 2933 4059 in
2962 4023 3056 4061 me
3077 4006 3371 4061 veritatem
3394 4010 3577 4073 tuam,

1971 4099 2029 4154 id
2058 4102 2142 4153 est
2167 4098 2485 4151 humanam
2518 4098 2809 4161 naturam,
2845 4098 2907 4149 ut
2937 4094 3072 4150 ﬁam
3099 4095 3149 4149 ei
3191 4096 3578 4151 conformisin

1968 4185 2422 4258 impassibilitate
2469 4186 2526 4237 et
2557 4182 2615 4237 in
2649 4182 3108 4239 immortalitate.
3143 4184 3358 4240 Dicitur
3382 4189 3575 4241 autem

329 4277 543 4336 Titulus
563 4279 990 4353 quadragesimi
1022 4281 1280 4336 secundi.
1302 4281 1554 4338 Psalmus
1577 4280 1776 4344 David,
1809 4280 1867 4335 id

1988 4275 2096 4330 deo
2122 4275 2380 4328 humana
2412 4275 2617 4325 natura
2644 4271 3045 4343 veritas,quod
3065 4288 3197 4326 cum
3216 4272 3578 4345 impassibilis

258 4370 346 4422 est
375 4367 633 4422 Ecclesia
674 4372 1019 4439 martyrum.
1083 4368 1354 4440 Superius
1410 4370 1635 4424 videtur
1686 4368 1865 4440 egisse

256 4455 507 4510 Ecclesia
558 4460 904 4527 martyrum,
957 4457 1250 4529 suspirans
1292 4458 1350 4511 in
1380 4456 1862 4524 tribulationibus,

254 4541 429 4598 illatis
466 4544 538 4599 ab
564 4545 812 4600 inimicis
855 4545 951 4616 qui
983 4549 1143 4600 extra
1196 4546 1503 4600 Ecclesiam
1555 4549 1711 4600 sunt:
1769 4545 1866 4616 qui

256 4630 436 4687 etiam
467 4632 736 4687 dixerunt
763 4631 850 4687 bis
877 4649 890 4687 :
943 4654 973 4683 «
1030 4633 1134 4688 Ubi
1167 4636 1251 4687 est
1281 4635 1430 4688 Deus
1452 4634 1625 4688 tuus?
1649 4632 1862 4703 »(Psal.

253 4735 366 4775 XLI.
402 4722 512 4789 Η.)
539 4720 639 4775 Hic
668 4722 865 4775 autem
896 4720 1146 4775 Ecclesia
1175 4723 1497 4792 martyrum
1528 4720 1648 4793 agit
1675 4720 1736 4775 in
1760 4719 1862 4775 tri-

253 4806 647 4863 bulationibus
671 4809 949 4863 falsorum
979 4806 1236 4862 ﬁdelium
1258 4808 1462 4880 posita,
1487 4825 1659 4863 orans
1688 4807 1863 4862 utDei

248 4895 467 4968 judicio
494 4913 664 4952 causa
690 4913 792 4951 sua
812 4913 848 4950 a
877 4911 1046 4951 causa
1074 4894 1331 4967 ipsorum
1364 4896 1740 4964 discernatur,
1765 4896 1866 4950 sci-

252 4987 388 5043 licet
430 4988 495 5040 ut
524 4989 659 5041 tunc
713 4984 1139 5047 manifestetur,
1172 5001 1301 5056 quae
1355 4985 1548 5055 potior
1575 4984 1667 5051 sit,
1708 4986 1864 5056 quod

254 5090 410 5131 nunc
433 5090 467 5129 a
513 5074 711 5129 multis
737 5074 1058 5146 ignoratur.
1089 5073 1227 5127 Orat
1256 5072 1434 5127 etiam
1475 5076 1540 5128 ut
1559 5073 1632 5128 ab
1661 5089 1863 5128 eorum

253 5163 547 5219 consortio
572 5165 806 5217 eruatur
835 5164 964 5235 post
986 5160 1244 5232 corporis
1273 5160 1862 5233 dissolutionemque

252 5253 431 5308 modo
462 5253 649 5307 multa
678 5250 894 5324 patitur
922 5267 1028 5323 per
1056 5248 1399 5305 eorumdem
1425 5249 1862 5315 inﬁdelium,cui

251 5341 563 5415 prmsentia
595 5356 904 5412 corporum
935 5339 1248 5410 conjuncta
1277 5340 1383 5404 est,
1416 5336 1782 5409 iniquitatem
1806 5339 1865 5392 et

252 5429 987 5488 dotositatem.Consolatur
1004 5444 1230 5503 quoque
1242 5443 1301 5483 se
1315 5426 1384 5482 de
1402 5424 1866 5483 tribulationibus

256 5518 618 5596 suis.uullam
630 5516 766 5578 inde
775 5517 1104 5578 habendam
1121 5533 1241 5577 esse
1253 5513 1543 5577 tristitiam
1557 5513 1866 5575 ostendens

1966 4364 2037 4419 sit
2059 4367 2117 4419 et
2144 4362 2509 4429 immortalis,
2540 4362 2769 4433 penitus
2791 4362 3280 4417 incommutabilis
3303 4361 3575 4417 est.Unde

1965 4452 2069 4508 seri
2077 4456 2239 4523 ptum
2262 4455 2348 4506 est
2369 4468 2381 4505 :
2405 4474 2432 4500 ‹‹
2449 4451 2615 4521 Apud
2635 4467 2806 4521 quem
2823 4467 2937 4505 non
2952 4455 3035 4505 est
3048 4451 3453 4506 transmutatio
3471 4468 3575 4505 nec

1964 4538 2366 4596 vicissitudinis
2393 4538 2760 4593 obumbratio
2796 4538 2939 4609 (Jac.
2978 4555 3016 4592 ι.
3055 4542 3163 4607 l7).
3195 4557 3226 4591 »
3258 4540 3409 4593 Bene
3439 4555 3573 4593 vero

1966 4629 2128 4701 ponit
2147 4631 2343 4689 emitte,
2357 4625 2518 4698 quasi
2542 4626 2758 4680 diceret
2778 4643 2790 4680 :
2807 4626 2934 4680 1am
2958 4625 3017 4680 in
3042 4642 3137 4680 me
3168 4626 3362 4682 misisti
3384 4627 3571 4683 lucem

1965 4721 2146 4780 tuam,
2180 4716 2239 4771 id
2269 4719 2355 4770 est
2396 4714 2789 4787 cognitionem
2822 4718 2880 4769 et
2918 4714 3410 4786 perspicacitatem
3434 4714 3572 4770 lucis

1963 4808 2096 4871 tum;
2127 4804 2224 4859 sed
2252 4804 2492 4858 obscura
2518 4805 2604 4856 est
2629 4805 2685 4856 et
2716 4802 2874 4873 quasi
2908 4819 3011 4873 per
3035 4803 3350 4874 speculum.
3384 4802 3450 4855 Et
3476 4818 3568 4856 ve—

1962 4893 2191 4947 ritatem
2224 4892 2282 4946 in
2316 4908 2409 4946 me
2443 4890 2744 4957 misisti,ut
2771 4890 3190 4962 aliquantulum
3221 4889 3270 4944 ei
3295 4888 3401 4942 sim
3428 4905 3565 4944 con-

1962 4982 2165 5037 formis
2188 4981 2245 5036 in
2275 4980 2595 5035 virtutibus.
2841 4978 2952 5033 Sed
2980 4977 3038 5031 in
3068 4977 3259 5031 futuro
3289 4977 3488 5043 emitte,
3510 4978 3569 5034 id

1965 5075 2051 5125 est
2079 5087 2147 5124 ex
2175 5074 2231 5124 te
2262 5068 2321 5124 in
2349 5086 2443 5123 me
2477 5069 2672 5123 mitte:
2695 5070 2776 5134 ut,
2802 5082 2929 5137 quae
2948 5065 3004 5119 in
3032 5068 3089 5119 te
3115 5064 3563 5134 absconditaest,

1963 5158 2023 5213 in
2056 5176 2149 5213 me
2182 5157 2439 5229 plenarie
2472 5158 2591 5223 ﬁat,
2626 5156 2683 5210 in
2718 5157 2998 5227 quantum
3030 5153 3293 5224 possibile
3316 5156 3421 5220 est,
3459 5155 3566 5209 sci-

1962 5248 2093 5303 licet
2119 5250 2179 5301 ut
2209 5248 2393 5301 lucem
2421 5247 2579 5300 illam
2615 5242 2868 5314 plenarie
2888 5258 3234 5313 cognoscam
3258 5258 3271 5295 :
3299 5240 3358 5295 in
3385 5257 3568 5312 quan-

1961 5338 2087 5391 tum
2118 5335 2259 5390 mihi
2281 5333 2547 5406 possibile
2565 5335 2650 5387 est
2666 5345 3033 5403 cognoscere,
3062 5330 3160 5402 qui
3185 5345 3336 5383 nunc
3359 5345 3573 5399 cogno-

1963 5441 2057 5481 sco
2089 5441 2153 5480 ex
2188 5427 2370 5496 parte.
2428 5422 2495 5478 Et
2525 5419 2627 5491 qui
2669 5417 2983 5480 conformis
3010 5416 3266 5491 plenarie
3297 5432 3412 5471 non
3442 5433 3573 5475 sum

1964 5511 2187 5572 veritati
2245 5512 2378 5585 tuae,
2438 5508 2733 5587 plenarie,
2782 5505 2845 5567 in
2874 5510 3152 5584 quantum
3176 5502 3438 5583 possibile
3469 5509 3579 5580 est,
