4008 6030
420 281 526 336 εις)
1024 270 1082 336 ‘s.
1125 275 1471 336 BRUNONI‘S
1511 263 2148 336 CARTHUSIANORUM
2184 229 2651 334 assumens
2691 269 2845 333 ore.
2887 267 3064 332 PARS
3103 259 3126 331 ἱ
3623 255 3732 332 820

412 398 660 454 habeam
689 395 750 454 in
765 414 859 454 me
880 399 1345 456 conformitatem
1369 399 1638 468 veritatis,
1677 402 1739 454 ut
1762 398 2020 472 impassi-
2043 403 2099 460 Α
2124 397 2291 454 ritate
2319 401 2676 472 praestantes,
2699 413 2803 470 per
2822 397 3033 468 scripta
3047 412 3150 452 sua
3178 403 3528 450 narraverunt
3557 397 3728 452 nobis.

411 487 544 542 bilis
573 488 819 543 existens
845 491 900 542 et
931 487 1511 562 immortalispenitus
1529 487 2023 544 incommutabilis
2121 489 2190 542 Et
2223 504 2340 544 non
2365 490 2478 544 tale
2507 487 2644 560 quid
2663 489 3061 553 narraverunt,
3091 484 3731 558 quodignorarentzsed

409 575 670 632 existam.

485 665 806 736 Etdignum
827 669 912 721 est
926 667 1224 722 utemittas
1247 669 1430 723 lucem
1448 665 1814 722 etveritatem
1841 666 1901 720 in
1929 667 2017 721 fu-

414 755 565 809 turo.
595 753 720 824 Ipsa
751 757 906 809 enim
934 757 1028 810 lux
1062 759 1119 809 et
1151 755 1354 811 veritas
1375 773 1456 810 me
1479 755 1812 809 deduxerunt
1844 763 1892 809 et
1921 755 2016 808 ad-

413 842 698 898 duxerunt.
724 845 1205 915 Praaposteratum
1235 848 1336 899 est:
1361 844 1484 916 ipsa
1505 861 1597 898 me
1629 843 2016 906 adduxerunt,

413 930 471 986 id
503 935 588 986 est
609 931 981 1005 Christus,qui
1001 935 1090 988 lux
1116 937 1200 988 est
1213 934 1526 988 secundum
1543 933 1927 1000 divinitatem,
1963 937 2021 988 et

411 1021 618 1075 veritas
647 1023 961 1077 secundum
991 1023 1870 1089 liumauitatem,mcadduxitde
1889 1039 2022 1077 con-

333 1130 347 1145 -
411 1109 557 1164 valle
583 1111 793 1164 erroris
823 1112 876 1163 in
903 1119 1129 1164 montem
1152 1117 1391 1164 sanctum
1425 1119 1604 1165 tuum.
1641 1095 1888 1182 Exponit
1917 1127 2018 1164 au-

412 1200 532 1253 tem
565 1197 620 1251 in
655 1216 826 1271 quem
861 1202 1145 1262 montem,
1183 1217 1313 1254 cum
1353 1199 1650 1270 subjungit
1675 1208 1725 1253 et
1755 1203 1809 1252 in
1841 1200 2018 1253 taber-

412 1285 604 1339 nacula
629 1293 752 1342 tua:
804 1287 938 1342 Dico
972 1288 1027 1340 in
1053 1287 1214 1342 illum
1245 1295 1477 1342 montem
1504 1288 1562 1341 in
1592 1303 1706 1358 quo
1736 1290 1869 1342 sunt
1898 1303 2022 1358 per-

411 1372 545 1428 fecti
592 1373 904 1430 militantes
945 1375 1068 1441 tibi,
1123 1375 1338 1431 scilicet
1365 1375 1420 1429 in
1455 1376 1819 1430 altitudinem
1851 1375 2022 1429 virtu-

412 1464 669 1532 tum,per
691 1479 864 1533 quam
898 1463 1174 1518 dimicant
1203 1467 1405 1518 contra
1434 1463 1588 1518 vitia.
1619 1465 1686 1517 Et
1717 1466 2020 1534 postquam

411 1547 576 1603 luxet
592 1549 798 1604 veritas
819 1551 1155 1605 adduxerunt
1177 1569 1287 1606 ine:
1319 1552 1650 1606 deduxerunt
1687 1565 1917 1623 quoque
1950 1552 2020 1606 de

358 1646 364 1652 '
411 1637 566 1692 bono
597 1637 654 1692 in
684 1640 982 1706 melius,et
1012 1656 1310 1711 persevare
1335 1641 1594 1694 fecerunt
1623 1639 1680 1694 in
1704 1640 1826 1711 ipso
1860 1657 2024 1694 mon-

2119 596 2248 650 opus
2295 578 2434 651 quod
2474 584 2713 649 operatus
2751 593 2805 633 es
2858 579 2914 631 in
2960 576 3140 630 diebus
3186 593 3396 643 conum,
3428 575 3586 648 quod
3624 575 3733 648 ipsi

2121 667 2298 722 oculis
2325 667 2610 722 viderunt.
2643 667 2721 721 Ne
2752 681 2886 720 vero
2913 667 3217 738 putaretur
3244 681 3372 736 οριις
3390 664 3528 720 illud
3549 681 3733 735 opera-

2119 761 2203 809 tus
2231 755 2401 810 fuisse
2428 757 2482 808 in
2505 755 2684 808 diebus
2709 771 2823 809 non
2855 754 3226 826 antiquorum
3256 753 3513 820 Patrum,
3545 751 3731 807 addit.

2117 843 2213 909 Et,
2229 843 2288 898 id
2313 847 2398 898 est
2433 843 2666 910 scilicet,
2704 845 2758 896 in
2782 842 2960 896 diebus
3003 843 3236 912 antiquis
3261 846 3502 912 operatus
3522 858 3572 895 es
3597 857 3732 912 opus

2118 931 2290 986 istud.
2327 933 2478 986 Bene
2517 947 2652 986 vero
2684 931 2923 1003 apponit
2953 947 3102 1000 opus,
3137 933 3200 984 ut
3228 929 3433 985 innuat
3462 930 3571 983 hoc
3603 946 3731 984 ma-

2119 1037 2302 1092 gnum
2329 1021 2468 1093 quid
2497 1020 2670 1074 fuisse
2709 1019 2862 1091 quod
2908 1035 3040 1073 cum
3087 1018 3169 1072 eis
3213 1017 3349 1072 fecit
3385 1019 3559 1072 Deus.
3585 1017 3734 1071 lllud

2120 1109 2276 1164 enim
2309 1109 2472 1183 quod
2495 1125 2774 1179 magnum
2805 1110 2910 1174 est,
2945 1124 3076 1178 opus
3105 1111 3164 1160 et
3195 1105 3496 1177 negotium
3525 1122 3734 1160 vocare

2119 1195 3000 1268 consuevimus.Exponitautem
3023 1194 3179 1266 quod
3195 1211 3344 1264 opus,
3365 1210 3492 1247 cum
3529 1193 3736 1264 adjun-

2121 1287 2239 1358 git:
2286 1286 2393 1341 hoc
2432 1285 2644 1340 scilicet
2675 1285 2831 1356 quod
2877 1301 3065 1338 manus
3096 1291 3208 1350 tua,
3247 1283 3301 1337 id
3357 1286 3441 1337 est
3470 1282 3733 1354 potentia

2119 1377 2422 1443 tua,gentes
2441 1373 2756 1444 disperdidit
2791 1391 2802 1427 :
2847 1373 3150 1427 Gebusazos
3191 1371 3403 1427 scilicet
3433 1374 3492 1424 et
3519 1371 3731 1426 Amor-

2119 1463 2310 1528 rheos,
2325 1464 2722 1528 etPhereseos,
2747 1461 2764 1548 Ι
2936 1464 2992 1515 et
3013 1463 3247 1514 cmteras
3267 1462 3469 1530 gentes
3484 1459 3554 1513 de
3575 1462 3734 1514 terra

2120 1551 2546 1622 promissionis:
2598 1557 2647 1604 et
2705 1549 2812 1604 illis
2841 1549 3112 1620 gentibus
3166 1549 3454 1621 dispersis,
3497 1549 3555 1603 in
3600 1549 3731 1603 loco

2122 1640 2353 1694 illarum
2383 1639 2648 1710 plantasti
2691 1655 2775 1693 eos
2807 1641 3016 1710 patres.
3053 1637 3196 1692 Cum
3252 1637 3405 1705 dicit,
3439 1638 3730 1708 plantasti,

409 1728 492 1780 te.
549 1726 663 1780 Hoc
693 1743 828 1781 vero
875 1727 1028 1799 quod
1061 1727 1264 1794 oravit,
1293 1731 1488 1794 emitte,
1523 1733 1656 1796 etc.,
1688 1745 1755 1782 ex
1787 1729 2019 1783 certitu-
2048 1720 2098 1782 Β
2124 1728 2332 1794 innuit,
2381 1729 2459 1782 sic
2508 1727 2585 1781 ibi
2619 1743 2717 1782 eos
2751 1727 2961 1800 posuit,
2995 1730 3058 1781 ut
3107 1726 3632 1797 multiplicarentur
3671 1731 3735 1781 et
3802 1743 3808 1748 ·

414 1815 548 1869 dine
603 1832 779 1887 quam
809 1816 985 1872 habet
1010 1817 1298 1886 promittit
1329 1835 1386 1871 se
1435 1817 1803 1889 adepturum,
1845 1820 1908 1870 ut
1963 1819 2022 1871 et

412 1921 515 1958 nos
547 1905 620 1958 ad
651 1905 939 1960 orandum
972 1905 1172 1959 invitet
1201 1907 1462 1977 exemplo
1512 1907 1616 1973 sui,
1651 1909 1713 1960 ut
1760 1905 2023 1960 similiter

413 1991 820 2064 adipiscamur.
854 1991 988 2048 Dico
1020 1993 1176 2064 quod
1218 2011 1301 2047 me
1340 1994 1677 2048 adduxerunt
1701 2001 1752 2048 et
1790 1993 2018 2048 deduxe-

412 2086 557 2134 runt.
590 2079 666 2133 Et
697 2097 800 2152 per
829 2081 938 2135 hoc
977 2081 1132 2152 quod
1150 2082 1274 2152 jam
1306 2082 1583 2137 adductus
1603 2099 1760 2136 sum:
1795 2082 2022 2136 introibo

413 2167 472 2222 in
503 2169 720 2238 futuro,
763 2169 823 2223 id
869 2172 956 2223 est
997 2169 1272 2226 admittar
1301 2171 1372 2224 ad
1398 2172 1564 2225 altare
1593 2171 1717 2237 Dei,
1744 2170 1802 2224 id
1834 2175 1920 2226 est
1949 2171 2022 2226 ad

414 2256 686 2311 intuitum
711 2260 769 2311 et
789 2257 1254 2314 conformitatem
1279 2260 1564 2316 Dominici
1584 2259 2022 2332 hominiszquod

413 2345 582 2400 altare
603 2346 701 2400 Dei
733 2347 958 2413 dicitur,
983 2363 1050 2402 eo
1081 2349 1236 2419 quod
1262 2348 1318 2402 in
1348 2365 1436 2413 eo,
1483 2349 1540 2404 id
1569 2349 1731 2404 estin
1767 2349 1888 2419 ejus
1909 2349 2022 2403 fide

413 2435 688 2489 sacriﬁcia
713 2435 912 2490 omnia
932 2439 1046 2492 Deo
1074 2454 1108 2490 a
1131 2437 1392 2492 fidelibus
1410 2438 2020 2510 offeruntur.Alioquin

415 2525 607 2577 autem
631 2521 856 2577 inutilia
877 2527 1084 2578 essent.
1113 2525 1180 2579 Et
1195 2541 1298 2598 per
1319 2525 1504 2597 ipsum
1523 2526 1710 2594 altare,
1730 2526 1786 2580 id
1810 2529 1896 2580 est
1918 2542 2022 2598 per

415 2611 878 2666 conformitatem
895 2615 953 2666 et
967 2613 1288 2668 contuitum
1310 2615 1431 2684 ejus
1453 2614 1702 2670 introibo
1726 2615 1796 2668 ad
1825 2615 2018 2680 Deum,

415 2699 473 2753 id
497 2703 582 2753 est
601 2700 674 2754 ad
692 2700 1085 2771 cognitionem
1103 2705 1159 2756 et
1183 2702 1449 2758 subtilem
1468 2703 2019 2774 contemplationem

418 2788 752 2844 divinitatis.
786 2791 965 2844 Deum
999 2789 1148 2857 dico,
1181 2794 1276 2863 qui
1303 2791 1558 2861 ludiﬁcat,
1583 2792 1641 2846 id
1663 2796 1748 2847 est
1769 2792 2020 2846 laetifica-

419 2877 503 2932 bit
533 2880 669 2933 tunc
699 2878 1038 2948 juventutem
1068 2896 1260 2946 meam,
1298 2880 1356 2934 id
1387 2885 1472 2935 est
1501 2880 1599 2951 qui
1634 2881 2022 2950 mejuvencm

2121 1821 2590 1883 crescerent,non
2623 1819 2683 1870 ut
2711 1815 2904 1870 statim
2931 1815 3064 1870 inde
3093 1815 3484 1871 discederent:
3515 1831 3550 1869 a
3569 1815 3732 1869 simi-

2121 1904 2364 1960 litudine
2387 1905 2584 1960 herbae
2617 1905 2701 1958 vel
2757 1903 2998 1970 arboris,
3033 1921 3160 1977 quin
3190 1903 3396 1958 alicubi
3438 1905 3736 1975 plantatur

2122 1996 2185 2047 ut
2211 1993 2286 2048 ibi
2313 1996 2548 2047 crescat.

2194 2081 2484 2145 Quoniam
2515 2084 2707 2138 autem
2740 2083 2998 2137 dixerat:
3047 2079 3380 2152 disperdidit,
3431 2097 3504 2136 ne
3529 2079 3730 2136 crede-

2121 2173 2325 2224 rentur
2341 2169 2590 2240 ignavia,
2607 2175 2920 2237 metus,aut
2938 2169 3294 2241 negligentia
3321 2173 3488 2224 terrae
3509 2169 3733 2240 disper-

2123 2275 2219 2324 sae,
2253 2258 2326 2313 ad
2357 2260 2891 2330 augmentationem
2911 2259 3185 2332 potentia:
3216 2257 3340 2321 Dei,
3366 2259 3425 2312 et
3453 2262 3517 2312 ut
3543 2257 3736 2327 major

2121 2347 2195 2400 sit
2221 2347 2478 2418 quaestio,
2515 2347 2666 2418 ipsas
2688 2356 2866 2416 gentes
2907 2346 3220 2402 afﬂictione
3269 2346 3406 2400 dicit
3449 2347 3728 2416 expulsas.

2121 2435 2218 2502 sic;
2243 2435 2370 2490 dico
2401 2452 2413 2489 :
2447 2435 2647 2490 Manus
2675 2443 2766 2490 tua
2787 2442 2966 2506 gentes
2991 2435 3322 2506 disperdidit.
3359 2434 3450 2489 Sic
3469 2435 3679 2488 scilicet
3711 2451 3725 2488 :

2119 2523 2400 2594 Af/lilristi
2427 2525 2656 2596 papulas
2693 2525 2855 2579 bellis
2887 2529 2944 2580 et
2973 2525 3098 2579 aliis
3125 2523 3319 2578 multis
3347 2523 3640 2577 cladibus:
3674 2526 3732 2577 et

2121 2610 2199 2664 sic
2229 2613 2480 2683 expulisti
2505 2631 2586 2666 eos
2607 2613 2676 2668 de
2705 2616 2860 2668 terra
2892 2613 3320 2686 promissionis:
3366 2613 3514 2666 Gens
3543 2614 3601 2666 et
3625 2627 3727 2682 po-

2121 2699 2307 2770 pulus,
2333 2699 2424 2753 hic
2455 2700 2610 2756 idem
2641 2701 3168 2772 significant.Quod
3189 2704 3273 2755 est
3295 2700 3486 2755 dicere
3514 2717 3528 2754 :
3553 2698 3731 2755 Multi-

2123 2787 2300 2841 moda
2329 2787 2640 2843 afﬂictione
2663 2789 2918 2861 expulisti
2946 2790 3190 2860 populos
3219 2787 3599 2842 illos.Diceret
3627 2787 3729 2840 ali-

2123 2875 2250 2946 quis
2273 2893 2287 2930 :
2321 2876 2507 2940 Quare
2532 2877 2670 2932 dicis
2687 2878 2840 2948 quod
2859 2879 2958 2933 Dei
2981 2895 3185 2932 manus
3211 2875 3732 2948 gentesdasperdidit

416 2965 554 3020 facit
581 2969 640 3021 et
671 2983 907 3035 novum,
957 2969 1145 3023 carnis
1174 2968 1402 3024 sordida
1433 2973 1710 3025 vetustate
1742 2969 2022 3042 deposita,
2060 3007 2106 3066 Ο
2125 2967 2182 3018 et
2209 2965 2451 3036 afﬂixit?
2481 2967 2682 3021 Nonne
2715 2967 2820 3039 ipsi
2851 2971 3043 3038 patres
3073 2967 3238 3021 bellis
3259 2982 3354 3021 eas
3379 2965 3730 3030 afﬂixerunt,

421 3055 504 3108 vel
540 3055 774 3126 Laetiﬁcat
797 3055 922 3128 jam
956 3074 1054 3129 spe
1067 3059 1399 3128 iuventutem
1429 3075 1620 3126 meum,
1639 3058 1695 3112 id
1714 3063 1798 3113 est
1813 3075 1906 3113 me
1928 3059 2023 3130 ju-

416 3160 620 3198 venem
655 3145 934 3200 futurum.

489 3231 630 3286 Cum
657 3232 794 3286 dicit
815 3234 1068 3300 introibo,
1085 3233 1274 3288 innuit
1300 3251 1421 3289 rem
1441 3237 1744 3300 secretam,
1771 3235 2026 3288 etadhuc

421 3317 586 3372 nobis
615 3318 969 3390 incognitam
993 3321 1403 3376 essezintroire
1437 3322 1593 3376 enim
1622 3323 1679 3376 in
1708 3325 1925 3376 secreta
1941 3321 2024 3375 di-

421 3407 628 3460 cimur.
657 3407 796 3461 Dico
825 3409 980 3478 quod
1009 3413 1146 3463 tunc
1174 3411 1430 3464 introibo:
1461 3411 1528 3464 Et
1551 3413 1610 3464 ut
1632 3410 1869 3464 introire
1902 3425 2025 3463 me-

423 3494 667 3559 rear,hic
690 3495 943 3562 interim,
959 3512 992 3550 o
1008 3496 1347 3568 Deus,quies
1363 3497 2025 3552 communitcromnium

421 3582 566 3635 Deus
589 3585 648 3637 et
677 3586 924 3644 creator.
956 3587 1014 3638 et
1057 3584 1202 3640 Deus
1231 3603 1376 3639 meus
1407 3603 1524 3658 prae
1551 3586 1896 3651 infidelibus,
1939 3585 2028 3639 cui

423 3671 626 3726 obedio
655 3671 885 3737 scilicet,
917 3673 1202 3742 conﬁtebor
1253 3675 1367 3740 tibi,
1402 3674 1460 3728 id
1497 3677 1582 3729 est
1610 3675 1856 3728 laudabo
1885 3677 1939 3728 te
1973 3676 2028 3726 in

419 3761 648 3827 cithara,
682 3760 740 3814 id
767 3764 852 3814 est
872 3760 932 3814 in
963 3762 1409 3817 mortiﬁcatione
1435 3762 1640 3830 carnis,
1669 3762 1899 3834 quando
1922 3777 2026 3832 pro

420 3851 476 3902 te
516 3864 550 3902 a
575 3848 1038 3905 tribulationibus
1065 3851 1234 3905 illatis
1261 3851 1718 3906 mortiﬁcabitur.
1759 3851 1840 3904 Tu
1869 3865 2026 3916 vero,

419 3939 598 3990 anima
610 3938 1223 4010 mea,quandoquidem
1241 3936 1344 4010 p'er
1357 3939 1754 3994 tribulationes
1768 3939 1822 3992 in
1833 3939 2028 3993 troitu-

421 4041 516 4079 rus
545 4043 692 4090 sum,
709 4043 873 4096 quare
892 4029 1055 4080 tristis
1080 4044 1130 4080 es
1153 4027 1211 4080 in
1232 4027 1693 4082 tribulationibus
1709 4027 1736 4082 ‘?
1772 4026 1850 4081 Et
1864 4045 2027 4098 quare

422 4129 526 4185 per
549 4113 840 4167 tristitiam
861 4115 1272 4169 conturbasme‘?
1307 4115 1430 4170 Noli
1462 4115 1788 4170 contristari
1811 4119 1868 4170 et
1887 4133 2024 4171 con-

419 4200 654 4256 turbare
675 4217 770 4256 me
801 4217 814 4256 :
853 4201 952 4256 sed
991 4219 1141 4272 spera
1172 4204 1228 4256 in
1261 4201 1396 4268 Deo,
1431 4206 1686 4274 quoniam
1712 4204 1886 4258 adhuc
1906 4221 2028 4260 eon-

2124 3058 2182 3109 et
2209 3055 2284 3109 sic
2313 3058 2532 3110 terram
2563 3055 2670 3111 sibi
2703 3056 3093 3128 acquisierunt
3112 3056 3140 3110 ‘?
3169 3056 3256 3110 Ad
3283 3056 3394 3110 hoc
3428 3057 3620 3108 autem
3645 3070 3732 3107 se-

2127 3143 2323 3214 quitur
2379 3145 2628 3198 remotio
2662 3144 2738 3199 sic
2779 3161 2792 3198 :
2836 3145 2980 3198 Vere
3035 3159 3226 3199 manus
3275 3151 3366 3197 tua
3397 3142 3734 3214 disperdidit.

2125 3230 2256 3286 Non
2278 3231 2746 3304 erzimipsipa'tres
2772 3233 3151 3304 possederunt
3176 3235 3393 3287 terram
3410 3231 3741 3306 promissio-

2129 3319 2218 3374 nis
2247 3335 2303 3373 ιη
2326 3320 2510 3388 gladio
2540 3337 2655 3385 suo,
2687 3320 2747 3374 id
2779 3323 2864 3374 est
2890 3336 2994 3392 per
3023 3319 3283 3391 gladium
3311 3337 3509 3375 suum:
3540 3327 3588 3373 et
3613 3319 3734 3374 bra-

2127 3409 2305 3462 chium
2325 3425 2499 3474 suum,
2529 3408 2582 3463 id
2612 3412 2698 3463 est
2728 3408 3003 3466 fortitudo
3023 3427 3145 3475 sua,
3168 3425 3275 3464 non
3299 3410 3525 3463 salvavit
3555 3425 3641 3462 eos
3660 3409 3734 3462 ab

2131 3497 2384 3567 ipsarum
2415 3497 2675 3568 gentium
2708 3498 2872 3553 bellis
2903 3502 2960 3552 et
2989 3497 3230 3552 insidiis:
3253 3498 3344 3552 sed
3371 3499 3594 3554 dextera
3624 3503 3738 3563 tua,

2127 3585 2186 3640 id
2225 3590 2310 3640 est
2338 3587 2688 3658 prosperitas
2713 3587 2962 3642 victoriae
2981 3604 3086 3658 per
3109 3591 3162 3642 te
3187 3587 3334 3642 data:
3358 3606 3372 3654 ;
3395 3595 3445 3642 et
3468 3587 3742 3642 brachium

2129 3680 2300 3741 tuum,
2332 3675 2388 3728 id
2421 3679 2507 3730 est
2536 3675 2815 3731 fortitudo
2848 3679 2946 3730 tua
2975 3683 3058 3744 ;et
3077 3676 3408 3732 illuminalio
3431 3675 3606 3730 vultus
3631 3677 3735 3740 tui,

2127 3763 2187 3817 id
2213 3766 2298 3816 est
2328 3763 2582 3818 lucidum
2613 3764 2918 3819 consilium
2951 3765 3252 3836 sapientiae
3280 3769 3392 3820 tum
3417 3765 3504 3819 vel
3533 3763 3739 3836 gratim

2129 3853 2262 3918 tua},
2286 3853 2647 3908 salvaverunt
2677 3853 2999 3908 eos.Vultus
3027 3853 3120 3907 hic
3145 3870 3248 3924 pro
3271 3853 3456 3924 gratia
3478 3851 3734 3923 ponitur,

2128 3939 2262 4010 quia
2291 3939 2349 3994 in
2376 3941 2534 3995 vultu
2555 3957 2707 4012 saape
2725 3939 2909 4011 gratia
2922 3941 3223 4010 cujuslibet
3239 3943 3426 4014 potest
3447 3939 3734 3995 denotari:

2127 4027 2252 4082 Sive
2285 4028 2382 4083 Dei
2413 4029 2716 4099 sapientia,
2750 4029 2808 4084 id
2839 4031 2924 4083 est
2951 4029 3052 4083 Dei
3082 4029 3253 4096 ﬁlius,
3284 4029 3458 4084 rullus
3487 4027 3588 4082 Dei
3617 4028 3740 4081 illu-

2125 4118 2350 4171 minatio
2389 4117 2615 4184 dicitur,
2676 4133 2743 4172 eo
2781 4116 2936 4188 quod
2984 4133 3090 4187 per
3143 4117 3266 4188 ejus
3315 4115 3598 4171 visibilem
3627 4116 3734 4170 hu-

2127 4204 2470 4259 manitatem
2507 4205 2726 4262 mundo
2785 4205 2967 4260 Patris
3011 4204 3302 4259 invisibilis
3331 4205 3521 4260 Deitas
3564 4203 3735 4258 inuo-

419 4289 604 4359 fitebor
627 4289 709 4343 illi
727 4289 961 4344 salutare
981 4290 1156 4344 vultus
1192 4293 1298 4344 mei
1329 4297 1376 4344 et
1405 4291 1550 4346 Deus
1584 4310 1749 4346 meus.
1793 4294 1908 4348 Hoc
1935 4311 2030 4348 au-
2052 4307 2104 4368 1)
2126 4293 2255 4361 tuit,
2288 4293 2434 4348 sicut
2461 4295 2520 4349 in
2545 4295 2705 4349 vultu
2736 4311 2888 4366 saepe
2919 4295 3106 4350 cordis
3139 4296 3358 4350 secreta
3386 4292 3734 4364 dignoscun-

419 4383 539 4433 tem
569 4381 632 4433 ut
659 4378 719 4433 in
750 4378 1034 4449 superiori
1067 4379 1292 4433 Psalmo
1324 4379 1646 4451 exponitur.

911 4467 981 4521 IN
1011 4466 1334 4522 PSALMUM
1359 4469 1532 4522 XLlll.

491 4553 700 4609 Psalmi
733 4555 902 4626 hujus
933 4555 1531 4627 quadragesimitertii
1559 4557 1752 4613 titulus
1772 4557 1926 4614 idem
1941 4564 2026 4616 est

418 4643 515 4715 qui
548 4643 755 4698 Psalmi
789 4645 1211 4716 quadragesimi
1240 4645 1504 4717 primiJn
1521 4647 1682 4716 finem
1711 4648 2018 4717 intellectus,

417 4737 517 4786 aut
539 4733 612 4787 ad
635 4733 955 4788 intellectum
976 4735 1108 4803 ﬁliis
1134 4733 1324 4790 Cliore.
1354 4737 1420 4790 Et
1449 4739 1768 4806 exponetur
1796 4741 1856 4792 ut
1885 4738 2015 4793 illic.

418 4823 513 4877 Est
543 4823 698 4878 enim
743 4840 847 4879 vox
893 4824 1154 4880 Ecclesiie
1196 4824 1481 4897 praecipue
1533 4831 1854 4897 martyrum
1893 4827 2019 4882 imi-

2127 4385 2240 4437 tur.

2200 4471 2267 4525 Et
2295 4473 2535 4542 propter
2567 4487 2767 4526 eorum
2801 4471 3009 4527 merita
3039 4489 3157 4528 non
3187 4487 3286 4526 eos
3321 4467 3579 4526 salvasti:
3630 4467 3732 4524 sed

2125 4561 2378 4630 quoniam
2403 4559 2766 4630 complacuisti
2791 4559 2892 4614 tibi
2926 4562 2982 4614 in
3017 4563 3110 4627 ez's,
3145 4559 3207 4615 id
3234 4563 3338 4626 est,
3383 4557 3730 4629 complacuit

2123 4645 2225 4700 tibi
2255 4647 2314 4701 in
2347 4647 2426 4702 eis
2455 4647 2758 4702 salvandis.
2793 4647 2958 4712 Quod
2979 4652 3064 4704 est
3093 4648 3281 4703 dicere
3306 4663 3320 4701 :
3355 4645 3488 4702 Solo
3519 4645 3727 4717 placito

2120 4733 2530 4791 misericordiae
2557 4752 2655 4791 eos
2687 4737 2928 4791 salvasti.
2961 4737 3057 4791 Vel
3081 4737 3187 4791 sic:
3214 4736 3354 4790 Vere
3383 4735 3603 4790 dextera
3633 4739 3727 4790 tua

2118 4827 2168 4878 et
2193 4823 2467 4878 brachium
2494 4830 2544 4880 et
2575 4825 2903 4880 illuminatio
2929 4825 2988 4880 iu
3017 4841 3222 4880 eorum
3251 4825 3434 4879 salute
3466 4825 3721 4896 operata

414 4910 664 4965 tantium
699 4911 906 4966 Christi
933 4911 1260 4984 passionem
1289 4930 1416 4986 quae
1446 4930 1548 4984 per
1581 4914 1767 4969 Cbore
1797 4914 2017 4986 signiﬁ-
2115 4915 2268 4968 sunt.
2297 4913 2366 4966 Et
2395 4912 2539 4968 adeo
2570 4913 3067 4986 manifeste,quod
3097 4929 3202 4985 per
3231 4913 3340 4968 hoc
3359 4911 3726 4982 corripiat-uisu

413 5003 612 5068 catur;
670 5003 729 5054 et
774 5001 1136 5072 precantium
1183 5017 1287 5072 per
1336 5002 1621 5057 Christum
1671 5003 1902 5059 liberari
1941 5003 2012 5058 ab
2116 4999 2589 5072 aliisgentibusin
2607 5001 2951 5070 eissalvatis,
2976 5001 3036 5056 id
3059 5001 3238 5070 est,in
3267 5017 3471 5056 eorum
3489 5001 3723 5072 patrum

411 5086 686 5156 inimicis,
720 5089 1046 5160 praesertim
1100 5088 1160 5143 in
1192 5089 1284 5144 die
1325 5089 1546 5160 judicii.
1581 5091 1743 5146 Unde
1769 5091 2008 5146 dicunt:
2114 5087 2444 5144 salvatione.
2479 5087 2644 5152 000d
2664 5089 2958 5144 estdicere
2984 5106 2997 5144 ε
3029 5088 3166 5144 Aliis
3197 5105 3427 5162 quoque
3456 5087 3724 5161 gent-ibus

479 5175 646 5244 Deus,
685 5177 900 5231 auribus
925 5179 1118 5233 nostris
1147 5177 1472 5232 audivimus.
1496 5179 1646 5234 Bene
1671 5177 1836 5250 ponit
1865 5171 2012 5233 a'uri-
2111 5176 2436 5232 videntibus
2465 5179 2523 5232 te
2553 5193 2756 5233 eorum
2786 5179 3030 5234 salutem
3061 5179 3288 5251 operari
3306 5177 3542 5249 placuit,
3570 5179 3635 5232 ut
3662 5179 3722 5232 te

406 5263 502 5321 bus
517 5267 728 5320 nostris.
749 5263 917 5328 Quasi
936 5265 1087 5320 dicat
1108 5281 1122 5320 :
1146 5265 1270 5321 Non
1297 5281 1401 5337 per
1418 5266 1645 5321 somnia
1665 5266 2006 5335 audivimus,
2109 5281 2308 5321 verum
2347 5267 2530 5322 Deum
2562 5282 2682 5322 esse
2713 5269 3150 5338 cognoscerent,
3171 5269 3236 5322 ut
3262 5266 3499 5338 quidam
3513 5264 3720 5321 dixisse

407 5367 594 5424 neque
625 5368 730 5425 per
757 5353 1152 5424 cogitationes,
1193 5353 1293 5408 sed
1326 5354 1564 5408 auribus-
1596 5357 1806 5422 nostris,
1833 5354 1892 5410 id
1924 5359 2010 5410 est
2106 5353 2416 5426 leguntur:
2449 5376 2477 5406 «
2503 5354 2628 5410 Non
2655 5358 2742 5410 est
2769 5353 2912 5410 alius
2949 5357 3120 5423 Deus,
3155 5357 3370 5427 praeter
3401 5353 3718 5410 Dominum

404 5439 717 5496 certissime
735 5441 1036 5497 audivimus
1060 5458 1073 5496 :
1097 5441 1165 5496 Et
1193 5457 1311 5498 non
1335 5441 1690 5497 audivimusa
1709 5442 2004 5516 qualibus-
2106 5443 2290 5499 Deum
2337 5443 2508 5499 Israel
2550 5445 2717 5503 (Dan.
2756 5460 2840 5515 nr,
2876 5445 2986 5516 t7),
3018 5465 3049 5494 ι»
3081 5443 3202 5500 Dixi
3233 5442 3390 5517 quod
3416 5446 3612 5516 patres
3633 5440 3719 5500 sic

403 5539 627 5604 cunque
647 5526 1042 5590 recitatoribus
1073 5544 1088 5590 :
1120 5527 1233 5590 Sed
1254 5535 1435 5611 patres
1458 5532 1645 5606 nostri,
1675 5529 1780 5591 viri
1810 5535 2004 5594 aucto-
2106 5532 2350 5596 salvasti.
2385 5533 2469 5596 Tu
2503 5549 2557 5598 es
2585 5535 2692 5612 ipse
2709 5533 2809 5614 qui
2828 5549 2925 5596 eos
2945 5533 3194 5612 salvasti.
3215 5549 3308 5598 rex
3321 5548 3464 5598 meus
3489 5537 3541 5596 et
3567 5531 3719 5602 Deus
