3994 6042
199 289 346 368 82Γ

1193 302 1547 365 EXPOSITIO
1587 304 1654 364 IN
1695 300 2027 366 PSALMOS.
2070 342 2137 350 -
2181 308 2372 366 ΡΞΑῐι.
2414 307 2569 362 XLIII

3429 305 3532 362 8'2‘2

189 445 375 496 meus,
397 429 451 484 id
473 432 559 484 est
580 432 634 484 te
653 431 854 500 reputo
870 443 1068 500 regem
1088 445 1282 484 meum
1301 433 1359 485 et
1381 433 1562 486 Deum
1591 447 1810 496 meum,
1849 436 1906 496 Α
1928 447 2044 486 non
2073 431 2536 504 complebantur,
2555 430 2617 482 ut
2639 425 2821 498 magis
2848 443 2946 480 eos
2963 426 3212 480 attrahat
3232 443 3244 480 :
3267 425 3366 480 sed
3397 425 3528 481 ideo

194 520 266 572 et
293 534 414 572 non
445 518 642 573 alium.
673 515 782 584 Qui
805 533 921 572 non
937 517 1122 571 solum
1148 517 1420 572 mandasti
1437 519 1629 573 salutes
1651 517 1822 590 patri-

191 605 314 661 bus
327 623 434 678 per
447 605 781 677 prophetas,
797 605 898 660 sed
909 605 1085 660 etiam
1123 606 1346 659 mandas
1371 623 1474 677 per
1495 605 1821 679 Scripturas

192 694 422 748 salutes
448 693 644 762 Jacob,
675 693 736 747 id
765 695 851 747 est
877 693 1062 753 nobis,
1093 693 1190 765 qui
1221 711 1416 748 sumus
1441 697 1750 749 luctatores
1765 697 1822 747 et

188 781 480 836 vitiorum
505 781 1104 854 supplantatoresjlas
1123 781 1552 837 scilicetsalutes
1571 783 1817 850 mandas,

196 870 372 941 quod
413 873 468 923 in
499 877 744 936 tecornu,
771 869 925 923 idest
942 885 1043 940 per
1072 873 1128 923 te
1159 871 1520 940 expulsorem
1538 871 1820 925 ventilabi-

195 975 350 1024 mus,
387 958 443 1012 id
475 962 558 1012 est
612 958 1006 1028 separahimus
1063 974 1096 1011 a
1125 958 1288 1012 nobis
1318 960 1561 1013 inimicos
1589 966 1813 1023 nostros,

194 1047 474 1101 inﬁdeles
499 1045 734 1112 scilicet,
764 1062 894 1100 cum
923 1045 1251 1099 sedebimus
1279 1062 1450 1117 super
1479 1046 1640 1100 sedes
1671 1047 1816 1100 duo-

199 1135 424 1202 decim,
446 1134 777 1205 judicantes
815 1133 1119 1188 duodecim
1154 1133 1334 1187 tribus
1385 1135 1554 1188 Israel
1588 1133 1814 1204 (Matt/1.

203 1239 327 1290 XIX,
358 1222 473 1292 28).
503 1223 602 1276 Vel
638 1221 1029 1288 ventilabimus,
1059 1221 1220 1275 idest
1235 1237 1406 1276 causa
1429 1222 1644 1276 erimus
1686 1239 1817 1276 me-

201 1311 341 1366 ritis
371 1309 603 1374 nostris,
631 1325 809 1381 quare
830 1309 1040 1363 anobis
1067 1309 1436 1377 ventilantur,
1458 1309 1514 1364 id
1545 1313 1630 1364 est
1659 1326 1822 1380 sepa-

200 1402 437 1466 rentur,
464 1415 498 1452 a
529 1397 904 1453 similitudine
927 1399 1387 1469 palearum,qute
1419 1414 1452 1451 a
1477 1398 1671 1469 granis
1699 1414 1821 1452 cor-

201 1488 384 1542 nibus
415 1487 588 1541 furcas
620 1489 898 1557 separatae
950 1486 1320 1551 ventilantur,
1374 1485 1432 1540 id
1465 1489 1550 1538 est
1580 1503 1614 1540 a
1643 1489 1812 1540 vento

199 1575 639 1647 rapiuntur.Sic
667 1577 725 1628 et
743 1573 1001 1628 inﬁdeles
1030 1573 1089 1627 in
1117 1573 1310 1628 futuro
1342 1573 1554 1628 anobis
1579 1590 1811 1644 separa-

201 1663 345 1728 rati;
375 1663 448 1718 ab
497 1663 718 1734 impetu
749 1661 1140 1734 malignorum
1169 1661 1468 1734 spirituum
1500 1663 1817 1732 rapientur.

1925 536 2042 574 non
2061 519 2412 574 determinat
2433 516 2662 588 quando
2677 515 3211 584 complebuntur,ut
3227 513 3412 586 magis
3430 531 3530 568 eos

1923 607 1994 662 ad
2025 608 2136 662 hoc
2169 605 2632 677 investigandum
2665 603 2899 673 instiget
2932 619 2945 657 :
2980 601 3100 656 Dixi
3145 601 3298 673 quod
3328 605 3523 672 patres

1922 699 2148 750 nostros
2196 695 2464 766 plantasti
2510 696 2567 746 et
2611 692 2847 757 satvasti,
2900 694 2959 744 et
3017 705 3220 744 eorum
3261 689 3527 745 inimicos

1919 782 2170 852 amisisti
2198 787 2254 837 et
2287 782 2556 853 expulisti,
2603 783 2660 834 et
2690 779 2857 834 nobis
2886 779 2988 832 bas
3019 778 3228 831 salutes
3261 777 3525 831 mandas.

1918 870 2083 925 Nunc
2112 879 2312 937 autem,
2332 871 2391 924 id
2422 869 2578 923 estin
2609 872 2870 938 tempore
2895 865 3269 938 plenitudinis
3295 865 3533 935 repit/isti

1921 965 1969 1011 et
1997 959 2288 1029 confudisti
2315 975 2428 1024 nos,
2463 961 2518 1011 et
2548 957 2691 1011 adeo
2715 955 2868 1026 quod
2897 971 2999 1007 non.
3029 954 3332 1020 egredieris,
3360 953 3524 1017 Deus,

1921 1050 1977 1101 in
2004 1049 2289 1102 uirtutibus
2331 1049 2542 1110 nostris,
2605 1045 2660 1099 id
2693 1044 2865 1098 estin
2907 1043 3248 1097 exercitibus
3294 1041 3522 1096 nostris.

1923 1135 2086 1200 Quod
2117 1139 2200 1190 est
2227 1137 2412 1190 dicere
2449 1135 2638 1188 :Adeo
2671 1131 2962 1201 confudisti
2989 1138 3036 1184 et
3063 1130 3324 1201 repulisti,
3357 1130 3516 1202 quod

1925 1241 2040 1278 non
2058 1226 2200 1278 ultra
2215 1224 2530 1296 poterimus
2554 1224 2756 1277 contra
2785 1221 2974 1274 hostes
2991 1235 3349 1292 congregare
3371 1235 3527 1274 exer-

1925 1312 2086 1378 citus,
2113 1313 2170 1367 in
2205 1313 2407 1384 quibus
2425 1311 2738 1384 egrediaris
2755 1309 2828 1363 ad
2851 1309 3122 1363 auxilium
3145 1325 3247 1382 per
3264 1307 3524 1362 ministe-

1922 1401 2074 1455 rium
2104 1402 2470 1472 angelorum,
2499 1401 2644 1455 sicut
2685 1399 2835 1470 apud
2874 1400 3064 1469 patres
3101 1397 3370 1468 antiquos
3397 1396 3523 1451 fuit.

1926 1490 2160 1560 Legitur
2187 1490 2341 1544 enim
2375 1506 2526 1562 smpe
2558 1489 2790 1560 quando
2811 1504 2938 1541 cum
2975 1485 3228 1540 hostibus
3251 1485 3526 1540 dimicare

1921 1581 2285 1650 pararentur,
2303 1578 2667 1632 auxiliatores
2681 1577 2917 1647 angelos
2937 1591 3066 1629 eum
3087 1575 3165 1629 eis
3179 1575 3246 1629 ad
3263 1574 3524 1646 praelium

1922 1667 2280 1736 processisse.
2300 1668 2366 1720 Et
2384 1667 2491 1719 hoc
2506 1665 2679 1719 modo
2707 1681 2809 1735 per
2831 1662 3128 1716 ministros
3157 1679 3286 1716 suos
3303 1663 3523 1717 diceba-

281 1751 360 1804 Et
389 1751 498 1805 hoc
529 1751 792 1815 mandas,
827 1748 980 1820 quod
1010 1765 1126 1804 non
1152 1749 1510 1804 conﬁdentes
1533 1752 1588 1802 in
1609 1751 1821 1803 nomine
1845 1760 1894 1818 Β
1922 1757 2016 1808 tur
2046 1756 2192 1809 Deus
2214 1754 2410 1825 egredi
2432 1753 2490 1808 in
2522 1752 2862 1807 exercitibus
2895 1767 3097 1804 eorum
3121 1751 3194 1804 ad
3225 1751 3523 1806 auxilium.

202 1847 322 1904 tuo,
341 1839 396 1893 id
413 1842 499 1893 est
521 1856 580 1892 In
604 1839 826 1892 honore
852 1837 1106 1892 nominis
1129 1837 1282 1908 quod
1306 1837 1694 1906 glorificamus
1717 1838 1816 1892 Vel

215 1927 585 1982 confidentes
611 1928 674 1980 in
713 1927 926 1979 nomine
969 1932 1078 1990 tuo,
1126 1927 1188 1978 in
1228 1925 1335 1978 hoc
1366 1927 1578 1979 nomine
1604 1925 1816 1979 scilicet

209 2015 373 2087 quod
389 2019 472 2069 est
496 2014 1324 2084 misericors,spernemus,nullo
1344 2013 1518 2067 modo
1533 2013 1816 2080 timendo,

213 2107 552 2173 insurgentes
573 2105 629 2156 in
658 2102 830 2167 nobis,
863 2101 916 2154 id
936 2103 1021 2154 est
1061 2101 1322 2156 diabolos
1371 2103 1694 2171 insurgentes
1720 2101 1820 2156 ad-

221 2209 448 2246 versum
479 2208 600 2246 nos.
635 2192 704 2244 Et
729 2206 844 2245 non
902 2189 1170 2256 exterius,
1212 2189 1313 2244 sed
1367 2192 1422 2242 in
1446 2191 1616 2258 nobis,
1650 2189 1706 2244 id
1737 2193 1824 2242 est

216 2280 281 2334 in
323 2280 583 2335 interiori
615 2284 810 2334 nostro
833 2297 850 2332 :
869 2277 926 2332 in
945 2277 1144 2333 anima
1169 2278 1384 2332 scilicet
1407 2279 1587 2332 malas
1603 2279 1818 2349 cogita-

215 2369 406 2424 tiones
430 2367 793 2438 suggerendo
845 2367 907 2420 In
942 2367 1440 2421 aliatranslatione
1463 2368 1708 2421 habetur
1736 2368 1822 2421 in-

210 2463 484 2524 surgentes
515 2459 570 2510 in
601 2473 712 2510 nos.
754 2457 816 2510 Et
847 2455 1160 2509 secundum
1183 2456 1291 2509 hoc
1309 2458 1548 2524 possunt
1574 2453 1817 2525 intelligi

209 2546 299 2599 vel
333 2545 645 2600 exteriores
685 2543 924 2610 inimici,
965 2544 1051 2597 vel
1088 2543 1413 2597 interiores.
1457 2543 1682 2596 Diceret
1725 2543 1822 2596 ali-

217 2632 351 2703 quis
385 2648 398 2685 :
430 2632 623 2687 Dicitis
654 2631 803 2703 quod
839 2646 944 2701 per
979 2632 1159 2684 Deum
1189 2629 1528 2684 ventilabilis
1557 2629 1822 2683 inimicos

220 2723 280 2772 et
297 2721 581 2792 spcrnetis
605 2737 617 2774 :
643 2721 843 2774 Nonne
857 2735 962 2790 per
976 2735 1074 2772 vos
1090 2718 1353 2788 poteritis
1371 2733 1664 2788 spernere,
1687 2733 1820 2771 con-

213 2806 451 2862 fidendo
479 2807 535 2861 in
576 2806 913 2862 fortitudine
939 2805 1168 2860 vestra?
1201 2805 1308 2858 hoc
1341 2807 1534 2858 autem
1562 2809 1821 2859 removet

219 2894 330 2948 sic.
361 2893 503 2948 Vere
527 2910 631 2966 per
649 2910 784 2948 eum
815 2907 1175 2964 spernemus.
1201 2891 1330 2945 Non
1347 2893 1486 2945 enim
1513 2892 1730 2962 sperabo
1756 2893 1812 2944 in

217 3000 355 3036 arcu
386 2999 520 3048 meo,
547 2989 598 3036 et
623 2999 730 3035 non
759 2981 984 3034 salvabit
1007 2997 1089 3033 me
1113 2979 1324 3049 gladius
1350 2997 1510 3034 meus.
1547 2979 1711 3043 Quod
1736 2983 1821 3034 est

217 3070 438 3125 dicere:
461 3071 584 3125 Non
613 3061 1057 3140 putabimusnos
1071 3084 1234 3139 posse
1263 3067 1465 3122 salvari
1497 3084 1601 3139 per
1621 3084 1817 3122 arcum
1847 3043 1894 3102 Ο

215 3162 276 3213 et
307 3158 562 3229 gladium
593 3161 873 3212 nostrum.
910 3158 1018 3210 Per
1047 3173 1242 3211 arcum
1265 3157 1572 3210 denotatur
1601 3157 1821 3210 occulta

217 3245 632 3316 defensio,qutr.
651 3245 886 3300 consilio
901 3244 1034 3299 fitet
1052 3245 1276 3309 astutia,
1295 3245 1368 3298 ad
1389 3245 1626 3298 modum
1651 3231 1666 3314 I

217 3351 402 3402 arcus,
431 3335 528 3407 qui
546 3335 603 3388 in
623 3336 844 3390 occulto
872 3334 1246 3406 percutienda
1268 3335 1515 3401 hostem,
1533 3351 1821 3406 percusso-

215 3439 341 3477 rem
370 3424 442 3478 ab
469 3425 630 3478 hoste
662 3423 938 3477 defendit.
976 3424 1081 3476 Per
1105 3422 1362 3493 gladium
1388 3439 1542 3489 vero,
1569 3437 1682 3492 quo
1715 3437 1818 3491 pu-

225 3515 438 3583 gnatur
452 3511 714 3566 cominus
744 3515 800 3564 et
830 3510 1320 3582 aperte,defensio
1333 3513 1532 3580 aperta
1553 3510 1818 3579 designa-

223 3603 335 3654 tur.
367 3601 488 3661 νει,
521 3616 623 3670 per
650 3615 869 3666 areum,
903 3599 1156 3652 minores
1179 3599 1418 3652 virtutes
1431 3614 1556 3668 quae
1584 3599 1818 3651 occultae

219 3691 388 3756 sunt;
417 3704 522 3760 per
541 3687 798 3759 gladium
831 3690 1047 3754 autem,
1095 3685 1346 3756 majores
1393 3701 1520 3756 quae.
1547 3685 1817 3739 abscondi

231 3779 547 3846 nequeunt,
579 3791 697 3846 prae
716 3775 796 3828 sui
819 3774 1242 3845 magnitudine,
1276 3773 1695 3844 intelliguntur,
1716 3789 1820 3844 per

219 3880 359 3935 quas
383 3863 683 3918 adversum
707 3863 898 3918 hostes
941 3866 998 3916 et
1025 3861 1337 3917 exteriores
1377 3865 1436 3915 et
1490 3861 1816 3926 interiores,

222 3951 420 4006 ﬁdeles
441 3953 796 4022 prtrliantur.
829 3951 993 4014 Quod
1025 3955 1108 4004 est
1129 3949 1318 4004 dicere
1349 3967 1361 4004 :
1398 3951 1702 4021 Nunquam
1733 3950 1818 4002 vel

224 4055 328 4110 per
357 4055 554 4093 arcum
581 4040 667 4092 vel
693 4055 795 4110 per
822 4038 1077 4110 gladium
1111 4054 1306 4092 meum
1326 4039 1540 4110 putabo
1565 4055 1658 4092 me
1678 4038 1819 4091 libe-

221 4127 332 4181 rari
361 4143 547 4198 posse,
598 4127 704 4181 nisi
762 4126 1156 4182 misericordia
1201 4130 1299 4180 tua
1349 4128 1718 4197 cooperante.
1754 4126 1822 4179 Et

223 4217 434 4271 merito
473 4232 578 4269 non
627 4215 842 4286 sperabo
891 4217 947 4268 in
981 4232 1110 4268 arcu
1153 4217 1210 4270 et
1265 4213 1480 4286 gladio,
1525 4215 1624 4270 sed
1649 4215 1706 4267 in
1731 4221 1818 4268 te:

1925 1842 2210 1897 Exercitus
2239 1846 2455 1902 autem,
2482 1841 2629 1895 bene
2663 1839 2902 1894 virtutes
2944 1838 3232 1904 dicuntur,
3268 1853 3336 1892 co
3369 1839 3525 1908 quod

1920 1930 1981 1984 in
2012 1929 2092 1984 eis
2120 1933 2342 1984 constet
2370 1929 2547 1983 virtus
2573 1927 2900 1998 principum
2929 1925 3248 1998 prmliandi.
3282 1925 3528 1996 Exponit

1921 2035 2055 2074 vero
2087 2035 2189 2089 per
2208 2022 2399 2090 partes
2429 2017 2506 2072 sic
2537 2035 2550 2072 :
2609 2015 2912 2081 Quomodo
2962 2016 3105 2068 Deus
3136 2030 3234 2068 eos
3264 2015 3474 2084 repulit
3504 2032 3518 2069 :

1923 2107 2058 2162 Dico
2084 2107 2320 2177 repulisti
2348 2123 2442 2160 nos
2465 2105 2574 2159 sic:
2611 2105 2824 2158 scilicet
2849 2104 3105 2174 repulisti.
3133 2103 3398 2156 Avertisti
3425 2109 3528 2155 nos

1923 2202 2225 2260 retrorsum,
2255 2194 2312 2248 id
2339 2197 2424 2248 est
2453 2191 2761 2264 permisisti
2793 2191 3072 2262 quosdam
3109 2189 3288 2244 averti
3333 2207 3366 2243 a
3393 2207 3522 2244 san-

1923 2283 2117 2337 ctitate
2147 2286 2344 2336 nostra
2376 2281 2598 2352 impetu
2640 2279 3104 2344 tribulationum,
3139 2281 3197 2331 et
3225 2284 3515 2331 retrorsum

1924 2370 2026 2437 ire,
2055 2371 2266 2425 scilicet
2276 2377 2400 2440 post
2431 2371 2668 2424 inimicos
2692 2374 2914 2430 nostros,
2944 2369 3005 2418 ut
3033 2365 3291 2420 cedendo
3319 2366 3526 2420 timore

1922 2475 2106 2531 pmnae
2137 2475 2448 2530 sequamur
2466 2457 2768 2510 inimicoru
2781 2472 2833 2508 m
2855 2455 3178 2526 exemplum
3191 2497 3203 2518 ,
3220 2457 3277 2507 et
3294 2455 3375 2507 eis
3388 2471 3522 2508 ron-

1921 2548 2263 2602 formemur.
2290 2547 2355 2600 Et
2375 2563 2444 2599 ne
2458 2549 2686 2618 putaret
2709 2543 2914 2614 aliquis
2935 2543 3087 2614 quod
3107 2559 3310 2596 omnes
3333 2545 3522 2596 essent

1924 2635 2102 2690 aversi
2135 2641 2438 2698 retrorsum,
2475 2631 2845 2696 determinat,
2879 2647 3009 2684 cum
3078 2630 3373 2700 subjungit
3403 2647 3416 2684 :
3449 2629 3525 2684 Et

1921 2723 2000 2777 sic
2031 2722 2159 2777 dico
2181 2723 2438 2786 avm'tisti,
2473 2721 2626 2792 quod
2669 2719 2744 2772 illi
2775 2721 2872 2790 qui
2897 2719 3123 2771 oderunt
3161 2735 3274 2784 nos,
3301 2717 3524 2772 inimici

1923 2811 2168 2877 scilicet;
2201 2809 2525 2880 diripiebant
2559 2809 2682 2869 sibi,
2717 2807 2772 2860 id
2802 2810 2887 2860 est
2917 2806 2989 2859 ad
3017 2822 3179 2859 suam
3206 2805 3520 2860 conformi-

1921 2902 2100 2954 tatem
2137 2898 2414 2970 quosdam
2448 2914 2513 2950 ex
2541 2896 2728 2957 nobis,
2763 2894 2921 2966 quasi
2954 2895 3106 2948 dicat
3133 2911 3145 2948 :
3169 2895 3291 2948 Non
3319 2911 3522 2948 omnes

1923 2986 2260 3040 avertebant
2283 2985 2380 3039 sed
2431 2987 2696 3056 partem;
2731 2999 2764 3036 a
2805 2981 3181 3035 similitudine
3223 2982 3371 3035 illius
3401 2981 3519 3053 qui,

1921 3090 2051 3128 cum
2085 3090 2200 3128 non
2237 3075 2424 3144 potest
2453 3089 2576 3126 rem
2609 3071 2860 3143 aliquam
2890 3073 3072 3124 totam
3100 3069 3522 3142 accipere,diri-

1921 3163 2152 3236 pitinde
2174 3162 2280 3216 sibi
2296 3159 2685 3233 partem.Dico
2701 3159 2852 3231 quod
2875 3157 3177 3230 permisisti
3201 3173 3306 3212 nos
3323 3156 3522 3223 averti,

1921 3250 2233 3304 secundum
2253 3253 2476 3322 partem
2491 3246 3276 3302 deiicientem.Etsecundum
3301 3249 3522 3318 partem

1923 3355 2038 3393 non
2064 3337 2554 3403 deﬁcientem,sed
2579 3337 2635 3390 in
2658 3337 2811 3391 bono
2830 3334 3526 3407 perseveI'antem,dcdis-‘.i

1921 3444 2014 3480 nos
2035 3427 2092 3480 in
2122 3429 2404 3498 potestate
2425 3425 2816 3490 inimicorum,
2847 3433 3100 3496 tanquam
3128 3440 3244 3478 oves
3259 3440 3518 3491 escarum,

1921 3515 1976 3569 id
1998 3519 2080 3568 est
2099 3517 2158 3568 ut
2182 3532 2283 3569 nos
2301 3515 2419 3568 sine
2443 3517 2701 3585 respectu
2732 3512 3140 3566 misericordia:
3174 3511 3522 3578 occiderent,

1921 3603 2063 3656 sicut
2092 3619 2242 3667 oves,
2268 3618 2394 3672 qua:
2445 3602 2514 3655 ad
2548 3603 2655 3655 hoc
2688 3605 2838 3654 natm
2868 3603 3000 3653 sunt
3035 3603 3096 3653 ut
3145 3616 3212 3652 ex
3257 3599 3336 3654 eis
3383 3615 3524 3653 escae

1919 3691 2082 3754 fiant,
2120 3689 2242 3742 sine
2268 3693 2530 3758 respectu
2565 3687 2974 3742 misericordias
3004 3685 3451 3741 occiduntur.Et
3469 3689 3523 3739 in

1917 3778 2177 3848 gentibus,
2213 3777 2269 3830 id
2301 3780 2385 3830 est
2412 3777 2564 3830 inter
2594 3779 2800 3846 gentes
2850 3775 3139 3844 dispersisti
3185 3791 3296 3836 nos,
3329 3773 3386 3827 id
3437 3778 3522 3828 est

1921 3865 2234 3939 permisisti
2263 3865 2508 3936 dispergi
2541 3868 2600 3917 et
2638 3865 2856 3918 exsules
2889 3862 3030 3916 ﬁeri.

1991 3953 2152 4008 Unde
2189 3953 2464 4008 Dominus
2497 3951 2553 4005 in
2591 3949 2897 4020 Evangelio
2930 3965 2942 4002 :
2974 3947 3082 4003 «Si
3112 3964 3208 4001 vos
3236 3949 3516 4018 persecuti

1923 4041 2142 4096 fuerint
2168 4042 2224 4096 in
2255 4058 2368 4094 una
2391 4039 2638 4105 civitate,
2673 4038 2852 4109 fugite
2884 4037 2941 4090 in
2974 4036 3144 4090 aliam
3178 4036 3399 4097 (Matth.
3429 4054 3516 4104 xx,

1924 4132 2037 4202 23).
2062 4152 2088 4179 ››
2122 4130 2244 4184 Dixi
2276 4129 2432 4201 quod
2480 4129 2672 4182 dedisti
2697 4145 2788 4181 nos
2826 4135 3080 4198 tanquam
3111 4141 3228 4179 ores
3263 4143 3520 4193 escarum,

1923 4223 1987 4274 ut
2005 4219 2127 4273 sine
2160 4221 2420 4290 respectu
2451 4217 2644 4288 aliquo
2677 4215 2904 4288 pietatis
2945 4213 3435 4282 interimeremur,
3467 4221 3526 4270 et

225 4303 446 4358 salvasti
481 4305 640 4369 enim,
682 4303 741 4357 id
776 4305 861 4356 est
898 4302 1157 4369 salvabis,
1193 4318 1287 4356 nes
1315 4303 1459 4356 sicut
1484 4302 1727 4356 mandas
1757 4302 1823 4357 de
1845 4293 1898 4352 D
1927 4308 2060 4362 inde
2093 4322 2210 4367 non
2250 4305 2498 4376 contigit
2528 4304 2732 4376 aliquis
2771 4303 2988 4358 fructus
3020 4301 3303 4368 Ecclesiae,
3339 4305 3399 4356 ut
3429 4319 3522 4357 ex-

223 4391 586 4463 αχῙιιῃεηιίὺιις
616 4407 728 4457 nos,
761 4393 820 4444 et
842 4390 1088 4444 exterius
1117 4389 1446 4444 etinterius.
1478 4389 1553 4442 Et
1595 4389 1828 4446 cdientes

224 4495 316 4532 nos
345 4479 655 4549 confudisti,
688 4479 747 4532 id
773 4481 859 4533 est
893 4477 1232 4544 confundes,
1269 4477 1578 4531 exteriores
1614 4478 1830 4532 scilicet

225 4567 612 4634 destruendo,i
622 4566 1016 4637 nterioresque
1030 4565 1422 4621 invictoriosos
1435 4566 1830 4622 reddendo.Et

223 4657 327 4712 hos
348 4655 592 4710 mandas
625 4654 901 4727 quodtota
926 4655 1030 4722 die,
1047 4654 1107 4709 id
1129 4657 1215 4709 est
1228 4654 1468 4725 jugiter,
1485 4655 1829 4709 laudabimur

235 4746 305 4800 ab
330 4744 465 4816 ipsis
487 4744 735 4798 inimicis
761 4743 1149 4798 exteroribus:
1180 4745 1234 4797 in
1259 4743 1371 4797 Deo
1393 4743 1730 4810 existentes,
1762 4743 1822 4798 id

232 4834 398 4889 estin
452 4832 893 4904 participatione
943 4831 1315 4887 beatitudinis
1361 4833 1482 4888 Dei.
1517 4831 1622 4896 Qui
1655 4833 1830 4888 etiam

228 4921 438 4976 inimici
472 4921 664 4976 dic‘ent
695 4938 708 4976 :
743 4943 772 4970 ‹‹
795 4921 908 4976 Nos
936 4919 1443 4992 insensatileorum
1477 4921 1649 4976 vitam
1681 4921 1830 4976 testi-

232 5010 530 5067 mabamus
558 5009 865 5076 insaniam,
897 5013 956 5064 et
983 5010 1162 5064 finem
1194 5009 1422 5064 illorum
1438 5010 1560 5064 sine
1586 5010 1828 5065 honore.

233 5100 372 5155 Eece
410 5099 703 5172 quomodo
757 5097 1072 5172 computati
1111 5102 1245 5152 sunt
1269 5098 1421 5154 inter
1445 5099 1590 5154 filios
1621 5099 1720 5154 Dei
1749 5099 1778 5154 ?
1803 5119 1831 5149 »

237 5188 383 5259 (Sap.
423 5204 504 5255 III,
571 5189 646 5257 4.}
707 5187 775 5242 Et
815 5187 926 5243 hoc
954 5185 1218 5252 mandas,
1263 5185 1413 5258 quod
1467 5187 1834 5256 conﬁtebimur

235 5275 704 5344 tibiinsa'culum,
741 5275 801 5330 id
861 5278 947 5330 est
1005 5273 1370 5330 laudabimus
1440 5278 1499 5330 te
1545 5276 1603 5330 in
1657 5279 1831 5330 teter-

237 5381 397 5423 num.

308 5456 417 5512 tias
433 5469 571 5512 vero
609 5453 817 5512 salutes
845 5453 924 5510 sic
971 5451 1244 5531 proponit
1273 5455 1458 5512 Deum
1500 5453 1830 5524 mandasse,

241 5543 398 5642 quasi
417 5543 474 5606 in
505 5541 774 5626 praesenti
815 5543 1021 5607 saeculo
1051 5542 1329 5626 compleri
1364 5542 1663 5609 deberent.
1696 5541 1836 5615 Quae

1928 4396 2121 4467 empto
2153 4393 2487 4448 constantiae
2519 4395 2727 4448 nostra!
2753 4392 2846 4446 alii
2879 4393 3348 4446 converterentur
3379 4407 3393 4444 :
3425 4392 3526 4445 sed

1927 4483 2207 4539 vindiciisti
2227 4483 2485 4553 p0pulum
2515 4489 2689 4548 tuum,
2715 4497 2821 4535 nos
2849 4479 3082 4546 scilicet,
3112 4481 3224 4533 sine
3241 4483 3438 4550 pretio,
3469 4480 3524 4536 id

1929 4575 2034 4640 est,
2057 4571 2136 4626 ita
2166 4569 2474 4641 permisisti
2504 4586 2608 4624 nos
2636 4568 2876 4623 interﬁci
2907 4571 2971 4622 ut
2998 4567 3232 4634 similes,
3277 4583 3530 4624 essemus

1924 4659 2218 4724 vendenti,
2253 4661 2312 4712 et
2341 4657 2590 4728 pretium
2624 4656 2758 4711 inde
2783 4672 2897 4711 non
2920 4655 3221 4728 accipienti
3261 4655 3424 4720 Quod
3445 4662 3532 4712 est

1930 4745 2118 4800 dicere
2145 4762 2156 4800 :
2194 4745 2410 4800 Idcirco
2437 4744 2645 4800 videris
2673 4747 2950 4816 populum
2991 4761 3159 4799 suum
3190 4745 3529 4816 permittere

1932 4834 2142 4889 debere
2157 4834 2398 4889 interﬁci
2415 4837 2475 4888 ut
2491 4834 2635 4888 filios
2653 4833 2909 4888 Ecclesia:
2923 4850 3028 4906 per
3047 4849 3249 4888 eorum
3269 4836 3532 4888 constan-

1931 4924 2069 4977 tiam
2105 4923 2312 4994 parias,
2346 4923 2526 4978 ethoc
2552 4923 2624 4977 sit
2641 4923 2892 4995 pretium
2939 4921 3143 4977 mortis
3161 4936 3385 4975 eorum.
3419 4919 3533 4976 Sed

1931 5028 2061 5066 cum
2076 5011 2246 5082 quibu
2261 5011 2416 5066 :dam
2433 5011 2820 5084 interemptis,
2836 5009 2992 5064 nulla
3011 5007 3306 5064 conversio
3333 4995 3534 5063 intide-

1931 5099 2071 5154 lium
2103 5103 2392 5171 sequatur,
2422 5098 2629 5154 videris
2655 5097 2999 5163 vendidisse,
3043 5100 3101 5151 et
3117 5095 3380 5171 pretium
3400 5097 3527 5171 nul-

1933 5189 2052 5244 lum
2085 5169 2363 5258 accipere.
2390 5189 2458 5242 Et
2477 5187 2520 5240 si
2545 5187 2604 5241 in
2625 5188 2810 5242 morte
2827 5185 3213 5256 quorumdam
3237 5184 3346 5239 fuit
3364 5169 3382 5255 I

1935 5277 2130 5349 aliqua
2159 5276 2452 5331 conversio
2481 5275 2824 5340 inﬁdelium,
2855 5289 2962 5326 non
2987 5277 3186 5328 tamen
3217 5273 3333 5342 fuit
3363 5273 3540 5328 muti-

1937 5365 2061 5420 tudo
2112 5362 2615 5419 commutationibus
2645 5378 2846 5428 eorum,
2896 5361 2956 5416 id
2985 5366 3072 5418 est
3125 5377 3241 5416 non
3271 5359 3350 5415 sic
3369 5377 3530 5416 com-

1939 5453 2174 5512 mutasti
2204 5469 2303 5510 eos
2338 5457 2402 5511 ut
2437 5449 2662 5512 multos
2686 5449 2835 5508 illius
2861 5464 2966 5524 pro
2996 5465 3200 5510 eorum
3223 5451 3413 5506 morte
3433 5465 3557 5503 sus-

1945 5543 2181 5623 ciperes.
2214 5538 2551 5605 Notandum
2585 5555 2728 5608 vero
2763 5537 2916 5616 quod
2942 5538 3182 5614 quidam
3201 5535 3321 5597 dati
3339 5538 3474 5595 sunt
3505 5536 3570 5604 iu
