4008 6030
422 270 524 334 823

1026 264 1084 330 s.
1112 256 1456 332 BRUNONIS
1495 230 2126 333 CARTHUSIANORUM
2161 259 2629 332 INSTITUTORIS
2669 252 2823 330 Opp.
2865 270 3067 333 PARS.
3103 254 3127 327 ἰ

3624 266 3732 328 824

425 393 678 449 mortem
716 390 841 448 sine
866 393 1051 467 pretio
1079 394 1285 467 aliqeo.
1312 393 1557 459 Quidam
1596 398 1792 451 autem
1837 411 2024 468 parvo
2044 406 2100 463 Α
2119 396 2298 452 levius
2324 397 2428 451 est.
2462 396 2531 450 Et
2562 395 2673 450 hoc
2712 410 2832 449 non
2864 409 2968 465 per
2992 409 3119 461 nos,
3152 390 3251 448 sed
3281 408 3386 464 per
3432 392 3492 446 te
3522 389 3729 446 habui-

422 482 635 555 pretio,
667 482 905 555 quidam
937 483 1113 538 etiam
1145 500 1380 556 magno.
1416 485 1526 540 Sed
1550 486 1620 541 de
1650 485 1760 541 illis
1790 484 1886 557 qui
1916 500 2022 556 pro

426 588 644 644 magno
670 571 857 644 pretio
891 572 1007 627 dati
1039 575 1172 627 sunt
1191 590 1308 628 non
1336 574 1626 646 proponit,
1656 591 1787 629 cum
1837 574 1907 628 de
1945 572 2026 627 eis

425 660 570 715 nihil
597 660 975 731 quaerendum
1009 661 1103 718 sit.

496 749 567 802 Et
587 750 826 819 posuisti
856 766 948 803 nos
975 750 1311 820 opprobrium
1345 753 1530 805 vicinis
1560 752 1777 818 nostris,
1809 753 1871 805 ut
1893 766 2025 805 cum

427 853 533 892 nos
558 837 925 908 permitteres
980 838 1158 910 afﬂigi
1203 841 1288 893 vel
1320 839 1587 903 interﬁci,
1643 840 1750 894 illis
1779 840 1875 911 qui
1896 839 2023 909 jam

423 925 591 980 vicini
626 926 807 981 nostri
825 929 991 981 erant
1004 928 1263 999 exemplo
1282 931 1477 983 nostro
1496 930 1751 982 volentes
1771 927 2025 982 converti

425 1014 806 1086 opprobrium
836 1030 1107 1082 essemus,
1137 1019 1196 1069 ut
1234 1015 1292 1069 in
1332 1034 1391 1071 se
1420 1017 1944 1071 verecundarentur
1965 1031 2026 1069 se

424 1101 667 1156 voluisse
697 1118 956 1173 unquam
984 1103 1303 1158 imitatores
1342 1104 1522 1159 nostri
1553 1103 1697 1158 ﬁeri.
1731 1103 1808 1157 Et
1832 1104 1911 1156 his
1936 1103 2030 1173 qui

421 1194 547 1243 sunt
571 1205 687 1245 non
714 1189 773 1243 in
806 1189 1117 1258 vicinitate,
1148 1191 1251 1246 sed
1272 1193 1327 1244 in
1364 1195 1598 1248 circuitu
1627 1197 1826 1260 nostro,
1856 1191 1914 1245 id
1935 1192 2022 1244 est

422 1277 482 1332 in
511 1278 877 1349 elongatione
898 1279 1133 1334 anobis.
1152 1280 1271 1346 Vel,
1290 1283 1345 1334 in
1373 1283 1601 1336 circuitu
1632 1285 1831 1347 nostro,
1864 1279 1921 1333 id
1942 1281 2029 1332 est

423 1365 520 1438 qui
545 1365 955 1421 circumierunt
972 1384 1098 1435 nos,
1110 1363 1173 1422 ‘et
1193 1368 1765 1423 circumvallaverunt
1782 1366 1954 1422 minis
1971 1370 2030 1421 et

423 1454 958 1523 tribulationibus,a
988 1455 1365 1512 similitudine
1388 1458 1619 1511 illorum
1651 1457 1747 1528 qui
1774 1455 2027 1527 aliquem

424 1542 881 1598 circumveniunt
908 1560 980 1598 ne
1013 1544 1235 1599 evadat.
1268 1545 1512 1600 Posuisti
1550 1562 1644 1599 nos
1658 1545 2028 1600 subsannalio-

423 1646 543 1687 nem
570 1635 620 1685 et
648 1630 903 1698 derisum,
931 1631 991 1686 id
1016 1636 1343 1687 estcausam
1369 1632 1832 1688 subsannationis
1861 1634 1918 1687 et
1933 1631 2030 1686 de-

2124 500 2271 539 mus.
2297 484 2442 539 Nam
2466 499 2584 538 non
2614 482 2910 549 declinasti,
2943 482 3001 537 id
3040 484 3124 537 est
3149 480 3423 537 declinari
3455 497 3574 537 non
3601 496 3731 553 per-

2123 572 2323 628 misisti
2351 573 2561 626 semitas
2578 576 2802 637 nostras,
2846 570 2905 624 id
2936 572 3016 625 est
3060 569 3426 642 operationes
3479 571 3727 635 nostras,

2125 678 2252 734 qua:
2282 664 2414 715 sunt
2442 660 2661 715 semitm
2718 659 2885 714 nobis
2916 659 2989 714 ad
3019 658 3219 726 vitam,
3251 677 3283 713 a
3310 661 3395 713 via
3417 663 3534 726 tua,
3556 657 3619 712 id
3646 659 3732 712 est

2125 767 2160 805 a
2195 750 2285 804 via
2312 750 2724 805 mandatorum
2750 752 3010 804 tuorum.
3043 748 3208 813 Quod
3226 752 3311 804 est
3338 748 3527 803 dicere
3555 764 3570 801 ι
3604 747 3730 801 Non

2125 837 2432 909 permisisti
2457 854 2561 893 nos
2587 838 2836 891 multum
2866 836 3094 909 operari
3128 838 3242 893 tale
3269 835 3426 907 quid,
3458 836 3614 909 quod
3640 852 3735 890 ex-

2124 931 2392 981 traneum
2406 928 2553 980 esset
2566 943 2597 980 a
2613 925 2903 979 mandatis
2918 925 3301 997 tuis.ldeoque
3315 926 3498 996 magis
3515 924 3733 978 mirum

2125 1017 2230 1082 est,
2269 1030 2400 1068 cum
2431 1015 2574 1068 adeo
2596 1018 3025 1085 perseverantes
3054 1014 3113 1069 in
3142 1014 3298 1069 bono
3328 1013 3531 1079 fecisti,
3551 1028 3734 1085 quare

2126 1102 2206 1157 sic
2236 1101 2475 1172 repulisti
2500 1108 2549 1155 et
2573 1101 2881 1171 con/adisti,
2921 1101 3083 1173 quasi
3135 1102 3244 1156 hoc
3285 1103 3439 1156 male
3484 1100 3732 1154 vivendo

2125 1190 2907 1262 promcruissemusQuzeret
2925 1190 3345 1261 aliquiszQuare
3367 1190 3554 1245 dicitis
3575 1188 3735 1261 quod

2126 1296 2245 1334 non
2278 1279 2460 1334 fuistis
2480 1279 2665 1346 obliti,
2693 1295 2825 1333 cum
2849 1295 2966 1334 non
2998 1277 3196 1333 fuisset
3223 1278 3383 1333 vobis
3404 1293 3572 1331 causa
3592 1274 3737 1331 obli-

2124 1367 2307 1422 vionis
2325 1368 2352 1422 ?
2384 1367 2783 1439 Respondetur
2813 1386 2825 1421 :
2862 1368 3007 1421 Vere
3029 1366 3193 1422 nobis
3213 1365 3340 1433 fuit,
3360 1368 3613 1438 quoniam
3636 1364 3736 1417 liu-

2124 1456 2351 1511 miliasti
2373 1473 2490 1523 nos,
2520 1456 2577 1509 id
2632 1458 2719 1509 est
2762 1455 3233 1510 tribulationibus
3256 1454 3527 1519 afflixisti,
3559 1452 3617 1507 id
3640 1453 3731 1506 est

2126 1543 2307 1615 afﬂigi
2330 1543 2659 1615 permisisti.
2692 1542 2763 1599 In
2821 1544 2930 1597 loco
2972 1544 3307 1614 a/fllctionis,
3327 1543 3386 1598 id
3415 1545 3501 1597 est
3531 1542 3591 1595 in
3622 1541 3735 1596 hoc

2126 1633 2367 1700 mundo,
2396 1632 2453 1686 in
2488 1649 2601 1704 quo
2634 1635 2720 1687 est
2740 1633 2898 1687 locus
2946 1616 3521 1702 I4Iafﬂictionis;in
3539 1629 3736 1684 futuro

423 1718 670 1774 risionis.
716 1718 1083 1774 Subsannare
1124 1720 1368 1776 dicimus
1408 1721 1641 1793 quando
1673 1719 1913 1792 quilibet
1960 1736 2027 1774 ex
2053 1733 2104 1792 Β
2127 1720 2285 1776 enim
2315 1722 2471 1775 locus
2496 1720 2824 1775 afﬂictionis
2849 1737 2967 1775 non
2998 1720 3126 1775 erit.

423 1807 820 1880 indignatione
841 1809 1023 1865 nimia
1042 1826 1208 1865 nares
1233 1811 1781 1883 corrugat.ldeoque
1797 1810 2030 1865 subsan-

425 1897 588 1952 natio
627 1913 733 1968 pro
765 1896 1167 1969 indignatione
1193 1900 1447 1970 ponitur.
1482 1900 1649 1964 Quod
1678 1903 1765 1954 est
1795 1898 1983 1953 dicere
2010 1915 2023 1953 :

422 1985 667 2043 Posuisti
690 2002 783 2039 nos
809 1987 971 2053 tales,
1006 1990 1209 2041 contra
1251 2002 1394 2059 quos
1426 1988 1531 2060 ipsi
1560 1988 2025 2058 indignarentur,

427 2077 487 2128 et
508 2090 651 2145 quos
683 2074 1033 2143 deriderent,
1067 2077 1136 2129 Et
1150 2078 1387 2146 posuisti
1422 2093 1515 2130 nos
1536 2076 2024 2131 insimilitudinem:

425 2159 488 2215 id
518 2162 604 2214 est
633 2159 690 2213 in
718 2160 1055 2230 parabolam
1082 2161 1343 2232 gentibus,
1373 2164 1455 2228 ut,
1489 2162 1721 2235 quando
1742 2178 1907 2217 reum
1933 2162 2030 2216 ali-

427 2263 603 2319 quem
663 2247 954 2314 videbant,
998 2248 1257 2303 dicerent
1288 2266 1302 2304 :
1330 2250 1450 2303 Tali
1492 2254 1682 2305 morte
1735 2249 1942 2320 dignus
1971 2267 2031 2305 es

429 2336 586 2407 quali
611 2336 785 2407 periit
813 2336 906 2390 ille
932 2340 1031 2391 aut
1054 2336 1169 2395 ille.
1202 2338 1270 2391 Et
1303 2340 1535 2407 posuisti
1562 2355 1655 2393 nos
1692 2340 1748 2391 in
1795 2338 2026 2409 populis,

426 2424 486 2479 id
515 2428 602 2479 est
619 2425 773 2479 intra
788 2426 1032 2496 populos
1048 2427 1454 2480 commotionem
1476 2428 1683 2496 capitis,
1714 2426 1772 2479 id
1797 2430 1882 2480 est
1897 2444 2029 2481 cau-

427 2530 551 2568 sam
584 2514 994 2569 commotionis
1037 2514 1255 2585 capitis.
1286 2515 1450 2579 Quod
1481 2519 1566 2570 est
1596 2516 1784 2570 dicere
1810 2533 1823 2570 :
1872 2517 2030 2571 Adeo

428 2601 735 2673 permisisti
752 2602 933 2674 afﬂigi
950 2606 1011 2657 ut
1030 2603 1300 2658 inﬁdeles
1319 2604 1516 2675 populi
1543 2604 1678 2659 inde
1698 2607 1868 2675 caput
1880 2603 2030 2658 deri-

429 2690 578 2746 sorie
612 2694 933 2758 moverent,
968 2708 1073 2747 nos
1121 2708 1240 2747 esse
1284 2694 1489 2747 stultos
1520 2694 1578 2747 et
1607 2692 1842 2748 insanos
1881 2708 2030 2747 asse-

431 2783 644 2835 rentes.

505 2870 817 2939 Postquam
861 2868 1120 2940 exposuit
1162 2869 1454 2942 quomodo
1485 2871 1633 2926 Deus
1657 2886 1754 2926 eos
1803 2868 2033 2941 repulit,

2198 1810 2278 1865 Et
2304 1809 2447 1864 adeo
2510 1808 2829 1863 humiliasti
2877 1808 3034 1880 quod
3086 1809 3349 1879 cooperuit
3398 1822 3494 1863 nos
3523 1804 3736 1875 umbra,

2128 1897 2404 1953 exsistens
2432 1913 2603 1951 causa
2626 1899 2831 1963 mortis,
2867 1896 2924 1951 id
2945 1900 3031 1951 est
3047 1896 3286 1952 omnino
3313 1897 3739 1967 occupaverunt

2128 2002 2232 2041 nos
2252 1985 2719 2040 tribulationibus
2742 1985 2822 2039 illi
2850 1985 2945 2057 qui
2969 1985 3293 2056 emphatice
3309 1984 3578 2040 dicuntur
3605 2000 3735 2038 um-

2128 2074 2252 2141 bra,
2285 2074 2345 2127 id
2364 2077 2448 2128 est
2467 2072 2792 2128 umbrosiet
2818 2074 3043 2128 obscuri
3069 2073 3126 2127 in
3160 2089 3377 2141 errore,
3400 2077 3460 2128 et
3479 2072 3577 2144 qui
3601 2074 3733 2126 sunt

2129 2161 2252 2215 aliis
2268 2177 2438 2215 causa
2460 2161 2834 2233 mortis,quos
2850 2161 2954 2214 sibi
2978 2161 3354 2233 incorporant
3371 2161 3525 2215 malo
3539 2176 3737 2215 exem-

2130 2250 2248 2320 plo,
2280 2248 2756 2320 suggestionibus,
2790 2248 2967 2303 minis
3019 2253 3078 2304 et
3106 2248 3571 2304 tribulationibus
3604 2265 3617 2303 :
3648 2248 3739 2303 Di-

2131 2342 2287 2393 ceret
2306 2337 2539 2409 aliquis:
2567 2337 2752 2402 Quare
2769 2338 3027 2407 jastastis
3052 2354 3150 2392 vos
3170 2354 3287 2393 non
3307 2338 3480 2393 fuisse
3504 2337 3735 2406 oblitos,

2130 2443 2262 2482 cum
2283 2426 2443 2481 obliti
2468 2425 2727 2480 fueritis?
2756 2426 3152 2496 Respondetur
3175 2443 3187 2480 :
3216 2426 3359 2480 Vere
3382 2442 3500 2481 non
3521 2426 3739 2481 fuimus

2131 2514 2313 2571 obliti.
2349 2515 2491 2568 Nam
2522 2517 2570 2568 si
2590 2514 2740 2568 obliti
2764 2531 2944 2568 sumus
2973 2530 3168 2569 nomen
3218 2514 3325 2568 Dei
3368 2515 3565 2581 nostri,
3617 2530 3735 2569 non

2131 2602 2455 2675 reputando
2473 2619 2607 2656 eum
2628 2604 2812 2658 Deum
2838 2606 2896 2658 et
2912 2603 3248 2667 Dominum,
3269 2619 3373 2658 nos
3400 2605 3596 2658 autem
3624 2620 3741 2657 ser-

2132 2708 2232 2746 vos
2244 2694 2301 2746 et
2326 2695 2653 2747 creaturam
2678 2708 2691 2759 ;
2722 2696 2771 2746 et
2786 2693 2834 2744 si
2858 2691 3244 2747 obliviscenda
3270 2708 3490 2747 nomen
3512 2692 3613 2746 Dei
3637 2708 3738 2747 no-

2133 2780 2237 2834 stri
2268 2780 2620 2851 eJ‘pandimus
2648 2795 2840 2834 manus
2869 2784 3078 2834 nostras
3107 2782 3435 2851 corporales
3463 2780 3534 2834 ad
3562 2780 3738 2837 Deum

2135 2868 2388 2935 alienum,
2418 2867 2713 2922 adoranda
2739 2884 2892 2925 eum.
2920 2868 3019 2922 Vel
3048 2867 3095 2921 si
3124 2868 3502 2940 expandimus
3531 2884 3740 2924 manus

434 2959 669 3031 exponit
695 2958 988 3030 quomodo
1015 2958 1286 3014 confundi
1310 2958 1591 3030 permisit,
1612 2958 1689 3014 sic
1723 2958 2035 3023 :Quoniam
2069 3017 2109 3031 Α
2137 2961 2381 3025 nostras,
2413 2956 2473 3011 id
2501 2959 2587 3011 est
2625 2956 2983 3011 intendimus
3030 2956 3361 3011 affectiones
3413 2961 3640 3013 nostras
3665 2957 3738 3012 ad

437 3052 632 3104 autem
664 3048 894 3119 posuisti
931 3063 1024 3100 nos
1074 3047 1440 3118 opprobrium,
1491 3049 1953 3101 subsannationem
1989 3051 2039 3098 et
2064 3017 2111 3077 Ο
2137 3049 2318 3102 Deum
2349 3045 2623 3112 alienum,
2658 3048 2721 3099 ut
2749 3045 2924 3099 etiam
2956 3046 3061 3115 ipsi
3093 3045 3411 3117 supplicare
3442 3047 3736 3113 vellemus,

433 3138 691 3204 derisum,
726 3140 776 3191 et
822 3134 1244 3203 similitudinem,
1277 3142 1327 3189 et
1372 3137 1558 3206 capitis
1614 3137 2035 3200 commotionem,

437 3234 544 3281 tota
573 3226 677 3292 die,
709 3224 763 3278 id
797 3227 883 3277 cst
914 3222 1152 3293 jugiter,
1183 3228 1258 3277 est
1294 3230 1478 3277 contra
1528 3240 1644 3288 me;
1674 3222 1734 3277 id
1774 3225 1862 3277 est
1901 3224 2038 3276 ante

440 3331 556 3381 me,
589 3313 649 3367 in
667 3314 977 3382 conspectu
1003 3327 1134 3365 meo
1148 3310 1382 3378 scilicet,
1410 3311 1719 3365 verecundia
1746 3327 2039 3372 mea,nun-

442 3418 616 3475 quam
639 3417 673 3454 a
703 3416 798 3453 me
822 3398 1137 3453 discedens.
1170 3399 1239 3452 Et
1292 3399 1415 3453 haec
1445 3415 1619 3470 parva
1651 3416 1769 3453 non
1797 3402 1900 3453 est.
1930 3398 2042 3453 Sed

442 3490 683 3560 confusio
710 3489 875 3558 faciei
900 3504 1050 3553 meae,
1094 3486 1151 3540 id
1181 3486 1619 3541 estverecundia
1650 3504 1766 3542 non
1799 3487 2045 3541 existens

446 3577 688 3634 interius
709 3592 743 3630 a
771 3572 1119 3629 conscientia
1138 3572 1415 3641 criminis,
1438 3573 1537 3628 sed
1559 3574 1804 3628 exterius
1819 3574 1879 3627 in
1902 3573 2048 3628 facie

448 3684 515 3723 ex
541 3664 835 3720 debilitate
884 3661 1092 3728 carnis,
1125 3662 1390 3733 cooperuit
1408 3679 1509 3729 me,
1534 3661 1592 3715 id
1640 3665 1724 3716 est
1750 3665 1911 3717 tanta
1939 3662 2050 3718 fuit

448 3755 605 3830 quod
635 3770 728 3808 me
776 3751 950 3807 nimis
979 3750 1223 3805 exterius
1261 3749 1577 3823 occupavit,
1611 3766 1645 3805 a
1674 3751 2047 3807 similitudine

450 3844 658 3915 ampla:
687 3840 878 3907 vestis,
912 3856 1039 3911 quas
1071 3854 1278 3909 corpus
1315 3840 1503 3892 totum
1535 3838 1813 3911 cooperit.

521 3930 789 3989 Confusio
835 3928 984 3994 dico,
1014 3944 1143 3999 quae
1184 3926 1426 3998 contigit
1453 3945 1487 3981 a
1516 3944 1637 3982 voce
1668 3928 2045 3999 exprobrantis,

449 4023 511 4078 id
538 4023 623 4076 est
645 4015 886 4083 inimici,
938 4014 1083 4071 mihi
1115 4031 1289 4086 prora
1342 4015 1687 4071 multimoda
1724 4018 2044 4073 inferentis.

448 4111 525 4165 Et
552 4106 891 4178 obloquentis,
924 4103 985 4157 id
1014 4106 1100 4157 est
1124 4106 1325 4157 contra
1351 4119 1446 4156 me
1478 4104 1784 4175 loquentis,
1825 4109 1882 4160 et
1909 4106 2052 4161 veri-

448 4201 632 4254 tatem
648 4212 683 4249 a
696 4210 789 4248 me
800 4192 1086 4264 prolatam
1105 4190 1426 4245 rationibus
1437 4191 1706 4247 humanis
1719 4193 2050 4266 improbare

2135 3134 2333 3189 Nonne
2358 3134 2504 3189 Deus
2535 3135 2763 3205 requiret
2819 3135 2919 3186 ista
2948 3132 3008 3187 in
3038 3133 3252 3200 futuro,
3296 3136 3360 3188 ut
3387 3133 3691 3189 ulciscatur
3712 3135 3740 3190 ?

2137 3222 2412 3294 Requiret
2440 3237 2591 3275 vere.
2644 3222 2723 3275 Ac
2756 3220 2801 3275 si
2850 3220 3038 3275 dicat:
3091 3221 3305 3275 Verum
3339 3222 3604 3288 dicimus,
3639 3240 3742 3278 nos

2140 3328 2256 3365 non
2276 3310 2482 3365 oblitos
2492 3326 2640 3364 essse
2666 3308 3053 3379 perhibentes.
3073 3309 3216 3363 Nam
3237 3309 3279 3363 si
3294 3310 3454 3366 obliti
3469 3327 3744 3376 essemus,

2142 3400 2216 3455 ad
2240 3398 2378 3471 quid
2405 3399 2513 3453 hoc
2539 3398 2904 3465 mentiretur,
2938 3414 3068 3452 cum
3101 3397 3348 3453 sciamus
3387 3400 3497 3455 hoc
3559 3398 3621 3454 in
3656 3399 3744 3454 fu-

2144 3491 2272 3542 turo
2297 3488 2477 3542 Deum
2494 3486 2937 3558 requisiturum?
2960 3486 3131 3550 Quasi
3154 3487 3432 3542 dicerent:
3458 3489 3584 3543 Non
3600 3488 3750 3544 dice-

2144 3591 2341 3631 remus
2364 3575 2494 3642 hoc,
2528 3574 2636 3628 nisi
2656 3590 2857 3629 verum
2888 3577 3055 3630 esset.
3087 3575 3314 3629 Diceret
3342 3575 3545 3647 aliquis
3579 3593 3592 3630 :
3621 3576 3746 3632 Non

2146 3663 2420 3735 requiret,
2449 3662 2725 3734 quoniam
2749 3662 2858 3717 hoc
2889 3662 3135 3734 ignorat.
3167 3663 3255 3718 Ad
3275 3664 3383 3720 hoc
3412 3666 3749 3738 respondet,

2147 3752 2227 3807 sic
2247 3769 2260 3806 :
2284 3752 2408 3806 Non
2440 3751 2674 3823 ignorat
2703 3751 2833 3817 hoc,
2856 3749 2975 3821 Ipse
3001 3753 3142 3806 enim
3174 3754 3323 3807 novit
3353 3753 3753 3809 universaliter

2146 3840 2454 3896 abscondita
2488 3840 2678 3895 cordis.
2709 3839 2978 3911 Sequitur
2992 3843 3188 3895 autem
3213 3841 3397 3896 oratio
3423 3858 3528 3913 pro
3555 3842 3755 3913 positis

2146 3929 2204 3984 in
2229 3928 2544 3995 afﬂctione,
2562 3929 2639 3983 sic
2664 3944 2677 3982 :
2704 3928 2826 3982 Dixi
2849 3928 2979 4000 quia
3000 3927 3313 3984 humiliasti
3330 3945 3455 3997 nos,
3480 3933 3538 3986 et
3554 3935 3752 3986 tamen

2148 4034 2266 4073 non
2294 4034 2490 4072 sumus
2521 4017 2703 4072 obliti.
2736 4018 2885 4088 Ergo
2915 4019 3168 4088 quoniam
3181 4023 3406 4088 propter
3433 4023 3485 4073 te
3513 4025 3624 4074 tota
3643 4019 3750 4087 die,

2147 4105 2207 4160 id
2237 4109 2322 4160 est
2335 4105 2580 4171 assidue,
2594 4106 2980 4174 mortiﬁcamur
3000 4104 3058 4159 in
3076 4121 3248 4160 carne
3268 4123 3281 4175 ;
3301 4109 3359 4161 et
3378 4106 3516 4161 dum
3547 4108 3753 4163 morti-

2148 4195 2409 4260 ficamur,
2440 4196 2693 4248 aestimati
2716 4210 2895 4248 sumus
2923 4194 3429 4264 apersecutoribus
3477 4197 3612 4250 sicut
3635 4213 3757 4251 oves

450 4283 732 4344 conantis.
753 4282 822 4336 Et
849 4299 881 4335 a
908 4280 1069 4349 facie,
1100 4278 1160 4334 id
1175 4282 1261 4334 est
1289 4279 1361 4334 ab
1391 4279 1684 4350 instantia,
1708 4280 1929 4338 inimici.
1952 4284 2048 4353 Et,
2074 4302 2126 4361 D
2147 4284 2436 4348 occisionis,
2486 4281 2545 4336 id
2605 4284 2690 4336 est
2735 4280 3002 4336 aestimati
3051 4298 3246 4337 sumus
3303 4282 3603 4338 occidendi
3629 4284 3755 4340 sine

450 4377 511 4434 id
549 4377 635 4429 est
671 4372 870 4438 etiam,
902 4370 1262 4441 persequentis
1287 4384 1382 4423 me
1411 4369 1900 4441 tribulationibus,
1931 4391 2050 4430 non

449 4465 636 4521 solum
665 4459 1023 4532 exprobrantis
1045 4464 1095 4512 et
1123 4457 1447 4530 obloquentis
1467 4458 1572 4512 haec
1591 4461 1777 4515 omnia
1804 4479 1932 4533 qua:
1965 4463 2049 4518 di-

448 4553 654 4618 ximus,
686 4554 940 4604 venerunt
967 4564 1123 4617 super
1147 4562 1262 4613 nos,
1294 4546 1353 4601 id
1375 4551 1461 4601 est
1491 4548 1565 4603 ad
1614 4549 2048 4622 oppressionem

450 4639 653 4705 nostri,
680 4654 775 4691 nec
794 4637 945 4692 obliti
962 4652 1143 4690 sumus
1173 4641 1240 4690 te.
1294 4635 1362 4689 Et
1391 4635 1499 4691 hoc
1531 4637 1707 4692 modo
1738 4655 1844 4692 non
1870 4656 2050 4695 sumus

448 4729 613 4795 obliti,
645 4726 859 4781 scilicet
903 4725 1081 4796 inique
1136 4740 1243 4778 non
1272 4726 1476 4793 egimus
1515 4726 1571 4779 in
1623 4732 1931 4783 testamento
1958 4735 2048 4783 tuo

445 4818 668 4883 relicto,
700 4815 759 4869 id
789 4816 893 4881 est,
917 4828 1036 4868 non
1064 4812 1214 4867 male
1237 4812 1456 4884 operati
1482 4812 1697 4869 fuimus
1723 4816 2046 4871 recedendo

446 4906 843 4963 atestamento
875 4904 996 4967 tuo,
1023 4900 1083 4955 id
1107 4902 1193 4956 est
1209 4916 1243 4955 a
1273 4901 1654 4971 promissione
1670 4920 1844 4975 quam
1866 4903 1924 4958 in
1952 4904 2049 4959 ba-

444 4994 656 5067 ptismo
677 4991 776 5047 tibi
789 4989 1288 5062 promisimus,sub
1303 4989 1670 5061 patrinorum
1689 4992 2042 5061 testimonio,

442 5082 655 5139 scilicet
678 5079 834 5153 quod
858 5077 962 5133 tibi
990 5076 1116 5145 soli,
1168 5076 1402 5149 pompis
1452 5077 1665 5134 diaboli
1691 5079 2042 5152 postpositis,

442 5171 827 5228 obediremus.
879 5167 948 5221 Et
974 5167 1085 5221 hoc
1124 5165 1299 5221 etiam
1332 5166 1508 5222 modo
1534 5184 1639 5221 non
1667 5184 1849 5221 sumus
1868 5168 2040 5237 obliti,

438 5257 653 5315 scilicet
685 5273 792 5311 non
822 5254 1026 5309 recessit
1052 5270 1142 5307 cor
1154 5259 1416 5321 nostrum,
1438 5253 1499 5307 id
1531 5257 1616 5309 est
1644 5255 1908 5310 voluntas
1921 5272 2045 5312 cor-

440 5348 526 5404 dis
556 5344 738 5401 nostri
768 5359 802 5398 a
831 5346 907 5409 te,
934 5341 1306 5413 retroeundo,
1332 5340 1392 5396 id
1421 5343 1507 5395 est
1535 5341 1608 5396 ad
1639 5342 2039 5401 inﬁdelitatem

440 5431 823 5494 deﬂectendo.
852 5429 1019 5498 Quod
1038 5433 1122 5488 est
1135 5429 1352 5488 dicere:
1385 5430 1510 5488 Non
1529 5431 1715 5488 solum
1747 5432 2040 5507 iniquenon

437 5523 668 5599 egimus,
697 5519 799 5580 sed
819 5535 927 5579 nec
940 5517 1117 5580 etiam
1139 5517 1410 5579 recedere
1423 5536 1458 5579 ο.
1476 5520 1534 5580 te
1548 5517 1851 5596 voluimus,
1879 5524 2039 5599 quod

2147 4372 2409 4443 respectu
2429 4370 2858 4438 misericordim,
2889 4368 3034 4425 sicut
3058 4387 3191 4426 oves
3216 4387 3345 4442 qum
3375 4372 3449 4427 ad
3470 4372 3579 4428 hoc
3600 4376 3753 4428 nata:

2149 4463 2282 4515 sunt
2309 4463 2372 4515 ut
2420 4458 2755 4515 occidantur
2791 4461 2851 4513 et
2897 4458 3320 4528 comedantur;
3378 4476 3616 4533 exsurge,
3647 4461 3759 4515 Do-

2115 4549 2314 4621 .mine,
2342 4550 2402 4605 id
2433 4551 2520 4604 est
2551 4552 2758 4620 potens
2788 4564 3024 4621 apparo,
3057 4548 3155 4620 qui
3207 4548 3416 4630 videris
3441 4549 3753 4620 impotens.

2153 4638 2333 4705 Quare
2362 4638 2630 4694 obdormis
2658 4637 2844 4705 nobis,
2875 4637 2933 4692 id
2955 4641 3041 4693 est
3072 4637 3321 4709 negligis
3349 4655 3454 4693 nos
3472 4638 3501 4693 ‘l
3532 4638 3755 4694 Obdor-

2148 4727 2293 4783 mire
2326 4744 2579 4797 namque
2612 4726 2713 4781 Dei
2744 4728 2829 4780 est
2856 4726 3046 4798 ipsum
3073 4725 3326 4799 aliquem
3353 4726 3757 4799 negligere.Ac

2147 4816 2192 4873 si
2216 4817 2367 4872 dicat
2390 4834 2403 4871 :
2437 4816 2561 4872 Noli
2591 4816 2924 4871 obdormire
2947 4816 3132 4885 nobis,
3156 4816 3257 4871 sed
3286 4817 3622 4889 exsurge.Et
3643 4817 3756 4871 hoc

2145 4905 2322 4960 modo
2361 4920 2604 4975 exsurge
2640 4921 2653 4958 :
2692 4903 2906 4959 scilicet
2931 4921 2997 4958 ne
3026 4904 3246 4975 repellas
3303 4921 3409 4960 nos
3437 4905 3510 4960 ab
3543 4904 3753 4960 auxilio

2144 4995 2243 5048 tuo
2273 4995 2337 5049 in
2363 4995 2524 5062 ﬁnem
2554 4992 2916 5065 repulsionis,
2951 4991 3011 5048 id
3058 4997 3144 5048 est
3179 4993 3239 5048 in
3269 4996 3575 5049 internum.
3607 4995 3675 5048 Et
3704 4993 3752 5049 si

2142 5081 2319 5136 modo
2341 5080 2585 5136 videaris
2620 5081 2922 5151 repellere,
2953 5097 3027 5135 ne
3055 5082 3301 5152 repellas
3330 5080 3745 5137 universaliter.

2141 5170 2368 5224 Dictum
2397 5171 2484 5224 est
2511 5171 2570 5224 et
2610 5169 2681 5224 de
2710 5168 3086 5224 tristantibus.
3142 5169 3299 5242 quod
3354 5169 3616 5242 sequitur
3640 5186 3653 5224 :
3682 5169 3750 5226 Et

2140 5274 2306 5331 quare
2322 5259 2515 5312 avertis
2536 5257 2737 5328 faciem
2756 5256 2990 5325 tuam,id
3002 5260 3089 5312 est
3102 5256 3523 5329 benignitatem
3545 5258 3747 5330 gratim

2138 5348 2253 5401 tuae
2273 5346 2301 5401 ?
2327 5346 2435 5402 hoc
2458 5345 2635 5401 modo
2666 5345 2881 5401 scilicet
2904 5345 3113 5401 avertis
3141 5361 3156 5401 :
3193 5344 3527 5401 Oblivisceris
3554 5348 3747 5419 inopia

2136 5441 2349 5505 nostrae,
2361 5434 2421 5493 id
2434 5435 2521 5493 est
2535 5434 2775 5507 inopum
2793 5430 3147 5493 nostrorum.
3163 5434 3244 5492 Et
3264 5434 3628 5495 tribulationis
3645 5450 3744 5493 no-

2133 5532 2288 5599 strae,
2317 5525 2381 5585 id
2406 5527 2493 5584 est
2518 5523 2728 5585 videris
2753 5523 3007 5584 oblivisci
3030 5524 3422 5602 quorumdam
3448 5541 3519 5586 ex
3545 5525 3720 5590 nobis
