3994 6042
296 270 404 330 825

1277 254 1634 325 Exrosmo
1671 267 1742 323 IN
1781 248 2116 323 PSALMOS.
2149 296 2218 307 —
2247 258 2443 324 PSAL.
2476 254 2631 325 xuv

3504 278 3609 338 82B

298 391 400 466 qui
429 393 563 448 sunt
586 389 810 463 inopes,
840 389 901 446 id
949 392 1035 446 est
1063 388 1254 445 tristes
1276 389 1339 444 in
1371 389 1744 445 tribulatione
1770 404 1874 442 sua
1896 403 1909 441 :
1935 393 1993 452 Α
2015 401 2220 441 eorum
2249 387 2372 442 laus
2399 388 2700 457 habeatur,
2733 389 2874 446 alios
2891 390 2965 447 ad
2988 408 3121 450 eum
3169 388 3525 455 laudandum
3556 401 3615 454 et

295 498 432 537 cum
461 481 539 536 sic
562 479 864 553 permittas
919 496 1016 536 eos
1059 478 1273 534 tristari
1332 479 1485 534 unde
1539 476 1910 549 gaudendum
2010 473 2418 531 honorandum
2441 477 3220 539 invitet.lntroduciturenim
3250 487 3397 542 Deus
3418 490 3608 554 Pater,

297 573 467 626 esset.
500 573 705 641 Inopes
736 573 930 624 autem
958 569 1228 625 dicuntur
1255 568 1454 624 fideles
1479 568 1560 623 illi
1591 567 1689 639 qui
1719 567 1778 621 in
1808 565 1907 620 tri-

2009 579 2186 635 agens
2211 566 2283 620 ad
2310 566 2542 621 laudem
2570 567 2690 636 ejus
2711 572 2766 622 et
2788 574 2997 625 nostrae
3011 571 3143 627 ﬁdei
3171 573 3611 631 instructionem

290 658 590 715 bulatione
615 676 717 714 sua
741 659 1131 727 tristantur,ac
1157 658 1202 714 si
1222 675 1281 716 se
1312 658 1413 714 Dei
1444 675 1554 731 Ope
1577 657 1909 712 dubitarent
2008 652 2080 706 de
2109 653 2376 723 genitura
2402 654 2678 710 ineffabili
2707 660 2765 711 et
2793 661 3013 715 aeterna
3042 661 3164 715 Filii
3209 664 3313 717 sui.
3351 665 3613 719 Laudans

290 764 461 819 posse
480 747 732 805 liberari.
758 750 962 820 Inopes
982 748 1139 803 enim
1158 748 1448 814 dicuntur,
1481 746 1578 818 qui
1596 746 1718 801 sine
1736 745 1907 800 alicu-

280 837 384 907 jus
409 854 519 909 ope
539 840 692 891 sunt.
721 837 1096 891 Abundantes
1112 839 1307 891 autem
1331 836 1616 902 dicuntur,
1648 835 1765 907 qui,
1798 833 1903 888 etsi

290 925 668 992 tribulentur,
699 924 1258 979 abundantissimam
1286 928 1481 979 tamen
1506 940 1668 995 spem
1689 924 1904 978 habent

284 1012 682 1069 liberandi.Ac
704 1014 750 1068 si
770 1014 988 1069 diceret
1012 1030 1025 1068 :
1059 1013 1183 1068 Noli
1199 1016 1455 1068 avertere
1471 1012 1766 1081 faciem,et
1783 1011 1901 1066 noli

287 1101 551 1157 oblivisci
567 1101 830 1174 inopum.
855 1102 993 1158 Orat
1014 1118 1242 1174 quoque
1260 1118 1364 1174 pro
1380 1101 1898 1169 deﬁcientibus,sic:

288 1206 412 1245 non
445 1192 631 1247 solum
684 1207 785 1247 oro
823 1207 927 1264 pro
970 1191 1259 1264 inopibus,
1316 1190 1415 1246 sed
1445 1193 1696 1263 quoniam
1719 1192 1902 1245 anima

283 1277 555 1345 nostra,id
570 1280 656 1333 est
682 1278 880 1334 anima
904 1280 1291 1351 quorumdam
1313 1296 1382 1335 ex
1408 1279 1574 1334 nobis
1601 1278 1904 1333 humiliata

287 1369 399 1435 est,
427 1367 488 1422 id
538 1369 624 1421 est
666 1367 867 1438 defecta
915 1372 973 1422 et
1002 1368 1360 1424 deﬂ‘ectibilis
1388 1375 1462 1422 est
1507 1385 1542 1422 a
1597 1367 1900 1422 sanctitate

283 1471 428 1510 sua:
459 1455 639 1510 ethoc
664 1456 727 1510 in
745 1455 983 1526 pulvere,
1015 1455 1076 1510 id
1105 1460 1190 1511 est
1219 1456 1278 1511 in
1310 1455 1682 1511 tribulatione
1712 1457 1901 1527 pulve-

283 1543 367 1599 ris
385 1543 490 1610 sui,
511 1543 699 1598 carnis
718 1544 932 1599 scilicet
951 1562 1087 1612 suae;
1113 1562 1240 1616 quae
1266 1545 1409 1599 nihil
1446 1545 1600 1599 aliud
1621 1547 1705 1599 est
1721 1561 1895 1616 quam

283 1631 472 1703 pulvis
487 1636 545 1687 et
564 1635 738 1687 terra.
768 1634 837 1687 Et
869 1633 1147 1704 quoniam
1167 1640 1346 1687 venter
1367 1640 1563 1700 noster,
1604 1632 1663 1686 id
1693 1636 1778 1688 est
1802 1633 1898 1687 de-

2004 739 2237 813 insuper
2250 759 2384 797 eum
2399 745 2715 799 secundum
2739 746 3165 803 humanitatem
3190 749 3259 804 de
3281 750 3613 806 innocentia

2004 831 2061 882 et
2082 830 2305 899 justitia
2334 831 2475 901 ejus,
2495 835 2552 886 et
2567 833 2881 888 adhortans
2900 852 3031 890 eum
3058 838 3129 891 ad
3151 839 3607 908 praedicandum.

2002 916 2220 972 Laudat
2249 936 2478 991 quoque
2504 937 2602 976 eos
2629 922 2723 993 qui
2766 921 2824 976 in
2865 923 3044 978 finem
3076 928 3608 995 commutabuntur,

2000 1004 2061 1059 id
2087 1010 2170 1060 est
2199 1008 2507 1063 Ecclesiam
2521 1009 3032 1082 primitivum,qum
3056 1013 3154 1067 Dei
3170 1031 3379 1086 sponsa
3396 1019 3501 1082 est,
3535 1015 3608 1069 de

1999 1094 2353 1166 perfectione
2383 1097 2693 1152 virtutum:
2728 1102 2784 1153 et
2816 1100 3157 1155 adhortatur
3196 1102 3380 1173 ipsam
3407 1103 3609 1173 primi-

2000 1182 2179 1237 tivam
2214 1185 2287 1239 ad
2313 1186 2665 1240 audiendum
2696 1190 2753 1240 et
2782 1186 3111 1255 vivendum,
3153 1193 3235 1257 ut,
3272 1190 3349 1245 sic
3398 1191 3610 1245 decora

2001 1270 2171 1338 facta,
2206 1272 2497 1344 diligatur.
2526 1275 2594 1329 Et
2623 1274 2795 1346 ipsius
2824 1278 3086 1347 exemplo
3120 1281 3175 1331 et
3198 1277 3607 1348 praedicatione

2002 1359 2138 1415 dicit
2160 1361 2467 1416 Ecclesiam
2485 1362 2555 1417 de
2587 1364 2856 1434 gentibus
2869 1381 3410 1438 successuram,quze
3430 1366 3605 1421 etiam

1999 1447 2059 1502 in
2087 1448 2264 1503 finem
2297 1451 2770 1506 commutabitur.

2066 1537 2353 1593 Eructavz’t
2380 1556 2469 1593 cor
2490 1558 2665 1593 meum
2696 1540 2912 1595 verbum
2946 1542 3158 1596 bonum.
3177 1543 3286 1598 Cor
3316 1543 3407 1598 hic
3437 1542 3604 1615 poni-

1996 1628 2090 1680 tur
2113 1644 2218 1698 pro
2246 1629 2490 1683 essentia
2520 1632 2762 1699 paterna
2787 1648 2801 1697 ;
2856 1648 2923 1686 eo
2957 1633 3113 1703 quod
3144 1632 3264 1703 ipsa
3294 1649 3505 1687 arcana
3532 1632 3606 1688 sit

280 1718 566 1774 bilissima
583 1736 717 1792 pars
751 1725 969 1788 nostra,
1015 1721 1407 1792 conglutinatus
1440 1728 1515 1776 est
1551 1724 1607 1774 in
1642 1728 1801 1775 terra.
1834 1720 1895 1776 id
1924 1717 2052 1775 Bet
2082 1715 3601 1791 incognita,adsimilitudinemcordis,quodsecretum

278 1809 373 1862 est
396 1808 736 1879 conjunctus
748 1812 833 1864 est
856 1809 1102 1864 terrenis
1122 1812 1179 1864 et
1193 1809 1510 1865 conformis
1532 1808 1590 1863 in
1611 1809 1891 1864 desiderio

275 1897 673 1951 terrenorum.
697 1896 861 1961 Quod
889 1899 973 1952 est
989 1898 1196 1953 dicere:
1222 1897 1366 1963 Quia
1385 1897 1622 1970 quidam
1640 1914 1708 1952 ex
1727 1897 1893 1952 nobis

275 1985 422 2037 sunt
469 1999 536 2037 ex
580 1987 702 2040 toto
742 1985 1094 2053 deﬁcientes,
1147 1986 1224 2040 sic
1254 1989 1316 2040 ut
1342 2002 1460 2040 non
1490 1986 1604 2040 sint
1638 1986 1697 2039 in
1737 1989 1892 2040 terra

276 2071 692 2142 conglutinati,
725 2073 963 2144 quidam
993 2090 1128 2129 vero
1145 2073 1224 2129 sic
1248 2077 1312 2129 ut
1341 2074 1455 2128 sint
1483 2073 1885 2144 conglutinati,

271 2174 516 2228 exsurge,
545 2158 801 2224 Domine,
833 2160 891 2215 id
923 2164 1008 2217 est
1036 2165 1241 2233 potens
1269 2178 1504 2235 appare.
1540 2163 1606 2216 Et
1634 2163 1742 2217 hoc
1768 2179 1889 2218 mo-

273 2245 353 2300 do
385 2245 597 2302 scilicet
625 2264 863 2320 exsurge
892 2266 905 2303 :
936 2249 1160 2318 Adiuva
1184 2267 1278 2304 nos
1305 2251 1618 2305 secundum
1648 2252 1774 2306 illos
1788 2251 1886 2322 qui

277 2337 422 2388 sunt
449 2333 668 2407 inopes,
699 2353 815 2391 non
845 2339 1041 2392 tamen
1070 2336 1421 2406 deficientes,
1464 2343 1543 2407 ut,
1576 2340 1883 2395 auxiliante

270 2438 397 2476 non
447 2422 799 2491 deficiamus,
841 2424 919 2479 Et
976 2427 1172 2481 redime
1228 2444 1379 2482 ηοω
1408 2428 1655 2497 defectu,
1688 2445 1884 2484 secun-

262 2509 431 2564 dum
465 2514 690 2583 partem
723 2528 926 2567 eorum
960 2515 1057 2586 qui
1090 2515 1384 2570 deficiunt.
1418 2515 1678 2580 Quodest
1692 2517 1882 2572 dicere

272 2597 431 2653 Mors
456 2602 554 2654 tua
590 2599 663 2653 sit
692 2601 943 2672 pretium
978 2619 1092 2675 quo
1123 2620 1396 2659 eruamur
1439 2622 1473 2660 a
1521 2606 1744 2661 defectu
1779 2622 1882 2678 per

270 2701 453 2757 quem
489 2703 558 2746 ex
588 2691 710 2743 toto
768 2689 1109 2761 periremus.
1156 2692 1288 2761 Oro,
1316 2694 1536 2765 adiuva,
1569 2695 1782 2750 redime.
1816 2696 1883 2749 Et

273 2774 390 2829 hoc
418 2775 508 2829 fac
540 2792 659 2831 non
689 2781 928 2849 propter
946 2780 1157 2835 merita
1185 2784 1401 2849 nostra,
1433 2783 1533 2837 sed
1538 2790 1758 2855 propter
1786 2801 1881 2840 no-

266 2880 396 2918 men
422 2870 573 2919 tuum
604 2867 1119 2938 magniﬁcandum,
1150 2873 1207 2924 et
1236 2886 1270 2924 a
1294 2872 1478 2939 nobis,
1511 2873 1555 2927 si
1579 2890 1695 2929 non
1726 2875 1882 2929 defe-

1995 1806 2081 1858 est
2111 1807 2171 1858 et
2196 1804 2581 1876 incognitum,
2600 1806 2711 1859 nisi
2742 1807 2845 1861 soli
2866 1809 3068 1873 Deo,et
3090 1808 3167 1861 illi
3186 1808 3344 1878 cujus
3361 1824 3461 1862 cor
3491 1811 3595 1865 est.

1990 1891 2242 1947 Verbum
2269 1897 2461 1948 autem
2495 1894 2595 1949 Dei
2618 1895 2807 1961 Filius,
2836 1894 2895 1948 id
2923 1898 3008 1949 est
3037 1895 3142 1949 Dei
3186 1895 3467 1966 sapientia
3495 1913 3601 1967 per

1990 1981 2427 2036 similitudinem
2472 1982 2697 2048 dicitur,
2717 1998 2784 2036 eo
2809 1983 2963 2054 quod
2993 1983 3303 2054 peripsum
3338 1983 3599 2039 incarna-

1988 2074 2114 2125 tum
2131 2070 2319 2125 divina
2331 2069 2498 2125 nobis
2508 2071 2770 2124 voluntas
2786 2070 3404 2138 innotuit,sicutcordis
3419 2088 3600 2125 secre-

1986 2162 2047 2213 ta
2068 2175 2173 2230 per
2206 2158 2379 2213 verba
2424 2161 2772 2213 revelantur.
2798 2159 3053 2213 Verbum
3090 2159 3265 2213 etiam
3297 2160 3506 2214 dicitur
3527 2177 3595 2215 eo

1986 2247 2141 2318 quod
2162 2247 2463 2318 peripsum
2483 2249 2632 2302 Deus
2648 2248 2816 2301 Pater
2833 2247 3031 2302 omnia
3050 2246 3407 2319 disposuit,et
3424 2248 3498 2302 ad
3516 2265 3598 2302 es-

1984 2352 2044 2391 se
2073 2335 2367 2406 perducit:
2389 2335 2747 2407 sicutaliquis
2766 2335 3032 2407 princeps
3053 2353 3180 2407 quae
3203 2335 3594 2407 complerein-

1983 2422 2187 2489 tendit,
2213 2423 2385 2477 verbo
2398 2439 2498 2476 suo
2516 2421 2788 2494 disponit,
2810 2426 2867 2477 et
2895 2422 3153 2492 ejusdem
3168 2423 3325 2477 verbi
3349 2423 3593 2495 imperio

1983 2511 2194 2584 adhoc
2223 2511 2381 2583 quod
2420 2511 2761 2582 dispositum
2789 2514 2874 2565 est
2899 2512 3311 2582 complendum
3330 2511 3436 2565 sibi
3459 2511 3592 2565 sub-

1982 2600 2131 2655 ditos
2183 2600 2357 2672 cogit.
2416 2599 2561 2654 Cum
2618 2604 2814 2655 autem
2846 2601 3030 2671 ponit,
3060 2601 3370 2668 Eructavit,
3405 2601 3593 2656 innuit

1982 2688 2138 2760 quod
2167 2688 2330 2742 illum
2362 2705 2428 2742 ex
2486 2693 2704 2743 secreta
2735 2689 2980 2743 essentia
3009 2689 3247 2760 protulit
3278 2692 3336 2743 et
3367 2689 3587 2760 genuit,

1983 2782 2115 2831 ante
2143 2777 2345 2831 mundi
2376 2777 2720 2849 principium
2742 2778 3127 2845 ineﬂ'abiliter,
3162 2795 3194 2831 a
3214 2776 3589 2832 similitudine

1983 2869 2256 2932 ructatus,
2316 2865 2413 2937 qui
2458 2882 2526 2920 ex
2576 2865 2948 2920 interioribus
2989 2868 3046 2920 et
3070 2866 3301 2920 secretis
3333 2865 3589 2937 corporis

270 2952 546 3021 cerimus,
580 2957 638 3008 et
683 2955 754 3010 ab
785 2956 929 3023 aliis,
963 2959 1226 3029 exemplo
1258 2963 1456 3016 nostro
1487 2961 1560 3016 ad
1588 2962 1699 3017 hoc
1724 2978 1883 3018 com-
1918 2997 1965 3061 Ο
1985 2954 2242 3026 partibus
2277 2953 2589 3025 profertur.
2623 2954 2785 3009 Unde
2818 2953 2952 3008 alibi
2980 2971 2992 3009 :
3029 2977 3056 3003 «
3085 2956 3232 3008 Ante
3265 2953 3589 3008 Luciferum

267 3041 594 3096 movendis.

680 3188 849 3276 I42
877 3207 947 3262 IN
977 3207 1300 3266 PSALMUM
1320 3209 1495 3266 XLIV.

346 3288 563 3348 Titulus
583 3294 1009 3366 quadragesimi
1039 3299 1247 3368 quarti.
1276 3298 1343 3353 In
1371 3300 1530 3368 ﬁnem
1548 3317 1653 3371 pro
1681 3301 1762 3355 his
1789 3302 1886 3373 qui

270 3380 762 3448 commutabuntur,
796 3382 926 3451 filiis
953 3382 1123 3439 Chore
1140 3386 1211 3439 ad
1243 3386 1583 3456 intellectum,
1616 3391 1879 3444 canticum

260 3482 366 3537 pro
391 3467 602 3523 dilecto:
637 3470 807 3525 Filios
860 3471 1044 3528 Chore
1076 3489 1193 3528 non
1224 3474 1317 3529 hic
1345 3476 1711 3533 solummodo
1743 3478 1881 3533 dicit

266 3553 593 3611 imitatores
623 3558 903 3629 passionis
934 3560 1139 3615 Christi
1167 3579 1181 3616 :
1208 3564 1309 3618 sed
1336 3567 1395 3618 et
1422 3582 1625 3621 omnes
1653 3566 1748 3638 qui
1776 3566 1879 3621 ﬁlii

267 3646 408 3697 sunt
436 3644 686 3717 adoptivi
706 3647 965 3703 Ecclesiae
993 3664 1098 3720 per
1109 3650 1658 3721 passionem,titulus
1680 3659 1875 3710 autem

267 3730 351 3785 sic
381 3734 685 3805 exponitur
708 3752 720 3790 :
754 3733 1065 3805 Canticum,
1085 3737 1147 3792 id
1167 3742 1253 3794 est
1266 3742 1541 3797 tractatus
1560 3742 1666 3798 iste
1687 3743 1744 3798 in
1762 3761 1875 3817 quo

268 3819 603 3877 continetur
622 3823 1039 3893 jucundalaus,
1056 3828 1422 3898 propositum
1454 3832 1542 3884 est
1559 3831 1685 3900 ﬁliis
1705 3830 1877 3887 Chore

266 3906 343 3962 ad
371 3908 773 3979 intellectum,id
802 3915 887 3968 est
915 3914 988 3969 ad
1012 3915 1120 3969 hoc
1132 3917 1194 3969 ut
1223 3915 1530 3988 diligenter
1552 3923 1877 3977 scrutentur

266 3996 380 4052 hoc
407 3998 699 4055 canticum
727 4001 883 4072 quod
924 4002 1328 4074 gravissimum
1359 4009 1463 4074 est,
1492 4011 1551 4062 et
1580 4007 1657 4063 sic
1684 4010 1757 4064 ad
1786 4010 1874 4065 in-

265 4086 562 4143 tellectum
592 4089 951 4160 perveniant.
983 4090 1283 4148 Canticum
1331 4094 1458 4149 dico
1504 4096 1766 4153 habitum
1818 4103 1878 4155 et

1985 3042 2160 3115 genui
2190 3045 2246 3096 te
2275 3041 2445 3104 (Psal.
2478 3059 2583 3109 CIx,
2613 3042 2690 3115 9),
2715 3064 2743 3091 »
2776 3041 3030 3107 Qualiter
3054 3059 3187 3097 vero
3214 3044 3385 3097 Pater
3410 3059 3585 3114 gene-

1981 3134 2090 3199 ret,
2112 3131 2424 3204 qualiterve
2443 3131 2611 3185 Filius
2627 3135 2958 3202 generetur,
2988 3131 3234 3204 qualiter
3256 3131 3434 3186 etiam
3466 3129 3590 3202 Spi-

1980 3221 2124 3276 ritus
2152 3225 2380 3276 sanctus
2418 3221 2714 3292 procedat,
2747 3220 3143 3292 investigabile
3189 3220 3355 3276 nobis
3406 3222 3492 3274 est
3529 3223 3588 3274 et

1979 3309 2703 3382 incognitum,ﬁrmissima
2733 3313 2926 3364 tamen
2959 3312 3043 3379 est
3074 3309 3186 3364 fide
3203 3308 3583 3376 credendum,

1978 3397 2364 3469 Undelegitur
2386 3416 2398 3452 :
2420 3396 2901 3452 «Generationem
2922 3398 3045 3469 ejus
3067 3398 3192 3469 quis
3207 3395 3521 3452 cnarrabit:
3555 3417 3584 3445 »

1978 3485 2110 3558 (Isa.
2144 3502 2260 3553 Lm,
2294 3485 2372 3557 8.)
2407 3486 2622 3540 Nullus.
2651 3487 2876 3541 Bonum
2905 3488 3122 3553 autem,
3155 3502 3273 3541 non
3307 3484 3399 3539 hic
3426 3484 3584 3555 adje-

1977 3575 2142 3641 ctive,
2166 3574 2264 3629 sed
2282 3574 2629 3628 substantive
2647 3575 2881 3644 ponitur
2906 3593 2918 3628 :
2952 3576 3060 3630 hoc
3091 3578 3287 3629 autem
3322 3573 3476 3645 quod
3498 3589 3586 3627 su-

1976 3677 2081 3733 pra
2106 3660 2357 3730 positum
2384 3664 2490 3726 est,
2522 3664 2800 3729 eructavit,
2834 3666 2970 3725 etc.,
3001 3662 3079 3716 sic
3118 3661 3422 3733 exponitur
3448 3679 3461 3714 :
3496 3676 3586 3713 cor

1973 3766 2169 3815 meum,
2198 3748 2256 3802 id
2292 3751 2378 3803 est
2407 3751 2628 3803 secreta
2651 3751 2897 3805 essentia
2919 3767 3070 3817 mea,
3088 3749 3382 3814 eructavit,
3417 3747 3474 3802 id
3499 3750 3586 3802 est

1974 3838 2232 3909 protulit,
2263 3835 2463 3908 genuit
2501 3837 2737 3891 verbum.
2772 3838 2839 3892 Et
2886 3854 3003 3893 non
3034 3840 3430 3910 qualecunque
3462 3851 3585 3890 ver-

1978 3928 2137 3996 bum;
2174 3926 2274 3982 sed
2302 3928 2415 3982 tale
2444 3927 2681 3981 verbum
2699 3928 2855 4000 quod
2885 3932 2969 3982 est
3000 3928 3189 3981 bonum
3218 3941 3583 3982 consumma-

1976 4019 2100 4071 tum
2131 4018 2190 4070 et
2219 4032 2536 4082 summum,
2585 4032 2653 4069 ex
2691 4033 2804 4087 quo
2834 4017 2988 4071 bona
3018 4016 3217 4071 omnia
3240 4016 3395 4070 bona
3425 4016 3576 4081 sunt,

1977 4106 2122 4170 Quia
2140 4121 2273 4160 vero
2291 4104 2579 4177 przeterite
2602 4105 2823 4160 dixerat
2852 4107 3129 4173 eructavit,
3156 4105 3218 4159 id
3250 4107 3336 4159 est
3354 4103 3574 4175 genuit.

268 4177 655 4267 compositum
685 4194 720 4233 a
746 4179 1031 4251 propheta
1046 4197 1148 4251 pro
1192 4181 1273 4235 his
1291 4184 1388 4253 qui
1405 4186 1875 4242 commutabuntur
1898 4253 1944 4267 ἢ
1975 4211 2049 4249 ne
2078 4194 2368 4250 videretur
2406 4210 2560 4248 nunc
2603 4194 2779 4249 etiam
2833 4210 2949 4250 non
2981 4205 3282 4267 generare,
3325 4196 3382 4247 et
3409 4192 3488 4247 sic
3514 4191 3575 4247 in

266 4265 325 4317 in
340 4264 521 4333 ﬁnem,
542 4265 600 4321 id
629 4269 715 4321 est
740 4266 801 4321 in
830 4267 1145 4338 perfectam
1165 4273 1747 4330 consummationem.
1767 4277 1873 4331 sci-

1984 4283 2220 4338 essentia
2249 4282 2440 4338 divina
2478 4283 2830 4337 mutabilitas
2876 4300 2996 4338 esse
3034 4282 3345 4349 videretur,
3371 4284 3428 4336 et
3456 4297 3575 4337 non

263 4351 398 4407 licet
427 4354 498 4409 de
524 4354 876 4410 mortalitate
894 4355 954 4411 in
977 4356 1475 4415 immortalitatem
1502 4377 1515 4415 :
1538 4362 1608 4416 de
1630 4365 1870 4434 passibi-

264 4440 426 4497 litate
475 4441 533 4496 in
578 4442 1118 4514 impassibilitatem,
1184 4446 1244 4501 id
1288 4449 1375 4502 est
1420 4464 1525 4520 pro
1557 4451 1864 4510 salvandis.

264 4551 293 4581 «
328 4528 541 4585 Omnes
567 4530 1139 4604 enimjresurgemus:
1172 4535 1273 4591 sed
1301 4552 1420 4592 non
1447 4540 1870 4601 omnesimmu-

260 4618 516 4675 tabimur
542 4619 603 4691 (Ι
626 4618 752 4676 Cor.
776 4638 867 4690 xx,
894 4622 1001 4694 15).
1031 4643 1060 4673 ››
1091 4624 1157 4678 Et
1192 4624 1456 4682 habitum
1501 4645 1608 4701 pro
1635 4630 1863 4702 dilecto,

258 4709 718 4764 antonomastice
737 4708 957 4767 Christo
981 4711 1315 4786 scilicet,qui
1336 4714 1574 4773 dilectus
1598 4723 1683 4775 est
1703 4723 1864 4778 aDeo

259 4797 428 4853 Patre
446 4800 505 4852 et
534 4799 798 4854 Ecclesia.
827 4801 907 4855 De
928 4818 1041 4873 quo
1060 4819 1165 4858 vox
1182 4806 1425 4875 paterna
1436 4806 1513 4861 sic
1542 4806 1859 4867 intonuisse

254 4884 315 4941 in
342 4886 648 4959 Evangelio
667 4889 1033 4959 perhibetur:
1065 4912 1092 4941 «
1115 4891 1212 4947 Hic
1233 4895 1317 4947 est
1334 4893 1503 4949 Filius
1525 4913 1688 4955 meus
1712 4899 1863 4956 dile-

255 4978 397 5043 ctus,
430 4996 459 5026 »
494 4979 603 5035 etc.
638 4976 859 5047 (Matth.
892 4995 975 5045 ιη,
1013 4979 1123 5053 17.)
1177 4982 1245 5036 Et
1274 4981 1334 5036 in
1370 4982 1634 5054 Canticis,
1689 4988 1759 5044 de
1790 5007 1857 5045 eo

253 5078 463 5136 sponsa
487 5064 737 5121 Ecclesia
762 5069 1038 5122 testatur:
1096 5090 1124 5119 «
1180 5069 1426 5127 Dilectus
1454 5090 1617 5129 meus
1660 5078 1856 5134 candi-

254 5150 379 5220 dus,
412 5154 521 5208 etc.
557 5151 743 5227 (Cant.
776 5172 830 5222 v,
865 5156 974 5228 10.)
1003 5156 1155 5211 Bene
1193 5158 1430 5230 quidem
1447 5162 1612 5233 ponit
1624 5181 1729 5236 pro
1766 5167 1856 5223 his

253 5241 349 5312 qui
407 5243 957 5313 commutabuntur;
990 5248 1049 5300 et
1086 5262 1188 5317 pro
1247 5246 1490 5306 dilecto:
1526 5269 1654 5324 pro,
1696 5256 1856 5313 enim

252 5329 533 5385 causative
563 5331 815 5402 ponitur.
864 5332 1033 5397 Quasi
1086 5340 1329 5406 poneret
1375 5353 1605 5396 causam
1651 5359 1855 5401 eorum

251 5416 350 5492 qui
368 5420 905 5492 commutabuntur,
921 5424 980 5480 et
995 5436 1104 5498 pro
1120 5422 1351 5497 dilecto,
1373 5425 1433 5484 id
1450 5431 1554 5497 est,
1583 5429 1854 5492 adhono-

252 5520 380 5570 rem
394 5522 599 5569 eorum
611 5506 750 5569 fecit
763 5509 873 5570 hoc
884 5526 989 5571 can
996 5509 1173 5572 ticum
1199 5528 1216 5574 :
1248 5516 1311 5575 ut
1330 5531 1464 5574 cum
1478 5516 1589 5577 hoc
1608 5522 1857 5585 tractatu

1970 4373 2226 4445 perfecta
2254 4370 2547 4426 aeternitas
2559 4370 2724 4443 (nihil
2756 4371 2915 4426 enim
2942 4376 3225 4427 aeternum
3240 4370 3394 4442 quod
3413 4386 3572 4424 com-

1970 4461 2246 4516 mutabile
2270 4460 2741 4527 factum),addit:
2773 4461 2899 4515 Non
2928 4461 3008 4515 sic
3028 4459 3302 4523 eructavi,
3334 4462 3398 4513 ut
3419 4474 3572 4514 nunc

1966 4566 2086 4605 non
2117 4551 2405 4604 eructem:
2429 4547 2537 4603 Sed
2567 4564 2719 4603 nunc
2744 4549 2920 4604 etiam
2938 4566 3045 4621 ego
3067 4550 3163 4622 qui
3178 4548 3333 4604 idem
3355 4565 3484 4603 sum
3511 4548 3572 4603 in

1967 4637 2213 4694 essentia
2242 4653 2374 4692 cum
2414 4653 2505 4703 eo,
2554 4637 2669 4691 dico
2727 4655 2883 4709 opera
2914 4656 3031 4693 mea
3070 4639 3205 4708 regi,
3238 4638 3297 4693 id
3324 4640 3411 4693 est
3439 4637 3566 4693 dico

1966 4742 2085 4781 non
2114 4724 2317 4793 verbis,
2343 4725 2445 4780 sed
2474 4724 2752 4780 ineffabili
2780 4726 2969 4782 dicere
3000 4726 3214 4781 scilicet
3241 4726 3572 4798 dispono,et

1963 4813 2223 4884 concipio
2271 4830 2450 4885 opera
2486 4831 2619 4870 mea
2643 4830 2748 4885 per
2771 4815 2960 4887 ipsum
2994 4817 3261 4883 Verbum,
3283 4815 3439 4887 quod
3469 4832 3567 4870 rex

1963 4904 2228 4959 omnium
2258 4906 2363 4972 est,
2396 4919 2528 4959 cum
2556 4903 2713 4959 idem
2746 4921 2977 4960 mecum
3002 4904 3075 4960 sit
3102 4906 3161 4960 in
3207 4903 3474 4973 essentia,
3508 4907 3567 4960 et

1960 5009 2069 5065 ego
2100 5009 2199 5047 rex
2226 4992 2356 5048 sim.
2391 4994 2551 5049 Unde
2588 4995 2835 5067 legitur:

2030 5079 2202 5138 Corde
2220 5082 2406 5139 Patris
2444 5085 2687 5152 genitum
2725 5089 2867 5139 creat
2883 5092 2932 5139 et
2951 5085 3085 5153 regit
3099 5085 3282 5141 omnia
3310 5084 3558 5142 Verbum.

1956 5170 2080 5258 1:109
2085 5171 2263 5258 ‘quod
2294 5173 2463 5227 Pater
2505 5175 2564 5226 et
2603 5171 2845 5243 Spiritus
2875 5190 2992 5229 non
3021 5179 3219 5229 creent
3242 5178 3301 5229 et
3332 5180 3559 5258 regant,

1974 5243 2142 5331 I43
2169 5276 2301 5315 cum
2317 5277 2497 5316 unum
2520 5261 2654 5328 sint,
2678 5262 2780 5317 sed
2805 5263 2939 5332 quia
2964 5280 3067 5335 per
3085 5264 3337 5319 Verbum
3353 5243 3558 5321 incita:

1954 5346 2147 5403 biliter
2177 5348 2376 5404 omnia
2426 5350 2758 5420 disponant,
2802 5355 3021 5419 creent,
3053 5357 3112 5409 et
3135 5356 3361 5424 regant.
3394 5353 3561 5426 Equi

1955 5437 2241 5511 pollenter
2265 5441 2461 5494 autem
2485 5438 2570 5492 est
2593 5437 2916 5495 secundum
2936 5440 3317 5514 Augustinum
3339 5440 3565 5497 Patrem

1964 5524 2143 5585 dicere
2194 5541 2352 5601 opera
2390 5526 2523 5600 regi,
2568 5532 2623 5585 et
2666 5527 2895 5588 Patrem
2937 5526 3146 5591 Filium
3176 5529 3412 5606 gignere.
3441 5530 3571 5591 Filii
