3994 6042
427 269 529 324 827

1033 262 1090 322 Ξ.
1132 252 1476 322 BRUNONIS
1519 250 2145 320 CARTHUSIANORUM
2184 256 2653 322 INSTITUTORIS
2693 267 2848 324 OPP.
2891 264 3068 325 PARS
3108 269 3131 325 ῐ

3630 271 3743 328 8'28

424 408 675 464 namque
693 390 964 445 dicitesse
982 389 1417 463 generationem
1432 393 1868 460 paternam,per
1886 403 2018 442 eum
2046 391 2101 449 Α
2126 386 2272 442 Deus
2293 392 2362 443 im
2393 397 2669 460 aeternum,
2704 408 2771 447 ex
2799 393 3031 448 mortali
3063 396 3121 448 et
3147 393 3397 464 passibili
3426 394 3749 451 immorta-

424 482 857 552 dispositionem
889 484 947 535 et
976 480 1436 550 conceptionem.

497 572 617 625 Non
652 572 836 624 solum
868 572 1060 623 autem
1090 567 1226 635 dico,
1245 568 1302 623 id
1333 570 1418 621 est
1438 567 1680 638 dispono
1699 582 1874 639 opera
1898 581 2031 619 mea

429 675 534 730 per
564 674 696 713 eum
724 678 736 712 :
790 658 901 712 Sed
932 657 1105 712 etiam
1139 657 1327 725 lingua
1379 674 1515 722 mea,
1570 655 1626 709 id
1674 660 1759 709 est
1786 655 2025 708 verbum

428 766 648 815 meum,
682 751 767 803 est
800 747 1035 801 calamus
1058 762 1219 799 meus
1235 745 1439 809 scribae,
1476 744 1715 797 velociter
1731 743 2023 809 scribentis,

426 853 530 910 per
558 838 741 907 ipsam
784 836 1062 905 linguam.
1096 832 1259 897 Quod
1296 837 1381 887 est
1431 832 1656 886 dicere:
1709 833 1817 885 Per
1842 831 2029 901 ipsum

428 924 627 980 omnia
653 924 891 977 rclociter
911 937 1217 992 compono.
1239 921 1351 974 Hoc
1370 922 1559 973 autem
1586 935 1689 991 per
1706 916 2027 972 similitudi-

429 1028 561 1067 nem
597 1012 847 1081 ponitur.
878 1010 1033 1064 Sicut
1054 1008 1209 1062 enim
1237 1008 1420 1062 scriba
1442 1024 1544 1078 per
1564 1008 1851 1061 calamum
1879 1007 2025 1075 ﬁgu-

426 1117 518 1155 ras
544 1102 725 1172 ponit,
751 1100 824 1153 sic
855 1103 911 1152 et
940 1098 1057 1169 ipse
1094 1099 1263 1150 Pater
1286 1113 1387 1168 per
1406 1097 1604 1150 Filium
1623 1097 1791 1149 rebus
1809 1095 2027 1148 formas

423 1189 729 1258 impressit.
780 1188 927 1241 Bene
952 1202 1083 1240 vero
1104 1173 1267 1255 ponit
1286 1186 1546 1252 velociter,
1571 1200 1701 1237 cum
1723 1184 1843 1237 sine
1862 1198 2027 1235 mora

424 1294 537 1332 suae
566 1278 874 1331 voluntatis
910 1278 1155 1348 imperio
1180 1275 1457 1349 quidquid
1497 1274 1603 1328 sibi
1636 1272 1911 1343 placitum
1940 1273 2025 1324 est

423 1370 596 1421 creet.
629 1368 794 1420 Juxta
824 1366 963 1420 illud
989 1383 1000 1421 :
1024 1390 1049 1417 ‹‹
1087 1367 1668 1437 Omniaqumcunque
1690 1360 1867 1415 voluit
1890 1359 2027 1413 fecit

424 1454 591 1526 (Psal.
637 1455 809 1525 cxm).
856 1476 883 1503 ››
923 1456 984 1508 Et
1016 1456 1149 1509 alibi
1183 1472 1195 1509 :
1257 1478 1284 1503 «
1319 1457 1439 1525 lpse
1468 1452 1608 1507 dixit
1623 1450 1847 1503 etfacta
1871 1452 2023 1513 sunt,

422 1542 541 1613 ipse
573 1543 887 1609 mandavit,
922 1547 978 1597 et
1003 1547 1195 1597 creata
1221 1542 1522 1610 sunt)Psal
1573 1539 1814 1608 CXLVIII).
1851 1538 2025 1590 nLin-

421 1648 528 1700 gua
562 1631 797 1701 quidem
829 1632 976 1685 bene
1008 1647 1114 1702 pro
1146 1631 1315 1685 verbo
1342 1630 1792 1701 positaest,cum
1817 1627 2027 1697 lingum

425 1719 630 1773 auxilio
658 1720 894 1773 verbum
923 1720 1225 1775 formetur.

497 1808 733 1861 Ostensa
754 1808 919 1863 Verbi
942 1810 1025 1863 sui
1043 1809 1314 1863 ineffabili
1334 1809 1618 1880 genitura,
1649 1808 1719 1862 de
1742 1824 1809 1861 eo
1835 1822 2032 1859 secun-

425 1895 563 1950 dum
626 1896 1049 1952 humanitatem
1088 1897 1224 1969 agit,
1256 1898 1495 1952 laudans
1530 1900 1587 1951 et
1612 1896 1925 1951 adhortans
1957 1894 2030 1947 ad

426 1984 880 2056 praedicandum,
914 1986 1025 2039 sic:
1057 1985 1330 2056 Speciosus
1347 1986 1547 2057 forma,
1575 1988 1682 2039 etc.
1715 1984 1918 2038 Versus
1934 1982 2031 2053 qui

426 2072 579 2127 hunc
604 2074 1099 2143 scquitur,sci|icet
1129 2077 1420 2143 accingere,
1454 2078 1589 2139 etc.,
1626 2073 1704 2126 sic
1725 2074 1859 2126 ante
1892 2071 2030 2141 legi-

427 2164 525 2215 tur
546 2179 563 2214 :
592 2162 726 2215 Dico
753 2165 990 2216 eructari
1014 2163 1251 2229 verbum,
1272 2165 1329 2215 et
1355 2166 1414 2216 tu
1433 2163 1814 2232 potentissime,
1845 2160 1900 2214 id
1926 2162 2030 2225 est,

428 2252 493 2303 tu
530 2248 804 2315 Verbum,
847 2251 1128 2320 aequalem
1181 2266 1408 2303 mecum
1452 2249 1667 2303 habens
1726 2246 2034 2302 divinitatis

433 2337 777 2411 potentiam,
810 2340 1079 2407 accingere
1102 2338 1279 2405 gladio
1333 2345 1422 2391 tuo
1446 2354 1600 2408 super
1626 2337 1806 2407 femur
1835 2344 1987 2390 tuum
2014 2353 2030 2389 :

434 2425 749 2479 secundum
774 2425 1220 2491 humanitatem,
1242 2426 1299 2479 id
1316 2429 1399 2479 est
1415 2426 1599 2479 simile
1616 2425 1690 2479 sis
1703 2425 1922 2498 Optimo
1938 2424 2036 2478 du-

435 2512 504 2580 ci,
539 2514 889 2584 praaparanti
943 2531 1001 2568 se
1028 2514 1099 2568 ad
1131 2514 1367 2580 bellum,
1400 2514 1495 2585 qui
1517 2513 1834 2584 accingitur
1856 2512 2034 2582 gladio

413 2617 535 2670 suo
566 2602 930 2671 super/emur,
954 2619 1066 2673 quo
1098 2602 1354 2667 destruat
1382 2602 1717 2667 inimicum;
1754 2605 1814 2655 ut
1835 2601 2036 2655 simili-

430 2692 522 2744 ter
537 2706 825 2762 przepares
846 2694 899 2745 te
918 2692 989 2746 ad
1007 2691 1460 2763 prmdicandum,
1494 2707 1606 2762 qua
1626 2690 2034 2762 prmdicatione

429 2778 822 2834 vitiaaliorum
846 2780 1124 2843 destruas,
1159 2797 1320 2835 more
1350 2779 1524 2850 gladii
1556 2796 1668 2850 quo
1699 2795 1902 2849 corpus
1934 2778 2032 2831 de-

431 2869 686 2924 struitur.
717 2870 877 2924 Unde
908 2870 1148 2923 Paulus:
1184 2892 1210 2919 ‹‹
1240 2870 1497 2924 Gladium
1517 2868 1747 2940 spiritus
1772 2868 1924 2939 quod
1949 2868 2034 2922 est

431 2958 671 3013 verbum
702 2958 800 3012 Dei
834 2958 1056 3028 (Ep/ws.
1092 2975 1164 3023 vI,
1204 2963 1308 3021 l7).
1342 2980 1369 3006 ››
1401 2959 1497 3011 Vel
1530 2957 1607 3011 sic
1652 2974 1664 3011 :
1715 2958 2029 3027 Accingere

2131 477 2246 531 lem
2282 478 2497 533 faciens
2535 484 2593 535 et
2617 479 3133 551 impassibilem.ln
3168 484 3274 538 hoc
3305 483 3744 539 auteminnuit.

2130 565 2283 637 quod
2316 568 2433 638 qui,
2467 572 2639 639 prout
2664 569 2929 640 possibile
2973 570 3165 637 fuerit,
3197 571 3459 627 similiter
3481 576 3751 643 speciosus

2131 656 2259 721 erit,
2278 656 2336 709 in
2358 657 2550 711 futuro
2581 674 2810 730 quoque
2830 658 3222 714 benedicetur.
3248 660 3346 714 Vel
3363 660 3460 715 sic:
3486 661 3750 733 Dignum

2129 747 2215 797 est
2258 747 2319 797 ut
2366 745 2701 816 accingaris.
2749 746 3039 816 Propterea
3091 748 3246 802 enim
3289 752 3352 803 ut
3389 750 3747 821 accingaris,

2132 830 2390 885 benedixit
2438 839 2504 901 te,
2562 834 2620 887 id
2646 836 2730 887 est
2774 835 3163 904 magniﬁcavit
3196 839 3251 890 te
3284 836 3341 890 in
3373 836 3744 905 innocentia,

2128 920 2392 975 faciendo
2433 921 2754 976 immunem
2789 938 2822 976 a
2852 928 3083 993 peccato
3116 943 3128 977 :
3174 925 3326 978 Deus
3356 942 3465 996 ego
3514 927 3742 981 scilicet

2129 1008 2225 1079 qui
2261 1011 2407 1063 Deus
2424 1013 2551 1065 tuus
2576 1028 2722 1076 sum,
2768 1012 3081 1066 secundum
3120 1013 3568 1081 humanitatem,
3603 1032 3743 1086 qua:

2126 1097 2452 1153 benedictio
2475 1098 2583 1152 erit
2604 1099 2662 1152 in
2685 1104 2964 1153 aeternum
2999 1100 3281 1164 Quoniam
3306 1105 3499 1157 autem
3518 1105 3752 1174 specio-

2125 1202 2218 1239 sus
2249 1203 2327 1253 es,
2363 1186 2571 1240 intende
2602 1188 2788 1257 specie
2820 1192 2936 1255 tua,
2970 1188 3028 1242 id
3061 1192 3146 1242 est
3165 1190 3456 1244 intensum
3479 1194 3536 1245 te
3555 1192 3645 1245 fac
3683 1192 3747 1246 in

2124 1277 2287 1343 specie
2318 1281 2429 1341 tua,
2452 1274 2511 1329 id
2538 1280 2624 1329 est
2652 1277 2710 1330 in
2742 1276 3075 1331 innocentia
3099 1282 3199 1332 tua
3223 1295 3235 1331 :
3256 1295 3373 1333 non
3405 1280 3661 1334 secundu
3680 1297 3742 1335 In

2127 1367 2529 1433 augmentum,
2564 1364 2661 1418 sed
2677 1364 2990 1419 secundum
3008 1352 3514 1436 perseverantiam.
3548 1369 3610 1422 In
3628 1371 3719 1423 Do
3734 1399 3753 1409 ο

2127 1451 2341 1506 minico
2380 1452 2536 1506 enim
2564 1453 2822 1518 homine,
2853 1454 3107 1525 perfecta
3135 1470 3366 1526 semper
3396 1456 3503 1510 fuit
3533 1458 3755 1529 aprin—

2130 1540 2277 1610 cipio
2294 1540 2639 1595 indocentia.
2670 1541 3038 1595 Etintensum
3057 1546 3112 1596 te
3129 1542 3215 1597 fac
3234 1544 3290 1597 in
3306 1545 3751 1615 pulchritudine

2130 1632 2249 1696 tua,
2282 1629 2339 1683 id
2372 1632 2457 1684 est
2500 1630 2557 1683 in
2601 1629 2952 1701 perfectione
2981 1631 3256 1686 virtutum
3292 1634 3749 1703 perseverando,

2057 1754 2108 1813 Β
2131 1720 2190 1770 et
2222 1717 2277 1771 in
2306 1716 2657 1786 perfectione
2679 1718 2965 1772 bonorum
2991 1735 3236 1789 operum
3266 1721 3455 1775 eundo
3483 1721 3553 1775 de
3582 1722 3755 1776 bono

2131 1821 2305 1876 opere
2337 1805 2395 1859 in
2413 1806 2632 1860 bonum
2664 1822 2825 1877 opus.
2858 1805 2981 1860 Non
2995 1806 3150 1874 enim
3173 1807 3760 1881 simulomniaopera

2132 1910 2233 1947 sua
2261 1897 2414 1951 bona
2440 1896 2593 1951 fecit.

2205 1991 2272 2043 Et
2301 1985 2657 2043 intendeudo
2676 1984 2899 2053 procede
2931 1975 3432 2069 |44prosperead
3448 1988 3757 2045 debellan-

2135 2077 2273 2132 dum
2301 2081 2455 2148 vitia,
2486 2084 2896 2153 praedicatione
2951 2090 3071 2153 tua,
3114 2089 3173 2140 et
3203 2085 3278 2139 ad
3331 2080 3755 2138 debellandum

2137 2165 2448 2222 diabolum.
2494 2171 2559 2223 Et
2608 2172 2685 2225 sic
2728 2191 3011 2244 prospere:
3045 2174 3257 2228 scilicet
3282 2190 3440 2242 regna
3475 2170 3532 2225 in
3562 2170 3760 2225 fideli-

2137 2253 2270 2308 bus:
2296 2256 2594 2312 debellatis
2617 2260 2764 2315 vitiis
2786 2263 3109 2328 etdiabolo,
3142 2262 3269 2316 dico
3301 2278 3481 2329 regna.
3514 2260 3584 2313 Et
3632 2259 3760 2313 hoc

2126 2350 2345 2413 propter
2390 2349 2680 2415 veritatem,
2740 2349 2797 2403 id
2851 2353 2937 2404 est
2989 2353 3228 2422 propter
3265 2347 3759 2420 prmdicationem

2136 2448 2310 2502 quam
2340 2433 2419 2487 eis
2449 2435 2639 2489 facies.
2675 2437 2741 2491 Et
2759 2444 2978 2508 propter
3017 2437 3495 2501 mansuetudinem,
3541 2434 3600 2488 id
3656 2437 3761 2488 est

2138 2520 2272 2590 quia
2302 2538 2419 2575 non
2450 2524 2697 2591 rebellis,
2729 2526 2829 2580 sed
2862 2530 3192 2580 mansuetus
3221 2525 3332 2579 eris
3362 2525 3420 2578 in
3455 2523 3757 2595 passione.

2137 2609 2302 2663 Juxta
2330 2609 2469 2664 illud
2501 2612 2691 2666 Isaias:
2731 2636 2759 2663 «
2820 2614 2943 2668 Noli
2984 2614 3209 2679 timere,
3253 2613 3371 2667 ﬁlia
3422 2612 3580 2677 Sion,
3611 2629 3758 2666 ecce

2138 2713 2233 2751 rex
2281 2702 2413 2752 tuus
2456 2700 2610 2753 venit
2642 2700 2741 2754 tibi
2778 2705 3107 2756 mansuetus
3154 2701 3285 2769 (Isa.
3313 2717 3443 2765 LXII,
3475 2698 3584 2771 Η).
3610 2723 3638 2748 »
3680 2702 3758 2754 Et

2137 2790 2374 2857 pr0pter
2393 2786 2675 2856 justitiam
2700 2792 2860 2843 tuam
2893 2807 3065 2860 quam
3092 2790 3289 2857 habes,
3322 2789 3395 2843 ad
3411 2789 3568 2859 cujus
3591 2788 3761 2843 simi-

2136 2873 2439 2928 litudinem
2472 2879 2529 2929 et
2578 2875 2681 2945 ipsi
2706 2877 2843 2945 justi
2888 2876 3050 2931 ﬂent.
3078 2878 3174 2931 Vel
3199 2876 3753 2947 propterjustitiam

2136 2978 2309 3032 quam
2356 2962 2435 3015 eis
2492 2963 2673 3018 dabis.
2722 2964 2886 3027 Quod
2917 2968 3003 3019 est
3034 2965 3223 3019 dicere
3250 2981 3262 3019 :
3321 2963 3537 3018 Veritas
3562 2968 3659 3017 tua
3687 2968 3753 3017 et

431 3046 623 3117 gladio
657 3050 776 3113 tuo,
810 3047 1205 3101 seilicetverbo
1241 3045 1686 3118 praedicationis,
1707 3045 1763 3099 id
1780 3048 1863 3100 est
1886 3062 2030 3117 proe-
2055 3043 2103 3103 C
2134 3050 2514 3104 mansuetudo
2537 3051 2830 3120 etjustitia
2859 3068 3027 3106 causa
3056 3056 3227 3106 erunt
3255 3069 3432 3124 quare
3462 3053 3521 3106 in
3552 3052 3632 3105 eis
3658 3069 3759 3107 re-

429 3149 571 3205 para
622 3136 877 3205 gladium
911 3139 1093 3203 tuum,
1150 3152 1183 3188 a
1208 3134 1582 3188 similitudine
1615 3134 1761 3187 illius
1791 3135 1886 3204 qui
1918 3135 2035 3203 gla-

431 3223 588 3278 dium
618 3225 907 3293 praeparat
931 3223 1003 3277 ad
1034 3224 1270 3289 bellum,
1292 3223 1431 3276 dum
1455 3239 1522 3276 eo
1554 3220 2032 3292 accingitur.Gla-

428 3309 515 3363 dio
533 3311 658 3364 dico
682 3311 868 3380 posito
894 3327 1050 3381 super
1078 3309 1353 3379 femur,id
1395 3313 1479 3363 est
1513 3325 1684 3380 super
1714 3309 2036 3362 immanita-

428 3400 571 3452 tem.
599 3398 762 3461 Quod
788 3398 1081 3453 estdicere
1112 3415 1124 3451 :
1159 3398 1342 3461 Quem
1372 3397 1625 3469 gladium
1659 3414 1775 3452 non
1803 3398 2036 3452 habebit

431 3503 465 3540 a
488 3501 547 3539 se
577 3486 928 3552 humanitas,
980 3486 1077 3539 sed
1135 3486 1365 3539 dabitur
1422 3485 1528 3556 ipsi
1564 3485 1828 3557 desuper,
1862 3486 1918 3539 id
1952 3488 2037 3540 est

431 3590 466 3628 a
496 3573 810 3629 divinitate.
842 3575 1006 3629 Juxta
1057 3575 1196 3628 illud
1224 3574 1419 3629 Jacobi
1458 3574 1727 3645 apostoli:
1767 3596 1794 3624 «
1851 3575 2035 3627 Omne

433 3663 649 3717 donum
716 3664 1034 3735 perfectum
1086 3664 1383 3717 desursum
1422 3667 1507 3717 est
1542 3662 1752 3735 (Jacob.
1787 3681 1825 3730 I,
1862 3664 1970 3735 17).
2005 3685 2032 3714 ››

431 3759 633 3815 Femur
662 3777 765 3832 pro
790 3760 1150 3815 humanitate
1178 3760 1431 3831 ponitur,
1455 3777 1522 3815 eo
1546 3761 1701 3832 quod
1721 3778 1785 3815 ex
1808 3762 2039 3816 femori-

431 3849 538 3904 bus
553 3850 810 3903 humana
837 3850 1134 3921 generatio
1153 3849 1445 3920 procedat.
1463 3850 1623 3903 Unde
1639 3850 1931 3903 Abraham
1956 3851 2039 3903 le-

433 3938 625 4010 gimus
651 3954 874 3992 servum
908 3955 1074 3992 suum
1104 3938 1361 3991 dextram
1408 3939 1511 3992 sub
1557 3938 1777 3993 femore
1801 3954 2037 4008 ponere,

435 4030 494 4082 et
520 4043 624 4098 per
653 4028 833 4080 Deum
864 4027 987 4082 coeli
1011 4027 1207 4096 jurare
1226 4026 1443 4092 fecisse,
1466 4043 1536 4080 ne
1552 4027 1723 4081 alieni
1749 4026 2043 4097 sanguinis

435 4130 674 4169 uxorem
705 4113 821 4168 ﬁlio
855 4131 955 4167 suo
987 4113 1298 4167 adduceret
1349 4112 1504 4177 (Gen.
1526 4131 1674 4179 xxn‘,
1708 4115 1761 4185 2)
1788 4131 1799 4167 :
1847 4114 2040 4185 prmsi-

436 4205 715 4274 gnantem
743 4218 808 4255 ex
834 4202 1056 4256 femore
1069 4218 1168 4256 suo
1199 4194 1512 4272 quemdam
1535 4219 1653 4257 esse
1670 4203 2039 4269 nasciturum,

2134 3138 2357 3209 gnabis,
2386 3138 2507 3191 Dixi
2549 3156 2709 3207 regna
2727 3147 2948 3210 propter
2980 3143 3276 3207 veritatem,
3301 3148 3348 3194 et
3390 3140 3447 3194 in
3473 3140 3613 3194 illud
3645 3156 3743 3193 re-

2135 3244 2314 3299 gnum
2344 3226 2559 3280 deducet
2590 3231 2666 3293 te,
2724 3228 2783 3281 id
2811 3232 2897 3281 est
2928 3228 3193 3282 dilatabit
3222 3235 3270 3280 te
3309 3228 3543 3294 dextera,
3568 3228 3625 3281 id
3654 3235 3748 3282 est

2135 3316 2394 3387 potentia
2421 3322 2532 3368 tua.
2568 3315 2635 3368 Et
2652 3317 2759 3369 hoc
2790 3316 3193 3383 mirabiliter-,id
3222 3319 3305 3370 est
3326 3332 3429 3386 per
3456 3316 3748 3371 mirabilia

2136 3420 2263 3475 qua:
2291 3403 2914 3474 operaberis.Quodest
2929 3404 3150 3459 dicere:
3184 3407 3293 3459 Per
3321 3405 3599 3459 miracula
3614 3421 3749 3476 quin

2138 3491 2398 3561 potentia
2420 3495 2518 3545 tua
2545 3491 2896 3561 operabitur,
2938 3492 3236 3546 deduceris
3272 3493 3331 3545 in
3371 3509 3643 3563 regnum.
3677 3494 3750 3546 Et

2138 3579 2314 3633 etiam
2369 3580 2574 3648 sagitta
2617 3586 2718 3631 tua?
2751 3579 3036 3633 deducent
3066 3583 3141 3645 te,
3197 3580 3257 3634 id
3307 3581 3392 3632 est
3440 3581 3747 3634 sententiae

2139 3666 2587 3739 praedicationis,
2620 3684 2747 3739 quae
2781 3668 3050 3722 dicuntur
3082 3670 3309 3736 sagittae,
3342 3684 3410 3721 eo
3456 3668 3614 3737 quod
3644 3684 3752 3738 per

2139 3772 2235 3809 eas
2264 3755 2335 3809 ad
2370 3755 2609 3810 modum
2667 3755 3007 3826 sagittarum
3062 3755 3238 3810 corda
3263 3756 3566 3826 percuties.
3600 3756 3751 3811 Nam

2141 3846 2361 3916 sagittae
2390 3848 2503 3898 tuae
2531 3850 2699 3897 acutae
2722 3849 2873 3910 sunt,
2890 3845 2949 3899 id
2975 3849 3059 3898 est
3085 3848 3454 3916 penetrantes
3482 3861 3658 3915 usque
3670 3846 3753 3900 ad

2141 3952 2240 3990 cor
2270 3938 2327 3989 et
2353 3934 2631 3987 efficaces.
2658 3934 2723 3986 Et
2753 3950 2856 4003 per
2884 3934 3036 4005 ipsas
3068 3933 3303 4004 sagittas
3318 3933 3511 4005 populi
3540 3935 3753 3989 intide-

2141 4025 2224 4079 les
2246 4024 2316 4077 ab
2347 4023 2426 4076 eis
2446 4021 2695 4093 percussi
2725 4022 2932 4087 cadent,
2961 4022 3019 4076 id
3045 4025 3127 4076 est
3159 4022 3483 4077 morientur
3514 4026 3567 4076 in
3595 4024 3755 4077 corde

2146 4114 2483 4166 inimicorum
2531 4112 2686 4180 regis,
2727 4110 2786 4164 id
2843 4113 2927 4165 est
2968 4109 3282 4165 secundum
3344 4110 3503 4165 illam
3552 4114 3754 4167 volun-

2146 4201 2323 4252 tatem
2355 4198 2542 4251 cordis
2575 4198 2802 4265 cadent,
2835 4198 3171 4252 secundumA
3201 4215 3375 4270 quam
3424 4204 3593 4253 erunt
3636 4200 3751 4254 ini-

438 4291 536 4361 qui
566 4291 743 4345 homo
785 4294 840 4343 et
871 4292 1017 4345 Deus
1040 4290 1165 4345 coeli
1196 4290 1445 4361 perfecte
1469 4291 1757 4345 existeret.
1795 4291 1929 4346 Dico
1958 4309 2045 4345 ac-
2067 4286 2121 4346 D
2146 4286 2279 4341 miei
2322 4286 2404 4340 tui
2461 4288 2630 4357 regis.
2681 4287 2844 4351 ΟυΟά
2874 4290 2959 4341 αεὶ
2987 4287 3204 4342 dicere:
3239 4286 3565 4343 secundum
3595 4289 3754 4360 quod

436 4380 663 4447 cingere,
696 4378 754 4432 id
781 4382 865 4433 est
900 4394 1163 4449 praepara
1186 4382 1241 4432 te
1269 4378 1342 4433 ad
1369 4379 1802 4449 praedicandum
1823 4396 1834 4433 :
1853 4383 1909 4435 et
1928 4380 2046 4435 ido-

440 4482 583 4522 neus
610 4483 670 4520 es
698 4467 771 4521 ad
800 4467 928 4522 hoc.

513 4555 657 4609 Nam
704 4557 957 4625 speciosus
986 4572 1043 4609 es
1069 4556 1269 4626 forma,
1307 4555 1365 4611 id
1391 4558 1475 4611 est
1504 4557 1930 4628 pulchritudine
1962 4558 2046 4613 in-

442 4642 661 4710 teriori,
707 4643 1039 4698 innocentia
1091 4644 1327 4699 scilicet:
1352 4662 1470 4715 prae
1499 4645 1625 4718 filiis
1654 4647 1949 4714 hominum,
1986 4648 2045 4702 id

440 4736 528 4788 est
556 4735 689 4788 ante
720 4732 935 4799 fideles,
968 4733 1065 4804 qui
1095 4733 1512 4789 rationabiliter
1533 4752 1590 4789 se
1606 4736 1822 4791 habent
1852 4740 1915 4790 ut
1940 4738 2046 4791 ho-

443 4822 651 4878 mines.
670 4821 833 4885 Quod
864 4825 947 4876 est
967 4821 1154 4875 dicere
1172 4841 1184 4876 :
1202 4823 1341 4877 Cum
1363 4823 1613 4894 perfecte
1645 4841 1763 4896 prae
1782 4826 2047 4880 omnibus

443 4910 849 4965 innocentibus
872 4910 1252 4978 sisinuocens,
1278 4912 1519 4968 Idoneus
1549 4929 1609 4966 es
1635 4913 1707 4967 ad
1738 4914 2049 4985 prmdican-

448 4999 609 5067 dum,
642 4999 990 5071 quoniamin
1017 5002 1073 5054 te
1102 5000 1552 5072 reprehensibile
1572 5001 1714 5054 nihil
1738 5000 2044 5055 invenitur.

445 5089 516 5144 Et
539 5104 769 5144 necesse
795 5092 880 5143 est
900 5092 961 5143 ut
979 5088 1315 5160 accingaris,
1360 5090 1636 5160 quoniam
1667 5090 1721 5142 in
1752 5089 1903 5142 labiis
1922 5090 2046 5156 tuis,

445 5176 511 5235 id
547 5182 633 5232 est
661 5195 766 5250 per
779 5177 1252 5249 praedicationem
1267 5194 1395 5249 quae
1414 5178 1687 5248 procedet
1707 5194 1741 5231 a
1765 5177 1927 5231 labiis
1939 5178 2051 5232 tuis

444 5269 647 5341 diffusa
682 5274 756 5322 est
806 5271 1001 5339 gratia,
1034 5268 1093 5323 id
1131 5270 1216 5322 est
1245 5267 1601 5323 difl'undetur
1630 5267 1817 5339 gratia
1867 5268 2048 5322 sancti

447 5356 696 5429 Spiritus
723 5355 781 5410 in
800 5374 979 5428 genus
992 5357 1313 5411 humanum
1325 5356 1556 5423 scilicet,
1573 5355 1831 5410 remissio
1851 5372 2053 5427 pecca-

439 5452 670 5505 torum.
694 5444 761 5498 Et
768 5451 1050 5517 propterea
1075 5445 1212 5519 quia
1236 5447 1491 5518 speciosus
1523 5461 1603 5513 es,
1628 5447 1686 5499 et
1699 5444 2052 5501 dilfundetur

447 5533 640 5625 gratia
664 5533 721 5591 in
749 5531 899 5591 labiis
936 5536 1059 5606 tuis,
1088 5533 1437 5609 benedicit,id
1466 5535 1551 5598 est
1570 5532 1964 5611 magniﬁcabit
2001 5538 2050 5597 te

2146 4376 2282 4431 mali
2316 4379 2466 4441 sunt,
2528 4377 2916 4430 destruentur.
2982 4375 3179 4446 Populi
3220 4376 3345 4431 dico
3375 4378 3478 4431 sub
3510 4381 3566 4431 te
3595 4377 3752 4431 redi-

2147 4464 2343 4536 gendi,
2387 4463 2445 4517 id
2491 4468 2577 4518 est
2606 4463 2702 4535 qui
2730 4467 2843 4518 tuae
2866 4464 3072 4519 ditioni
3101 4464 3512 4535 subjicientur:
3550 4466 3617 4519 Et
3642 4466 3755 4520 hoc

2147 4557 2233 4608 est
2258 4569 2323 4608 ac
2351 4552 2397 4607 si
2427 4553 2504 4607 sic
2534 4556 2813 4624 poneret:
2848 4554 2955 4606 Per
2983 4554 3297 4608 sententias
3326 4554 3757 4625 praedicationis

2146 4646 2280 4709 tua),
2313 4658 2439 4713 quae.
2470 4641 2729 4695 efﬁcaces
2766 4644 2958 4707 erunt,
2981 4640 3176 4711 populi
3204 4641 3307 4695 tibi
3354 4642 3754 4714 subjicientur,

2148 4735 2204 4787 et
2235 4733 2311 4787 sic
2342 4747 2585 4802 regnum
2619 4733 2783 4799 tuum
2815 4730 3167 4786 dilatabitur.
3202 4731 3318 4786 Hoc
3348 4736 3543 4786 autem
3580 4732 3761 4804 tequi-

2150 4822 2433 4892 pollenter
2468 4835 2638 4889 supra
2686 4820 2893 4891 posuit,
2950 4835 3080 4873 cum
3136 4820 3295 4887 dixit,
3330 4838 3492 4890 regna
3536 4829 3761 4893 propter

2150 4913 2444 4965 veritatem.
2486 4910 2643 4962 ldem
2686 4908 2842 4962 enim
2873 4910 2960 4961 est
2981 4909 3208 4975 veritas,
3243 4909 3396 4980 quod
3420 4914 3477 4963 et
3501 4911 3757 4981 sagittae.

2152 4999 2261 5055 Sed
2295 4998 2428 5069 quia
2444 5013 2561 5052 non
2578 4999 2866 5068 posuerat,
2889 5000 3198 5068 antequam
3217 4997 3313 5052 illa
3331 4998 3763 5069 praedicationis

2153 5088 2358 5142 veritas
2402 5086 2603 5140 efficax
2632 5088 2779 5140 esset
2820 5084 3032 5153 futura,
3078 5086 3288 5156 repetit
3314 5087 3759 5159 mquipollenter

2154 5193 2282 5230 eum
2315 5175 2483 5229 dicit:
2511 5174 2744 5245 Sagittm
2776 5178 2889 5229 tua:
2919 5176 2977 5228 te
2999 5173 3285 5229 deducent
3309 5175 3366 5229 in
3400 5191 3668 5247 regnum,
3688 5181 3756 5232 ut

2154 5264 2329 5318 addat
2353 5271 2538 5317 acutae.
2569 5262 2733 5327 Quod
2763 5265 2847 5316 est
2875 5261 3065 5317 dicere
3099 5279 3111 5317 :
3152 5263 3288 5327 Quae
3311 5280 3430 5318 non
3471 5268 3645 5319 erunt
3672 5281 3763 5320 re-

2155 5357 2314 5420 tusm,
2342 5353 2444 5408 sed
2470 5352 2747 5407 efficaces.
2786 5351 2920 5406 Dico
2951 5351 3105 5423 quod
3128 5352 3321 5423 populi
3348 5353 3445 5407 sub
3468 5360 3517 5407 te
3544 5354 3757 5410 cadent.

2154 5442 2224 5498 Et
2246 5445 2375 5517 post
2401 5440 2509 5517 ipsi
2525 5441 2715 5515 populi
2761 5443 2933 5498 erunt
2963 5440 3104 5498 sedes
3135 5444 3256 5506 tua,
3294 5457 3328 5498 ο
3383 5442 3555 5500 Deus.
3591 5442 3763 5511 Quod

2155 5536 2241 5599 est
2270 5531 2491 5594 dicere:
2523 5530 2569 5593 0
2600 5529 2720 5605 Fili,
2752 5529 2848 5612 qui
2872 5547 2986 5592 non
3005 5530 3341 5611 simpliciter
3370 5548 3430 5593 es
3449 5532 3769 5608 homo,sed
