3994 6042
245 284 351 346 829

1230 257 1585 348 Exeosmo
1625 286 1693 347 1N
1734 280 2067 349 pSALM‘os.
2102 324 2170 334 -
2200 288 2393 350 PSAL
2435 282 2590 351 κων

3458 293 3564 359 83ὒ

237 413 418 467 etiam
448 413 618 479 Deus,
647 410 837 484 populi
862 411 967 486 ipsi
989 416 1158 468 erunt
1180 414 1459 471 habitatio
1490 418 1609 471 tua.
1643 417 1709 469 Et
1737 431 1851 470 non
1877 412 1935 471 Α
1961 417 2083 472 tore
2113 422 2326 479 careat.
2352 420 2575 474 assiduo
2623 419 2889 475 exercitio
2934 420 3208 477 limarum
3249 424 3558 481 candidum

234 502 421 556 solam
454 501 512 555 in
540 502 651 556 hoc
680 503 909 568 saeculo,
928 502 1028 557 sed
1042 508 1090 556 et
1116 505 1172 557 in
1194 504 1446 558 saculum
1474 506 1654 559 saculi
1670 504 1847 574 hujus

234 590 684 645 subsecutivum.
735 591 900 646 Juxta
939 591 1117 646 illud:
1156 592 1369 647 Anima
1391 593 1552 665 justi,
1582 593 1722 647 sedes
1764 594 1855 647 est

239 680 368 734 Dei.

309 768 377 823 Et
397 770 700 839 postquam
731 767 788 822 in
826 766 905 823 eis
929 768 1170 835 sedcbis,
1202 769 1245 824 si
1274 770 1585 842 aliquando
1608 771 1848 825 distorto

235 856 410 912 ierint
434 856 759 911 recedendo
791 873 823 910 a
845 857 1195 928 subjectione
1228 862 1348 925 tua,
1382 861 1532 914 male
1551 859 1847 932 operando

233 949 296 1001 et
325 944 657 1015 cogitando,
690 962 832 1014 reges
862 962 945 999 eos
974 948 1147 1015 virga,
1167 947 1225 1001 id
1256 950 1341 1001 est
1372 948 1735 1002 correctione
1755 947 1851 1001 tri-

235 1034 599 1089 bulationum
631 1050 644 1087 :
678 1050 711 1087 a
735 1033 1111 1089 similitudine
1146 1035 1298 1107 equi,
1324 1037 1419 1107 qui
1452 1052 1582 1089 cum
1612 1036 1849 1089 distorte

233 1126 352 1189 eat,
385 1125 533 1192 virga
563 1121 900 1192 percutitur,
949 1127 1008 1176 et
1053 1122 1115 1176 in
1160 1123 1311 1178 viam
1358 1124 1675 1179 reducitur.
1732 1124 1848 1178 Hoc

235 1215 436 1265 autem
467 1213 627 1265 extra
664 1210 875 1264 librum
907 1212 1228 1283 suppletur,
1263 1212 1361 1265 sed
1382 1228 1446 1266 ex
1477 1212 1849 1284 sequentibus

236 1300 508 1367 habetur,
541 1316 671 1354 cum
707 1299 906 1353 addit:
945 1300 1010 1353 Et
1046 1299 1142 1353 illa
1174 1302 1323 1369 virga
1365 1302 1515 1364 rer/ni
1548 1303 1645 1369 tui,
1681 1301 1737 1355 id
1765 1302 1850 1355 est

236 1387 520 1443 correctio
549 1404 651 1459 per
700 1404 873 1459 quam
906 1403 1072 1457 reges
1112 1391 1240 1441 tuos
1286 1388 1507 1455 ﬁdeles,
1546 1388 1604 1443 id
1635 1392 1719 1443 est
1752 1388 1849 1460 qui

236 1476 617 1547 subjicientur
641 1475 909 1547 regimini
960 1479 1081 1537 tuo,
1114 1476 1224 1529 erit
1254 1478 1409 1546 virga
1438 1477 1765 1545 directionis,
1793 1476 1852 1531 id

239 1570 328 1619 est
354 1566 514 1635 virga
554 1563 809 1635 dirigens
836 1581 952 1631 eos,
982 1569 1039 1619 et
1084 1565 1142 1618 in
1174 1565 1326 1618 viam
1358 1566 1657 1621 reducens.
1691 1566 1850 1619 Unde

238 1654 545 1708 Psalmista
569 1653 733 1707 alibi:
774 1675 801 1701 ››
830 1653 1080 1707 Visitabo
1113 1652 1172 1706 in
1205 1653 1363 1723 virga
1392 1653 1722 1725 iniquitates
1752 1671 1849 1708 eo-

1955 505 2019 559 ﬁt
2042 510 2099 560 et
2132 506 2398 564 nitidum.

2025 594 2353 651 Notandum
2385 601 2577 653 autem
2593 598 2746 670 quod
2764 599 3021 670 myrrha,
3047 600 3106 656 id
3129 604 3233 670 est,
3266 601 3560 675 incorrup-

1953 682 2223 748 tibilitas;
2259 688 2314 739 et
2341 686 2511 752 casia,
2546 686 2605 741 id
2645 691 2750 755 est,
2786 688 3056 744 exaltatio
3090 690 3149 743 in
3184 691 3283 745 Dei
3307 698 3556 761 prasen-

1950 770 2051 836 tia,
2071 771 2125 825 in
2159 772 2401 828 futuroa
2432 774 2695 829 domibus
2722 776 2990 829 eburneis
3010 777 3330 848 spirabunt.
3361 781 3422 833 In
3450 781 3559 834 hac

1951 861 2143 913 autem
2167 860 2299 927 vita,
2333 866 2516 932 gutta,
2544 862 2600 916 id
2625 866 2728 929 est,
2752 863 3049 919 humilitas
3068 866 3323 935 spirabit.
3351 867 3407 921 Si
3426 884 3557 923 vero

1950 947 2023 1001 ad
2054 948 2233 1001 solam
2263 949 2519 1003 animam
2551 950 2853 1017 referatur,
2883 952 3127 1022 spirabit
3154 954 3327 1008 etiam
3362 955 3418 1009 in
3452 956 3559 1011 hac

1948 1036 2064 1089 vita
2095 1036 2603 1109 incorruptibilitas
2629 1039 2760 1091 ﬁdei
2784 1042 2841 1092 et
2866 1041 3134 1095 exultatio
3163 1041 3219 1095 in
3238 1042 3553 1098 virtutibus.

1951 1126 2025 1179 Ex
2058 1125 2262 1195 quibus
2288 1127 2500 1181 scilicet
2530 1129 2765 1197 myrrha
2797 1132 2855 1183 et
2880 1132 3048 1199 gutta
3076 1134 3133 1184 et
3180 1131 3349 1197 casia,
3375 1149 3439 1185 ex
3476 1132 3557 1187 eis

1949 1212 2317 1285 spirantibus,
2374 1218 2429 1267 in
2466 1217 2787 1283 honorctuo,
2823 1217 2881 1269 id
2928 1222 3034 1284 est,
3087 1219 3159 1273 ad
3192 1220 3299 1273 hoc
3331 1224 3391 1273 ut
3422 1220 3554 1275 inde

1948 1302 2489 1367 honoriﬁceris,non
2516 1305 2724 1359 utinde
2740 1305 3097 1375 superbiant,
3129 1308 3231 1362 sibi
3257 1310 3378 1362 hinc
3401 1309 3533 1364 attri

1950 1389 2214 1458 buendo;
2253 1392 2673 1455 delectaverunt,
2706 1394 2763 1447 id
2796 1398 2883 1447 est
2920 1396 3312 1459 delectabunt,
3348 1401 3401 1450 te
3431 1399 3557 1467 ﬁlia

1952 1495 2153 1546 regum,
2181 1478 2235 1533 id
2263 1483 2347 1533 est
2400 1480 2505 1552 ipsi
2558 1480 2776 1546 ﬁdeles,
2812 1482 2908 1552 qui
2944 1483 3201 1553 superius
3245 1485 3378 1539 dicti
3426 1491 3559 1541 sunt

1952 1566 2160 1620 domus
2181 1568 2471 1622 eburneae.
2502 1568 2664 1632 Quod
2689 1572 2773 1623 est
2804 1570 2992 1624 dicere
3019 1588 3029 1625 :
3068 1572 3141 1625 Ex
3170 1572 3257 1625 his
3274 1574 3435 1627 valde
3466 1575 3559 1629 de-

1951 1654 2273 1709 lectaberis.
2310 1656 2407 1709 Vel
2440 1656 2517 1709 sic
2544 1674 2555 1709 :
2580 1657 2652 1709 Ex
2685 1657 2891 1727 quibus
2913 1675 2975 1711 ex
3009 1676 3066 1712 se
3085 1660 3431 1729 spirantibus
3456 1662 3554 1717 de-

234 1758 429 1808 rum,»
476 1741 649 1814 (Psal.
677 1758 933 1796 Lxxxvm.
952 1740 1063 1811 33.)
1090 1744 1178 1796 etc
1224 1716 1472 1813 Exponit
1491 1716 1683 1796 autem
1711 1759 1849 1814 quo-
1873 1716 1926 1777 Β
1949 1743 2245 1798 lectabunt
2276 1747 2328 1797 te
2344 1743 2561 1809 fideles,
2581 1744 2675 1815 qui
2704 1716 2875 1798 erunt
2901 1716 3215 1801 secundum
3234 1716 3557 1804 doctrinam

235 1830 419 1885 modo
450 1829 679 1901 diriget,
710 1829 828 1884 sic:
868 1829 1003 1885 Dico
1037 1829 1194 1901 quod
1224 1832 1377 1899 virga
1420 1832 1572 1899 regni
1633 1832 1717 1883 tui
1740 1831 1852 1885 erit

234 1920 391 1989 virga
422 1934 526 1989 per
574 1934 751 1990 quam
788 1917 999 1988 dirigas
1032 1934 1150 1972 eos.
1180 1918 1246 1971 Et
1283 1918 1392 1972 hoc
1434 1918 1609 1973 modo
1638 1918 1850 1973 scilicet

233 2006 475 2060 dilexisti
490 2007 759 2077 justitiam
799 2012 847 2060 et
873 2006 1033 2059 odisti
1071 2008 1427 2077 iniquitatem,
1476 2006 1533 2060 id
1560 2009 1646 2061 est
1676 2006 1849 2061 facies

235 2112 341 2151 eos
366 2112 469 2167 per
496 2095 678 2167 ipsam
728 2094 952 2167 virgam
1012 2094 1254 2166 diligere
1285 2095 1576 2165 justitiam,
1625 2098 1685 2149 et
1716 2095 1847 2150 odio

235 2185 457 2239 habere
491 2186 843 2256 iniquitatem.
870 2184 965 2237 Vel
994 2182 1072 2236 sic
1102 2183 1258 2238 :Dixi
1276 2183 1431 2238 duod
1454 2184 1649 2255 populi
1678 2186 1848 2238 erunt

239 2273 410 2327 sedes
441 2276 557 2339 tua,
613 2277 669 2327 et
713 2289 810 2327 eos
864 2271 1095 2342 diriges,
1145 2274 1202 2326 et
1239 2272 1312 2325 ad
1343 2272 1451 2327 hoc
1479 2289 1539 2327 es
1585 2272 1843 2327 idoneus.

236 2362 382 2415 Nam
416 2360 653 2414 dilexisti
668 2361 962 2430 justitiam.
997 2359 1160 2423 Quod
1191 2364 1276 2415 est
1306 2360 1494 2414 dicere
1522 2361 1745 2414 :Justus
1766 2377 1844 2427 es,

238 2450 490 2520 ideoque
525 2452 727 2521 potens
748 2448 858 2503 eris
905 2465 1003 2502 eos
1034 2448 1304 2519 dirigere.
1354 2446 1430 2501 Et
1460 2449 1568 2503 hoc
1595 2452 1753 2519 patet
1779 2465 1847 2503 ex

256 2536 523 2609 opposito
552 2536 704 2608 quod
740 2535 971 2589 dilexisti
1000 2535 1272 2605 justitiam
1304 2552 1440 2590 nam
1467 2537 1627 2589 odisti
1649 2539 1845 2607 iniqui-

253 2633 435 2680 tatem.
461 2625 581 2679 Dixi
610 2624 764 2696 quod
785 2625 996 2677 dextera
1010 2630 1101 2676 tua
1132 2623 1353 2678 deducet
1373 2631 1439 2691 te,
1474 2629 1527 2679 et
1538 2626 1729 2695 populi
1753 2623 1847 2679 sub

246 2722 296 2767 te
320 2714 549 2768 cadent:
581 2717 638 2767 et
668 2715 838 2767 erunt
866 2712 1007 2766 sedes
1034 2720 1147 2779 tua,
1194 2716 1251 2766 et
1292 2712 1503 2783 dirigas
1546 2730 1643 2767 eos
1673 2714 1845 2782 virga,

242 2806 300 2858 et
330 2803 439 2857 hoc
469 2801 597 2856 ideo
629 2801 766 2873 quia
790 2801 1021 2855 dilexisti
1030 2801 1303 2870 justitiam
1331 2807 1380 2853 et
1410 2800 1567 2855 odisti
1593 2802 1850 2871 iniquita-

241 2897 364 2944 tem.
405 2890 473 2944 Et
490 2892 551 2942 ut
577 2890 699 2943 hac
715 2889 913 2944 omnia
942 2888 1104 2954 ﬁant,
1135 2891 1349 2955 oDeus,
1378 2893 1437 2943 tu
1469 2888 1683 2943 scilicet
1722 2888 1845 2955 Fili,

1949 1830 2079 1884 ﬁlias
2114 1847 2345 1901 regum,
2378 1830 2435 1885 id
2464 1834 2549 1885 est
2580 1834 2997 1902 apostolorum,
3039 1833 3135 1904 qui
3189 1851 3356 1905 rcges
3388 1840 3557 1890 erunt

1953 1919 2403 1973 Ecclesiaellnde
2418 1920 2751 1991 Apostolus:
2778 1940 2808 1971 «
2825 1921 3005 1975 Filioli
3025 1922 3159 1988 mei,
3184 1939 3327 1994 quos
3348 1924 3557 1980 iterum

1950 2006 2206 2078 parturio
2236 2005 2380 2076 (Gal.
2421 2023 2501 2072 ιιι,
2554 2009 2720 2067 19);››
2758 2008 2897 2062 etin
2936 2009 3198 2065 Psalmo:
3234 2012 3353 2065 «Et
3383 2029 3556 2080 nunc,

1948 2112 2133 2165 reges,
2170 2094 2472 2166 intelligite
2498 2094 2669 2167 (Psal.
2708 2112 2767 2150 ιι.
2808 2095 2929 2165 10);
2963 2119 2990 2145 ››
3014 2097 3143 2151 ﬁlia
3172 2115 3376 2169 regum
3400 2099 3556 2154 dico:

1949 2186 2007 2237 et
2039 2184 2148 2237 hoc
2182 2185 2237 2237 in
2258 2183 2456 2237 honore
2482 2189 2593 2249 tuo,
2613 2182 2671 2237 id
2705 2188 2809 2250 est,
2831 2184 2908 2238 sic
2938 2188 3071 2239 sunt
3096 2185 3226 2240 ﬁlias
3240 2203 3469 2257 regum,
3502 2192 3565 2243 ut

1948 2271 2006 2325 in
2038 2271 2147 2325 hoc
2176 2270 2577 2325 honoriﬁceris
2617 2271 2687 2325 ab
2729 2271 2865 2342 ipsis
2912 2272 3157 2339 ﬁliabus,
3191 2275 3345 2345 quod
3377 2275 3563 2347 gratia

1947 2362 2047 2413 tua
2068 2363 2201 2413 sunt
2234 2360 2387 2413 ﬁlias.
2412 2358 2724 2414 Sciendum
2754 2361 2906 2430 quod
2928 2360 3055 2416 ideo
3074 2364 3311 2433 myrrha
3342 2380 3446 2436 pro
3475 2365 3561 2419 in-

1950 2448 2435 2519 corruptibilitate
2464 2448 2718 2519 ponitur,
2759 2449 2896 2519 quia
2933 2465 3179 2522 corpora
3227 2469 3294 2507 ea
3325 2452 3563 2507 inuncta

1948 2536 2093 2591 ﬁunt
2117 2537 2593 2607 incorruptibilia.
2615 2537 2785 2591 Gutta
2803 2554 2935 2592 vero
2952 2538 3168 2609 species
3190 2543 3276 2594 est
3302 2542 3557 2597 medico-

1947 2642 2101 2691 rum,
2128 2643 2253 2697 quae
2286 2626 2357 2679 ad
2406 2629 2699 2680 tumorem
2739 2626 3146 2696 depellendum
3188 2628 3398 2684 idonea
3423 2635 3509 2685 est
3541 2648 3554 2685 :

1948 2713 2079 2768 ideo
2108 2731 2210 2784 pro
2251 2714 2575 2768 humilitate
2609 2713 2861 2785 ponitur,
2893 2731 3019 2785 qua:
3065 2716 3137 2769 ad
3164 2717 3446 2787 superbia:
3468 2721 3558 2772 tu-

1949 2819 2173 2856 morem
2198 2801 2641 2873 deprimendum
2669 2805 2752 2855 est
2771 2802 3147 2857 valida.Casia
3164 2804 3560 2877 quidem,quia

1945 2890 2112 2961 juxta
2150 2890 2564 2960 Hieronymum
2599 2890 2771 2944 arbor
2790 2894 2874 2944 est
2901 2890 2958 2944 in
2993 2892 3171 2944 altum
3205 2908 3557 2959 cxcrescens,

240 2978 336 3051 qui
370 2994 486 3032 non
520 2978 703 3031 solum
736 2993 795 3031 es
834 2977 1036 3043 homo,
1068 2977 1168 3031 sed
1198 2981 1255 3031 et
1287 2979 1472 3032 Deus:
1508 2976 1652 3031 Deus
1705 2983 1846 3045 tuus,
1878 2992 1928 3052 ο
1954 2996 2056 3051 pro
2090 2978 2436 3033 exaltatione
2478 2978 2571 3032 hic
2620 2978 2807 3050 posita
2838 2981 2940 3032 est.
2984 2979 3081 3033 Vel
3127 2980 3203 3034 sic
3232 2983 3421 3051 potest
3442 2982 3557 3052 legi

240 3082 351 3138 ego
382 3065 597 3120 scilicet
647 3067 782 3118 anxi
827 3072 875 3118 te
916 3065 1026 3119 oleo
1066 3065 1285 3130 latitia,
1319 3065 1374 3120 id
1403 3068 1507 3133 est,
1542 3066 1753 3137 replevi
1783 3070 1838 3121 te
1949 3084 2142 3122 versus
2172 3066 2276 3121 iste
2307 3084 2318 3120 :
2365 3066 2507 3131 Quia
2550 3066 2788 3131 dixerat,
2826 3066 2991 3120 Unxit
3034 3074 3081 3119 te
3124 3067 3268 3121 Deus
3300 3075 3421 3122 tuus
3445 3070 3556 3123 oleo

238 3154 429 3227 gratia
453 3153 682 3225 Speciali
716 3156 773 3207 et
799 3153 1168 3208 immunitate
1186 3153 1426 3224 peccati,
1459 3171 1563 3226 per
1589 3171 1764 3225 quam
1794 3158 1847 3209 te
1950 3157 2148 3210 latitia
2179 3174 2295 3226 pra
2338 3155 2661 3207 consortibus
2702 3155 2830 3219 tuis,
2872 3154 3095 3209 videtur
3120 3171 3218 3209 eos
3263 3161 3559 3211 consortes

235 3241 595 3298 latiﬁcarem
613 3258 733 3312 pra
761 3242 1109 3308 consortibus,
1132 3242 1191 3296 id
1223 3246 1309 3297 est
1331 3246 1467 3296 ante
1492 3243 1634 3297 alios
1652 3243 1849 3296 ﬁdeles
1950 3261 2070 3299 esse
2102 3243 2292 3297 minus
2323 3243 2609 3297 inunctos.
2643 3242 2824 3296 Aliter
2840 3241 2995 3296 enim
3022 3243 3173 3296 male
3204 3242 3453 3314 positum
3477 3260 3560 3298 es-

238 3331 337 3402 qui
364 3333 498 3384 sunt
527 3333 822 3385 consortes
853 3332 952 3395 tui,
980 3330 1038 3384 id
1062 3332 1146 3384 est
1171 3330 1503 3384 coharedes
1529 3335 1587 3385 et
1617 3330 1846 3401 partici-
1950 3336 2056 3398 set,
2075 3349 2193 3403 pra
2212 3332 2561 3386 consortibus.
2608 3330 2690 3385 Ob
2718 3331 2825 3385 hoc
2850 3348 2985 3385 vero
3005 3336 3290 3402 quareret
3320 3332 3551 3403 aliquis:

237 3435 342 3491 pes
370 3418 691 3473 sanctitatis
717 3422 850 3472 tuae.
878 3418 1203 3472 Juxtaillud
1224 3418 1511 3489 Apostoli:
1536 3440 1563 3467 α
1584 3418 1848 3472 llaredes
1950 3422 2172 3477 Suntne
2206 3425 2502 3475 consortes
2526 3420 2892 3491 aliquatenus
2923 3420 3076 3474 uncti
3105 3421 3213 3475 oleo
3244 3420 3464 3487 latitia,
3498 3420 3558 3475 id

239 3506 480 3578 quidem
508 3506 631 3573 Dei,
660 3505 990 3561 cohmredes
1035 3509 1230 3559 autem
1259 3506 1466 3561 Christi
1503 3506 1687 3566 (Rom.
1726 3523 1845 3573 vm,
1950 3513 2036 3563 est
2066 3509 2255 3579 gratia
2280 3508 2551 3579 speciali?
2591 3508 2677 3561 Ad
2710 3508 2820 3561 hoc
2853 3512 3045 3562 autem
3075 3508 3152 3563 sic
3191 3509 3502 3580 respondet
3541 3525 3555 3563 :

243 3595 354 3667 l7).
376 3616 403 3642 »
428 3595 676 3649 Unctum
705 3610 826 3649 esse
857 3593 973 3647 oleo
996 3593 1153 3663 dicit,
1188 3610 1221 3647 a
1266 3592 1646 3647 similitudine
1698 3594 1850 3647 illius
1950 3597 2091 3650 Vere
2120 3596 2275 3650 uncti
2307 3600 2439 3649 sunt
2471 3596 2598 3650 oleo
2619 3612 2631 3662 ;
2652 3596 2981 3650 etindehoc
3013 3596 3557 3667 apparet,quoniam

241 3683 341 3756 qui
372 3682 481 3737 oleo
538 3686 760 3737 sacrato
821 3682 1059 3753 ungitur
1108 3685 1170 3736 ut
1198 3698 1294 3736 rex
1326 3681 1627 3735 efﬁciatur.
1674 3681 1766 3736 Sic
1793 3684 1851 3735 et
1952 3704 1986 3740 a
2025 3687 2343 3739 vestimentis
2379 3688 2499 3750 tuis,
2537 3685 2596 3738 id
2632 3687 2736 3749 est,
2780 3701 2814 3738 a
2846 3685 3226 3753 consortibus,
3258 3685 3354 3757 qui
3386 3686 3555 3740 vesti-

247 3771 505 3827 Christus
532 3774 595 3825 ut
624 3788 720 3825 rex
747 3773 898 3825 esset
927 3771 1035 3825 oleo
1055 3770 1255 3841 gratia
1286 3769 1542 3841 specialis
1559 3774 1616 3824 et
1644 3770 1852 3825 immu—
1952 3776 2153 3828 menta
2172 3772 2458 3838 dicuntur,
2491 3788 2559 3825 eo
2588 3772 2742 3842 quod
2768 3775 2823 3825 te
2848 3771 2959 3825 ﬁde
2988 3772 3269 3839 ambiunt,
3289 3772 3561 3827 sicutves-

243 3859 444 3915 uitatis
483 3861 685 3913 unctus
736 3862 880 3913 esta
910 3859 1098 3913 Patre.
1153 3859 1220 3912 Et
1248 3858 1383 3912 inde
1432 3858 1609 3931 videri
1666 3861 1854 3929 potest
1952 3862 2195 3917 timente
2219 3877 2424 3931 corpus
2454 3860 2736 3925 ambiunt,
2788 3860 3007 3931 spirant
3058 3860 3312 3930 myrrha,
3347 3860 3404 3915 id
3448 3863 3554 3926 est,

244 3948 403 4019 quod
431 3951 636 4001 unctus
660 3950 746 4002 est
771 3947 881 4001 oleo
909 3947 1130 4003 latitia.
1166 3946 1311 4010 Quia
1354 3930 1851 4017 myrrha,id
1949 3949 2276 4021 virginitas;
2302 3930 2359 4002 et
2391 3950 2571 4019 gutta,
2601 3946 2660 4001 id
2680 3950 2764 4001 est
2784 3930 3080 4001 humilitas
3099 3948 3184 4001 vel
3209 3947 3466 4015 castitas;
3500 3951 3560 4002 et

244 4040 334 4091 est
364 4036 883 4108 incorruptibilitas
900 4039 1028 4107 post
1042 4035 1403 4107 passionem;
1436 4042 1485 4089 et
1497 4038 1659 4104 casia,
1696 4035 1853 4091 idest
1951 4038 2120 4106 casia,
2146 4038 2203 4091 id
2231 4040 2316 4091 est
2344 4036 2507 4090 ﬁdes.
2540 4035 2671 4089 Dico
2718 4034 2872 4105 quod
2895 4052 2928 4088 a
2954 4034 3306 4093 vestimentis
3335 4035 3559 4106 spirant

245 4124 517 4180 exaltatio
539 4124 889 4179 ascensionis
918 4125 975 4178 in
999 4126 1204 4179 caelum
1231 4142 1245 4192 ;
1279 4131 1329 4177 et
1346 4130 1520 4193 gutta,
1552 4124 1609 4178 id
1640 4127 1725 4178 est
1753 4126 1854 4179 Ιιιι-
1950 4127 2094 4193 hac,
2127 4126 2390 4181 sciliceta
2414 4123 2682 4178 domibus
2706 4123 2996 4190 eburneis,
3025 4123 3083 4177 id
3105 4126 3190 4177 est
3220 4140 3254 4177 a
3283 4124 3561 4178 consorti-

245 4212 462 4268 militas
506 4213 563 4267 in
612 4212 897 4285 passione,
951 4212 1253 4285 spirabunt
1292 4231 1324 4265 a
1368 4214 1686 4267 uestimentis
1727 4216 1847 4268 tuis.
1876 4266 1928 4286 ἢ
1950 4215 2075 4281 bus,
2108 4214 2203 4286 qui
2236 4218 2294 4268 et
2317 4213 2659 4267 vestimenta
2681 4212 2947 4266 dicuntur
2964 4214 3021 4265 et
3046 4212 3251 4267 domus
3265 4213 3556 4279 eburnea,

245 4302 534 4357 Pluralem
579 4300 744 4373 ponit
777 4316 882 4371 pro
928 4301 1225 4372 singulari,
1256 4299 1614 4355 vestimentis
1645 4301 1854 4356 scilicet
1875 4299 2055 4373 "per
2082 4301 2519 4356 similitudinem
2536 4301 2734 4370 utjam
2762 4300 2979 4354 dictum
3012 4304 3115 4355 est.
3150 4302 3224 4354 Ex
3259 4301 3559 4372 quibus,id

243 4405 352 4461 pro
381 4388 743 4443 vestimento.
781 4388 943 4453 Quod
985 4392 1070 4443 est
1115 4389 1304 4443 dicere
1334 4405 1347 4442 :
1380 4389 1464 4443 Ab
1491 4389 1852 4461 humanitate
1951 4395 2055 4455 est,
2088 4391 2325 4462 myrrha
2345 4393 2403 4444 et
2433 4391 2595 4460 gutta
2613 4392 2669 4442 et
2700 4388 2872 4454 casia,
2897 4387 3226 4441 delectabunt
3257 4395 3305 4442 te
3331 4390 3459 4457 ﬁlia
3483 4406 3563 4443 re-

243 4481 365 4546 tua,
388 4493 515 4548 quae
533 4476 739 4531 dicitur
763 4477 1173 4532 vestimentum
1189 4476 1518 4545 divinitatis,
1534 4493 1602 4532 eo
1622 4478 1774 4550 quod
1793 4479 1850 4534 in
1948 4496 2074 4549 gum
2108 4481 2163 4533 in
2186 4480 2381 4532 honore
2412 4485 2499 4531 tuo
2523 4494 2534 4531 :
2566 4476 2688 4531 hinc
2720 4493 2838 4531 non
2871 4478 3187 4530 mutantur.

245 4581 317 4620 ea
360 4568 538 4620 lateat
561 4570 619 4620 et
664 4565 716 4620 ei
761 4566 1246 4638 conjungatur,ut
1276 4566 1851 4623 intravestimentum

244 4669 455 4726 corpus
480 4655 620 4708 latet
645 4654 765 4709 etei
788 4654 1180 4726 conjungitur,
1211 4654 1558 4711 redolebunt
1588 4656 1852 4711 ﬁdelibus

246 4741 361 4796 tuis
390 4742 904 4813 incorruptibilitas
933 4745 992 4797 et
1022 4742 1290 4798 exultatio
1337 4746 1466 4815 post
1498 4744 1848 4815 passionem,

242 4834 301 4885 et
327 4830 620 4885 humilitas
642 4831 911 4885 habenda
936 4830 996 4885 in
1023 4832 1326 4903 passione:
1376 4835 1434 4886 et
1466 4834 1729 4904 exemplo
1766 4833 1849 4888 tui

240 4919 480 4991 myrrha
504 4924 562 4974 et
586 4922 751 4990 gutta
772 4923 831 4974 et
859 4919 1013 4973 casia
1037 4920 1337 4989 spirabunt
1355 4938 1387 4972 a
1422 4920 1670 4975 domibus
1700 4922 1851 4975 ebur-

238 5011 370 5075 neis,
403 5007 461 5062 id
488 5011 572 5064 est
594 5008 741 5063 bene
788 5008 1137 5063 redolebunt
1191 5007 1293 5063 tibi
1352 5008 1679 5064 inﬁdelibus
1710 5010 1844 5078 tuis,

237 5095 339 5169 qui
368 5095 640 5151 dicuntur
684 5097 890 5151 domus
946 5099 1077 5163 tua,
1111 5112 1179 5151 eo
1212 5096 1370 5169 quod
1402 5097 1459 5152 in
1490 5097 1573 5152 eis
1602 5098 1846 5154 habites.-

238 5184 309 5240 Et
337 5184 631 5253 eburneae,
676 5184 736 5240 id
765 5188 849 5240 est
898 5184 1254 5258 perfectione
1295 5185 1569 5241 virtutum
1596 5186 1845 5243 nitentes

239 5277 299 5328 et
328 5273 621 5329 candidae:
657 5273 814 5346 quod
834 5273 1078 5345 contigit
1103 5274 1184 5328 eis
1209 5288 1314 5345 per
1350 5276 1559 5330 multas
1584 5275 1845 5331 anxieta-

235 5363 325 5417 tes
354 5364 525 5434 atque
562 5361 807 5430 labores,
851 5361 1063 5418 scilicet
1093 5364 1155 5417 ut
1203 5361 1367 5418 nitidi
1397 5362 1510 5418 sint
1556 5363 1617 5418 in
1660 5364 1849 5436 perfe-

236 5448 430 5520 ctione
454 5449 754 5526 virtutum,
806 5449 953 5510 sicut
1002 5450 1175 5513 ebur:
1224 5449 1382 5530 quod
1417 5466 1549 5510 cum
1568 5450 1729 5532 prius
1759 5452 1848 5513 ni-

2020 4566 2094 4620 Μ
2087 4567 2252 4637 grrha
2270 4566 2527 4638 quidem,
2556 4565 2689 4637 quia
2708 4581 2945 4620 carnem
2967 4581 2999 4618 a
3019 4580 3077 4618 se
3106 4569 3341 4621 unctam
3374 4566 3560 4623 incor-

1950 4654 2281 4727 ruptibilem
2308 4653 2465 4721 facit,
2493 4669 2598 4724 pro
2622 4652 2950 4723 virginitate
2975 4651 3229 4723 ponitur,
3250 4669 3355 4725 per
3382 4671 3560 4726 quam

1951 4760 2083 4798 caro
2107 4743 2442 4813 incorrupta
2466 4758 2499 4795 a
2529 4740 2755 4795 luxuria
2779 4740 2988 4795 existit.
3023 4741 3133 4795 Per
3159 4748 3369 4811 guttam
3399 4759 3557 4811 vero,

1952 4849 2065 4905 qua
2092 4848 2313 4886 venena
2340 4829 2539 4885 omnia
2555 4829 2982 4901 deprimuntur,
3007 4828 3256 4883 charitas
3287 4829 3556 4902 intelligi-

1949 4925 2062 4988 tur,
2096 4937 2199 4992 per
2223 4935 2395 4991 quem
2424 4918 2623 4973 omnia
2653 4934 2878 4973 venena
2895 4916 3163 4972 vitiorum
3184 4917 3555 4988 exstinguun-

1947 5011 2061 5064 tur.
2096 5010 2203 5063 Per
2233 5010 2440 5061 casiam
2470 5010 2688 5073 autem,
2722 5023 2849 5078 qua:
2870 5005 2930 5058 in
2954 5004 3180 5075 aquosis
3209 5004 3348 5059 locis
3376 5006 3558 5061 nasci-

1947 5102 2062 5166 tur,
2092 5096 2378 5168 baptisma
2404 5096 2735 5151 denotatur.
2772 5096 2879 5149 Per
2908 5092 3197 5164 baptisma
3224 5111 3357 5150 vero
3389 5094 3553 5166 ﬁdes,

1947 5203 2053 5259 per
2082 5202 2257 5259 quam
2290 5184 2364 5239 ad
2394 5184 2685 5256 baptisma
2725 5180 3080 5256 pervenitur,
3126 5181 3372 5254 ideoque
3402 5185 3557 5242 casia

1946 5291 2052 5347 pro
2067 5274 2179 5329 ﬁde
2194 5271 2447 5346 ponitur.
2477 5271 2813 5326 Notandum
2836 5272 3030 5324 autem
3052 5270 3207 5341 quod
3228 5270 3424 5326 ﬁdeles
3435 5289 3555 5329 non

1946 5363 2115 5431 ﬁlios,
2137 5362 2238 5417 sed
2258 5359 2403 5416 ﬁlias
2415 5360 2575 5425 dicit,
2600 5362 2667 5413 ut
2697 5376 2796 5416 eos
2824 5358 3093 5414 humiliet
3129 5375 3204 5414 ne
3220 5358 3275 5414 in
3304 5375 3363 5414 se
3381 5362 3559 5415 conﬁ-

1948 5451 2110 5525 dant,
2131 5465 2263 5509 cum
2296 5447 2514 5508 debiles
2538 5445 2662 5506 sint
2690 5452 2753 5509 et
2776 5444 3037 5521 fragiles,
3065 5452 3126 5509 et
3144 5447 3219 5509 ad
3237 5446 3565 5519 cadendum
