3994 6042
461 296 555 356 831

1066 300 1123 355 S.
1165 298 1511 357 BRUNONIS
1550 298 2183 357 CARTHUSIANORUM
2224 294 2691 355 INSTITUTORIS
2732 295 2885 352 OPP.
2928 294 3105 351 PARS
3144 294 3166 350 Ι

3671 296 3792 352 832

457 417 683 487 faciles;
718 418 791 473 ad
817 418 1057 473 modum
1095 419 1363 475 feminini
1383 437 1565 485 sexus,
1599 420 1693 492 qui
1723 419 1966 475 debilior
1987 422 2148 482 estA
2177 417 2310 472 dine
2340 417 2557 490 populi.
2576 416 2653 471 Et
2675 416 2975 471 obliviscere
3002 416 3409 487 domumpalris
3441 422 3520 471 tu:
3541 415 3792 483 diaboli,

461 507 779 562 masculino
801 525 927 575 ;seu
944 508 1118 562 etiam
1133 512 1195 563 ut
1208 510 1471 563 ostendat
1487 510 1739 564 maximo
1754 511 1907 564 cultu
1921 525 2071 581 prae-

460 595 762 651 dicationis
784 614 880 650 eos
902 613 1071 667 egere
1098 614 1109 651 :
1133 598 1205 651 ad
1230 598 1467 651 modum
1506 598 1773 663 ﬁliarum,
1796 615 1922 668 quae
1948 614 2069 651 ma-

452 685 568 754 jori
600 686 754 739 cultu
787 687 959 755 egent
981 702 1155 755 quam
1184 687 1317 740 filii:
1350 689 1407 739 et
1438 703 1542 756 per
1561 688 1668 740 hoc
1696 703 1791 741 eos
1818 688 2069 740 multum

461 772 719 825 subditos
736 773 909 826 faciat
930 773 1434 843 praedicationibus
1665 776 1763 846 qui
1781 775 1839 829 in
1865 790 2069 828 eorum

462 860 615 912 cultu
640 860 800 913 valde
818 860 1103 915 laborant.
1126 863 1291 916 Juxta
1310 863 1447 917 illud
1467 865 1707 934 apostoli
1732 880 1744 917 :
1784 887 1810 912 ‹‹
1830 862 2070 917 Obedite

460 948 781 1018 prmpositis
820 949 1040 1013 vestris,
1073 954 1131 1003 et
1160 951 1448 1022 subjacete
1480 953 1578 1005 eis.
1615 952 1724 1023 Ipsi
1758 952 1913 1005 enim
1939 966 2069 1021 per-

459 1033 893 1105 vigilant,quasi
924 1038 1211 1092 rationem
1249 1056 1351 1109 pro
1376 1040 1679 1093 animabus
1705 1038 1905 1091 vestris
1938 1038 2068 1090 red-

464 1122 657 1189 dituri,
689 1126 893 1178 utcum
925 1126 1136 1195 gaudio
1162 1128 1271 1181 hoc
1298 1127 1509 1181 faciant
1537 1129 1593 1179 et
1620 1144 1734 1180 non
1768 1130 2069 1195 gementes

460 1210 621 1274 (Heb.
676 1229 796 1280 xm,
849 1214 956 1281 17).
1020 1216 1255 1268 Peracta
1316 1216 1737 1279 admonitione,
1789 1217 1847 1268 et
1898 1214 2067 1267 laude

459 1300 672 1370 sponsi,
693 1301 765 1355 ad
788 1301 1139 1357 laudandum
1165 1308 1221 1357 et
1236 1304 1671 1358 admonendum
1693 1319 1966 1372 sponsam
1985 1302 2069 1355 in-

459 1388 664 1451 tendit,
700 1391 761 1441 ut
790 1406 920 1443 eam
951 1392 1323 1445 attentiorem
1339 1392 1411 1445 ad
1443 1392 1834 1446 obediendum
1855 1405 2067 1461 sponso

459 1475 688 1530 reddat.
716 1478 779 1530 Et
804 1478 911 1531 hoc
937 1478 1013 1531 sic
1040 1480 1208 1534 facit:
1242 1480 1659 1549 Astititregina,
1684 1484 1788 1533 etc.
1814 1478 1976 1543 Quod
1993 1478 2069 1531 sic

461 1564 793 1619 continuat:
832 1566 1279 1638 Dleo,Fili,quod
1304 1568 1447 1621 adeo
1460 1570 1715 1638 speciosus
1730 1567 1842 1621 eris
1862 1568 2064 1636 forma.

459 1650 667 1719 Regina
699 1657 915 1721 autem,
956 1655 1014 1709 id
1058 1660 1163 1721 est,
1204 1656 1448 1709 Ecclesia
1477 1655 1766 1725 primitiva
1798 1658 2070 1725 sponsata

2174 523 2246 561 ne
2276 509 2425 560 ultra
2454 506 2594 560 velis
2637 523 2756 561 esse
2811 506 3019 561 domus
3049 506 3172 575 ejus
3202 508 3260 558 et
3285 504 3531 560 mansio.
3565 505 3635 558 Et
3668 505 3789 558 hoc

2171 595 2337 666 ponit
2355 613 2389 648 a
2415 595 2791 648 similitudine
2817 610 3062 666 sponsae,
3080 610 3207 664 quae
3232 610 3442 665 sponso
3464 610 3637 665 quem
3661 593 3793 647 dili-

2171 683 2255 754 git
2290 684 2451 737 valde
2496 684 2825 754 conjuncta,
2884 684 3005 753 ejus
3056 682 3271 736 amoris
3325 699 3494 736 causa
3524 683 3791 752 populum

2172 790 2336 826 suum
2369 777 2426 827 et
2455 773 2669 826 domum
2693 775 2867 843 patris
2898 772 3263 828 obliviscitur.
3295 772 3556 827 Ostendit
3586 773 3791 824 autem

2169 878 2297 932 qua),
2333 861 2411 915 illi
2447 862 2583 915 inde
2615 862 2828 915 utilitas
2858 861 3178 932 continget,
3211 861 3253 914 si
3305 859 3688 926 obliviscatur,
3726 862 3792 913 ut

2171 950 2356 1021 magis
2377 968 2507 1005 eam
2524 952 2595 1004 ad
2618 951 2725 1005 hoc
2747 952 3021 1016 attrahat,
3042 950 3119 1004 sic
3140 966 3153 1003 :
3182 951 3248 1003 Et
3278 949 3322 1003 si
3349 948 3600 1003 audieris
3618 952 3677 1001 et
3704 946 3790 1000 vi-

2171 1040 2322 1093 deris
2344 1044 2399 1093 et
2433 1041 2611 1094 oblita
2652 1040 2863 1093 fueris:
2896 1056 3007 1104 rer,
3042 1039 3100 1092 id
3125 1042 3210 1093 est
3247 1038 3501 1110 Sponsus
3540 1041 3670 1092 tuus
3695 1037 3788 1090 Fi-

2170 1130 2279 1183 lius
2310 1145 2493 1193 meus,
2517 1128 2612 1200 qui
2638 1132 2692 1182 te
2725 1131 2912 1197 reget,
2931 1130 3254 1197 concupiscet
3283 1127 3517 1181 decorem
3546 1125 3789 1191 tumn,id

2170 1218 2578 1284 est,adamabit
2600 1223 2655 1269 te
2684 1220 2924 1287 propter
2940 1215 3210 1270 decorem
3231 1206 3509 1269 virtutum
3526 1217 3785 1279 tuarum,

2170 1305 2242 1360 ad
2258 1304 2695 1359 similitudinem
2713 1320 3091 1375 sponsee,qua-
3106 1321 3210 1375 pro
3224 1305 3364 1359 deco
3373 1321 3431 1358 re
3445 1320 3548 1359 suo
3563 1320 3598 1357 a
3610 1320 3789 1374 spon-

2168 1410 2229 1447 so
2248 1394 2574 1447 adamatur.
2596 1395 2660 1447 Et
2684 1410 2815 1447 vere
2837 1394 3037 1447 audire
3060 1393 3234 1447 debes
3262 1409 3420 1459 eum,
3448 1396 3507 1447 et
3528 1391 3785 1447 oblivisci

2170 1486 2408 1555 propter
2437 1499 2572 1537 eum
2594 1483 2876 1553 populum
2894 1486 3082 1548 tuum,
3115 1485 3175 1535 et
3203 1482 3447 1536 domum
3470 1480 3655 1553 patris
3674 1481 3783 1547 tui,

2168 1572 2425 1641 quoniam
2460 1573 2573 1641 ipse
2594 1578 2669 1623 est
2694 1570 2959 1623 Dominus
2987 1570 3134 1623 Deus
3165 1577 3304 1624 tuus.
3339 1571 3589 1641 Equum
3621 1569 3783 1623 enim

2170 1664 2255 1713 est
2286 1663 2347 1713 ut
2378 1659 2626 1714 Domino
2674 1659 2902 1725 ancilla,
2937 1661 2996 1713 et
3044 1660 3159 1713 Deo
3195 1662 3459 1714 creatura
3487 1676 3591 1713 sua
3645 1659 3782 1713 obc.L

460 1739 585 1807 tibi,
618 1741 675 1794 id
706 1745 809 1809 est,
845 1743 948 1796 sub
980 1744 1355 1798 matrimonio
1389 1744 1816 1798 conformitatis
1848 1747 1905 1797 et
1933 1742 2067 1796 fidei
2097 1739 2147 1797 B
2171 1748 2311 1802 diat.

463 1829 811 1898 conjuncta:
846 1849 1017 1902 quam
1044 1833 1112 1885 de
1134 1833 1337 1885 ancilla
1355 1832 1637 1901 reginam,
1660 1833 1730 1886 de
1748 1849 1907 1885 serva
1927 1833 2069 1885 libe-

465 1933 590 1970 ram
627 1922 813 1973 morte
844 1923 941 1973 tua
966 1921 1135 1974 facies
1170 1938 1182 1974 :
1219 1924 1407 1987 astitit,
1448 1921 1504 1974 id
1544 1926 1649 1987 est,
1682 1920 1892 1975 astabit
1922 1921 2064 1975 tibi:

461 2015 665 2085 parata
690 2009 761 2063 ad
782 2008 1209 2077 obediendum;
1248 2026 1409 2062 more
1443 2009 1581 2062 boni
1614 2008 1782 2073 servi,
1813 2008 1909 2079 qui
1933 2012 2067 2062 ante

461 2099 773 2156 Dominum
789 2113 1018 2168 semper
1041 2097 1284 2162 astat,ad
1307 2101 1511 2150 nutum
1527 2096 1703 2151 etiam
1721 2096 1955 2150 obedire
1973 2113 2069 2167 pa-

466 2186 842 2243 ratus.Ethoc
865 2184 1052 2255 ipsum
1077 2186 1231 2255 quod
1252 2186 1470 2251 astabit,
1499 2185 1774 2256 procedet
1807 2203 1838 2237 (ι
1872 2184 2067 2238 dextris

464 2278 589 2341 tuis,
611 2274 669 2328 id
691 2277 795 2337 est,
829 2290 862 2326 a
890 2272 1297 2343 propitiatione
1323 2276 1438 2337 tua,
1472 2290 1589 2327 non
1611 2291 1646 2327 a
1668 2272 1888 2327 meritis
1907 2273 2062 2342 ejus:

461 2365 757 2420 dexteram
789 2377 892 2431 pro
923 2361 1325 2431 propitiatione
1348 2360 1531 2432 ponit,
1558 2362 1691 2431 quia
1707 2362 1779 2415 ad
1806 2361 1905 2415 Dei
1938 2362 2069 2415 dex-

460 2456 651 2507 teram
707 2450 975 2504 dicuntur
1000 2449 1342 2515 concessuri,
1401 2450 1497 2519 qui
1547 2450 1740 2503 divina
1788 2450 2064 2522 propitia-

464 2540 623 2594 tione
654 2541 787 2592 sunt
817 2537 876 2591 in
908 2536 1098 2591 futuro
1131 2537 1406 2592 salvandi.
1430 2538 1564 2592 Dico
1592 2537 1835 2591 astabit:
1872 2542 1928 2592 et
1956 2539 2066 2593 hoc

469 2630 532 2683 in
562 2629 772 2691 vestitu,
830 2628 887 2679 ct
918 2642 1033 2679 non
1088 2625 1263 2691 foedo,
1323 2625 1422 2680 sed
1463 2626 1742 2691 deaurato,
1774 2626 1831 2679 id
1876 2629 1979 2691 est,
2008 2625 2065 2679 in

460 2715 814 2788 perfectione
834 2713 1106 2768 virtutum
1125 2730 1238 2785 qua
1255 2713 2066 2779 ornabitur,sicutvestimento

458 2804 711 2876 pretioso
744 2819 951 2874 corpus
994 2807 1252 2857 ornatur.
1302 2805 1407 2857 Per
1436 2819 1638 2856 aurum
1673 2805 1869 2856 autem
1912 2801 2067 2874 quod

462 2893 761 2947 metallum
781 2890 1101 2962 pretiosum
1115 2894 1200 2945 est
1225 2893 1282 2945 et
1299 2891 1567 2956 solidum,
1592 2891 1866 2962 perfectio
1888 2890 2064 2944 virtu-

2240 1836 2560 1890 Annuntiat
2574 1854 2805 1908 quoque
2827 1836 3261 1892 conversionem
3281 1833 3782 1907 gentilitatis,cum

2169 1924 2304 1978 dicit
2331 1942 2343 1978 :
2378 1924 2452 1977 Et
2473 1925 2776 1978 adorabunt
2807 1942 2926 1978 eum
2955 1932 3003 1977 et
3029 1925 3161 1993 ﬁlia:
3189 1924 3346 1993 Tyri,
3372 1928 3481 1978 etc.
3507 1923 3673 1987 Quod
3699 1923 3781 1976 sic

2167 2013 2536 2066 continuatur
2564 2030 2575 2066 :
2604 2013 2724 2067 Dixi
2743 2012 2898 2083 quod
2925 2013 3073 2068 Filio
3096 2030 3226 2067 meo
3251 2012 3459 2066 astabit
3479 2011 3699 2082 regina,
3718 2010 3781 2064 id

2168 2104 2252 2154 est
2280 2101 2518 2155 ecclesia
2548 2100 2868 2172 primitiva,
2901 2105 2961 2155 et
2997 2118 3116 2156 non
3148 2100 3516 2155 solummodo
3551 2098 3777 2153 haecilli

2167 2189 2400 2255 astabit,
2434 2190 2533 2243 sed
2589 2189 2890 2242 adorabunt
2932 2206 3051 2242 eum
3093 2196 3161 2247 et.
3198 2189 3257 2242 id
3309 2192 3393 2242 est
3420 2187 3620 2252 etiam,
3652 2188 3782 2255 ﬁlia

2167 2277 2323 2345 Tyri,
2354 2276 2411 2330 id
2443 2280 2529 2331 est
2566 2278 2776 2330 anima:
2808 2277 3165 2347 gentilitatis,
3199 2276 3365 2330 facta:
3412 2276 3539 2345 ﬁlice
3586 2292 3690 2347 per
3718 2275 3784 2327 fi-

2166 2365 2321 2418 dem.
2356 2366 2463 2418 Per
2482 2364 2694 2433 Tyrum
2713 2380 2870 2429 vero,
2893 2363 3029 2434 quia
3058 2365 3212 2418 locus
3228 2367 3314 2417 est
3344 2363 3780 2433 gentium,gen-

2164 2454 2337 2507 tilitas
2360 2453 2716 2523 intelligitur,
2752 2454 2811 2505 ln
2845 2452 3473 2507 llebrmatranslatione
3491 2451 3777 2505 habetur:

2166 2541 2465 2595 adorabunt
2492 2558 2611 2595 eum
2638 2542 2921 2611 fortissimi
2946 2541 3102 2610 Tyri,
3138 2540 3194 2594 id
3212 2543 3317 2606 est,
3346 2540 3779 2593 venerabantur

2168 2646 2299 2683 eum
2330 2632 2611 2700 martyres
2639 2629 2709 2683 de
2740 2629 3029 2699 gentibus,
3062 2628 3158 2700 qui
3192 2628 3489 2682 fortissimi
3522 2627 3773 2681 eruntin

2167 2718 2433 2787 angustia
2464 2718 2923 2772 tribulationum.
3150 2716 3331 2787 Tyrus
3347 2715 3504 2769 enim
3525 2717 3776 2783 angustia

2167 2807 2579 2878 interpretatur
2606 2824 2618 2861 :
2648 2810 2707 2860 et
2736 2824 2854 2861 non
2887 2806 3216 2860 adorabunt
3240 2821 3431 2859 vacum
3454 2821 3488 2858 a
3514 2804 3775 2857 muneri-

2164 2897 2270 2952 bus
2294 2914 2307 2964 ;
2331 2897 2429 2951 sed
2460 2898 2523 2950 in
2552 2896 2879 2961 muneribus,
2916 2896 2973 2949 id
3004 2898 3113 2961 est,
3147 2894 3206 2948 in
3225 2893 3521 2949 offerendo
3558 2893 3775 2963 seipsas

462 2984 591 3037 tum
623 2980 918 3050 accipitur.
956 2980 1023 3032 Et
1053 2978 1240 3033 nonin
1276 2979 1520 3051 simplici
1537 2980 1763 3035 vestitu.
1793 2979 1851 3032 id
1881 2978 2062 3041 est,in
2086 2995 2132 3054 ο
2168 3001 2433 3040 munera.
2466 2986 2632 3040 Juxta
2662 2984 2804 3038 illud
2833 3000 2847 3039 :
2881 2982 3146 3055 Quisquis
3169 2980 3552 3053 cogitatquod
3575 2983 3779 3036 voveat

458 3088 575 3126 una
618 3070 738 3124 sola
766 3068 993 3134 virtute,
1037 3068 1137 3122 sed
1174 3069 1521 3135 circumdata,
1555 3068 1613 3123 id
1645 3071 1749 3131 est,
1784 3068 2065 3123 adornata

460 3162 718 3213 varietate
748 3158 1023 3212 virtutum
1046 3173 1059 3211 :
1093 3174 1125 3210 a
1147 3157 1524 3212 similitudine
1556 3174 1803 3228 sponsm,
1829 3174 1955 3228 quas
1976 3173 2067 3211 va-

458 3247 558 3303 riis
587 3245 834 3317 gemmis
856 3245 1192 3299 adornatur.

526 3333 860 3389 Notandum
891 3337 1085 3387 autem
1113 3333 1268 3403 quod
1302 3333 1429 3387 ideo
1445 3350 1574 3388 eam
1598 3350 1702 3405 per
1732 3334 2065 3390 similitudi-

459 3437 599 3479 nem
629 3420 933 3475 visibilium
962 3424 1442 3475 ornamentorum
1471 3423 1688 3490 laudat,
1712 3427 1774 3478 ut
1790 3423 1973 3495 magis
1995 3423 2067 3478 ad

460 3512 736 3566 virtutum
766 3509 1181 3580 perfectionem
1215 3510 1486 3564 attrahat.
1514 3511 1689 3581 Magis
1706 3512 1861 3565 enim
1889 3528 2064 3583 quam

460 3598 741 3663 invisibia,
767 3598 1207 3652 visibiliasolent
1222 3600 1487 3669 exempla
1505 3615 1841 3670 provocare.
1863 3598 2063 3669 Sequi-

459 3692 557 3743 tur
571 3692 764 3742 autem
789 3688 1015 3742 laudem
1045 3687 1390 3754 exhortatio,
1406 3704 1536 3741 cum
1564 3688 1726 3743 dicit:
1750 3687 2061 3757 Audi,ﬁlia,

461 3780 570 3833 etc.
603 3777 801 3831 Filiam
832 3793 899 3830 ex
926 3775 1227 3831 affectione
1260 3776 1442 3830 nimia
1467 3776 1793 3847 vocat,quia
1813 3793 1942 3830 eam
1962 3792 2065 3846 per

460 3866 639 3921 fidem
666 3864 1055 3937 regenerabit.
1078 3865 1142 3917 Et
1174 3864 1321 3917 bene
1340 3863 1517 3917 filiam
1536 3864 2061 3935 feminine,quiade

457 3971 526 4009 ea
555 3957 617 4009 ut
638 3954 709 4007 de
738 3953 940 4024 regina
955 3954 1015 4005 ut
1045 3952 1114 4006 de
1134 3968 1343 4021 sponsa
1373 3968 1545 4021 agere
1578 3951 2062 4022 inceperat,quod

461 4042 540 4097 sic
565 4041 863 4097 continuat
889 4057 901 4094 :
938 4040 1073 4095 Dico
1107 4040 1262 4110 quod
1293 4040 1504 4094 astabit
1541 4041 1747 4111 regina
1769 4040 1826 4093 in
1857 4040 2064 4094 vestitu

462 4130 759 4184 deaurato.
794 4129 872 4181 Ne
903 4144 1037 4181 vero
1088 4128 1354 4181 vestitum
1386 4128 1538 4181 hunc
1568 4128 1847 4189 dimittas,
1867 4144 1895 4180 ο
1928 4127 2061 4195 ﬁlia.

463 4216 586 4272 Filii
610 4216 722 4271 mei
747 4215 1122 4286 sponsa,audt
1137 4231 1334 4269 vocem
1364 4214 1569 4285 Sponsi
1599 4232 1612 4269 :
1646 4218 1704 4269 et
1730 4232 1847 4269 non
1880 4216 2066 4269 solum

2170 3073 2438 3141 Domino,
2499 3072 2747 3143 seipsum
2778 3075 3066 3143 praeparet
3108 3074 3165 3124 et
3215 3072 3434 3124 voveat.
3472 3069 3586 3123 Hoc
3615 3068 3779 3122 enim

2167 3161 2437 3233 exigitur,
2468 3162 2577 3215 hoc
2610 3161 2853 3215 debetur
2905 3161 3029 3213 Non
3060 3160 3246 3213 solum
3262 3162 3459 3212 autem
3485 3173 3776 3229 pauperes

2166 3250 2237 3304 de
2266 3251 2412 3320 Tyro
2446 3249 2772 3303 adorabunt
2790 3252 2843 3302 te
2868 3265 2881 3301 :
2912 3247 3010 3302 sed
3037 3254 3086 3300 et
3106 3263 3302 3312 omnes,
3326 3245 3385 3299 id
3412 3248 3520 3311 est,
3547 3245 3776 3299 omnis-

2166 3338 2325 3392 modi
2355 3339 2543 3392 divites
2563 3337 2753 3408 plebis,
2787 3336 2845 3390 id
2876 3340 2981 3401 est,
3006 3334 3208 3389 divites
3252 3333 3309 3387 in
3338 3332 3661 3404 plebeiis,id
3690 3336 3780 3387 est

2165 3426 2222 3480 in
2258 3425 2501 3480 terrenis
2526 3425 2950 3495 deprecabuntur
2968 3424 3174 3477 vultum
3199 3430 3371 3487 tuum,
3402 3438 3435 3476 ο
3453 3420 3679 3491 regina,
3713 3420 3774 3475 id

2165 3516 2270 3579 est,
2306 3513 2767 3585 deprecabuntur
2795 3513 2977 3567 Deum
2994 3516 3058 3565 ut
3082 3510 3274 3566 deteis
3287 3511 3505 3563 vultum
3523 3507 3779 3562 similem

2162 3601 2341 3655 vultui
2367 3605 2488 3667 tuo,
2518 3600 2731 3654 scilicet
2758 3598 3249 3669 pulchritudinem
3285 3597 3565 3651 virtutum
3613 3600 3679 3649 ut
3718 3600 3779 3649 et

2162 3690 2268 3761 ipsi
2303 3690 2545 3743 adorare
2563 3688 2800 3759 possint.
2824 3688 3111 3752 Quoniam
3139 3686 3297 3741 enim
3325 3683 3692 3756 pulchritudo
3714 3685 3774 3738 in

2164 3779 2316 3833 vultu
2336 3778 2522 3849 potius
2533 3793 2812 3849 apparere
2833 3778 2998 3842 solet,
3023 3777 3209 3830 vultus
3222 3791 3324 3847 pro
3346 3772 3774 3844 pulchritudine

2163 3868 2416 3938 ponitur.
2452 3867 2543 3919 Vel
2577 3866 2783 3919 vultum
2818 3865 2954 3920 dicit
2983 3864 3165 3918 visum
3213 3862 3574 3927 interiorem,
3599 3860 3661 3915 id
3687 3864 3776 3916 est

2164 3956 2544 4021 intellectum,
2558 3970 2662 4025 per
2680 3970 2853 4025 quem
2868 3952 3208 4024 intelligitur
3220 3950 3512 4023 quomodo
3540 3949 3613 4003 sit
3629 3949 3772 4005 ado-

2162 4044 2379 4098 randus
2418 4043 2661 4099 Ileus.Et
2684 4042 2832 4096 bene
2859 4042 3045 4095 vultus
3079 4056 3183 4112 pro
3200 4039 3319 4094 visu
3348 4037 3604 4110 ponitur,
3636 4053 3770 4091 cum

2165 4130 2221 4185 in
2254 4132 2410 4184 vultu
2441 4130 2514 4183 sit
2536 4129 2683 4184 visus
2703 4144 3038 4199 corporeus.

2238 4217 2523 4282 Quoniam
2556 4222 2750 4271 autem
2803 4216 3136 4271 laudaverat
3164 4214 3427 4287 reginam
3461 4212 3532 4268 de
3560 4211 3765 4267 vestitu

462 4305 661 4360 auditu
698 4303 962 4359 exteriori
988 4321 1001 4371 ;
1031 4303 1131 4357 sed
1161 4310 1210 4356 et
1250 4302 1383 4369 vide,
1433 4303 1492 4357 id
1512 4306 1618 4371 est,
1650 4303 1907 4375 intellige
1939 4320 2065 4375 qua}
2087 4312 2140 4373 Ῑ)
2166 4322 2447 4373 aureo,ue
2466 4308 2767 4376 putaretur
2780 4304 2967 4375 gloria
2986 4304 3208 4359 decoris
3222 4304 3345 4374 ejus
3368 4301 3616 4357 exterius
3643 4316 3765 4355 esse

463 4393 679 4459 audies,
700 4395 761 4446 ut
780 4391 1060 4463 perficias.
1092 4392 1188 4445 Vel
1215 4390 1293 4445 sic
1316 4408 1328 4445 :
1352 4391 1524 4457 Audi,
1549 4391 1698 4459 vide,
1722 4395 1780 4447 et
1795 4392 1872 4446 sic
1898 4392 2064 4446 intel-

461 4481 596 4553 lige.
631 4481 745 4535 Nisi
775 4480 930 4534 enim
976 4480 1261 4546 crederes,
1282 4496 1399 4533 non
1422 4480 1807 4551 intelligeres:
1842 4481 1910 4533 Et
1934 4496 2064 4535 ecce

461 4587 571 4625 vox
598 4568 800 4641 Sponsi
830 4585 1003 4639 quam
1037 4568 1232 4623 audies
1256 4585 1268 4623 :
1296 4568 1872 4640 Obliviscerepopulum
1890 4575 2061 4637 tuum,

462 4658 523 4715 id
544 4662 648 4718 est.
680 4658 937 4713 carnales
991 4656 1384 4712 observantias
1435 4658 1631 4730 populi
1683 4658 1767 4711 tui
1821 4657 2059 4726 Judaici,

462 4763 589 4820 quae
618 4747 837 4801 umbrae
859 4747 1027 4800 erant
1057 4745 1195 4800 Novi
1228 4746 1591 4801 Sestamenti.
1618 4746 1694 4800 Et
1724 4746 1895 4801 etiam
1929 4747 2061 4801 obli-

461 4838 655 4891 viscere
694 4835 912 4889 domum
950 4836 1127 4904 patris
1183 4836 1281 4901 tui,
1317 4834 1376 4889 id
1409 4838 1514 4901 est,
1566 4835 2058 4890 conversationem

463 4924 697 4993 diaboli,
719 4923 816 4997 qui
845 4925 1137 4995 hucusque
1163 4926 1328 4994 pater
1349 4927 1475 4978 tuus
1491 4924 1900 4978 exstitit.Juxta
1920 4923 2058 4977 illud

461 5012 788 5086 Evangelii:
851 5034 878 5063 «
899 5012 1017 5068 Vox
1050 5028 1119 5066 ex
1143 5015 1306 5083 patre
1338 5011 1565 5067 diabolo
1590 5013 1722 5067 estis
1757 5012 2058 5080 (Joan.vm,

459 5100 574 5174 44).
594 5120 625 5155 »
654 5100 889 5155 Domum
918 5117 1022 5171 pro
1053 5099 1482 5155 conversatione
1514 5100 1695 5171 ponit,
1719 5117 1787 5155 eo
1819 5100 1973 5171 quod
2000 5100 2058 5154 in

461 5191 638 5247 domo
655 5187 1011 5245 conversatio
1032 5188 1338 5244 hominum
1355 5190 1458 5242 est.
1476 5189 1573 5242 Vel
1591 5188 1697 5243 sic:
1718 5188 1888 5249 Audi,
1920 5188 2054 5256 ﬁlia,

457 5278 805 5353 prophetata
836 5294 869 5333 a
899 5277 1196 5349 prophetis
1221 5276 1291 5331 de
1306 5276 1526 5348 Sponso
1553 5277 1748 5331 tuo.Et
1769 5276 2056 5331 audiendo

454 5366 609 5429 vide,
643 5366 703 5420 id
731 5369 816 5421 est
848 5365 1207 5437 intellige.Et
1231 5364 1607 5436 intelligendo
1639 5365 1937 5419 obliviscere
1955 5381 2057 5435 po-

443 5454 647 5537 pulum
672 5460 843 5523 tuum,
861 5453 920 5510 id
949 5456 1054 5521 est,
1086 5452 1223 5509 vitia
1238 5452 1297 5507 in
1322 5454 1378 5509 te
1396 5451 1696 5508 existentia
1717 5468 1844 5526 qum
1866 5451 2061 5510 dicun-

450 5552 555 5617 tur
578 5541 845 5618 populus,
875 5543 1187 5623 propterea
1215 5539 1349 5619 quia
1368 5541 1558 5602 multa.
1580 5542 1734 5617 sunt,
1749 5540 2059 5605 asimilitu-

2164 4395 2224 4450 in
2256 4410 2517 4465 corpore,
2552 4392 2903 4449 determinat
2940 4393 3047 4447 hoc
3087 4392 3194 4447 sic:
3231 4391 3353 4446 Dixi
3388 4389 3543 4461 quod
3583 4392 3763 4457 regina

2165 4483 2375 4538 astabit
2403 4485 2457 4536 in
2471 4484 2659 4537 vestitu
2684 4481 2943 4537 deaurato
2968 4484 3059 4536 :et
3080 4480 3361 4553 gloriosus
3387 4479 3623 4533 vestitus
3660 4477 3762 4531 iste

2164 4587 2283 4627 non
2313 4570 2721 4643 intelligendus
2750 4573 2835 4624 est
2864 4570 3111 4625 exterius
3140 4586 3262 4625 esse
3282 4569 3341 4623 in
3375 4582 3641 4638 corpore,
3663 4565 3762 4619 sed

2161 4661 2329 4714 omnis
2347 4659 2521 4729 gloria
2569 4658 2683 4729 ejus
2704 4657 2831 4727 ﬁlia;-
2861 4659 3024 4729 regis,
3082 4657 3141 4713 id
3189 4659 3275 4712 est
3300 4656 3431 4711 filias
3464 4654 3588 4709 Filii
3618 4653 3755 4719 mei,

2163 4765 2337 4821 quam
2370 4746 2925 4821 superius_reginam
2965 4746 3099 4813 dixi,
3133 4746 3241 4800 erit
3270 4745 3337 4799 ab
3367 4745 3536 4809 intus,
3570 4742 3628 4797 id
3655 4746 3759 4807 est,

2163 4837 2234 4890 ah
2265 4835 2481 4901 anima,
2532 4818 2837 4889 coruscans
2883 4835 2946 4890 in
2983 4835 3207 4903 ﬁmbriis
3249 4835 3444 4899 aureis,
3498 4829 3556 4885 id
3586 4833 3672 4884 est
3700 4829 3761 4884 in

2162 4923 2515 4994 perfectione
2529 4922 2843 4985 charitatis,
2857 4939 2983 4993 quae
3009 4939 3110 4992 per
3129 4938 3306 4993 opera
3331 4921 3487 4976 bona
3498 4921 3757 4991 apparet.

2163 5012 2270 5065 Per
2301 5010 2560 5065 fimbrias
2589 5010 2824 5080 quidem
2855 5010 3130 5081 perfectio
3155 5010 3485 5076 denotatur,
3518 5023 3587 5062 eo
3604 5005 3760 5077 quod

2160 5098 2217 5153 in
2252 5099 2365 5153 line
2396 5097 2640 5153 vestium
2683 5103 3098 5170 supponantur.
3134 5100 3244 5152 Per
3273 5112 3477 5152 aurum
3523 5094 3759 5167 quidem

2156 5188 2424 5254 Charitas,
2458 5202 2584 5257 qua:
2607 5186 2766 5241 omni
2798 5186 2909 5242 alia
2939 5187 3144 5241 virtute
3177 5173 3482 5258 pretiosior
3507 5182 3760 5251 est,sicut

2158 5292 2365 5332 aurum
2395 5275 2614 5330 caeteris
2636 5275 2881 5330 metallis
2904 5275 3205 5347 pretiosius
3226 5276 3403 5330 est.Et
3432 5290 3548 5329 non
3571 5273 3756 5327 solum

2158 5365 2406 5437 gloriam
2431 5363 2733 5418 habebitin
2760 5364 2982 5433 ﬁmbriis
3008 5364 3314 5431 aureis,sed
3345 5363 3520 5417 etiam
3533 5360 3757 5416 eritcir-

2156 5452 2568 5522 cumamicta,id
2597 5455 2705 5523 est,
2723 5457 2971 5511 ornatau
2999 5452 3348 5511 varietatibus
3370 5451 3671 5508 virtutum.
3693 5450 3761 5509 Et

2156 5543 2270 5606 hoc
2300 5542 2477 5605 etiam
2507 5541 2766 5623 superius
2793 5542 3047 5624 positum
3072 5542 3202 5618 fuit,
3218 5559 3351 5603 cum
3364 5541 3504 5603 dixit
3532 5542 3764 5604 σίν-θωπί
