4008 6030
305 300 410 372 B33

1301 306 1659 376 EXPOSITIO
1696 310 1766 375 IN
1804 304 2226 375 PSALMOS.—
2254 307 2448 373 PSAL.
2479 306 2636 374 XLIV

3524 300 3629 374 834

303 430 433 492 data
456 426 742 506 varietate;
775 425 876 493 sed
896 427 1031 511 quia
1043 447 1214 493 causa
1243 429 1748 496 determinationis
1762 434 1923 495 dixe-
1945 443 2001 502 Α
2027 437 2143 495 sive
2175 434 2460 511 gentium,
2490 434 2550 494 in
2577 452 2693 512 qua
2741 448 2957 494 nomen
2986 430 3088 495 Dei
3127 451 3245 495 non
3275 429 3644 513 praedicetur.‘

303 527 396 582 rei.
413 525 587 581 omnis
604 523 796 596 gloria,
832 528 966 593 etc.,
1001 541 1075 581 ne
1098 528 1153 580 in
1183 526 1318 582 solis
1354 528 1578 597 ﬁmbriis
1593 527 1929 583 crederetur

303 614 578 687 gloriosa,
612 615 721 669 hoc
753 615 983 687 repetit.
1011 616 1109 669 Vel
1141 619 1330 686 potest
1347 618 1451 672 hoc
1475 618 1762 672 diversum
1784 634 1925 685 esse,

304 703 558 760 sic:Dixi
589 703 747 777 quod
785 704 959 773 gloria
1005 706 1134 775 ﬁliae
1204 708 1340 776 regis
1385 706 1495 762 erit
1539 707 1606 762 ab
1650 709 1809 774 intus,
1872 709 1929 761 et

305 792 483 847 etiam
515 791 639 862 ipsa
691 791 810 847 ﬁlia
841 792 952 847 erit
986 795 1408 861 circumamicta,
1469 794 1529 849 id
1574 798 1658 848 est
1698 796 1926 848 circum-

302 879 452 947 data,
484 880 854 947 varietatibus,
906 880 965 935 id
1020 884 1105 935 est
1179 881 1349 936 variis
1404 882 1674 954 gentibus
1720 898 1732 935 :
1778 880 1925 953 quia}

303 968 427 1040 ejus
439 969 703 1041 exemplo
720 969 980 1037 credent,
997 972 1053 1024 et
1069 986 1199 1025 eam
1214 956 1584 1026 adornabunt
1597 970 1668 1024 ad
1684 971 1927 1025 modum

302 1057 572 1121 vestium,
604 1074 732 1130 quae
755 1058 1167 1113 circumdando
1194 1074 1420 1130 corpus,
1446 1059 1736 1114 adornant
1762 1058 1922 1113 illud.

305 1146 603 1213 Quaereret
618 1147 821 1219 aliquis
846 1164 859 1202 :
887 1147 1190 1212 Quomodo
1213 1148 1325 1202 erit
1347 1150 1747 1204 cireumamicta
1761 1150 1927 1203 varie-

304 1237 776 1308 tatibusgentium
799 1236 827 1291 ‘?
847 1237 936 1291 Ah
967 1237 1075 1292 hoc
1107 1237 1421 1309 respondet
1451 1237 1529 1292 sic
1560 1239 1677 1292 :Ita
1703 1239 1928 1292 circum-

304 1327 505 1380 amicta
536 1324 1051 1381 erit:Adducentur
1079 1325 1295 1380 scilicet
1326 1343 1430 1397 per
1460 1326 1786 1381 doctrinam
1819 1327 1923 1381 Pa-

306 1416 482 1481 trum,
517 1413 570 1468 id
605 1417 691 1468 est
720 1415 1139 1486 apostolorum,
1174 1417 1306 1485 regi,
1338 1415 1397 1469 id
1423 1418 1507 1470 est
1538 1415 1761 1471 Christo
1787 1414 1925 1469 Filio

303 1519 461 1570 meo,
484 1509 608 1574 post
634 1520 748 1557 eam
779 1502 1068 1575 reginam,
1122 1503 1246 1558 alia:
1278 1505 1507 1573 virgines
1537 1504 1606 1558 de
1638 1504 1923 1575 gentibus,

304 1590 363 1647 id
394 1595 500 1658 est,
533 1590 730 1646 fideles
745 1591 957 1646 animae
987 1608 1115 1664 quae
1146 1595 1316 1647 erunt
1340 1592 1688 1663 incorruptae
1710 1592 1766 1646 in
1790 1593 1923 1659 ﬁde,

305 1680 380 1736 ad
434 1680 676 1735 modum
738 1679 1027 1752 virginum
1084 1698 1209 1753 quae
1258 1681 1603 1753 incorruptae
1675 1684 1808 1735 sunt
1868 1680 1926 1735 in

2036 527 2333 600 PrOpterea
2361 544 2496 583 vero
2527 526 2662 600 quia
2690 525 2794 583 ﬁlii
2824 527 2995 583 erunt
3014 542 3303 583 memores
3329 527 3644 601 praedican-

2032 616 2130 683 do,
2152 617 2344 689 populi
2372 617 2705 672 Iudaeorum
2737 621 2795 673 et
2808 617 3071 689 gentium
3102 617 3496 686 conﬁtebuntur
3521 616 3638 678 tibi,

2029 706 2087 760 id
2118 710 2222 773 est,
2254 707 2575 762 laudabunt
2598 710 2652 762 te
2685 707 2996 775 credendo,
3029 709 3085 760 in
3122 714 3397 776 aeternum,
3450 707 3508 763 id
3533 709 3638 775 est,

2029 795 2283 867 quandiu
2308 796 2560 851 mundus
2589 796 2694 850 iste
2729 796 2981 863 durabit,
3010 812 3176 868 usque
3194 798 3256 851 in
3284 797 3531 851 saeculum
3543 814 3639 852 sae-

2026 884 2138 938 culi
2162 884 2332 955 hujus
2362 884 2809 939 subsecutivum.
2843 887 3039 939 Potest
3064 885 3239 940 etiam
3269 886 3644 956 psalmusiste

2026 973 2141 1044 legi
2172 973 2229 1027 in
2246 989 2495 1044 persona
2522 975 2712 1046 Proph
2725 978 2851 1041 etas,
2878 978 2940 1029 ut
2966 973 3194 1047 planior
3210 975 3542 1043 sitlectio,si
3561 992 3647 1032 so-

2026 1062 2329 1116 lummodo
2344 1063 2591 1117 duorum
2607 1079 2873 1117 versuum
2891 1063 3216 1134 primorum
3230 1064 3509 1136 expositio
3522 1080 3647 1120 mu-

2025 1152 2198 1203 tetur.
2243 1149 2301 1204 Si
2355 1153 2549 1205 autem
2588 1150 2646 1204 in
2687 1151 2987 1224 prophetae
3020 1168 3268 1224 persona
3309 1152 3641 1225 accipiatur,

2027 1253 2145 1291 non
2160 1236 2279 1308 agit
2292 1238 2363 1291 de
2380 1238 2650 1293 ineffabili
2665 1239 2933 1309 genitura
2942 1240 3099 1295 verbi
3110 1281 3123 1307 ,
3143 1241 3640 1312 quemadmodum

2027 1324 2086 1379 in
2111 1342 2362 1399 persona
2393 1327 2576 1382 Patris
2600 1328 2793 1399 agitur
2811 1345 2825 1394 ;
2843 1328 2938 1383 sed
2966 1328 3025 1382 in
3044 1328 3245 1399 primis
3266 1330 3487 1385 duobus
3516 1347 3644 1385 ver-

2026 1413 2181 1469 sibus
2210 1415 2370 1487 quasi
2402 1416 2752 1489 prommium
2782 1416 2936 1484 facit,
2972 1421 3033 1471 ut
3061 1418 3349 1473 auditores
3370 1418 3643 1473 attentio-

2027 1518 2119 1556 res
2148 1503 2384 1559 reddat:
2405 1521 2736 1577 proponens
2768 1504 2918 1560 unde
2949 1504 3010 1560 in
3052 1506 3162 1561 hoc
3189 1509 3538 1578 opereagat;
3571 1508 3643 1564 de

2025 1608 2164 1664 rege
2198 1592 2430 1660 scilicet,
2460 1593 2517 1647 id
2530 1596 2615 1648 est
2634 1593 2856 1648 Christo
2870 1595 3329 1650 antonomastice
3352 1613 3506 1668 rege.
3543 1595 3645 1652 Cui

2026 1685 2227 1753 postea
2255 1698 2373 1736 non
2402 1681 2760 1736 adhortative
2782 1699 2969 1753 neque
2992 1683 3350 1757 imperative,
3383 1685 3482 1740 sed
3506 1701 3644 1740 con-

305 1784 582 1842 corpore:
606 1772 665 1824 et
689 1768 825 1843 ipsas
856 1771 1089 1839 virgines
1120 1785 1239 1824 non
1292 1772 1462 1823 erunt
1491 1769 1695 1824 aliena:
1728 1786 1761 1823 a
1790 1785 1926 1823 con-
1951 1764 2002 1823 B
2029 1771 2235 1826 cessive
2269 1775 2325 1826 et
2354 1770 2715 1842 deprecative
2749 1770 2885 1828 dicit
2916 1774 2976 1825 ut
3006 1772 3197 1843 gladio
3220 1773 3646 1845 praedicationis

302 1855 623 1923 formitate,
652 1855 755 1909 etsi
774 1856 1101 1910 sintalienaa
1133 1856 1194 1911 in
1215 1873 1450 1929 genere.
1498 1855 1610 1911 Sed
1640 1856 1775 1928 ipsae
1804 1873 1930 1928 pro-

302 1946 465 1998 xime
489 1943 611 2015 ejus
637 1944 1015 1999 existentesin
1031 1945 1465 2012 conformitate,
1494 1947 1788 2016 afferentur
1804 1946 1903 2000 tibi

301 2033 365 2088 id
394 2036 499 2102 est,
532 2033 836 2089 adcultum
864 2034 1102 2090 honoris
1121 2035 1226 2102 tui,
1259 2052 1292 2090 ο
1322 2035 1446 2099 Fili,
1470 2051 1575 2106 per
1602 2034 1929 2091 doctrinam

302 2124 563 2178 Patrum.
588 2125 739 2179 Bene
752 2140 886 2179 vero
905 2124 1044 2180 dicit
1057 2127 1374 2195 afferentur,
1390 2128 1452 2179 ut
1475 2142 1571 2180 eas
1588 2124 1929 2179 humiliores

300 2211 497 2280 faciat,
526 2212 824 2268 innuendo
847 2230 944 2268 eas
959 2230 1077 2268 ron
1107 2230 1271 2286 posse
1285 2214 1558 2269 accedere
1583 2231 1687 2286 per
1701 2230 1928 2281 se,cum

305 2301 524 2357 debiles
537 2301 721 2357 sintin
752 2302 1044 2358 intellectu
1063 2321 1077 2371 ;
1112 2304 1211 2358 sed
1226 2321 1329 2375 per
1347 2305 1582 2358 Patrum
1602 2303 1927 2359 doctrinam

304 2391 619 2460 aﬂerentur,
649 2406 812 2445 more
844 2391 1081 2459 inﬁrmi,
1113 2392 1297 2464 quiab
1328 2392 1440 2447 alio
1457 2393 1659 2459 fertur,
1679 2408 1810 2446 cum
1823 2408 1929 2463 per

304 2495 364 2533 se
406 2496 526 2534 non
552 2479 729 2551 possit
784 2480 887 2535 ire.
923 2481 991 2534 Et
1047 2481 1135 2535 ha}
1186 2483 1415 2552 virgines
1468 2498 1585 2536 non
1636 2484 1928 2553 afferentur

304 2566 499 2622 invita:
547 2568 620 2622 ad
667 2571 723 2623 te
753 2570 889 2637 ;sed
935 2571 1230 2641 afferentur
1263 2573 1318 2624 in
1339 2571 1523 2624 laetitia
1555 2588 1568 2638 ;
1603 2572 1662 2625 et
1709 2586 1826 2625 non
1866 2570 1926 2623 in

304 2671 484 2727 parva
509 2656 726 2724 laetitia,
760 2656 859 2711 sed
906 2661 982 2726 et,
1006 2658 1065 2712 id
1095 2661 1181 2713 est
1210 2658 1442 2723 scilicet,
1473 2659 1531 2712 in
1555 2660 1923 2726 exsultatione,

304 2745 366 2800 id
392 2748 479 2800 est
506 2744 565 2799 in
603 2745 857 2800 maxima
889 2746 1099 2800 laetitia.
1126 2748 1193 2800 Et
1225 2748 1547 2802 notandum
1581 2750 1666 2801 est
1683 2748 1838 2819 quod
1868 2747 1926 2801 in

304 2834 413 2889 hac
433 2832 549 2888 vita
572 2832 652 2888 sic
677 2836 991 2905 afferentur.
1022 2835 1095 2899 In,
1131 2834 1326 2890 futuro
1358 2840 1551 2890 autem
1599 2836 1929 2889 adducentur

307 2925 421 2977 ate
445 2923 501 2975 in
534 2923 785 2995 templum
807 2923 888 2977 tui
918 2925 1075 2993 regis,
1101 2923 1159 2978 in
1190 2924 1544 2979 Hierusalem
1573 2925 1786 2979 scilicet
1815 2939 1930 2978 coe-

304 3010 533 3077 lestem,
567 3028 694 3083 quas
726 3016 812 3066 est
841 3013 1125 3084 templum
1154 3016 1212 3067 et
1236 3013 1516 3069 habitatio
1548 3016 1666 3068 tua.
1711 3013 1926 3067 Notan-
1954 3053 2000 3113 Ο

310 3101 450 3157 dum
472 3104 666 3156 autem
691 3100 1131 3173 eequipollenter
1158 3119 1279 3157 esse
1319 3102 1497 3165 idem,
1529 3104 1925 3157 circumamicta

308 3191 672 3258 varietatibus,
720 3193 778 3245 et
821 3190 1153 3244 adducentur
1200 3193 1314 3261 regi
1340 3193 1571 3261 virgines
1590 3200 1713 3263 post
1759 3208 1924 3246 eam:

308 3278 410 3332 sed
448 3278 578 3333 ideo
602 3278 830 3351 repetit,
874 3282 955 3345 ut,
989 3278 1265 3350 quoniam
1295 3280 1479 3352 magis
1516 3297 1611 3335 eas
1626 3282 1696 3335 ad
1715 3281 1823 3336 hoc
1840 3283 1924 3335 at-

307 3366 505 3434 trahit,
522 3367 789 3422 ostendat
805 3367 959 3439 quod
976 3367 1047 3422 ob
1060 3368 1169 3422 hoc
1188 3368 1549 3424 adducentur
1562 3369 1622 3423 in
1640 3371 1925 3440 templum

310 3456 463 3528 regis
478 3456 537 3510 in
562 3456 843 3512 futurum.

382 3544 606 3601 Diceret
631 3544 836 3618 aliquis
868 3561 882 3600 :
911 3544 1058 3600 Dicis
1091 3545 1247 3617 quod
1276 3548 1571 3618 afferentur
1608 3548 1725 3616 regi
1763 3548 1928 3617 virgi-

312 3650 401 3689 nes
430 3649 534 3705 per
553 3633 875 3688 doctrinam
900 3635 1159 3689 Patrum.
1195 3634 1358 3699 Quod
1377 3651 1576 3689 verum
1607 3651 1726 3690 esse
1748 3636 1928 3689 conﬁ-

312 3726 460 3788 teor,
493 3721 594 3776 sed
647 3722 891 3776 mortuis
944 3723 1229 3790 Patribus,
1277 3723 1373 3794 qui
1414 3739 1545 3777 vere
1585 3722 1927 3790 morientur,

313 3826 446 3865 cum
467 3810 736 3866 homines
762 3810 897 3878 sint,
932 3828 1049 3866 non
1074 3811 1406 3866 adducentur
1438 3811 1641 3883 aliquae
1664 3810 1932 3881 virgines?

314 3915 434 3954 non
459 3899 617 3954 enim
649 3899 757 3953 erit
785 3899 881 3971 qui
913 3899 1178 3954 adducat.
1215 3899 1302 3953 Ad
1336 3910 1442 3957 hoc
1487 3903 1683 3954 autem
1732 3900 1809 3953 sic
1839 3916 1929 3953 re-

314 3986 561 4060 spondet
586 3986 973 4041 :Adducentur
997 3987 1193 4059 utique
1224 4003 1328 4060 per
1356 3988 1522 4055 ﬁlios,
1584 3988 1644 4041 id
1685 3989 1789 4055 est,
1828 4004 1934 4061 per

316 4075 615 4148 episcopos
645 4078 703 4128 et
730 4076 1076 4142 sacerdotes,
1127 4079 1481 4147 cmtcrosque
1524 4076 1784 4130 Ecclesia:
1830 4092 1930 4146 pa-

315 4167 518 4228 stores,
548 4164 941 4234 apostolorum
962 4180 1335 4219 successores.
1362 4166 1475 4220 Pro
1490 4164 1741 4236 patribus
1772 4163 1932 4219 enim

317 4251 377 4308 id
398 4255 483 4307 est
526 4252 738 4306 inloco
758 4252 1015 4318 Patrum,
1072 4254 1467 4323 apostolorum
1527 4253 1761 4320 scilicet,
1818 4254 1937 4306 nati

2030 1863 2382 1932 accingatur.
2436 1861 2561 1915 Non
2595 1860 2752 1915 enim
2812 1865 3076 1916 creatura
3122 1863 3419 1919 adhortari
3469 1864 3642 1920 debet

2030 1951 2385 2018 Creatorem,
2417 1950 2651 2023 ignarus
2671 1949 2971 2020 scientem,
2987 1967 3173 2024 neque
3187 1952 3436 2008 Domino
3451 1968 3645 2009 servus

2029 2037 2339 2110 imperare.

2102 2127 2321 2181 Laudat
2339 2143 2473 2182 vero
2506 2129 2635 2199 post
2657 2125 2846 2198 ipsum
2891 2143 3116 2199 regem,
3157 2128 3419 2183 Ecclesia
3467 2144 3642 2200 spon-

2028 2232 2177 2282 sum,
2212 2215 2285 2269 ad
2314 2215 2753 2270 instructionem
2782 2216 3042 2270 nostram
3061 2221 3119 2271 et
3147 2216 3642 2286 conformitatem,

2030 2308 2092 2358 ut
2121 2304 2296 2359 etiam
2328 2320 2432 2359 nos
2461 2304 2535 2358 ad
2562 2303 2738 2374 ipsius
2767 2304 3000 2359 laudem
3029 2305 3254 2374 invitet,
3284 2306 3645 2380 dignumque

2028 2393 2196 2447 laude
2224 2409 2357 2447 eum
2389 2392 2675 2447 ostendat.
2707 2392 2925 2446 Laudat
2958 2409 3187 2465 quoque
3219 2411 3492 2465 sponsam
3523 2395 3645 2467 ejus

2026 2481 2335 2537 Ecclesiam
2364 2480 2737 2552 primitivam,
2756 2480 2825 2535 de
2839 2481 3047 2537 ancilla
3070 2483 3337 2554 reginam
3354 2482 3641 2553 effectam,

2025 2574 2088 2626 ut
2116 2571 2284 2625 laude
2349 2587 2450 2624 sua
2495 2572 2859 2623 commoveat
2937 2586 3067 2623 eam
3122 2572 3196 2626 ad
3240 2572 3630 2628 obediendum

2027 2660 2269 2733 Sponso,
2296 2675 2398 2729 per
2427 2675 2601 2729 quem
2623 2675 2833 2730 sponsa
2854 2658 3109 2728 speciosa
3122 2662 3225 2714 est.
3261 2661 3443 2724 Quem
3458 2662 3635 2717 etiam

2027 2748 2368 2803 adhortatur
2383 2746 2454 2800 ad
2475 2746 2829 2801 audiendum
2868 2762 3068 2801 vocem
3100 2747 3308 2817 Sponsi
3338 2751 3396 2803 et
3425 2750 3476 2804 ei
3503 2750 3640 2805 obe-

2027 2837 2335 2902 diendum;
2369 2834 2551 2890 ﬁliam
2593 2851 2724 2889 eam
2756 2851 2822 2888 ex
2836 2834 3139 2889 affectione
3155 2835 3337 2891 nimia
3358 2837 3643 2908 dicendo;

2025 2926 2114 2979 vel
2141 2925 2224 2979 sui
2255 2924 2556 2995 Prophetas
2590 2923 2905 2977 secundum
2953 2923 3297 2992 doctrinam,
3348 2926 3434 2979 vel
3472 2924 3645 2997 ipsius

2028 3012 2232 3069 Christi
2247 3012 2563 3067 secundum
2585 3010 3110 3082 regenerationem.
3132 3011 3646 3084 Enuntiatquoque

2027 3100 2357 3175 prephetice
2374 3100 2637 3172 gentium
2656 3100 2727 3154 ad
2743 3099 2919 3154 ﬁdem
2937 3100 3370 3169 adductionem,
3394 3118 3497 3173 per
3510 3118 3647 3174 apo-

2026 3192 2305 3246 stolorum
2321 3194 2377 3244 et
2398 3205 2602 3244 eorum
2633 3187 2881 3242 ﬁliorum
2899 3188 3390 3259 praedicationem.
3413 3190 3647 3244 Eructa-

2025 3282 2101 3335 vit
2125 3297 2215 3334 cor
2262 3295 2435 3332 meum
2466 3277 2685 3332 verbum
2718 3276 2940 3345 bonum;
2978 3277 3133 3348 quod
3165 3281 3249 3332 est
3278 3278 3466 3333 dicere
3492 3296 3509 3332 :
3533 3279 3646 3335 Cor

2026 3385 2223 3424 meum
2245 3366 2520 3438 disposuit
2548 3364 2838 3437 loquendo
2868 3365 3126 3437 proferre
3139 3365 3377 3421 verbum
3402 3367 3642 3423 bonum.

2027 3458 2136 3511 Per
2166 3457 2275 3510 hoc
2308 3472 2442 3509 vero
2462 3454 2617 3527 quod
2641 3453 2779 3508 dicit
2813 3454 3026 3520 bonum,
3060 3453 3266 3508 invitat
3295 3471 3400 3510 nos
3434 3456 3505 3511 ad
3556 3457 3642 3529 ip-

2030 3561 2157 3600 sum
2193 3545 2434 3598 verbum
2468 3540 2780 3613 diligenter
2804 3542 3247 3609 attendendum,
3280 3543 3645 3614 quiabonum

2031 3635 2134 3687 est.
2152 3632 2415 3686 Ostendit
2430 3634 2625 3685 autem
2641 3630 2938 3701 quomodo
2956 3630 3175 3684 bonum
3190 3630 3418 3697 sit,cum
3450 3634 3643 3689 addit:

2028 3721 2173 3774 Vere
2204 3721 2429 3774 bonum
2461 3718 2590 3772 erit.
2628 3717 2770 3771 Nam
2802 3734 2960 3787 opera
2990 3734 3130 3784 mea,
3164 3717 3377 3773 scilicet
3407 3722 3645 3776 verbum

2031 3825 2254 3875 meum,
2284 3808 2400 3860 dico
2430 3823 2559 3877 ego,
2593 3805 2651 3859 id
2681 3807 2788 3871 est,
2817 3805 3067 3859 devoveo
3108 3809 3165 3859 et
3214 3822 3486 3863 consecro
3513 3811 3644 3878 regi,

2031 3898 2090 3953 id
2121 3901 2225 3965 est,
2261 3895 2481 3951 Christo
2513 3893 2974 3949 antonomastice
2998 3893 3330 3965 regi.Quasi
3354 3896 3535 3951 Jicat:
3566 3900 3646 3953 De

2030 4002 2169 4057 rege
2198 3985 2290 4039 hic
2313 4000 2506 4055 agam,
2541 3982 2630 4036 cui
2668 3982 2777 4036 hoc
2808 3998 2951 4054 opus
2976 3998 3177 4037 meum
3207 3982 3342 4037 dico.
3374 3984 3441 4039 Et
3473 3985 3647 4041 decli-

2032 4078 2205 4129 natur
2225 4073 2361 4138 dico,
2396 4088 2515 4127 non
2540 4071 2656 4125 dico
2684 4070 2837 4137 dicis,
2864 4071 2966 4125 sed
2992 4071 3107 4125 dico
3146 4071 3309 4139 dicas,
3355 4074 3509 4143 quod
3564 4078 3649 4129 est

2032 4163 2280 4217 devoveo
2307 4164 2364 4215 et
2401 4176 2693 4214 consecro.
2710 4160 2825 4214 Hoc
2846 4162 3040 4214 autem
3060 4159 3217 4231 quod
3244 4160 3649 4217 verbumistud

2033 4250 2305 4304 eructabo
2340 4265 2454 4303 non
2488 4265 2522 4302 a
2544 4264 2638 4302 me
2661 4247 2790 4313 erit,
2820 4247 3115 4317 sedlingua
3143 4266 3256 4302 mea
3289 4249 3398 4303 erit
3414 4251 3649 4305 calamus

314 4345 460 4408 suut,
501 4339 559 4394 id
585 4343 688 4407 est,
718 4340 1097 4395 nascenturin
1126 4341 1238 4396 ﬁde
1269 4343 1326 4395 et
1342 4340 1529 4396 ofﬁcio
1559 4340 1931 4413 praedicandi,
1954 4342 2006 4400 D
2032 4339 2236 4405 scribae,
2268 4337 2325 4391 id
2361 4340 2464 4404 est,
2494 4336 2675 4390 sancti
2717 4335 2961 4407 Spiritus
2987 4335 3231 4391 velociter
3257 4337 3529 4391 scribentis
3544 4354 3649 4410 per

316 4428 439 4498 ﬁlii,
472 4428 532 4482 id
568 4432 653 4483 est
674 4428 924 4501 episcopi
948 4433 1005 4484 et
1039 4429 1234 4485 centeri
1264 4433 1557 4501 pastores:
1584 4433 1641 4483 et
1670 4431 1777 4484 hoc
1806 4430 1932 4499 tibi,

318 4516 380 4572 id
406 4519 510 4584 est,
545 4516 620 4571 ad
649 4532 790 4588 opus
816 4520 1014 4585 tuum;
1050 4522 1108 4572 et
1138 4534 1220 4571 eas
1250 4516 1395 4571 ﬁlios
1420 4520 1699 4571 constitues
1727 4519 1934 4589 princi-

307 4623 406 4678 pes
437 4623 594 4676 super
638 4622 847 4660 omnem
873 4605 1161 4672 terram,id
1198 4609 1301 4672 est,
1337 4622 1570 4660 omnem
1606 4606 1935 4672 Ecclesiam,

320 4712 449 4768 quae
481 4694 698 4749 stabilis
737 4697 823 4748 est
847 4697 905 4748 et
931 4694 1112 4748 solida
1147 4696 1208 4747 ut
1226 4696 1412 4748 terra:
1451 4678 1821 4766 I48etquee
1836 4692 1939 4748 tibi

320 4783 622 4855 generabit
648 4781 883 4849 fructus,
923 4798 1101 4852 opera
1149 4782 1304 4837 bona
1340 4782 1553 4836 scilicet
1600 4783 1673 4837 ad
1700 4783 1940 4838 modum

318 4873 513 4939 terrae,
542 4887 669 4942 quae
690 4870 908 4925 fructus
938 4870 1209 4925 messium
1233 4870 1470 4941 profert.
1486 4873 1568 4926 Ita
1593 4871 1939 4927 scilicetcon-

318 4961 502 5012 stitues
530 4961 819 5031 principes,
863 4962 925 5013 ut
962 4976 1322 5031 quaecunque
1369 4959 1675 5031 ligaverint
1716 4960 1800 5014 vel
1828 4960 1940 5014 sol-

320 5046 508 5100 verint
524 5062 696 5117 super
725 5050 963 5113 terram,
989 5046 1102 5100 sint
1131 5047 1305 5118 ligata
1322 5048 1409 5100 vel
1434 5049 1620 5102 soluta
1644 5048 1700 5101 et
1716 5046 1775 5100 in
1789 5045 1942 5102 caelis

324 5133 549 5205 (Matth.
576 5150 690 5202 xvr,
724 5136 830 5203 19).
864 5135 974 5207 Ipsi
1005 5152 1139 5191 vero
1171 5135 1458 5208 principes
1482 5134 1796 5202 constituti,
1824 5152 1941 5190 non

324 5226 497 5276 erunt
528 5223 690 5277 atiosi
712 5240 726 5291 ;
748 5224 848 5278 sed
872 5241 1075 5278 memor
1103 5242 1191 5278 ero
1220 5226 1561 5291 noministui,
1594 5225 1652 5279 id
1674 5226 1759 5278 est
1790 5223 1940 5295 ipsos

325 5327 619 5365 memores
652 5328 771 5366 esse
796 5311 1004 5367 faciam
1029 5312 1283 5367 nominis
1313 5313 1419 5380 tui,
1443 5316 1507 5367 ut
1522 5312 1837 5385 praedicent
1871 5312 1936 5366 il-

328 5400 425 5453 lud
456 5402 512 5452 in
559 5402 709 5453 omni
744 5404 1086 5470 generatione
1122 5402 1476 5470 Iudaeorum,
1517 5409 1567 5455 et
1599 5403 1939 5471 generatione

329 5488 613 5558 gentium,
665 5503 769 5559 per
808 5491 1225 5545 successionem
1271 5490 1733 5561 generationum.
1776 5489 1938 5544 Nulla

329 5575 489 5633 enim
504 5593 681 5651 usque
695 5577 766 5632 ad
779 5577 1165 5635 ﬁnemmundi
1180 5578 1476 5650 generatio
1490 5577 1937 5634 eritJudeeorum

2033 4427 2221 4499 ipsum
2236 4426 2543 4479 calamum.
2570 4425 2684 4479 Hoc
2698 4426 2888 4477 autem
2911 4439 3015 4494 per
3033 4424 3465 4480 similitudinem
3488 4425 3644 4482 dicit.

2037 4515 2194 4570 Sicut
2220 4514 2379 4567 enim
2410 4514 2664 4567 calamus
2695 4528 2812 4566 non
2826 4527 2930 4582 per
2942 4528 3022 4577 se,
3046 4512 3147 4565 sed
3167 4513 3352 4568 scriba
3379 4517 3647 4569 movente

2037 4604 2257 4657 litteras
2287 4601 2535 4667 format;
2564 4600 2641 4654 sic
2673 4603 2730 4653 et
2760 4599 2944 4669 lingua
2975 4616 3108 4654 mea
3138 4619 3254 4656 non
3286 4617 3388 4672 per
3420 4620 3499 4670 se,
3547 4603 3648 4658 sed

2040 4690 2257 4763 Spiritu
2286 4691 2482 4743 sancto
2524 4691 2815 4754 movente,
2851 4688 3028 4742 verba
3065 4688 3359 4743 formabit.
3402 4691 3469 4743 Et
3496 4691 3647 4746 bene

2040 4780 2203 4853 ponit
2216 4779 2457 4833 velociler
2478 4776 2770 4831 scribentis.
2810 4775 3068 4830 Velociter
3097 4794 3350 4848 namque
3363 4777 3484 4831 sine
3498 4795 3645 4850 pree-

2040 4867 2419 4923 meditatione
2450 4882 2555 4938 per
2583 4883 2715 4920 eum
2748 4864 2990 4937 Spiritus
3019 4870 3248 4919 sanctus
3273 4865 3545 4936 loquitur,
3586 4870 3650 4922 ut

2040 4958 2099 5013 in
2116 4959 2224 5012 hoc
2246 4955 2585 5011 ostendatur
2602 4955 2776 5008 verba
2807 4954 2929 5024 ipsa
2951 4970 3067 5009 non
3085 4971 3119 5008 a
3133 4954 3314 5026 seipso
3336 4954 3648 5024 Propheta,

2041 5047 2140 5102 sed
2171 5062 2205 5101 a
2243 5045 2457 5117 Spiritu
2501 5047 2696 5098 sancto
2756 5058 2876 5096 esse
2904 5060 2915 5096 :
2943 5045 3001 5095 et
3048 5057 3176 5096 ecce
3223 5041 3438 5094 verbum
3492 5044 3650 5114 quod

2042 5138 2300 5191 eructare
2338 5150 2438 5188 cor
2480 5147 2678 5186 meum
2715 5128 3009 5201 disposuit.
3051 5129 3094 5183 Ο
3133 5131 3493 5199 potentissime
3527 5148 3648 5198 rex,

2041 5222 2280 5285 Christe,
2310 5223 2578 5287 accingere
2604 5217 2782 5288 gladio
2803 5223 2891 5270 tuo
2917 5231 3074 5286 super
3102 5217 3281 5285 femur
3312 5223 3480 5270 tuum.
3514 5218 3647 5289 Spe-

2038 5312 2205 5364 ciosus
2237 5309 2391 5363 enim
2426 5306 2539 5361 eris
2567 5307 2738 5367 forma
2761 5322 2879 5375 prae
2906 5305 3031 5373 ﬁliis
3056 5290 3483 5369 bominum,etc.
3510 5306 3648 5371 Quae

2037 5398 2249 5453 amodo
2280 5413 2395 5451 non
2423 5397 2741 5463 mutantur,
2762 5393 2861 5449 sed
2888 5396 2946 5448 ut
2976 5395 3233 5467 superius
3248 5395 3324 5451 ita
3348 5411 3649 5469 nuncqua-

2037 5505 2145 5561 que
2164 5488 2453 5559 leguntur.
