4008 6030
376 280 481 355 835

879 415 950 476 IN
981 418 1305 477 PSALMUM
1332 418 1481 477 XLV.

440 508 657 568 Titulus
682 508 1113 583 quadragesimi
1142 510 1348 583 quinti.
1390 509 1460 563 In
1487 510 1647 579 finem
1676 508 1801 578 ﬁliis
1828 503 1983 575 Core,

365 616 466 674 pro
490 601 698 654 arcanis
725 599 976 653 Psalmus
1007 599 1202 652 David.
1247 598 1498 654 Psalmus
1541 597 1644 651 iste
1675 599 1760 651 est
1787 595 1984 663 David,

371 688 433 745 id
480 691 566 745 est
596 688 855 743 Ecclesia:
896 686 1222 758 primitivae,
1275 703 1403 757 quae
1448 703 1627 739 manu
1670 684 1834 739 fortis
1882 687 1985 750 est,

371 776 612 831 viriliter
652 792 832 847 agens
864 776 919 829 in
957 774 1440 840 tribulationibus,
1488 773 1819 844 propositus
1860 772 1990 841 ﬁliis

374 863 527 932 Core,
556 865 615 919 id
640 868 728 920 est
756 863 886 918 filiis
918 862 1180 918 Cruciﬁxi
1208 862 1321 916 fide
1356 866 1413 915 et
1432 861 1879 937 conformitate.
1900 859 1988 914 Fi-

371 953 460 1008 liis
486 953 612 1007 dico
639 951 1009 1007 tendentibus
1036 954 1092 1004 in
1119 953 1302 1019 finem,
1327 950 1385 1003 id
1416 954 1521 1016 est,
1543 948 1992 1003 consummatio-

373 1058 510 1097 nem
536 1040 653 1096 veri
687 1039 827 1094 boni
850 1044 908 1093 et
932 1039 1167 1093 summi.
1200 1038 1438 1093 Habitus
1466 1038 1571 1091 iste
1604 1039 1858 1108 psalmus
1887 1052 1991 1107 pro

371 1132 599 1197 arcanis,
618 1128 677 1183 id
706 1132 791 1182 est
820 1128 1081 1182 contuitu
1109 1130 1165 1181 et
1183 1126 1479 1181 occasione
1511 1142 1853 1180 arcanorum
1887 1124 1990 1178 sci-

369 1219 504 1274 licet
531 1219 889 1272 secretorum
936 1215 1312 1271 consiliorum
1362 1215 1485 1281 Dei,
1524 1214 1680 1286 quod
1732 1213 1994 1267 videlicet

372 1328 401 1357 »
436 1307 658 1361 cmcitas
688 1304 933 1375 contigit
964 1304 1024 1358 in
1074 1288 1835 1374 lsrael,utplenitudo
1849 1318 1991 1373 gen-

373 1394 793 1450 tiumintraret.
812 1415 839 1442 ››
873 1392 1052 1464 (Rom.
1069 1409 1143 1460 x1,
1168 1394 1255 1461 25)
1280 1410 1294 1459 ;
1315 1394 1371 1445 et
1388 1392 1542 1463 quod
1565 1391 1622 1445 iu
1645 1391 1838 1445 futuro
1860 1390 1989 1444 reli-

984 280 1043 353 ε.
1086 288 1430 353 BRUNONIS
1465 280 2101 352 GARTHUSIANORUM
2139 275 2613 350 lNSTITUTORlS
2652 282 2808 350 OPP.
2852 278 3029 347 PARS
3066 282 3090 345 Ῑ

3588 270 3698 347 836

2010 431 2067 491 Α
2099 413 2208 474 erit
2231 416 2386 490 quod
2399 421 2618 485 montes,
2647 414 2706 472 id
2735 416 2821 471 est
2849 411 3093 489 apostoli
3118 407 3706 472 sublimesaltitudine

2091 506 2409 563 sanctitatis
2437 510 2493 562 et
2506 505 2813 562 inocentia:
2852 504 3247 575 transferentur
3261 520 3295 559 a
3310 502 3520 560 Judmis
3535 504 3590 557 in
3608 517 3703 557 eor

2086 599 2268 663 maris,
2296 596 2353 650 id
2379 595 2532 650 estin
2546 593 3003 667 profunditatem
3035 593 3464 665 gentium,quaa
3482 591 3698 647 difﬂuas

2089 687 2255 738 erant
2284 683 2343 738 in
2382 683 2579 739 omnia
2606 683 2742 737 vitia
2794 681 2955 754 quasi
3005 698 3187 747 mare,
3221 684 3279 735 et
3317 680 3704 735 amaricantes

2088 775 2292 840 Deum,
2307 772 2474 828 idolis
2491 772 2810 827 serviendo.
2826 771 2936 825 Cor
2962 773 3157 826 autem
3183 786 3289 841 pro
3302 768 3700 842 profunditate

2090 862 2344 932 ponitur,
2372 861 2506 933 quia
2536 860 2596 914 in
2627 859 2996 915 interioribus
3039 861 3140 913 est.
3176 857 3345 922 Quasi
3377 857 3700 913 dicatzNon

2091 950 2148 1004 in
2170 952 2484 1023 quamdam
2501 947 2843 1023 particulam
2865 948 3234 1003 solummodo
3257 948 3700 1012 transferentur,

2090 1040 2190 1094 sed
2212 1056 2387 1111 usque
2406 1040 2464 1094 in
2490 1038 2912 1112 plenitudinem
2935 1037 3335 1109 gentium.Vel
3356 1036 3467 1091 sic:
3494 1036 3699 1090 Trans-

2091 1130 2333 1199 ferenlur
2361 1135 2580 1195 montes,
2630 1127 2689 1181 id
2745 1130 2832 1182 est
2875 1125 3165 1181 doctrinas
3201 1125 3493 1179 montium
3533 1126 3587 1177 in
3613 1139 3707 1177 cor

2090 1219 2272 1283 maris,
2306 1217 2363 1271 id
2394 1219 2479 1271 est
2506 1215 2790 1288 gentium,
2816 1218 2878 1269 ut
2898 1230 3015 1269 non
3046 1214 3230 1269 solum
3275 1213 3531 1286 corporis
3568 1227 3712 1267 aure

2094 1305 2191 1359 sed
2218 1305 2393 1360 etiam
2426 1322 2520 1359 eas
2538 1304 2858 1376 percipiant
2886 1303 3080 1358 corde.
3109 1304 3188 1358 Ne
3208 1308 3344 1358 ve‘ro
3364 1304 3713 1374 putarentur

2092 1399 2323 1449 montes
2354 1395 2483 1449 ideo
2502 1393 2886 1449 transferendi
2902 1410 3021 1448 esse
3036 1392 3090 1448 in
3107 1397 3328 1465 gentes,
3345 1389 3711 1447 utibitimide

373 1484 522 1556 quia!
550 1484 719 1537 Israel
740 1483 908 1536 sali/aa
932 1481 1094 1547 fient,
1128 1484 1186 1535 et
1211 1480 1365 1551 quod
1381 1496 1511 1534 suos
1534 1478 1795 1551 permisit
1813 1478 1994 1550 afﬂigi
2092 1484 2359 1549 laterent,
2388 1499 2504 1537 non
2533 1485 2594 1536 ut
2623 1481 2703 1536 eis
2731 1482 3132 1554 prtedicarent,
3169 1480 3348 1535 addit.
3383 1480 3519 1535 Dico
3550 1477 3713 1551 quod

371 1571 432 1627 in
449 1569 1287 1643 primitivaEcclesianudzeis.‘
1311 1568 1415 1632 Qui
1432 1567 1515 1622 sui
1528 1567 1996 1638 posteaconversi
2093 1572 2479 1641 transferentur
2520 1573 2574 1624 in
2599 1588 2690 1624 cor
2716 1573 2899 1639 maris,
2955 1574 3013 1625 et
3036 1570 3112 1625 ibi
3145 1586 3264 1624 non
3293 1568 3574 1634 latebunt,
3606 1568 3711 1621 sed

374 1664 507 1717 sunt
532 1661 606 1715 ad
635 1658 1075 1731 praedicandum
1108 1657 1395 1729 gentibus,
1426 1657 1521 1711 ubi
1554 1672 1782 1728 quoque
1825 1656 1993 1710 vehe-
2030 1728 2061 1731 _
2093 1665 2402 1725 sonuerunt,
2430 1658 2487 1713 id
2514 1662 2598 1712 est
2628 1660 2825 1730 aperte
2842 1656 3355 1730 cisZpraedicabunt,
3375 1656 3449 1711 ad
3465 1654 3711 1710 modum

372 1754 604 1806 menter
630 1753 762 1804 sunt
777 1746 1240 1802 tribulationibus
1270 1746 1472 1800 attriti.
1508 1746 1644 1810 Quae
1681 1744 1880 1800 omnia
1905 1761 1995 1798 ar-
2028 1728 2075 1786 Β
2096 1749 2220 1804 soni
2245 1765 2408 1819 aqua:
2427 1764 2514 1802 res
2535 1728 2864 1819 apertaest;
2892 1728 2953 1801 et
2979 1763 3183 1802 eorum
3206 1762 3369 1813 sono,
3387 1744 3448 1799 id
3460 1748 3707 1814 estprae-

372 1856 521 1895 cana
550 1841 703 1904 sunt,
734 1839 792 1891 et
821 1853 855 1890 a
882 1835 1077 1907 paucis
1124 1835 1213 1889 vel
1245 1851 1277 1889 a
1295 1834 1486 1888 nullis.
1514 1833 1768 1905 cognita,
1820 1850 1995 1905 quare
2098 1836 2404 1903 dicatione,
2439 1836 2665 1890 turbatae
2692 1841 2835 1903 sunt,
2861 1834 2921 1890 id
2944 1839 3029 1890 est
3048 1835 3465 1901 turbabuntur;
3493 1833 3572 1887 ita
3601 1832 3707 1887 ad-

371 1927 489 1982 sint
514 1944 549 1981 a
573 1928 691 1981 Deo
723 1924 799 1979 sic
832 1924 1181 1994 dispensata.
1228 1924 1295 1976 Et
1346 1923 1670 1977 notandum
1703 1922 1859 1994 quod
1905 1921 1998 1975 hic
2097 1927 2719 1995 versusmontes,aquw
2738 1941 2939 1991 eorum,
2968 1924 3027 1979 id
3048 1923 3344 1994 estpopuli
3368 1923 3491 1993 ejus
3506 1920 3707 1976 maris.

371 2011 1033 2070 introducunturfideles
1048 2009 1348 2081 primitivi,
1375 2026 1493 2064 non
1511 2010 1803 2080 praeterite
1817 2026 1996 2080 agen-
2097 2015 2303 2069 Earum
2323 2013 2486 2084 ponit
2510 2013 2830 2085 pluraliter,
2864 2014 3000 2085 quia
3031 2030 3190 2068 mare
3223 2012 3581 2067 collectivum
3608 2026 3715 2065 no-

372 2106 484 2168 tes,
517 2101 761 2156 dicendo
779 2116 839 2154 se
870 2102 1201 2154 constantes
1215 2097 1419 2165 fuisse;
1461 2097 1562 2152 sed
1587 2097 1997 2168 promittentes
2098 2119 2231 2158 men
2252 2106 2356 2169 est,
2382 2103 2437 2156 et
2453 2103 2634 2155 multa
2658 2101 2959 2174 significat.
2984 2102 3099 2157 Cur
3112 2106 3306 2157 autem
3328 2100 3525 2174 populi
3543 2115 3713 2171 aquae

372 2208 433 2246 se
462 2192 795 2245 constantes
824 2187 1046 2242 futuros
1070 2187 1129 2241 in
1157 2185 1645 2255 tribulationibus,
1677 2203 1806 2257 quae
1838 2203 1871 2239 a
1900 2186 1995 2239 Ju-
2097 2192 2381 2257 dicantur,
2416 2189 2475 2244 in
2506 2191 2795 2261 psalmum
2818 2190 3074 2262 primum
3103 2190 3319 2246 dictum
3348 2193 3451 2244 est.
3478 2188 3575 2242 Vel
3589 2190 3713 2242 tur-

376 2279 515 2336 daais
531 2278 855 2332 inferantur
867 2279 970 2330 eta
985 2274 1340 2347 gentibu3,in
1352 2274 1761 2345 prmdicatione
1774 2276 1999 2345 8p05t0-
2097 2281 2410 2346 babuntur,
2431 2278 2489 2333 id
2519 2282 2604 2333 est
2632 2279 2877 2333 turbidae
2898 2282 2955 2333 et
2975 2279 3172 2333 lutosae
3192 2295 3312 2333 esse
3334 2277 3719 2334 ostendentur

375 2369 593 2433 lorum,
627 2369 686 2420 et
742 2366 852 2419 hoc
883 2364 958 2418 ad
995 2361 1436 2418 instructionem
1467 2361 1714 2416 aliorum
1745 2361 1997 2416 filiorum
2097 2385 2248 2439 aqua:
2276 2384 2481 2432 eorum,
2513 2366 2571 2420 id
2602 2370 2688 2421 est,
2718 2366 2997 2421 doctrinae
3030 2383 3234 2421 eorum
3268 2384 3410 2438 quas
3428 2368 3610 2437 agunt
3639 2363 3712 2419 de.

378 2457 547 2512 Core.
582 2455 650 2509 Et
673 2453 882 2509 melius
910 2452 1101 2506 future
1119 2450 1563 2505 introducuntur
1592 2466 1768 2521 quam
1790 2452 1999 2520 printe-

2102 2456 2489 2528 superstitiosa
2514 2457 2736 2511 cultura
2777 2457 3087 2513 idolorum.
3119 2458 3254 2521 Qum
3286 2457 3417 2511 ideo
3446 2455 3717 2510 dicuntur

376 2545 514 2611 rite,
535 2546 617 2611 ut,
637 2558 768 2597 cum
786 2558 843 2595 se
856 2539 1196 2611 prophetico
1213 2537 1564 2610 Spiritujam
1582 2538 1997 2608 ρτεεεοὶοδεοη-
2099 2562 2282 2615 aquae,
2318 2543 2452 2615 quia
2484 2560 2547 2597 ex
2569 2544 2650 2598 eis
2665 2546 2868 2599 stultos
2900 2545 3007 2599 sibi
3034 2546 3462 2617 acquiescentes
3484 2546 3712 2615 potant.

378 2635 595 2689 stantes
627 2633 685 2685 et
716 2628 1036 2701 intrepidos
1061 2627 1392 2694 ostendunt,
1445 2642 1794 2681 successores
1853 2625 2001 2679 filios
2102 2633 2265 2696 Quod
2287 2635 2371 2687 est
2388 2631 2576 2686 dicere
2601 2631 2811 2704 :Aquae
2839 2649 3041 2700 eorum,
3065 2632 3125 2687 id
3154 2636 3239 2687 est
3258 2631 3556 2699 doctrinae,
3585 2645 3715 2703 qua:

380 2724 524 2778 Core
577 2720 652 2775 ad
680 2717 1067 2774 constantiam
1097 2717 1362 2786 exemplo
1386 2714 1471 2771 sui
1500 2713 1764 2769 invitent.
1795 2714 1999 2770 Osten-
2098 2722 2443 2776 videbantur
2482 2721 2651 2775 bona
2699 2724 2757 2776 et,
2812 2720 3015 2776 lucida;
3058 2723 3115 2776 et
3160 2721 3345 2788 utiles,
3366 2721 3440 2776 ad
3472 2721 3714 2776 modum

379 2811 524 2866 dunt
536 2809 717 2864 etiam
735 2806 1141 2878 praedicatores
1156 2803 1214 2857 in
1231 2802 1999 2857 tribulationibusaDomino
2100 2828 2265 2883 aqum
2290 2811 2478 2875 clarag,
2512 2826 2640 2879 qua}
2671 2808 2746 2864 ad
2775 2808 3009 2863 bibendi
3031 2826 3163 2864 usus
3190 2809 3343 2863 utilis
3364 2812 3481 2877 est;
3516 2813 3711 2883 ostiari:

379 2915 500 2955 esse
528 2895 906 2953 lmtiﬁcandos
937 2891 1440 2948 etconfirmandos
1464 2895 1521 2945 et
1537 2891 1913 2963 adjuvandos,
1941 2893 2003 2946 ut
2103 2878 2313 2954 déntur
2344 2915 2448 2970 per
2473 2878 2727 2952 sonitum
2763 2912 2967 2951 eorum
3010 2914 3131 2953 esse
3168 2897 3411 2952 turbida;
3440 2901 3497 2952 et

380 2987 509 3043 filiis
539 2986 687 3042 Core
722 2983 924 3075 quibus
957 2983 1139 3075 agunt.
1169 2980 1323 3075 istud
1347 2979 1901 3075 ideminnuantesse
1918 2979 2004 3034 fll-
2026 3015 2073 3075 ο
2103 2988 2333 3042 inutiles
2359 2990 2416 3040 et
2447 2986 2636 3055 fcedae,
2665 2986 2737 3041 ad
2774 2985 3211 3040 similitudinem
3235 3003 3398 3058 aquas
3444 2985 3711 3051 turbidas,

378 3079 574 3131 turum
601 3075 645 3129 si
677 3088 800 3128 non
825 3069 1162 3126 defecerint.
1194 3068 1401 3123 Dicunt
1432 3085 1662 3140 quoque
1712 3085 1828 3122 non
1884 3084 2002 3122 esse
2035 3068 2073 3075 '
2105 3094 2232 3148 qum
2254 3077 2459 3141 lutosa,
2494 3074 2648 3129 foeda
2679 3073 2969 3129 etinutilis
2986 3079 3089 3129 est.
3120 3076 3418 3143 Etmontes,
3442 3072 3714 3144 idestipsi

384 3163 713 3219 mirandum
754 3160 799 3214 si
831 3162 1034 3214 contra
1064 3156 1469 3227 praedicatores
1490 3156 1552 3210 in
1594 3156 2003 3227 praedicatione

380 3257 538 3307 terra
567 3251 1028 3309 commoveatur,
1057 3262 1189 3300 cum
1221 3248 1278 3299 et
1307 3248 1509 3299 contra
1544 3243 1775 3298 Domini
1806 3260 2004 3299 vocem

384 3341 457 3396 sit
485 3340 797 3394 commota.
824 3335 930 3399 Qui
948 3333 1122 3388 etiam
1139 3348 1337 3387 vocem
1359 3336 1416 3386 et
1431 3332 1740 3386 utilitatem
1763 3348 1889 3403 quae
1902 3348 2006 3403 per

384 3426 756 3482 vocemillam
773 3422 1079 3493 contingit,
1109 3420 1636 3475 adinstructionem
1668 3424 1725 3474 et
1747 3421 2007 3475 exhorta-

384 3515 606 3571 tionem
637 3510 979 3568 eorumdem
1012 3510 1265 3563 filiorum
1297 3509 1440 3563 Core
1470 3512 1790 3578 exponunt.

454 3604 599 3659 Deus
620 3608 812 3667 noster,
851 3599 1120 3668 refugium
1148 3602 1197 3653 et
1226 3599 1412 3652 virtus.
1450 3596 1616 3661 Quod
1647 3600 1732 3651 est
1769 3597 1959 3651 dicere
1989 3613 2001 3650 :

385 3694 509 3748 Non
539 3691 599 3746 in
629 3689 821 3760 aliquo
854 3690 1086 3741 terreno
1116 3685 1405 3756 refugium
1434 3685 1733 3753 habemus,
1753 3686 2007 3740 sedDeus

384 3787 579 3847 noster,
620 3779 681 3833 id
707 3780 792 3833 est
818 3776 910 3830 ille
942 3790 1116 3846 quem
1163 3790 1269 3828 nos
1300 3775 1483 3828 Deum
1530 3777 1884 3844 reputamus,
1921 3776 2008 3827 est

386 3872 655 3942 refugium
674 3870 915 3921 nostrum
937 3863 995 3917 in
1018 3862 1181 3918 omni
1197 3862 1557 3916 necessitate.
1575 3860 1651 3914 Et
1668 3877 1783 3915 non
1809 3863 2004 3931 quale-

386 3974 613 4030 cunque
630 3953 942 4024 refugium,
973 3951 1073 4005 sed
1101 3952 1288 4017 virtus,
1309 3950 1365 4003 id
1393 3952 1476 4003 est
1511 3950 1747 4003 firmum
1775 3950 2003 4003 etinex-

386 4041 919 4119 pugnabile.Virtus
947 4041 1143 4092 autem
1166 4053 1271 4107 per
1302 4035 1624 4107 emphasim
1653 4037 1916 4107 ponitur;
1949 4040 1996 4091 ei

388 4151 507 4190 non
524 4133 709 4187 solum
741 4128 1011 4198 refugimn
1043 4141 1114 4179 ne
1146 4124 1440 4191 cedamus,
1478 4123 1577 4177 sed
1604 4124 1779 4177 etiam
1830 4127 1886 4177 in
1907 4133 2003 4179 tri-

390 4219 746 4277 bulationibus
801 4218 887 4269 est
934 4213 1167 4283 adjutor,
1218 4212 1278 4266 id
1307 4216 1391 4266 est
1419 4215 1778 4282 cooperator,
1815 4213 2003 4267 utini-

2104 3163 2510 3234 priedicatores
2531 3161 2832 3216 conturbati
2858 3165 3010 3230 sunt,
3028 3162 3087 3217 id
3108 3165 3194 3217 est
3218 3162 3717 3218 conturbabuntur

2105 3251 2320 3305 carnali
2361 3250 2588 3305 timore.
2635 3250 2910 3305 Homines
2940 3250 3096 3306 enim
3147 3254 3282 3305 sunt
3320 3254 3375 3304 in
3401 3249 3717 3321 fortitudine

2104 3338 2215 3407 eius
2240 3338 2437 3404 maris,
2478 3336 2536 3391 id
2568 3341 2653 3392 est
2673 3336 2729 3391 in
2761 3338 3244 3394 fortiebullitione
3276 3337 3718 3393 tribulationum

2106 3427 2278 3499 ipsius
2301 3424 2495 3480 maris.
2525 3424 2639 3479 Sed
2663 3429 2858 3480 tamen
2888 3441 3005 3479 non
3027 3424 3298 3479 deficient
3320 3424 3377 3479 in
3408 3424 3717 3479 conturba-

2104 3516 2284 3571 tione.
2347 3515 2489 3568 Nam
2547 3516 2786 3582 ﬂuminis
2840 3516 3083 3583 impetus,
3140 3512 3199 3566 id
3228 3515 3314 3567 est
3362 3513 3720 3569 abundantia

2105 3603 2284 3660 sancti
2337 3602 2599 3673 Spiritus,
2629 3604 2883 3671 laetiﬁcat,
2914 3602 2972 3656 id
3002 3605 3089 3656 est
3130 3601 3445 3656 lmtiﬁcabit
3480 3601 3720 3655 interius

2105 3695 2369 3748 civitatem
2394 3691 2517 3745 Dei.
2555 3692 2771 3745 Montes
2801 3691 3031 3757 scilicet,
3064 3689 3161 3762 qui
3185 3690 3381 3744 civitas
3409 3692 3542 3744 sunt
3569 3689 3720 3743 bene

2104 3780 2406 3834 virtutibus
2430 3777 2677 3843 munita,
2710 3778 2929 3832 ﬂumen
2961 3778 3167 3832 dicitur
3198 3776 3439 3848 Spiritus
3465 3781 3716 3844 sanctus,

2106 3885 2173 3923 eo
2201 3868 2354 3940 quod
2385 3884 2515 3921 suos
2535 3866 2816 3938 sapientia
2843 3869 2899 3920 et
2923 3866 3160 3920 consilio
3176 3865 3326 3937 rigat
3354 3869 3412 3919 et
3435 3868 3616 3937 potat,
3645 3866 3720 3920 ad

2105 3955 2546 4011 similitudinem
2586 3955 2840 4010 ﬂuminis
2878 3955 3034 4027 quod
3076 3955 3304 4026 copiose
3338 3955 3507 4026 rigat.
3556 3955 3717 4009 Unde

2105 4045 2385 4101 Dominus
2424 4045 2485 4098 in
2544 4043 3046 4116 EvangeliomQui
3105 4044 3287 4098 credit
3336 4043 3391 4098 in
3438 4044 3719 4114 me(sicut

2104 4135 2239 4188 dicit
2254 4135 2537 4206 propheta
2555 4134 2571 4204 )
2586 4151 2618 4185 »
2643 4133 2886 4187 flumina
2905 4133 2975 4186 de
2996 4135 3195 4187 ventre
3217 4132 3338 4202 ejus
3354 4132 3537 4187 fluent
3552 4148 3715 4203 aqua:

2101 4224 2259 4277 vivae.
2296 4224 2410 4277 Hoc
2442 4225 2634 4276 autem
2671 4221 2897 4276 dicebat
2927 4221 2997 4275 de
3030 4220 3245 4291 Spiritu
3269 4220 3449 4293 (Joan.
3484 4219 3712 4291 vn,38).

390 4311 569 4366 Πιἰοοὸ
599 4306 914 4369 νίῐιοᾶῐηιιδν
947 4300 1371 4370 ίηθοΓΡοΓᾶΠίῘο
1399 4316 1495 4353 003
1529 4300 1793 4367 ΠοῦίδνῘη
1824 4303 2001 4356 trib?!-
2026 4296 2077 4354 D
2107 4313 2171 4364 Et
2198 4310 2540 4366 lmliﬁcando
2574 4311 2633 4364 in
2673 4310 2806 4381 ipsis
2834 4308 3316 4375 tribulationibus,
3342 4310 3714 4377 sancti/ienuit,

390 4395 678 4453 lotionibus
727 4392 877 4456 dico,
910 4406 1026 4461 quaa
1078 4390 1389 4441 invenerunt
1421 4403 1535 4443 nos.
1585 4388 1753 4451 Quasi
1804 4390 1999 4444 dicat:

392 4488 502 4541 Nos
533 4499 649 4537 non
682 4478 1049 4553 quaesivimus
1078 4493 1195 4542 eas,
1227 4492 1330 4529 nec
1352 4475 1672 4531 invenimus
1698 4478 1862 4532 malis
1880 4494 2001 4532 me-

392 4573 516 4629 ritis
532 4569 759 4635 nostris,
786 4566 1033 4636 sedipsaa
1048 4564 1387 4619 tribulantes
1407 4564 1710 4620 Ecclesiam
1723 4607 1736 4631 ,
1759 4566 2002 4621 volendo

392 4677 523 4718 eam
554 4675 621 4712 ex
650 4660 774 4712 toto
797 4654 1113 4718 destruere,
1136 4654 1443 4705 invenerunt
1464 4669 1557 4707 nos
1582 4653 1789 4708 :ethoc
1819 4656 2001 4722 nimis,

392 4750 453 4805 id
469 4750 554 4803 est
580 4761 696 4800 non
724 4743 909 4797 solum
927 4740 987 4794 in
1008 4740 1305 4811 ereptione
1320 4756 1513 4794 rerum
1533 4743 1883 4807 nostrarum,
1907 4743 2005 4797 sed

393 4841 451 4893 et
472 4837 531 4891 in
561 4830 874 4889 afflictione
896 4828 1079 4883 nimia
1109 4826 1318 4895 carnis,
1343 4832 1400 4881 et
1421 4845 1596 4900 usque
1619 4829 1691 4883 ad
1712 4830 2007 4901 sanguinis

393 4923 753 4982 effusionem.
787 4919 854 4973 Et
882 4921 1191 4988 propterea
1232 4916 1385 4987 quod
1410 4916 1554 4970 Deus
1583 4924 1758 4971 noster
1787 4921 1872 4972 est
1901 4934 2004 4973 no-

392 5018 577 5071 strum
618 5009 890 5078 refugium
934 5011 985 5061 et
1022 5007 1188 5059 virtus
1243 5007 1299 5057 et
1334 5003 1572 5073 adjutor,
1606 5022 1712 5057 non
1756 5006 2001 5072 timebas,

392 5119 514 5158 cum
567 5096 872 5152 turbabitur
925 5098 1071 5148 terra
1126 5094 1329 5146 contra
1358 5092 1781 5162 praedicatores.
1813 5094 2003 5155 Terra,

394 5191 455 5246 id
483 5190 569 5243 est
595 5183 812 5248 Judwa,
846 5197 974 5253 quae
1006 5180 1162 5251 prius
1185 5178 1294 5233 fuit
1310 5180 1465 5233 terra
1494 5179 1617 5241 Dei,
1645 5197 1821 5251 quam
1840 5198 2003 5236 exeo-

392 5278 613 5347 luitper
641 5270 965 5325 doctrinam
986 5267 1433 5338 prophetarum;
1455 5268 1543 5321 vel
1574 5284 1701 5337 quae
1725 5271 1810 5322 est
1843 5276 2001 5337 terra,

392 5357 805 5423 idestterrenis
825 5356 1148 5422 adhaerens,
1174 5372 1292 5410 non
1322 5354 1729 5426 spiritualibus.
1747 5356 1909 5420 Quod
1922 5363 2007 5414 est

394 5455 619 5509 dicere:
648 5448 769 5501 Non
829 5444 1044 5500 erimus
1095 5443 1386 5510 timentes,
1431 5442 1533 5497 sed
1577 5447 1907 5500 constantes
1945 5448 2003 5503 in

392 5534 876 5599 tribulationibus,
896 5549 1036 5603 quas
1052 5531 1263 5589 inferet
1278 5532 1652 5598 conturbata;
1671 5536 1727 5588 et
1741 5532 1880 5589 dum
1894 5536 2004 5593 hoc

2105 4400 2161 4454 id
2192 4403 2277 4454 est
2308 4399 2749 4454 confirmabitin
2780 4398 3231 4464 constantia,ille
3262 4398 3357 4471 qui
3386 4401 3470 4453 est
3493 4398 3718 4452 Altissi-

2103 4484 2225 4541 mus
2250 4492 2307 4541 et
2337 4490 2565 4553 Potens,
2599 4487 2997 4542 tabernaculum
3024 4503 3202 4552 suum,
3237 4486 3294 4542 id
3322 4490 3406 4542 est
3426 4486 3715 4541 civitatem

2106 4576 2548 4648 praedicatorum
2579 4575 2687 4630 sibi
2720 4575 3088 4631 militantem.

2175 4664 2290 4719 Hoc
2316 4668 2510 4718 autem
2534 4663 2673 4717 dicit
2688 4663 2762 4718 ad
2777 4663 3236 4719 exhortationem
3260 4663 3511 4717 ﬁliorum
3532 4662 3719 4718 Chore

2106 4768 2517 4819 successorum,
2544 4751 2748 4823 quibus
2769 4755 2968 4823 agunt,
3003 4768 3076 4806 ne
3107 4752 3237 4806 ideo
3269 4750 3626 4818 deficiant,si
3658 4749 3717 4804 in

2106 4840 2577 4895 tribulationibus
2606 4839 2853 4893 timeant
2906 4857 2973 4893 ex
3017 4840 3204 4893 carnis
3249 4838 3581 4911 fragilitate,
3615 4838 3720 4894 sed

2106 4928 2402 4982 confidant
2415 4943 2473 4981 se
2490 4927 2755 4982 similiter
2766 4943 2885 4981 esse
2903 4926 3273 4982 lmtiﬁcandos
3289 4931 3347 4981 et
3366 4927 3718 4981 confirman-

2107 5015 2227 5070 dos.
2261 5016 2397 5070 Dico
2426 5015 2737 5070 Altissimus
2760 5016 3130 5084 sanetzﬁcavit,
3162 5016 3260 5087 qui
3283 5014 3604 5070 Altissimus
3625 5017 3711 5069 est

2104 5103 2249 5157 Deus
2289 5105 2344 5157 in
2374 5102 2540 5157 medio
2567 5104 2678 5173 ejus
2706 5103 2946 5158 civitatis
2973 5119 3205 5175 semper
3230 5103 3501 5170 existens,
3536 5102 3591 5157 id
3630 5106 3718 5157 est

2106 5192 2163 5247 in
2180 5191 2404 5246 ratione
2417 5191 2538 5262 ejus
2553 5207 2669 5246 non
2684 5192 2941 5247 localiter
2951 5192 3051 5246 sed
3063 5191 3387 5264 specialiter
3397 5191 3719 5258 adhierens,

2107 5282 2170 5333 ut
2225 5281 2493 5333 constans
2548 5278 2639 5333 sit.
2733 5279 2871 5344 Qua:
2924 5279 3072 5334 ratio
3116 5296 3221 5351 per
3275 5277 3715 5335 similitudinem

2106 5368 2366 5422 medium
2392 5367 2617 5434 dicitur,
2650 5368 2785 5439 quia
2811 5367 2956 5422 sicut
2984 5384 3088 5439 per
3119 5384 3452 5422 mensuram
3500 5368 3716 5439 puncti,

2106 5454 2262 5527 quod
2294 5454 2552 5509 medium
2584 5458 2686 5521 est,
2714 5458 2866 5510 totus
2888 5455 3131 5509 circulus
3162 5454 3459 5527 aequaliter
3488 5454 3573 5521 fit,
3618 5455 3715 5525 qui

2106 5543 2195 5599 vix
2215 5546 2315 5599 aut
2346 5560 2666 5617 numquam
2683 5543 2795 5600 alio
2813 5543 2986 5599 modo
3004 5546 3158 5599 recte
3175 5542 3545 5616 procederet;
3564 5541 3642 5597 sic
3653 5545 3713 5598 et
