3994 6042
214 259 320 343 tiu

1214 270 1572 339 EXPOSITIO
1609 272 1677 335 ΙΝ
1717 266 2049 336 PSALMOS.
2084 301 2156 322 -ι
2189 268 2386 338 PSAL.
2438 266 2571 339 XLV

3429 271 3534 344 838

225 424 333 484 per
351 401 597 470 rationis
619 423 956 469 mensuram
987 408 1142 468 totus
1164 402 1344 466 homo
1384 402 1671 481 dirigitur,
1695 402 1904 467 alio-A
1934 422 2060 480 quae
2092 405 2304 465 utilitas
2335 424 2441 482 per
2470 423 2668 465 vocem
2699 404 2858 466 illam
2881 404 3542 487 contingit,adhortatur

222 497 364 571 quin
383 515 520 555 vero
533 499 1011 573 distorqueretur.
1039 498 1316 564 Quoniam
1340 502 1534 552 autem
1569 498 1718 551 Deus
1752 496 1835 547 est

220 587 280 642 in
312 588 503 643 medio
536 590 676 660 ejus,
709 608 814 643 non
841 589 1253 642 commovebitur
1283 588 1340 641 in
1376 584 1836 641 tribulationibus

221 694 256 732 a
290 678 587 750 proposito
620 681 983 733 constantia.
1019 680 1087 732 Et
1111 695 1226 733 non
1256 678 1441 732 solum
1464 673 1839 730 sanctificabit

219 782 296 821 ne
323 766 510 834 cedat,
540 768 638 823 33d
670 771 731 822 ut
750 767 937 822 vincat
963 767 1231 821 inimicos
1258 765 1537 835 adjuvabit
1561 781 1675 817 eam
1698 762 1841 815 Deus

226 871 410 921 mane,
442 855 500 910 id
531 858 617 910 est
645 856 875 909 diluculo
897 874 912 908 :
933 855 1142 909 scilicet
1172 854 1595 908 illuminatione
1619 850 1838 906 consilii

221 947 281 999 et
296 944 597 1015 sapientiai
610 962 745 999 suae.
769 945 932 999 Mane
946 962 1074 999 vero
1090 945 1179 998 hic
1202 944 1356 998 idem
1383 941 1668 1013 significat
1684 939 1839 1012 quod

221 1035 280 1087 et
306 1033 641 1100 diluculum,
673 1032 1155 1088 illuminationem
1176 1032 1385 1085 scilicet
1412 1049 1425 1097 ;
1449 1031 1569 1095 scd,
1595 1047 1665 1083 ne
1689 1029 1841 1082 vide-

220 1124 387 1175 retur
417 1138 541 1176 esse
558 1122 808 1193 positum
832 1122 902 1176 ad
922 1121 1275 1175 matutinum
1294 1124 1521 1191 tempus
1537 1118 1840 1189 designan-

222 1207 387 1273 dum,
402 1211 558 1280 quod
572 1210 745 1264 etiam
763 1210 895 1264 alibi
921 1209 1221 1281 signiﬁcat,
1244 1208 1484 1281 apponit
1501 1207 1834 1271 diluculum,

221 1297 299 1351 ad
331 1298 843 1352 determinandum
876 1298 1044 1352 istud.
1078 1297 1281 1351 Afﬁnis
1308 1297 1465 1351 enim
1494 1298 1578 1349 est
1604 1311 1708 1348 vox
1733 1294 1838 1347 ista

220 1403 356 1458 quia
390 1390 477 1440 est
493 1387 825 1455 diluculum,
846 1387 1164 1441 secundum
1183 1385 1686 1457 compositionem,
1706 1382 1836 1436 huic

218 1475 510 1547 voci,qua3
528 1480 613 1531 est
631 1477 746 1530 lux.
780 1475 1027 1530 Domino
1051 1478 1244 1529 autem
1272 1474 1596 1543 adjuvante,
1621 1477 1834 1524 contur-

224 1564 361 1617 bata:
389 1572 533 1631 sunt,
568 1566 625 1619 id
656 1568 739 1619 est
770 1565 1270 1619 conturbabuntur
1308 1568 1485 1633 gentes
1512 1562 1669 1614 bona
1698 1576 1835 1613 con-

219 1654 555 1708 turbatione
575 1654 648 1708 ad
672 1654 868 1709 fidem.
886 1654 953 1706 Et
975 1670 1090 1707 non
1108 1668 1301 1723 pauca:
1324 1654 1545 1722 gentes,
1561 1649 1659 1703 sed
1677 1665 1837 1723 regna

1932 499 2273 570 exponendo
2300 499 2481 571 ipsam
2497 500 2800 555 utilitatem
2824 501 2900 557 sic
2916 517 2928 556 :
2944 501 3236 576 Dixiquod
3262 503 3542 561 Dominus

1937 589 2094 643 dedit
2124 606 2343 658 vocem,
2378 607 2504 662 quae
2527 594 2722 646 tamen
2751 591 2911 647 valde
2932 592 3080 648 utilis
3095 594 3201 650 fuit
3222 612 3235 649 :
3259 598 3314 651 et
3343 596 3389 651 si
3412 610 3540 669 quas

1937 677 2075 730 ratis
2102 678 2175 732 ad
2197 678 2333 749 quid
2379 679 2530 733 utilis
2556 679 2662 732 fuit
2684 682 2883 747 ;venite
2912 680 3045 748 fide,
3073 688 3120 736 et
3172 683 3338 738 videte
3373 685 3541 740 intel-

1940 766 2087 822 lectu
2117 785 2276 838 opera
2302 768 2541 830 Domini,
2592 787 2709 840 qua?
2765 785 2869 840 per
2915 770 3073 825 illam
3122 788 3319 827 vocem
3363 776 3544 844 posuit

1928 858 2201 928 prodigia,
2234 857 2292 910 id
2324 860 2408 911 est
2437 857 2744 923 mirabilia,
2771 876 2924 929 super
2955 865 3175 924 terram,
3198 861 3256 916 id
3279 865 3545 933 estsuper

1940 945 2267 1011 Ecclesiam,
2291 963 2416 1016 quae
2449 949 2533 999 est
2561 951 2709 1000 terra
2726 948 2866 1017 ejus.
2894 950 3042 1003 Bene
3061 967 3193 1005 vero
3221 950 3357 1005 dicit
3376 967 3547 1023 super

1938 1038 2173 1087 terram.
2210 1035 2348 1087 Nam
2364 1035 2435 1088 ad
2452 1035 2886 1091 similitudinem
2909 1038 3115 1093 civium
3136 1056 3542 1111 supernorum,

1934 1121 2239 1193 posuitilla
2262 1138 2438 1192 opera
2471 1123 2529 1177 in
2560 1128 2731 1179 terra.
2753 1126 3202 1196 Exponitautem
3219 1145 3415 1200 opera,
3434 1128 3540 1183 sic:

1939 1211 2166 1266 Scilicet
2216 1216 2298 1265 est
2330 1214 2579 1282 auferens
2614 1214 2766 1281 bella,
2800 1215 2857 1270 id
2913 1219 2999 1271 est
3029 1216 3357 1272 inimicitias
3404 1236 3545 1291 quas

1937 1300 2229 1354 habebant
2256 1317 2393 1371 erga
2424 1303 2607 1356 Deum
2640 1307 2698 1356 et
2727 1304 3076 1373 proximum,
3109 1307 3259 1360 male
3281 1306 3542 1363 vivendo.

1938 1388 2003 1440 Et
2028 1404 2145 1441 non
2162 1388 2216 1441 in
2235 1389 2429 1459 paucis
2449 1391 2720 1461 gentibus
2749 1408 2761 1445 :
2792 1392 2888 1447 sed
2910 1392 3176 1447 auferens
3196 1394 3365 1459 bella,
3389 1413 3548 1466 usque

1936 1476 2007 1529 ad
2028 1478 2189 1546 ﬁnem
2223 1485 2393 1545 terra),
2425 1479 2482 1533 id
2513 1484 2597 1533 est
2618 1480 2829 1552 ubique
2863 1485 3169 1536 terrarum.
3211 1483 3305 1537 Vel
3334 1483 3450 1537 sic:
3482 1484 3549 1538 Et

1937 1581 2055 1618 non
2086 1566 2144 1619 in
2170 1570 2333 1637 parte
2370 1571 2588 1621 tantum
2625 1569 2891 1623 auferens
2923 1572 3093 1635 bella,
3126 1571 3224 1625 sed
3253 1588 3428 1643 usque
3474 1572 3548 1628 ad

1938 1652 2116 1707 ﬁnem
2141 1658 2329 1721 terrae,
2366 1654 2423 1707 id
2446 1659 2531 1709 est
2560 1673 2736 1726 usque
2769 1657 2914 1711 adeo
2964 1661 3025 1711 ut
3070 1658 3304 1713 finiatur
3355 1661 3412 1714 in
3457 1661 3539 1715 eis

221 1744 485 1797 inclinata
516 1751 659 1809 sunt,
692 1743 751 1797 id
782 1746 867 1797 est
892 1718 1423 1812 multas‘gentes'ad
1452 1739 1625 1792 fidem
1678 1718 1841 1790 ecce:
1866 1746 1915 1804 Β
1939 1743 2127 1797 omnis
2176 1718 2497 1798 terrenitas.
2556 1746 2623 1798 Et
2644 1718 2755 1799 hoc
2815 1747 2900 1798 est
2938 1763 3002 1800 ac
3048 1746 3094 1799 si
3125 1747 3312 1802 dicat:
3338 1750 3545 1805 Pacem

220 1828 419 1886 dendo
458 1832 935 1895 humiliabuntur,
999 1828 1354 1884 infidelitatis
1406 1844 1521 1880 sua)
1569 1824 1837 1897 superbia

218 1921 563 1994 postposita,
586 1937 769 1992 regna
794 1936 928 1974 vero
951 1920 1100 1974 bene
1126 1935 1230 1989 pro
1255 1915 1623 1971 multitudine
1650 1915 1832 1985 ponit.

222 2011 369 2065 Cum
399 2010 555 2064 enim
576 2009 634 2063 in
667 2025 784 2064 uno
800 2009 920 2063 solo
950 2024 1131 2078 regno
1149 2007 1345 2060 multae
1367 2008 1567 2076 gentes
1580 2004 1833 2058 habean-

218 2102 341 2166 tur,
373 2099 552 2153 multo
584 2098 770 2169 magis
819 2097 877 2151 in
928 2095 1122 2150 multis
1172 2096 1369 2148 multa:
1400 2094 1704 2147 habentur.
1738 2091 1833 2143 Vel

220 2189 303 2243 sic
339 2187 647 2242 :Inclinata
674 2192 800 2241 sunt
830 2203 1013 2256 regna,
1047 2184 1105 2239 id
1135 2186 1219 2237 est
1261 2183 1335 2237 ad
1378 2182 1486 2237 hoc
1520 2178 1833 2235 bumiliataz

219 2281 378 2344 sunt,
412 2280 474 2331 ut
519 2276 845 2330 efﬁciantur
891 2290 1073 2343 regna
1111 2272 1233 2338 Dei,
1292 2288 1417 2343 quae
1469 2270 1625 2340 prius
1669 2269 1836 2322 erant

219 2365 535 2420 servientes
582 2364 832 2419 diabolo.
867 2364 1052 2434 Supra
1092 2364 1287 2414 autem
1320 2359 1560 2424 dixerat,
1595 2356 1833 2410 turbabi-

223 2460 315 2507 tur
344 2459 484 2506 terra
514 2456 718 2507 contra
757 2450 1182 2523 praedicatores,
1216 2464 1287 2501 ne
1312 2448 1420 2501 hoc
1453 2446 1665 2500 mirum
1713 2460 1834 2498 esse

221 2542 535 2608 videretur,
569 2557 747 2613 quare
792 2541 940 2594 Deus
966 2539 1076 2592 hoc
1106 2539 1418 2609 pateretur,
1470 2534 1606 2589 dicit
1635 2536 1837 2588 contra

224 2631 404 2704 ipsius
432 2630 529 2685 Dei
558 2628 1032 2702 przedicationem
1061 2630 1231 2679 etiam
1286 2628 1502 2678 terram
1533 2640 1654 2677 esse
1683 2638 1837 2675 com-

226 2724 475 2784 motam,
503 2718 749 2790 ideoque
781 2733 897 2770 non
928 2731 1048 2769 esse
1080 2714 1325 2785 dignum
1352 2711 1757 2775 admiratione,
1791 2710 1836 2764 si

227 2805 1215 2875 contradiscipuloscommoveatur,
1244 2800 1401 2854 Unde
1436 2798 1627 2871 ipsein
1658 2799 1836 2851 Evan-

229 2895 380 2969 gelio
402 2910 415 2948 :
441 2916 469 2943 «
505 2893 564 2949 Si
595 2909 688 2947 me
718 2891 998 2963 persecuti
1024 2893 1177 2955 sunt,
1210 2892 1268 2943 et
1295 2905 1393 2943 vos
1424 2889 1839 2958 persequentur

225 2985 421 3055 (Joan.
439 3000 527 3050 xv,
542 2985 629 3037 20.
653 2987 671 3048 )
692 3003 719 3030 ››
747 2982 862 3036 Hoc
882 2982 1074 3035 autem
1089 2978 1243 3050 quod
1255 2979 1456 3032 contra
1479 2978 1658 3031 Deum
1678 2978 1840 3029 mota

230 3078 317 3129 est
330 3078 485 3129 terra
514 3071 593 3126 sic
611 3071 768 3138 dicit,
782 3070 936 3143 quod
962 3075 1105 3122 terra
1132 3067 1650 3121 turbabiturcontra
1669 3080 1840 3117 mon-

229 3166 337 3228 tes,
370 3178 477 3216 nec
504 3163 614 3217 hoc
644 3160 977 3214 mirandum
1019 3161 1126 3211 est.
1169 3158 1309 3211 Nam
1360 3154 1538 3210 etiam
1571 3154 1841 3207 Dominus

228 3253 491 3306 virtutum
505 3248 816 3304 coalestium
833 3247 888 3301 id
909 3250 993 3301 est
1004 3246 1098 3300 ille
1113 3244 1205 3316 qui
1221 3243 1497 3299 Dominus
1509 3246 1593 3297 est
1611 3242 1843 3313 angelo-

229 3355 386 3406 rum,
414 3355 532 3393 non
562 3337 868 3392 hominum
894 3333 1281 3399 solummodo,
1304 3332 1446 3386 dedit
1492 3349 1663 3385 vocem
1688 3347 1841 3384 suam

230 3428 292 3483 id
316 3431 403 3481 est
423 3425 893 3497 praedicationem
910 3440 924 3491 ;
940 3426 998 3476 et
1019 3425 1222 3476 contra
1250 3437 1385 3474 eum
1408 3427 1551 3474 mota
1577 3426 1651 3474 est
1677 3426 1839 3486 terra,

229 3517 295 3572 id
322 3519 409 3571 est
437 3515 655 3576 Iudaea,
673 3513 829 3568 mala
844 3511 1261 3576 commotione,
1282 3510 1477 3564 dicens
1496 3525 1629 3563 eum
1641 3507 1841 3561 seduc-

230 3609 424 3660 torem
439 3607 497 3657 et
509 3605 892 3674 peccatorem.
909 3599 1013 3654 Ubi
1026 3615 1159 3654 vero
1174 3614 1280 3652 nos
1291 3599 1572 3652 habemus
1583 3598 1844 3652 Dominus

234 3697 517 3758 virtutum,
537 3691 759 3745 Hebraai
778 3689 996 3744 habent
1012 3705 1024 3742 :
1040 3687 1263 3742 Adonai
1270 3686 1530 3753 Sabaoth,
1570 3685 1842 3757 quodest,

233 3782 465 3838 Domini
480 3782 825 3841 exercituum,
857 3792 1242 3850 supernorum
1264 3776 1495 3831 scilicet.
1522 3776 1589 3828 Et
1611 3774 1846 3845 exponit

236 3870 537 3944 quomodo
569 3868 747 3934 dedit,
775 3867 854 3921 sic
881 3882 893 3919 :
925 3865 1060 3921 Dico
1101 3864 1258 3936 quod
1286 3864 1549 3918 Dominus
1591 3866 1848 3917 virtutum

238 3960 387 4015 dedit
430 3975 605 4013 vocem
651 3958 942 4023 nobiscum,
987 3953 1202 4009 scilicet
1248 3955 1513 4020 existens,
1559 3952 1619 4007 id
1650 3956 1734 4007 est
1789 3953 1849 4007 in

216 4052 443 4107 'nostra
463 4047 844 4103 humanitate.
869 4046 1033 4111 Quod
1046 4050 1131 4101 est
1161 4045 1377 4099 dicere:
1399 4044 1522 4097 Non
1537 4042 1851 4097 secundum

245 4138 608 4194 divinitatem
641 4136 799 4192 dedit
838 4151 1058 4201 vocem,
1090 4134 1189 4188 sed
1234 4132 1548 4187 secundum
1586 4134 1855 4185 naturam

244 4229 568 4282 humanam
597 4226 658 4281 in
689 4225 927 4281 Hehrteo
959 4224 1205 4279 habetur
1228 4220 1573 4288 Emmanuel,
1590 4220 1648 4274 id
1666 4222 1753 4275 est
1770 4236 1861 4273 no-

250 4315 452 4371 biscum
491 4314 654 4369 Deus.

320 4403 549 4459 Diceret
578 4402 812 4475 aliquis:
838 4402 961 4456 Non
1011 4401 1096 4456 est
1124 4400 1372 4471 multum
1413 4397 1700 4469 culpanda
1743 4399 1858 4450 ter-

249 4508 337 4559 ra,
393 4491 440 4545 si
496 4494 699 4546 contra
726 4506 861 4545 eum
921 4492 1007 4543 est
1033 4486 1360 4553 commoda,
1397 4502 1528 4539 cum
1561 4483 1858 4539 nobiscum

250 4580 540 4646 existeret,
574 4579 632 4634 id
661 4582 745 4634 est
775 4579 952 4633 bomo
967 4580 1113 4631 esset
1130 4575 1274 4630 sicut
1289 4578 1346 4629 et
1371 4592 1494 4629 nos.
1524 4574 1610 4627 Ad
1635 4573 1743 4627 hoc
1760 4589 1859 4627 au-

248 4673 374 4724 tem
425 4669 629 4724 addit:
665 4669 808 4723 Vere
863 4666 1148 4737 culpanda
1216 4667 1319 4719 est.
1384 4665 1525 4718 Nam
1594 4663 1861 4716 nobiscum

271 4743 288 4828 Ι
310 4741 373 4828 5
396 4741 412 4828 Ι
451 4756 694 4812 existens
722 4763 986 4828 susceptor
1005 4762 1178 4809 noster
1202 4760 1295 4820 est,
1327 4752 1383 4807 id
1409 4756 1495 4806 est
1524 4751 1780 4805 medicus
1806 4752 1863 4804 et

252 4851 552 4918 patronus.
585 4846 748 4910 Quod
776 4849 860 4899 est
885 4844 1073 4898 dicere
1098 4861 1110 4897 :
1132 4843 1265 4898 ldeo
1291 4843 1466 4897 homo
1482 4841 1662 4895 factus
1676 4843 1779 4903 est,
1802 4840 1864 4893 ut

256 4936 511 4990 medicus
539 4936 733 4988 noster
758 4933 829 4987 sit
855 4936 913 4986 et
942 4936 1217 5002 patronus
1249 4934 1436 4985 morte
1466 4947 1586 4983 sua.
1636 4930 1701 4981 Et
1735 4928 1861 4982 ideo

253 5023 441 5077 adhuc
472 5021 757 5092 culpanda
776 5025 878 5088 est,
900 5020 1032 5091 quia
1062 5036 1260 5074 recens
1292 5021 1438 5072 Deus
1471 5034 1586 5072 non
1618 5021 1701 5070 est
1729 5033 1741 5070 :
1765 5014 1865 5069 sed

256 5111 402 5165 Deus
422 5110 737 5164 Jacob:ille
770 5111 919 5164 Deus
944 5125 1116 5180 quem
1150 5107 1325 5161 coluit
1373 5107 1570 5173 Jacob,
1619 5109 1865 5159 internus

256 5200 471 5254 scilicet
498 5201 663 5255 Deus.
698 5199 834 5263 Qua:
856 5215 996 5269 ergo
1016 5197 1205 5267 major
1228 5196 1447 5250 insania
1471 5211 1643 5266 quam
1667 5196 1867 5247 contra

257 5290 441 5345 Deum
457 5292 514 5343 et
531 5288 821 5343 medicum
836 5289 1215 5359 etpatronum
1233 5300 1396 5338 suum
1411 5284 1662 5355 aliquem
1682 5283 1866 5337 insur-

258 5394 396 5448 gere
412 5378 440 5432 ?
454 5376 678 5431 Diceret
708 5375 946 5447 aliquis:
973 5374 1121 5439 Quid
1168 5373 1378 5427 mirum
1409 5372 1453 5426 si
1506 5375 1707 5426 contra
1749 5372 1872 5441 ejus

258 5482 458 5521 vocem
486 5468 571 5519 est
617 5467 774 5518 terra
801 5462 1139 5518 commota?
1158 5462 1357 5516 Fuitne
1388 5460 1461 5514 ad
1492 5460 1706 5531 aliquid
1724 5461 1873 5515 utilis

260 5570 366 5609 vox
396 5552 492 5608 illa
518 5554 546 5607 ?
566 5552 650 5608 Ad
682 5552 789 5607 hoc
808 5566 946 5623 ergo
976 5549 1401 5623 respondendo,
1436 5548 1510 5603 ad
1565 5546 1873 5605 videndum

1939 1832 2096 1886 dedit
2121 1836 2289 1886 terra:
2337 1849 2474 1899 sum,
2508 1836 2563 1886 ct
2595 1850 2732 1903 erga
2752 1835 2933 1889 Deum
2956 1837 3167 1907 cterga
3191 1837 3544 1905 proximum,

1938 1936 2110 1991 quam
2146 1937 2347 1992 pacem
2374 1921 2591 1975 habent
2614 1921 2760 1975 cives
2792 1923 3043 1994 superni.
3066 1924 3227 1978 Unde
3267 1925 3456 1996 angeli
3486 1925 3545 1980 in

1936 2010 2057 2079 ejus
2087 2009 2379 2063 nativitate
2407 2010 2675 2065 cecinisse
2698 2011 3003 2082 leguntur:
3031 2034 3057 2060 «
3083 2012 3267 2067 Gloria
3300 2012 3359 2066 in
3392 2013 3546 2068 altis-

1935 2097 2094 2151 simis
2126 2100 2262 2164 Dco,
2297 2100 2354 2151 et
2382 2098 2439 2152 in
2472 2102 2625 2152 terra
2665 2116 2773 2169 pax
2802 2099 3154 2166 hominibus,
3189 2121 3217 2148 »
3251 2105 3357 2155 etc.
3392 2101 3543 2172 (Luc.

1936 2202 1994 2252 ιι,
2030 2187 2135 2257 14.)
2181 2187 2248 2239 Et
2302 2186 2420 2259 ipse
2476 2187 2533 2240 in
2576 2187 3181 2258 Evangeliozupacem
3234 2205 3428 2244 meam
3471 2190 3546 2245 do

1937 2274 2114 2336 vobis,
2146 2291 2350 2346 pacem
2399 2274 2666 2346 relinquo
2714 2276 2875 2330 vobis
2896 2277 3083 2344 (Joan.
3127 2293 3238 2344 xlv,
3271 2278 3381 2349 '27).
3416 2299 3444 2326 »
3478 2278 3549 2332 Ut

1935 2367 2128 2417 autem
2183 2380 2249 2417 ex
2314 2366 2434 2418 toto
2480 2364 2817 2418 auferantur
2871 2365 3041 2431 bella,
3078 2372 3325 2433 conteret,
3356 2366 3416 2421 id
3463 2368 3550 2421 est

1936 2450 2188 2506 destruet
2212 2451 2271 2505 in
2304 2454 2459 2506 tarra
2477 2469 2598 2519 sua,
2633 2471 2838 2520 arcum,
2888 2459 2937 2507 et
2974 2455 3271 2525 confringet
3308 2473 3459 2509 arma
3498 2459 3548 2511 et

1938 2546 2114 2605 scuta,
2144 2540 2201 2594 id
2231 2544 2316 2593 est
2342 2557 2408 2593 ex
2440 2543 2559 2594 toto
2595 2541 2869 2595 destruet.
2906 2542 2972 2595 Et
2991 2542 3225 2613 exponit
3254 2544 3545 2614 quomodo

1938 2629 2210 2694 destruet,
2245 2628 2320 2682 sic
2356 2645 2368 2682 :
2403 2628 2599 2683 scilimt
2630 2630 2897 2684 comburet
2926 2630 3050 2685 11030
3082 2631 3280 2685 omnia
3320 2634 3449 2701 igni,
3488 2631 3550 2687 id

1939 2720 2023 2770 est
2061 2720 2361 2770 consumet
2406 2716 2621 2787 Spiritu
2652 2722 2871 2772 sancto.
2909 2720 3016 2772 Per
3046 2735 3245 2772 arcum
3307 2720 3545 2790 quidem

1939 2805 2273 2876 designatur
2303 2805 2574 2860 dolositas
2601 2810 2658 2860 et
2687 2810 2889 2861 contra
2907 2807 3086 2860 Deum
3118 2809 3175 2869 et
3200 2811 3401 2862 contra
3412 2824 3545 2880 pro-

1935 2893 2178 2947 ximum.
2210 2894 2317 2947 Per
2354 2910 2520 2948 arma
2549 2910 2706 2960 vero,
2741 2894 3434 2966 manifestaimpugnatio
3473 2900 3549 2967 (et

1936 2986 2138 3036 contra
2165 2983 2345 3036 Deum
2396 2981 2797 3053 vituperando,
2832 2982 2968 3036 etin
3016 2982 3343 3052 proximum
3395 2985 3547 3039 male

1936 3069 2282 3138 tractando).
2341 3071 2451 3123 Per
2479 3074 2724 3137 scutum,
2766 3070 2922 3124 falsis
2947 3069 3263 3125 rationibus
3283 3088 3549 3127 errorum

1940 3158 2220 3214 defensio.
2246 3158 2383 3222 Quae
2415 3158 2934 3213 omniadestruitin
2948 3159 3061 3214 suis
3077 3160 3243 3227 Deus,
3272 3161 3549 3232 quoniam

1941 3248 2107 3302 aliter
2134 3264 2239 3319 pax
2269 3246 2349 3300 eis
2378 3247 2549 3317 plena
2583 3263 2700 3302 non
2730 3248 3002 3302 adresset.

2014 3336 2250 3390 Ostensa
2274 3335 2519 3389 utilitate
2545 3336 2719 3402 vocis,
2748 3335 3012 3408 adjungit
3032 3336 3210 3391 etiam
3249 3337 3432 3409 ipsam
3454 3354 3553 3393 vo-

1942 3442 2069 3481 cem
2103 3423 2449 3495 adipsorum
2482 3425 2689 3495 quibus
2719 3426 2838 3496 agit
2870 3425 3329 3494 instructionem,
3363 3427 3558 3497 utejus

1941 3513 2115 3567 verbo
2157 3512 2413 3565 credant.
2470 3512 2590 3567 Dixi
2632 3514 2788 3584 quod
2841 3513 3120 3568 Dominus
3172 3514 3329 3569 dedit
3356 3531 3556 3570 vocem

1942 3603 2093 3656 hanc
2114 3600 2330 3654 scilicet
2361 3617 2373 3653 :
2402 3601 2507 3654 Vos
2561 3602 2829 3656 membra
2878 3618 3010 3655 mea
3054 3602 3253 3669 futuri,
3300 3606 3495 3657 vacate
3525 3619 3560 3658 a

1945 3694 2308 3743 terrenorum
2323 3688 2821 3755 sollicitudinibus,
2839 3689 3196 3744 etidolorum
3218 3690 3482 3756 cultibus,
3504 3692 3563 3744 et

1944 3777 2023 3832 sic
2053 3776 2239 3830 videte
2267 3776 2584 3843 intellectu,
2617 3777 2752 3848 quia
2785 3777 2951 3831 aliter
2986 3794 3104 3831 non
3162 3777 3563 3848 intelligeretis

1948 3864 2224 3936 quoniam
2253 3881 2382 3935 ego,
2409 3865 2506 3937 qui
2538 3864 2696 3919 vobis
2716 3866 2956 3937 loquens
2996 3881 3123 3919 sum
3171 3866 3371 3931 homo,
3413 3867 3562 3920 Deus

1948 3957 2202 4007 vestrum
2224 3969 2373 4019 sum,
2395 3954 2713 4009 secundum
2729 3954 2882 4025 quod
2902 3953 2960 4008 in
2978 3953 3411 4027 Evangelioipse
3443 3954 3524 4008 ait
3546 3971 3559 4008 :

1956 4063 1984 4093 ‹‹
1999 4042 2116 4112 Ego
2130 4041 2475 4113 principium
2488 4084 2501 4108 ,
2527 4042 2623 4113 qui
2638 4046 2694 4095 et
2707 4044 2912 4115 loquor
2927 4042 3080 4096 vobis
3095 4042 3255 4111 (Joan
3270 4060 3387 4110 vm,
3402 4045 3512 4113 25):
3532 4063 3560 4093 ››

1956 4134 2013 4184 et
2038 4147 2166 4201 ego,
2197 4130 2292 4201 qui
2325 4132 2473 4185 Deus
2499 4148 2648 4198 sum,
2696 4132 2968 4185 exaltabor
2997 4133 3051 4184 in
3071 4132 3313 4199 gentibus
3325 4131 3397 4186 ad
3418 4149 3565 4203 pra:-

1959 4237 2108 4273 sens.
2127 4220 2287 4274 Unde
2304 4221 2609 4291 Apostolus
2632 4237 2643 4274 :
2663 4239 2693 4272 α
2713 4220 2948 4275 Caecitas
2985 4219 3273 4290 contingit
3293 4220 3350 4274 in
3396 4220 3566 4274 Israel

1879 4333 1932 4392 D
1962 4325 2029 4363 ex
2042 4312 2293 4380 parte,ut
2306 4310 2604 4380 plenitudo
2620 4310 2879 4380 gentium
2895 4310 3135 4364 intraret
3152 4309 3330 4380 (Rom.
3346 4326 3422 4375 x1,
3437 4309 3520 4380 25)
3534 4326 3565 4359 »

1959 4398 2036 4452 Et
2055 4401 2113 4453 in
2140 4404 2277 4451 terra
2302 4398 2576 4451 exaltabor
2606 4398 2663 4451 in
2693 4397 2805 4451 fine
2835 4399 3059 4467 mundi,
3088 4399 3146 4453 id
3171 4401 3256 4452 est
3282 4397 3569 4453 inJudaza.

1959 4488 2122 4542 Unde
2156 4486 2440 4558 propheta
2465 4502 2478 4539 :
2508 4508 2534 4536 ‹‹
2566 4486 2840 4557 Reliquiae
2870 4488 3036 4542 salvae
3069 4488 3209 4542 fient
3236 4486 3364 4556 (Isa.
3391 4504 3444 4553 x,
3470 4489 3528 4541 2i
3557 4503 3571 4554 ;

1958 4576 2117 4630 Rom.
2158 4592 2232 4641 Ix,
2261 4576 2368 4644 27).
2403 4597 2429 4623 »
2458 4575 2523 4628 Et
2551 4574 2610 4628 in
2671 4576 2817 4629 Psal.
2851 4593 2917 4629 xx
2948 4593 2960 4630 :
2997 4599 3024 4627 ‹‹
3049 4578 3112 4631 In
3162 4575 3417 4647 reliquiis
3464 4576 3576 4630 tuis

1960 4664 2313 4737 praeparabis
2344 4664 2563 4717 vultum
2597 4680 2819 4718 eorum.
2852 4684 2879 4714 »
2911 4665 3076 4730 Quod
3107 4669 3193 4720 est
3217 4681 3282 4719 ac
3312 4666 3355 4719 si
3383 4664 3571 4721 dicat:

1963 4754 2157 4809 Cultus
2188 4768 2351 4805 meus
2381 4752 2726 4805 exaltabitur
2764 4752 2836 4805 ad
2885 4769 3137 4825 praesens
3193 4752 3403 4823 ubique
3438 4769 3577 4823 gen-

1962 4843 2140 4907 tium;
2176 4841 2231 4894 in
2264 4841 2457 4895 futuro
2486 4857 2618 4895 vero
2653 4842 2805 4910 apud
2833 4841 3079 4896 Judzeos.
3112 4840 3337 4909 Repetit
3377 4841 3574 4895 autem

1961 4932 2070 4985 hoc
2097 4929 2252 5000 quod
2285 4928 2546 4997 superius
2582 4928 2834 4983 dixerat:
2859 4928 3127 4982 Dominus
3152 4929 3431 4992 virtutum,
3463 4932 3575 4982 etc.

1964 5017 2309 5073 Inculeando
2344 5021 2404 5071 ut
2429 5017 2614 5089 ipsum
2642 5018 2879 5070 verbum
2900 5017 2990 5069 hic
3014 5015 3261 5087 positum
3281 5029 3578 5068 commen-

1966 5107 2063 5161 det
2093 5106 2197 5160 sic:
2217 5106 2370 5159 Hanc
2402 5121 2601 5160 vocem
2635 5120 2810 5174 quam
2842 5101 3003 5174 posui
3023 5106 3236 5169 vacate,
3270 5104 3403 5165 etc.,
3428 5102 3576 5156 bene

1967 5195 2200 5250 credere
2230 5193 2468 5248 debetis.
2485 5195 2608 5247 Non
2632 5196 2717 5245 est
2734 5193 2889 5246 enim
2919 5207 3024 5244 vox
3047 5192 3456 5263 cujuscunque,
3478 5188 3581 5241 sed

1968 5283 2063 5337 ille
2093 5284 2242 5337 hanc
2288 5282 2546 5353 protulit,
2582 5279 2678 5349 qui
2736 5285 2821 5335 est
2862 5280 3137 5335 Dominus
3181 5279 3479 5339 virtutum,
3525 5278 3583 5327 et

1969 5379 2235 5443 susceptor
2262 5376 2435 5423 noster
2465 5372 2523 5423 et
2571 5367 2724 5421 Deus
2767 5366 2957 5422 Jacob.
2997 5368 3115 5425 Hoc
3144 5382 3281 5426 vero
3330 5365 3394 5416 ut
3419 5374 3589 5426 supe-

1974 5459 2091 5514 rius
2120 5456 2442 5532 exponitur.
