4008 6030
462 354 566 420 839

955 474 1027 534 IN
1057 474 1382 535 PSALMUM
1416 473 1590 532 XLVI.

530 566 747 627 Titulus
791 552 1221 642 quadragesimi
1272 566 1432 622 sexti.
1478 564 1548 620 In
1596 565 1757 637 ﬁnem
1786 584 1889 640 pro
1944 569 2068 641 ﬁliis

462 658 636 717 Chore
653 658 910 731 psalmus.
954 658 1118 722 Quod
1149 657 1228 711 sic
1279 656 1584 729 exponitur
1622 673 1634 711 :
1679 657 1936 715 Psalmus
1963 660 2068 716 iste

457 749 812 821 compositus
836 751 922 802 est
949 764 1055 818 pro
1086 746 1215 800 ﬁliis
1257 745 1460 812 Cbore,
1493 746 1550 801 id
1582 749 1667 800 est
1696 749 2069 829 proutilitate

457 838 711 895 ﬁliorum
743 836 1025 903 Cruciﬁxi,
1079 834 1445 890 tendentium
1475 834 1534 888 in
1582 836 1781 904 ﬁnem,
1812 837 1872 892 id
1895 842 1982 892 est
2008 837 2067 893 in

458 927 1021 985 consummationem
1041 924 1159 979 veri
1179 923 1315 979 boni
1338 940 1350 977 :
1375 923 1817 980 introducuntur
1827 926 1918 980 hic
1931 942 2068 998 apo-

455 1016 581 1072 stoli
592 1058 606 1083 ,
625 1016 999 1083 adhortantes
1022 1029 1225 1068 omnes
1238 1012 1384 1067 ﬁlios
1399 1012 1608 1079 Chore,
1626 1013 1698 1068 ad
1712 1014 2069 1070 laudandam

453 1107 640 1163 Deum
679 1120 853 1174 opere
886 1104 943 1157 et
974 1101 1297 1168 affectione,
1332 1103 1390 1155 et
1431 1100 1609 1155 etiam
1657 1118 1793 1157 voce
1824 1104 2066 1158 exsulta-

451 1192 985 1263 tionis.Adjungunt
1005 1206 1139 1245 vero
1172 1191 1365 1261 plures
1394 1206 1591 1244 causas
1610 1207 1787 1261 quare
1816 1191 2089 1247 debeant,

451 1282 708 1348 laudare,
741 1280 876 1352 quia
923 1278 1138 1334 scilicet
1177 1279 1429 1333 excelsus
1471 1281 1558 1333 est
1586 1282 1643 1333 et
1688 1279 1975 1346 terribilis,
2007 1282 2067 1335 et

450 1371 587 1444 quia
614 1371 822 1425 ccelum
848 1367 1122 1435 ascendit,
1146 1370 1205 1422 et
1237 1383 1477 1422 omnem
1492 1366 1777 1422 mundum
1797 1367 1903 1423 sibi
1931 1368 2061 1422 sub-

443 1458 686 1531 jugavit.
721 1459 784 1513 In
813 1456 929 1513 ﬁne
961 1460 1157 1513 autem
1189 1454 1503 1511 ostendunt
1541 1455 1834 1529 quomodo
1866 1456 2059 1529 subju-

449 1552 710 1708 εᾶΐὲ2
732 1633 923 1690 Omnes
940 1639 1136 1704 gentes,
1152 1632 1401 1704 plaudite
1427 1631 1692 1688 manibus.
1712 1633 1790 1688 Ac
1806 1632 1851 1688 si
1871 1632 2052 1688 dicat:

444 1723 570 1781 Non
601 1725 786 1781 solum
819 1723 999 1778 Judaei
1030 1722 1164 1777 utin
1193 1722 1322 1793 lege
1350 1721 1554 1789 veteri;
1594 1721 1693 1776 sed
1722 1738 1821 1778 vos
1850 1738 2053 1776 omnes

1067 348 1125 416 Β.
1157 349 1503 415 BRUNONIS
1540 342 2182 413 CARTHUSIANORUM
2219 344 2692 412 INSTITUTORIS
2724 343 2879 411 OPP.
2913 346 3092 412 PARS
3122 347 3165 412 I.

2088 473 2144 538 Α
2171 490 2200 524 ‹‹
2227 467 2402 530 Iacob
2422 469 2614 544 dilexi,
2637 472 2782 531 Esau
2794 473 2991 532 autem
3022 470 3156 533 odio
3180 465 3357 534 habui
3390 467 3663 549 (Maloea,
3695 477 3729 536 3
3760 487 3779 549 ε

3668 344 3784 416 Εω

2167 560 2328 623 Rom.
2350 580 2426 633 Ix,
2464 566 2570 631 t3).
2606 584 2635 615 »
2661 564 2759 620 Vel
2789 565 2956 621 aliter
2977 582 2994 625 :
3013 565 3200 638 Elegit
3232 566 3481 640 speciem
3497 565 3694 637 Iacob,
3719 565 3781 626 id

2169 656 2255 707 est
2279 653 2599 724 speciosum
2628 655 2824 718 Iacob,
2866 654 2927 709 id
2981 659 3067 711 est
3094 655 3221 711 illos
3253 656 3323 712 de
3372 657 3641 730 gentibus
3678 656 3779 732 qui

2169 741 2407 812 speciosi
2467 746 2601 798 sunt
2631 742 2973 812 minoribus,
3004 744 3315 800 luctatores
3342 749 3398 800 et
3441 748 3778 820 supplanta-

2169 832 2325 886 tores
2375 830 2665 888 vitiorum.
2716 831 2902 897 Quem
2958 834 3131 889 Iacob
3185 834 3401 903 dilexit,
3430 835 3489 890 id
3509 838 3596 892 est
3634 851 3780 909 quos

2169 920 2453 990 speciosos
2476 921 2671 979 dilexit
2685 926 2819 977 ante
2831 922 3034 978 mundi
3045 923 3538 993 constitutionem,
3556 925 3618 980 in
3640 941 3779 997 pro-

2167 1007 2420 1063 videntia
2463 1025 2582 1064 sua.
2618 1011 2686 1064 Et
2714 1009 2844 1066 ideo
2876 1011 3063 1066 adhuc
3111 1013 3386 1083 plaudite,
3433 1013 3675 1085 jubilate
3720 1017 3783 1070 et

2168 1098 2463 1165 exsultate,
2497 1099 2633 1171 quia
2663 1099 2783 1171 ipse
2806 1099 2952 1155 Deus
2976 1100 3207 1156 ascendit
3245 1103 3435 1168 caelos,
3495 1103 3591 1175 qui
3638 1102 3778 1159 sim-

2166 1186 2294 1257 plex
2324 1186 2503 1242 homo
2522 1188 2839 1243 videbatur.
2866 1190 2934 1243 Et
2959 1190 3069 1245 hoc
3090 1191 3152 1245 in
3152 1190 3330 1261 jubilo
3356 1193 3777 1263 apostolorum,

2166 1271 2224 1327 id
2254 1277 2338 1329 est
2358 1275 2744 1345 gaudentibus
2773 1277 2941 1333 nobis
2969 1278 3240 1351 apostolis
3265 1279 3525 1335 interiori
3553 1280 3777 1349 laetitia,

2165 1378 2293 1433 quae
2316 1363 2566 1434 jubilum
2595 1365 2822 1422 dicitur.
2857 1367 2925 1421 Et
2942 1366 3060 1438 ipse
3090 1367 3354 1423 Dominus
3379 1368 3627 1425 existens
3646 1386 3777 1426 om-

2162 1451 2325 1507 nium
2350 1454 2608 1509 ascendit
2632 1458 2689 1509 in
2715 1473 2836 1512 voce
2867 1458 3026 1525 tubae,
3057 1457 3118 1512 id
3167 1461 3254 1514 est
3291 1458 3353 1513 in
3408 1460 3779 1516 attestatione

2159 1543 2500 1612 angelorum
2526 1560 2663 1599 voce
2693 1545 3036 1602 elementari
3057 1546 3238 1615 facta;
3266 1564 3395 1620 qua:
3423 1547 3533 1603 fuit
3560 1548 3634 1604 ad
3652 1566 3781 1605 mo-

2157 1629 2296 1684 dum
2328 1632 2453 1687 soni
2466 1632 2617 1688 tubae
2630 1634 2966 1704 manifesta;
2982 1635 3226 1707 ideoque
3253 1652 3357 1691 vox
3374 1637 3528 1692 tubae
3542 1636 3774 1706 dicitur,

2155 1718 2292 1789 quia
2321 1721 2512 1792 angeli
2544 1722 2747 1778 dixisse
2772 1724 3076 1796 leguntur:
3104 1747 3132 1775 ‹‹
3160 1724 3277 1780 Viri
3321 1725 3557 1793 Galilei,
3605 1748 3635 1775 »
3659 1731 3773 1783 etc.

445 1817 667 1886 gentes,
715 1816 772 1868 et
800 1811 979 1868 Iudaei
1027 1814 1084 1866 et
1127 1812 1391 1882 gentiles,
1404 1811 1647 1881 plaudite
1670 1813 1787 1867 Deo
1830 1811 2050 1866 Christo
2077 1804 2128 1863 B
2156 1798 2301 1865 lAct.
2323 1825 2361 1876 1,
2401 1813 2512 1882 Η.)
2535 1811 2684 1883 Ergo
2723 1812 2859 1885 quia
2880 1813 2958 1869 sic
2988 1813 3265 1881 ascendit,
3323 1818 3381 1869 et
3408 1814 3545 1887 quia
3586 1818 3775 1873 excel-

442 1903 708 1970 manibus,
740 1902 799 1956 id
816 1903 902 1956 est
926 1900 1174 1972 gaudete
1191 1900 1250 1955 in
1264 1900 1365 1955 Dei
1384 1900 1554 1955 laude
1574 1900 1741 1956 bonis
1754 1900 2049 1971 operibus:

442 2008 479 2048 a
504 1990 881 2047 similitudine
912 1990 1150 2045 illorum
1179 1989 1277 2061 qui
1308 2006 1429 2060 prae
1452 1988 1634 2044 nimia
1647 1988 1847 2044 laetitia
1865 1989 2052 2044 mani-

441 2080 547 2136 bus
572 2080 876 2152 plaudunt.
911 2077 1198 2143 Quoniam
1225 2081 1420 2133 autem
1440 2078 1709 2134 manibus
1721 2095 2052 2149 operemur,

441 2184 548 2240 pro
581 2168 850 2240 cperibus
875 2183 1080 2221 manus
1102 2169 1417 2239 ponuntur.
1435 2167 1503 2221 Et
1525 2183 1644 2221 non
1669 2167 1855 2222 solum
1875 2167 2058 2222 mani-

442 2257 549 2312 bus
596 2255 902 2328 plaudatis,
960 2255 1060 2310 sed
1104 2259 1161 2308 et
1179 2255 1412 2325 jubilate
1439 2254 1572 2322 Deo,
1604 2255 1664 2310 id
1695 2258 1780 2310 est
1825 2255 2056 2310 laudate

440 2345 625 2402 Deum
643 2345 851 2416 jubilo,
868 2344 926 2399 id
947 2343 1243 2399 estlaatitia
1272 2343 1697 2415 interiori,quee
1723 2361 1828 2399 nec
1852 2343 2056 2399 litteris

439 2447 548 2490 nec
579 2433 807 2505 syllabis
845 2430 1087 2502 exprimi
1118 2434 1327 2502 potest.
1361 2431 1429 2485 Et
1457 2431 1536 2485 sic
1559 2431 1803 2501 jubilate
1834 2435 1896 2487 ut
1923 2448 2053 2503 per-

440 2522 711 2579 severetis
740 2523 795 2575 in
824 2537 945 2575 voce
981 2520 1366 2586 exsultationis,
1417 2519 1475 2573 id
1503 2522 1587 2575 est
1615 2522 1674 2575 in
1706 2537 1842 2576 voce
1877 2522 2056 2576 exsul-

438 2610 604 2674 tandi
634 2627 766 2664 eum
784 2609 1073 2664 laudando
1089 2611 1147 2663 et
1169 2625 1302 2662 eum
1316 2607 1710 2680 praedicando.
1735 2609 2051 2664 Dicitenim

437 2698 595 2754 idem
621 2698 681 2753 in
706 2697 1011 2768 Evangelia
1032 2714 1046 2752 :
1070 2716 1101 2749 <<
1121 2696 1226 2760 Qui
1240 2712 1336 2751 me
1353 2696 1646 2751 confessus
1670 2696 1843 2752 fuerit
1855 2713 2052 2753 coram

435 2786 790 2853 hominibus,
825 2786 1148 2841 conﬁtebor
1189 2788 1247 2840 et
1300 2801 1407 2857 ego
1459 2802 1592 2841 eum
1648 2801 1846 2841 coram
1884 2788 2053 2842 Patre

436 2892 570 2931 meo
591 2875 743 2939 (Luc.
785 2891 883 2941 x11,
918 2874 969 2945 8)
997 2891 1009 2928 :
1043 2896 1070 2923 »
1102 2875 1169 2928 Et
1198 2889 1330 2928 ecce
1370 2890 1553 2929 causa:
1608 2890 1787 2946 quare
1834 2874 2055 2930 debetis

436 2964 487 3019 ei
544 2965 839 3036 plaudere,
886 2963 1135 3035 jubilare
1181 2967 1239 3019 et
1305 2965 1609 3033 exsultare,
1640 2967 1895 3037 quoniam
1931 2966 2051 3038 ipse

436 3052 690 3109 Christus
716 3052 812 3124 qui
844 3052 903 3107 in
928 3052 1198 3123 passione
1232 3052 1363 3107 vilis
1404 3053 1556 3107 visus
1600 3057 1706 3117 est,
1741 3054 1903 3125 quasi
1939 3071 2054 3110 ser-

435 3158 576 3197 vus:
607 3121 872 3197 Dominus
926 3121 1150 3196 excelsus
1197 3143 1283 3195 est
1343 3142 1631 3197 omnium.
1686 3143 1852 3197 Juxta
1896 3144 2051 3215 quod
2077 3121 2123 3180 Ο

433 3231 567 3286 alibi
596 3229 895 3284 Psalmista
919 3246 932 3284 :
966 3251 994 3281 ‹‹
1027 3231 1258 3283 Elevata
1284 3232 1370 3283 est
1391 3230 1825 3301 magniﬁcentia
1845 3234 1942 3285 tua
1962 3249 2051 3287 su-

433 3335 536 3390 per
561 3317 908 3389 coelos(Psal.
942 3334 1061 3383 vni,
1093 3322 1168 3381 2).
1194 3336 1225 3368 >>
1260 3318 1328 3370 Et
1377 3317 1475 3388 qui
1507 3317 1655 3372 visus
1713 3323 1799 3373 est
1833 3324 2049 3391 perter-

432 3404 592 3472 ritus,
625 3405 874 3458 terribilis
900 3405 1011 3459 erit
1044 3402 1346 3474 injustisin
1379 3404 1592 3460 futuro.
1653 3406 1815 3460 Unde
1846 3407 2048 3463 beatus

431 3493 735 3564 Gregorius
765 3509 777 3547 :
804 3514 832 3542 ‹‹
866 3493 934 3546 Et
959 3492 1213 3563 placidus
1236 3491 1424 3562 justis,
1453 3496 1512 3547 et
1562 3494 1828 3549 terribilis
1877 3511 2049 3568 appa-

429 3581 581 3636 rebit
636 3580 937 3652 injustis.»
971 3580 1039 3633 Et
1090 3580 1434 3651 Apostolus:
1467 3602 1495 3631 «
1546 3581 1912 3637 Horrendum
1962 3588 2048 3641 est

430 3670 682 3726 incidere
716 3670 774 3724 in
807 3685 1015 3724 manus
1066 3668 1171 3724 Dei
1210 3668 1448 3723 viventis
1477 3669 1666 3740 (Hebr.
1687 3672 1845 3744 x,3l)
1879 3688 1893 3728 :
1925 3693 1954 3722 »
1988 3677 2046 3729 et

430 3757 528 3831 qui
557 3757 705 3835 visus
727 3760 813 3812 est
840 3761 898 3813 et
927 3757 1243 3828 impotens,
1268 3774 1361 3811 rex
1390 3775 1614 3827 magnus
1658 3766 1751 3813 est.
1804 3760 1872 3815 Et
1912 3777 2043 3816 vere

427 3852 693 3918 magnus.
721 3846 864 3900 Nam
887 3863 986 3900 rex
1017 3849 1103 3900 est
1143 3862 1299 3916 super
1351 3861 1559 3900 omnem
1604 3857 1821 3902 terram.
1880 3849 2041 3904 Unde

427 3934 561 3989 alibi
582 3952 593 3989 :
614 3936 766 4006 «Ego
788 3934 1131 3989 constitutus
1153 3951 1279 3987 sum
1302 3950 1401 3988 rex
1421 3934 1492 3989 ab
1521 3951 1589 3988 eo
1613 3935 1786 4006 (Psal.
1815 3953 1873 4002 ιι,
1898 3936 1953 4008 6)
1976 3983 1985 3992 ,
2007 3957 2039 3991 »

426 4024 494 4077 Et
523 4024 582 4077 in
621 4022 732 4077 hoc
763 4026 1004 4094 apparet
1039 4037 1175 4076 eum
1222 4037 1507 4093 magnum
1539 4038 1741 4093 regem
1771 4027 1828 4077 et
1856 4027 2038 4080 Deum

426 4128 567 4177 esse,
604 4112 699 4181 qui
745 4111 891 4163 nobis
942 4125 1171 4180 quoque
1220 4109 1395 4163 servis
1426 4108 1537 4162 suis
1582 4111 1803 4179 subjecit
1818 4114 2039 4184 populos

422 4189 754 4253 Judaaorum
775 4214 789 4265 ;
814 4196 1010 4251 ﬁdeles
1038 4195 1254 4249 scilicet
1282 4203 1331 4250 et
1357 4204 1542 4266 gentes
1574 4198 1731 4254 misit
1773 4201 1870 4253 sub
1889 4203 2039 4272 pedi-
2086 4221 2091 4225 '

429 4287 519 4340 bus
550 4286 758 4352 nostris,
796 4284 855 4338 id
885 4287 971 4337 est
1002 4284 1249 4337 multum
1273 4284 1440 4338 nobis
1464 4284 1705 4355 subjecit
1732 4304 1746 4354 ;
1781 4305 1815 4342 a
1844 4288 2038 4345 simili~

422 4373 623 4428 tudine
649 4371 798 4426 illius
827 4371 923 4442 qui
951 4370 1249 4441 subjicitur
1290 4371 1532 4442 pedibus
1564 4373 1819 4445 alicujus.
1871 4376 2036 4440 Quod

425 4464 509 4514 est
541 4458 1107 4514 dicerezCredituros
1142 4476 1209 4513 ex
1240 4459 1448 4513 Iudaeis
1479 4464 1535 4514 et
1560 4463 1847 4532 gentibus,
1879 4465 2033 4537 regi-

423 4547 568 4603 mini
597 4551 789 4603 uostro
817 4546 1101 4615 subdidit;
1124 4550 1180 4600 et
1211 4547 1267 4601 in
1281 4548 1391 4603 hoc
1419 4555 1659 4620 apparet
1679 4553 1834 4623 quod
1852 4556 2033 4610 multo

422 4636 610 4707 magis
637 4636 743 4707 ipsi
790 4634 1004 4690 subditi
1036 4637 1187 4689 sunt.
1237 4636 1354 4691 Hoc
1406 4641 1597 4693 autem
1644 4641 1801 4711 quod
1834 4646 2036 4713 gentes

421 4724 587 4781 nobis
618 4723 880 4795 subjecit,
904 4740 1023 4778 non
1055 4723 1421 4795 contingitex
1451 4742 1653 4781 earum
1679 4730 1920 4799 meritis,
1936 4731 2037 4787 sed

420 4812 539 4886 ipse
569 4812 723 4884 elegit
748 4813 895 4867 nobis
930 4811 1291 4866 hareditatem
1330 4830 1502 4880 suam,
1536 4815 1594 4869 id
1638 4819 1724 4871 est
1765 4834 1831 4872 ex
1885 4821 2033 4875 elec-

420 4902 578 4958 tione
607 4899 1017 4956 misericordiaa
1041 4917 1155 4955 sua:
1186 4901 1426 4972 subjecit
1455 4903 1625 4958 nobis
1652 4909 1874 4976 gentes,
1904 4925 2030 4980 qua:

419 4993 555 5046 sunt
581 4988 892 5045 hmredilas
916 4988 965 5059 ej
976 5006 1038 5042 us
1052 5005 1227 5059 quam
1242 5005 1346 5060 per
1362 5006 1468 5045 nos
1497 4993 1721 5048 excolit.
1746 4994 2031 5058 Quoniam

420 5083 618 5135 autem
635 5095 751 5132 non
768 5094 971 5132 omnes
996 5080 1128 5131 sunt
1141 5077 1447 5134 haereditas
1459 5080 1600 5150 ejus,
1614 5083 1847 5153 exponit
1858 5102 2033 5155 quam

418 5166 818 5223 haereditatem
845 5165 1039 5237 elegit.
1066 5164 1157 5219 Sic
1182 5165 1394 5221 scilicet
1410 5168 1583 5240 elegit
1599 5173 1819 5240 speciem
1840 5173 2030 5242 Jacob,

420 5257 479 5311 id
509 5258 593 5310 est
612 5252 1038 5325 speciositatem
1068 5253 1352 5323 gentium,
1379 5254 1684 5326 ﬁguratam
1706 5275 1812 5328 per
1835 5262 2030 5316 Iacob.

419 5347 528 5399 Per
555 5343 729 5397 Iacob
761 5340 941 5408 enim,
992 5341 1089 5412 qui
1120 5342 1587 5398 benediclionem
1630 5348 1838 5418 majori
1868 5350 2031 5405 fratri

419 5430 722 5501 subripuit,
756 5433 959 5501 gentes
986 5432 1374 5502 praeﬁgurata:
1408 5436 1558 5500 sunt,
1592 5450 1719 5505 quin
1743 5436 1810 5507 in
1842 5439 2031 5494 locum

417 5520 750 5575 Iudaeorum
799 5520 966 5571 erant
1014 5534 1373 5574 successurus.
1424 5520 1590 5586 Quem
1636 5523 1808 5580 Iacob
1849 5527 2032 5582 dilexit

419 5605 722 5676 Dominus,
756 5606 901 5664 Esau
940 5608 1225 5680 neglecto,
1282 5607 1354 5664 de
1408 5626 1526 5683 ,quo
1572 5610 1846 5686 scriptum
1894 5620 2024 5675 est:

2158 1914 2270 1964 sus,
2300 1902 2358 1953 et
2386 1900 2660 1954 terribilis
2691 1904 2750 1956 et
2780 1918 2881 1957 rex
2915 1919 3164 1974 magnus
3186 1903 3556 1974 :psalliteDeo
3571 1912 3773 1974 nostro,

2157 1985 2216 2040 id
2246 1989 2350 2053 est,
2380 1987 2531 2044 bene
2558 1989 2882 2060 operamini
2928 1991 3003 2046 ad
3026 1991 3260 2046 laudem
3286 1992 3430 2065 ejus,
3464 1994 3598 2065 quia
3622 1995 3778 2049 Deus

2156 2076 2353 2129 noster
2382 2080 2490 2130 est.
2528 2076 2665 2132 Dico
2683 2078 2920 2149 psallite.
2954 2080 3023 2134 Et
3052 2082 3168 2150 regi
3210 2086 3387 2135 nostro
3427 2081 3661 2153 psallite,
3709 2082 3775 2138 id

2157 2166 2242 2217 est
2294 2164 2518 2233 psallite
2563 2165 2616 2220 ei
2666 2166 2803 2238 quia
2829 2183 2928 2222 rex
2977 2172 3173 2223 noster
3205 2172 3309 2224 est.
3360 2170 3588 2226 Psallite
3633 2187 3772 2228 vero

2156 2250 2325 2305 toties
2356 2253 2585 2323 repetit,
2619 2257 2682 2309 ut
2710 2256 2896 2328 magis
2937 2257 3287 2314 exhortetur.
3320 2260 3389 2314 Et
3431 2275 3550 2314 non
3582 2260 3772 2317 solum

2157 2340 2290 2410 quia
2322 2357 2419 2395 rex
2450 2346 2648 2398 noster
2676 2348 2780 2413 est,
2813 2345 2872 2400 id
2921 2352 3006 2402 est
3043 2351 3305 2403 nostrum
3350 2349 3769 2419 apostolorum.

2155 2429 2268 2484 Sed
2297 2434 2550 2502 quoniam
2575 2434 2723 2488 Deus
2749 2438 2834 2489 est
2862 2453 2955 2489 rex
2973 2439 3141 2490 omnis
3170 2443 3342 2506 terrae,
3374 2437 3435 2492 id
3464 2442 3552 2493 est
3579 2439 3772 2495 omnis

2155 2518 2314 2573 modi
2366 2522 2556 2588 terrai,
2608 2522 2835 2593 psallite
2875 2524 3004 2596 ipsi.
3053 2526 3120 2579 Et
3146 2525 3255 2581 hoc
3284 2528 3567 2598 sapienter,
3596 2528 3655 2582 id
3682 2532 3773 2584 est

2153 2606 2301 2661 sicut
2331 2609 2691 2677 psallendum
2719 2615 2822 2678 est,
2851 2630 2968 2667 non
2996 2630 3127 2668 cum
3159 2614 3492 2685 arrogantia
3506 2618 3566 2671 et
3584 2617 3768 2688 negli-

2154 2695 2369 2765 gentia.
2404 2698 2629 2753 Diceret
2662 2699 2866 2771 aliquis
2895 2718 2908 2756 :
2939 2700 3126 2766 Quare
3179 2702 3318 2758 dicis
3348 2704 3505 2775 quod
3554 2721 3654 2759 rex
3681 2708 3770 2760 est

2154 2784 2343 2839 omnis
2372 2788 2561 2853 terrm,
2593 2804 2727 2842 cum
2758 2806 2877 2845 non
2899 2790 2971 2844 sit
2999 2792 3146 2846 Deus
3160 2791 3264 2845 nisi
3288 2792 3767 2850 Iudasorum?Ad

2152 2872 2261 2927 hoc
2299 2890 2433 2928 vero
2477 2875 2556 2929 sic
2601 2876 2974 2934 additzBene
3004 2879 3166 2952 posui
3197 2882 3365 2935 omnis
3414 2888 3584 2937 terrae.
3636 2882 3762 2938 Non

2152 2961 2308 3016 enim
2328 2980 2499 3035 super
2512 2965 2539 3019 J
2546 2965 2738 3021 udaeos
2760 2970 3015 3037 tantum,
3042 2970 3142 3025 sed
3169 2970 3345 3025 etiam
3360 2973 3601 3042 regnabit
3617 2972 3766 3029 Deus

2148 3066 2303 3120 super
2320 3059 2516 3121 gentes.
2550 3054 2797 3125 Exponit
2824 3073 2957 3112 vero
2986 3073 3156 3128 super
3185 3075 3328 3130 quas
3366 3063 3587 3131 gentes,
3632 3063 3713 3118 sic
3744 3080 3759 3119 :

2149 3138 2273 3192 Non
2309 3144 2501 3196 autem
2534 3142 2611 3197 sic
2638 3144 2929 3213 regnabit,
2956 3148 3019 3200 ut
3047 3146 3222 3202 modo
3253 3162 3369 3202 non
3400 3152 3628 3221 regnet,
3659 3151 3761 3207 sed

2150 3230 2207 3281 et
2236 3245 2389 3282 nunc
2418 3230 2557 3307 sedet
2578 3230 2645 3307 El
2656 3234 2973 3307 aeternum,
2996 3251 3249 3292 sessurus
3275 3253 3432 3307 super
3443 3238 3616 3293 sedem
3633 3258 3761 3295 san-

2149 3324 2289 3370 ctam
2337 3334 2510 3385 suam,
2535 3302 2552 3388 I
2724 3319 2781 3375 id
2798 3326 2884 3377 est
2897 3339 3069 3395 super
3088 3340 3186 3379 eos
3207 3325 3279 3380 de
3289 3302 3556 3397 gentibus
3575 3328 3757 3396 sedet,

2149 3405 2247 3475 qui
2280 3409 2421 3459 sunt
2446 3407 2608 3461 sedes
2637 3413 2835 3464 sancta
2857 3414 3058 3479 sua,ut
3077 3428 3174 3467 eos
3196 3413 3407 3486 dirigat
3438 3415 3509 3471 de
3530 3415 3760 3474 bonoin

2145 3493 2370 3552 melius.
2428 3495 2590 3550 Unde
2642 3497 3019 3569 Propheta:«
3065 3500 3252 3573 Regni
3307 3504 3430 3575 ejus
3477 3521 3596 3560 non
3650 3506 3763 3561 erit

2147 3580 2277 3636 ﬁnis
2307 3581 2498 3653 (Mich.
2530 3601 2604 3651 IV,
2640 3591 2704 3654 7;
2737 3586 2870 3641 Luc.
2901 3604 2941 3655 ι,
2983 3588 3096 3660 33).
3130 3610 3159 3638 »
3191 3590 3485 3655 Quaareret
3513 3594 3756 3666 aliquis:

2146 3668 2449 3733 Quomodo
2475 3672 2580 3727 sibi
2594 3690 2843 3746 regnum
2860 3676 2917 3730 in
2939 3677 3207 3748 gentibus
3228 3681 3582 3750 paravit?Ad
3600 3683 3760 3754 quod

2143 3759 2222 3812 sic
2273 3761 2607 3833 respondet,
2651 3764 2807 3835 quod
2856 3767 3134 3838 principes
3174 3769 3519 3839 populorum,
3559 3771 3618 3825 id
3671 3775 3761 3826 est

2141 3865 2327 3920 reges,
2347 3850 2538 3917 duces,
2567 3854 2625 3905 et
2648 3853 2841 3907 caeteri
2861 3859 3172 3924 congregati
3185 3864 3309 3911 sunt
3326 3857 3401 3913 ad
3412 3859 3619 3915 ﬁdem:
3637 3876 3756 3916 non

2141 3954 2274 3992 cum
2306 3940 2521 3993 recenti
2538 3941 2678 4009 Deo,
2702 3941 2802 3996 sed
2827 3960 2948 3996 cum
2967 3943 3080 3999 Deo
3095 3944 3145 3999 Α
3160 3945 3400 4015 braham,
3429 3947 3487 4002 id
3515 3952 3602 4004 est
3621 3966 3756 4006 cum

2139 4026 2257 4081 Deo
2287 4031 2527 4095 aeterno,
2552 4045 2726 4099 quem
2750 4030 2926 4085 coluit
2966 4032 3283 4103 Abraham,
3311 4035 3554 4093 vivendo
3580 4038 3753 4106 bene,

2140 4132 2257 4170 non
2284 4115 2673 4172 dissentiendo
2696 4119 2766 4173 ab
2794 4135 2884 4186 eo,
2916 4120 3158 4177 vivendo
3207 4137 3495 4193 perverse.
3554 4126 3623 4181 Et
3650 4144 3758 4198 per

2140 4203 2426 4277 principes
2454 4208 2589 4259 sunt
2630 4208 2964 4279 congregati
3006 4209 3282 4266 minores.
3330 4215 3527 4269 Posset
3573 4215 3753 4274 etiam

2139 4292 2318 4363 quaeri
2343 4310 2355 4347 :
2378 4293 2598 4350 Suntne
2627 4312 2732 4366 per
2753 4296 2999 4353 liberum
3026 4299 3332 4356 arbitrium
3368 4304 3752 4376 congregati?

2138 4380 2537 4452 Respondetur
2565 4399 2578 4436 :
2608 4383 3004 4457 Nequaquam.
3038 4386 3151 4443 Sed
3182 4406 3286 4461 per
3315 4406 3421 4445 nos
3435 4392 3533 4464 qui
3554 4409 3753 4451 sumus

2135 4470 2215 4523 dii
2233 4477 2405 4537 terra’,
2434 4471 2494 4526 id
2512 4476 2599 4527 est
2624 4474 2909 4541 Ecclesiai,
2934 4492 3061 4547 qum
3078 4476 3180 4532 Dei
3216 4480 3375 4535 terra
3404 4484 3520 4549 est;
3570 4483 3657 4537 vel
3682 4481 3746 4537 di

2135 4562 2325 4625 terras,
2342 4559 2399 4614 id
2416 4564 2500 4615 est
2515 4561 2763 4616 deiﬁcati
2778 4578 2845 4617 ex
2861 4564 3126 4633 terrenis,
3145 4567 3300 4637 quod
3318 4568 3477 4639 prius
3497 4586 3749 4626 eramus.

2137 4646 2424 4710 Quoniam
2449 4647 2527 4703 dii
2552 4652 2743 4717 terra),
2772 4667 2878 4706 nos
2906 4651 3140 4719 scilicet,
3153 4654 3318 4723 fortes
3339 4655 3400 4711 in
3426 4659 3752 4715 constantia

2135 4736 2580 4806 praedicationis,
2615 4738 2990 4795 vehementer
3023 4740 3213 4797 elevati
3235 4751 3359 4800 sunt
3396 4744 3456 4800 iu
3488 4747 3752 4818 potentia

2135 4824 2568 4893 miraculorum,
2602 4844 2633 4878 α
2665 4828 2912 4883 Domino
2943 4834 3313 4902 cooperante,
3333 4835 3393 4888 et
3415 4851 3750 4891 sermonem

2134 4914 2518 4969 conﬁrmante
2530 4915 2902 4988 sequentibus
2932 4918 3107 4990 signis
3123 4919 3331 4989 (Marc.
3357 4938 3469 4990 xvn,
3503 4926 3621 4991 20).
3639 4925 3751 4980 »Et

2131 5019 2237 5073 per
2265 5003 2737 5073 praedicationem
2755 5007 2813 5059 et
2826 5005 3349 5065 miraculaillorum
3372 5010 3616 5068 deorum
3628 5030 3753 5068 con-

2130 5092 2339 5160 gregati
2370 5098 2494 5145 sunt
2536 5094 2802 5164 principes
2816 5095 3159 5166 populorum.
3194 5097 3280 5151 Dii
3309 5098 3547 5170 quidem
3604 5117 3746 5172 apo-

2134 5179 2263 5235 stoli
2291 5180 2440 5234 bene
2455 5180 2741 5248 dicuntur,
2765 5198 2832 5236 eo
2848 5183 3002 5255 quod
3018 5183 3095 5238 dii
3117 5185 3365 5242 ﬁliisunt
3389 5187 3743 5260 spirituales:

2132 5271 2190 5323 et
2218 5268 2277 5322 in
2308 5268 2611 5323 sanctitate
2643 5269 2772 5324 vita:
2802 5275 2979 5342 prout
3020 5274 3288 5345 possibile
3334 5276 3462 5344 fuit,
3495 5276 3742 5346 Christo,

2133 5356 2233 5428 qui
2269 5357 2417 5411 Deus
2439 5360 2545 5424 est,
2577 5357 2843 5413 exstitere
2872 5360 3230 5417 conformes:
3248 5366 3307 5417 et
3335 5364 3393 5418 in
3421 5364 3576 5421 caelis
3606 5380 3745 5437 quo-

2132 5461 2243 5517 que
2272 5448 2403 5517 post
2447 5446 2635 5500 carnis
2691 5446 3135 5518 absolutionem,
3184 5450 3307 5521 ejus
3357 5454 3492 5506 sunt
3539 5452 3739 5521 glorias

2130 5533 2455 5605 participes.
2480 5533 2641 5589 Unde
2656 5551 2760 5607 per
2780 5537 3140 5594 Psalmistam
3177 5539 3383 5596 bicitur
3406 5558 3420 5596 :
3447 5541 3565 5614 Ego
3587 5540 3734 5597 dixi:

2131 5622 2219 5680 Dii
2249 5622 2382 5678 estis
2401 5622 2574 5695 (Psal.
2606 5639 2785 5692 Lxxxr,
2817 5625 2892 5696 6),
