  <div class='ocr_page' id='page_1' title='image "/cluster/home/n/w/nwhite01/storage/ocr_20150623/152/hvd.32044054760103/426.png"; bbox 0 0 3994 6042; ppageno 0'>
   <div class='ocr_carea' id='block_1_1' title="bbox 689 436 1343 499">
    <p class='ocr_par' dir='ltr' id='par_1_1' title="bbox 689 436 1343 499">
     <span class='ocr_line' id='line_1_1' title="bbox 689 436 1343 499; baseline -0.002 -1"><span class='ocrx_word' id='word_1_1' title='bbox 689 438 759 498; x_wconf 82' lang='lat' dir='ltr'>IN</span> <span class='ocrx_word' id='word_1_2' title='bbox 790 436 1117 499; x_wconf 78' lang='lat' dir='ltr'>PSALMUM</span> <span class='ocrx_word' id='word_1_3' title='bbox 1142 440 1343 498; x_wconf 82' lang='lat' dir='ltr'>XLVII.</span> 
     </span>
    </p>
   </div>
   <div class='ocr_carea' id='block_1_2' title="bbox 222 528 1825 607">
    <p class='ocr_par' dir='ltr' id='par_1_2' title="bbox 222 528 1825 607">
     <span class='ocr_line' id='line_1_2' title="bbox 222 528 1825 607; baseline -0.005 -17"><span class='ocrx_word' id='word_1_4' title='bbox 222 532 443 591; x_wconf 77' lang='lat' dir='ltr'>Titulus</span> <span class='ocrx_word' id='word_1_5' title='bbox 506 529 933 607; x_wconf 83' lang='lat' dir='ltr'>quadragesimi</span> <span class='ocrx_word' id='word_1_6' title='bbox 990 530 1246 603; x_wconf 77' lang='lat' dir='ltr'>septimi:</span> <span class='ocrx_word' id='word_1_7' title='bbox 1294 529 1548 588; x_wconf 83' lang='lat' dir='ltr'>Psalmus</span> <span class='ocrx_word' id='word_1_8' title='bbox 1610 528 1825 597; x_wconf 87' lang='lat' dir='ltr'>cantici,</span> 
     </span>
    </p>
   </div>
   <div class='ocr_carea' id='block_1_3' title="bbox 219 618 1826 691">
    <p class='ocr_par' dir='ltr' id='par_1_3' title="bbox 219 618 1826 691">
     <span class='ocr_line' id='line_1_3' title="bbox 219 618 1826 691; baseline -0.002 -14"><span class='ocrx_word' id='word_1_9' title='bbox 219 622 449 678; x_wconf 71' lang='lat' dir='ltr'>filiorum</span> <span class='ocrx_word' id='word_1_10' title='bbox 480 619 615 678; x_wconf 86' lang='lat' dir='ltr'>Core</span> <span class='ocrx_word' id='word_1_11' title='bbox 645 620 877 677; x_wconf 80' lang='lat' dir='ltr'>secunda</span> <span class='ocrx_word' id='word_1_12' title='bbox 906 619 1150 687; x_wconf 86' lang='lat' dir='ltr'>Sabbati,</span> <span class='ocrx_word' id='word_1_13' title='bbox 1185 620 1349 685; x_wconf 87' lang='lat' dir='ltr'>Quod</span> <span class='ocrx_word' id='word_1_14' title='bbox 1375 619 1453 673; x_wconf 91' lang='lat' dir='ltr'>sic</span> <span class='ocrx_word' id='word_1_15' title='bbox 1483 618 1826 691; x_wconf 82' lang='lat' dir='ltr'>exponitur:</span> 
     </span>
    </p>
   </div>
   <div class='ocr_carea' id='block_1_4' title="bbox 221 708 1828 781">
    <p class='ocr_par' dir='ltr' id='par_1_4' title="bbox 221 708 1828 781">
     <span class='ocr_line' id='line_1_4' title="bbox 221 708 1828 781; baseline -0.005 -14"><span class='ocrx_word' id='word_1_16' title='bbox 221 710 486 775; x_wconf 83' lang='lat' dir='ltr'>Psalmus,</span> <span class='ocrx_word' id='word_1_17' title='bbox 525 710 584 765; x_wconf 91' lang='lat' dir='ltr'>id</span> <span class='ocrx_word' id='word_1_18' title='bbox 613 712 698 765; x_wconf 90' lang='lat' dir='ltr'>est</span> <span class='ocrx_word' id='word_1_19' title='bbox 737 711 1010 764; x_wconf 86' lang='lat' dir='ltr'>tractatus</span> <span class='ocrx_word' id='word_1_20' title='bbox 1059 708 1163 763; x_wconf 80' lang='lat' dir='ltr'>iste</span> <span class='ocrx_word' id='word_1_21' title='bbox 1203 711 1288 763; x_wconf 90' lang='lat' dir='ltr'>est</span> <span class='ocrx_word' id='word_1_22' title='bbox 1326 709 1576 781; x_wconf 86' lang='lat' dir='ltr'>psalmus</span> <span class='ocrx_word' id='word_1_23' title='bbox 1614 708 1828 770; x_wconf 88' lang='lat' dir='ltr'>cantici,</span> 
     </span>
    </p>
   </div>
   <div class='ocr_carea' id='block_1_5' title="bbox 215 796 1826 865">
    <p class='ocr_par' dir='ltr' id='par_1_5' title="bbox 215 796 1826 865">
     <span class='ocr_line' id='line_1_5' title="bbox 215 796 1826 865; baseline -0.004 -8"><span class='ocrx_word' id='word_1_24' title='bbox 215 800 279 857; x_wconf 89' lang='lat' dir='ltr'>id</span> <span class='ocrx_word' id='word_1_25' title='bbox 309 804 396 857; x_wconf 88' lang='lat' dir='ltr'>est</span> <span class='ocrx_word' id='word_1_26' title='bbox 441 802 716 856; x_wconf 89' lang='lat' dir='ltr'>tractatus</span> <span class='ocrx_word' id='word_1_27' title='bbox 771 797 1005 865; x_wconf 61' lang='lat' dir='ltr'>laetitias,</span> <span class='ocrx_word' id='word_1_28' title='bbox 1063 797 1367 852; x_wconf 91' lang='lat' dir='ltr'>continens</span> <span class='ocrx_word' id='word_1_29' title='bbox 1417 796 1826 851; x_wconf 89' lang='lat' dir='ltr'>fundationem</span> 
     </span>
    </p>
   </div>
   <div class='ocr_carea' id='block_1_6' title="bbox 216 884 1834 945">
    <p class='ocr_par' dir='ltr' id='par_1_6' title="bbox 216 884 1834 945">
     <span class='ocr_line' id='line_1_6' title="bbox 216 884 1834 945; baseline -0.003 -1"><span class='ocrx_word' id='word_1_30' title='bbox 216 888 498 945; x_wconf 80' lang='lat' dir='ltr'>Ecclesiae.</span> <span class='ocrx_word' id='word_1_31' title='bbox 519 889 680 944; x_wconf 87' lang='lat' dir='ltr'>Unde</span> <span class='ocrx_word' id='word_1_32' title='bbox 692 887 866 942; x_wconf 84' lang='lat' dir='ltr'>debet</span> <span class='ocrx_word' id='word_1_33' title='bbox 885 886 1085 941; x_wconf 89' lang='lat' dir='ltr'>haberi</span> <span class='ocrx_word' id='word_1_34' title='bbox 1103 886 1301 941; x_wconf 87' lang='lat' dir='ltr'>laetitia</span> <span class='ocrx_word' id='word_1_35' title='bbox 1322 886 1394 941; x_wconf 89' lang='lat' dir='ltr'>ab</span> <span class='ocrx_word' id='word_1_36' title='bbox 1413 886 1683 940; x_wconf 89' lang='lat' dir='ltr'>omnibus</span> <span class='ocrx_word' id='word_1_37' title='bbox 1698 884 1834 939; x_wconf 87' lang='lat' dir='ltr'>ﬁde-</span> 
     </span>
    </p>
   </div>
   <div class='ocr_carea' id='block_1_7' title="bbox 214 973 1830 1050">
    <p class='ocr_par' dir='ltr' id='par_1_7' title="bbox 214 973 1830 1050">
     <span class='ocr_line' id='line_1_7' title="bbox 214 973 1830 1050; baseline -0.002 -17"><span class='ocrx_word' id='word_1_38' title='bbox 214 978 384 1034; x_wconf 87' lang='lat' dir='ltr'>libus.</span> <span class='ocrx_word' id='word_1_39' title='bbox 430 978 527 1033; x_wconf 87' lang='lat' dir='ltr'>Vel</span> <span class='ocrx_word' id='word_1_40' title='bbox 584 977 837 1050; x_wconf 85' lang='lat' dir='ltr'>psalmus</span> <span class='ocrx_word' id='word_1_41' title='bbox 913 974 1230 1035; x_wconf 70' lang='lat' dir='ltr'>laatitiae.id</span> <span class='ocrx_word' id='word_1_42' title='bbox 1268 977 1354 1029; x_wconf 87' lang='lat' dir='ltr'>est</span> <span class='ocrx_word' id='word_1_43' title='bbox 1411 973 1722 1029; x_wconf 89' lang='lat' dir='ltr'>ostendens</span> <span class='ocrx_word' id='word_1_44' title='bbox 1770 974 1830 1029; x_wconf 88' lang='lat' dir='ltr'>in</span> 
     </span>
    </p>
   </div>
   <div class='ocr_carea' id='block_1_8' title="bbox 214 1062 1828 1141">
    <p class='ocr_par' dir='ltr' id='par_1_8' title="bbox 214 1062 1828 1141">
     <span class='ocr_line' id='line_1_8' title="bbox 214 1062 1828 1141; baseline -0.005 -18"><span class='ocrx_word' id='word_1_45' title='bbox 214 1069 435 1141; x_wconf 86' lang='lat' dir='ltr'>quanta</span> <span class='ocrx_word' id='word_1_46' title='bbox 457 1065 656 1121; x_wconf 74' lang='lat' dir='ltr'>laetitia</span> <span class='ocrx_word' id='word_1_47' title='bbox 694 1063 868 1119; x_wconf 87' lang='lat' dir='ltr'>fuerit</span> <span class='ocrx_word' id='word_1_48' title='bbox 893 1062 1141 1118; x_wconf 84' lang='lat' dir='ltr'>Ecclesia</span> <span class='ocrx_word' id='word_1_49' title='bbox 1170 1062 1228 1117; x_wconf 90' lang='lat' dir='ltr'>in</span> <span class='ocrx_word' id='word_1_50' title='bbox 1258 1062 1434 1136; x_wconf 89' lang='lat' dir='ltr'>ipsius</span> <span class='ocrx_word' id='word_1_51' title='bbox 1464 1062 1828 1118; x_wconf 86' lang='lat' dir='ltr'>fundatione.</span> 
     </span>
    </p>
   </div>
   <div class='ocr_carea' id='block_1_9' title="bbox 212 1149 1831 1229">
    <p class='ocr_par' dir='ltr' id='par_1_9' title="bbox 212 1149 1831 1229">
     <span class='ocr_line' id='line_1_9' title="bbox 212 1149 1831 1229; baseline -0.004 -17"><span class='ocrx_word' id='word_1_52' title='bbox 212 1157 280 1212; x_wconf 89' lang='lat' dir='ltr'>In</span> <span class='ocrx_word' id='word_1_53' title='bbox 309 1157 419 1211; x_wconf 89' lang='lat' dir='ltr'>hoc</span> <span class='ocrx_word' id='word_1_54' title='bbox 470 1155 689 1229; x_wconf 87' lang='lat' dir='ltr'>psalmo</span> <span class='ocrx_word' id='word_1_55' title='bbox 744 1152 1191 1208; x_wconf 88' lang='lat' dir='ltr'>introducuntur</span> <span class='ocrx_word' id='word_1_56' title='bbox 1236 1152 1335 1205; x_wconf 89' lang='lat' dir='ltr'>ﬁlii</span> <span class='ocrx_word' id='word_1_57' title='bbox 1382 1149 1831 1222; x_wconf 80' lang='lat' dir='ltr'>Corezapostoli</span> 
     </span>
    </p>
   </div>
   <div class='ocr_carea' id='block_1_10' title="bbox 211 1241 1834 1316">
    <p class='ocr_par' dir='ltr' id='par_1_10' title="bbox 211 1241 1834 1316">
     <span class='ocr_line' id='line_1_10' title="bbox 211 1241 1834 1316; baseline -0.004 -14"><span class='ocrx_word' id='word_1_58' title='bbox 211 1246 429 1303; x_wconf 75' lang='lat' dir='ltr'>Scilicet</span> <span class='ocrx_word' id='word_1_59' title='bbox 450 1247 687 1316; x_wconf 85' lang='lat' dir='ltr'>agentes</span> <span class='ocrx_word' id='word_1_60' title='bbox 718 1243 788 1297; x_wconf 91' lang='lat' dir='ltr'>de</span> <span class='ocrx_word' id='word_1_61' title='bbox 819 1243 928 1298; x_wconf 90' lang='lat' dir='ltr'>hoc</span> <span class='ocrx_word' id='word_1_62' title='bbox 967 1241 1121 1315; x_wconf 89' lang='lat' dir='ltr'>quod</span> <span class='ocrx_word' id='word_1_63' title='bbox 1161 1241 1545 1314; x_wconf 86' lang='lat' dir='ltr'>signiﬁcatum</span> <span class='ocrx_word' id='word_1_64' title='bbox 1580 1245 1686 1303; x_wconf 87' lang='lat' dir='ltr'>est,</span> <span class='ocrx_word' id='word_1_65' title='bbox 1730 1256 1834 1312; x_wconf 91' lang='lat' dir='ltr'>per</span> 
     </span>
    </p>
   </div>
   <div class='ocr_carea' id='block_1_11' title="bbox 209 1329 1831 1406">
    <p class='ocr_par' dir='ltr' id='par_1_11' title="bbox 209 1329 1831 1406">
     <span class='ocr_line' id='line_1_11' title="bbox 209 1329 1831 1406; baseline -0.004 -16"><span class='ocrx_word' id='word_1_66' title='bbox 209 1334 324 1390; x_wconf 93' lang='lat' dir='ltr'>hoc</span> <span class='ocrx_word' id='word_1_67' title='bbox 354 1332 509 1406; x_wconf 90' lang='lat' dir='ltr'>quod</span> <span class='ocrx_word' id='word_1_68' title='bbox 539 1331 823 1403; x_wconf 87' lang='lat' dir='ltr'>contingit</span> <span class='ocrx_word' id='word_1_69' title='bbox 852 1331 912 1385; x_wconf 90' lang='lat' dir='ltr'>in</span> <span class='ocrx_word' id='word_1_70' title='bbox 950 1330 1203 1385; x_wconf 90' lang='lat' dir='ltr'>secunda</span> <span class='ocrx_word' id='word_1_71' title='bbox 1251 1329 1510 1394; x_wconf 88' lang='lat' dir='ltr'>Sabbati,</span> <span class='ocrx_word' id='word_1_72' title='bbox 1556 1330 1615 1385; x_wconf 89' lang='lat' dir='ltr'>id</span> <span class='ocrx_word' id='word_1_73' title='bbox 1645 1333 1730 1385; x_wconf 90' lang='lat' dir='ltr'>est</span> <span class='ocrx_word' id='word_1_74' title='bbox 1761 1330 1831 1384; x_wconf 90' lang='lat' dir='ltr'>de</span> 
     </span>
    </p>
   </div>
   <div class='ocr_carea' id='block_1_12' title="bbox 208 1420 1834 1495">
    <p class='ocr_par' dir='ltr' id='par_1_12' title="bbox 208 1420 1834 1495">
     <span class='ocr_line' id='line_1_12' title="bbox 208 1420 1834 1495; baseline -0.002 -17"><span class='ocrx_word' id='word_1_75' title='bbox 208 1439 276 1478; x_wconf 88' lang='lat' dir='ltr'>re</span> <span class='ocrx_word' id='word_1_76' title='bbox 306 1423 655 1495; x_wconf 61' lang='lat' dir='ltr'>praesignata</span> <span class='ocrx_word' id='word_1_77' title='bbox 672 1438 777 1493; x_wconf 91' lang='lat' dir='ltr'>per</span> <span class='ocrx_word' id='word_1_78' title='bbox 787 1421 1226 1475; x_wconf 89' lang='lat' dir='ltr'>ﬁrmamentum</span> <span class='ocrx_word' id='word_1_79' title='bbox 1249 1420 1405 1491; x_wconf 89' lang='lat' dir='ltr'>quod</span> <span class='ocrx_word' id='word_1_80' title='bbox 1421 1432 1680 1475; x_wconf 89' lang='lat' dir='ltr'>creatum</span> <span class='ocrx_word' id='word_1_81' title='bbox 1696 1423 1781 1474; x_wconf 89' lang='lat' dir='ltr'>est</span> <span class='ocrx_word' id='word_1_82' title='bbox 1799 1436 1834 1475; x_wconf 91' lang='lat' dir='ltr'>a</span> 
     </span>
    </p>
   </div>
   <div class='ocr_carea' id='block_1_13' title="bbox 214 1508 1833 1580">
    <p class='ocr_par' dir='ltr' id='par_1_13' title="bbox 214 1508 1833 1580">
     <span class='ocr_line' id='line_1_13' title="bbox 214 1508 1833 1580; baseline -0.002 -13"><span class='ocrx_word' id='word_1_83' title='bbox 214 1513 336 1567; x_wconf 89' lang='lat' dir='ltr'>Deo</span> <span class='ocrx_word' id='word_1_84' title='bbox 370 1511 428 1566; x_wconf 91' lang='lat' dir='ltr'>in</span> <span class='ocrx_word' id='word_1_85' title='bbox 458 1511 709 1565; x_wconf 88' lang='lat' dir='ltr'>secunda</span> <span class='ocrx_word' id='word_1_86' title='bbox 737 1508 990 1575; x_wconf 86' lang='lat' dir='ltr'>Sabbati,</span> <span class='ocrx_word' id='word_1_87' title='bbox 1025 1525 1199 1580; x_wconf 86' lang='lat' dir='ltr'>quem</span> <span class='ocrx_word' id='word_1_88' title='bbox 1229 1508 1413 1563; x_wconf 87' lang='lat' dir='ltr'>Latini</span> <span class='ocrx_word' id='word_1_89' title='bbox 1444 1508 1641 1563; x_wconf 88' lang='lat' dir='ltr'>dicunt</span> <span class='ocrx_word' id='word_1_90' title='bbox 1679 1508 1833 1564; x_wconf 89' lang='lat' dir='ltr'>diem</span> 
     </span>
    </p>
   </div>
   <div class='ocr_carea' id='block_1_14' title="bbox 212 1595 1832 1669">
    <p class='ocr_par' dir='ltr' id='par_1_14' title="bbox 212 1595 1832 1669">
     <span class='ocr_line' id='line_1_14' title="bbox 212 1595 1832 1669; baseline -0.002 -14"><span class='ocrx_word' id='word_1_91' title='bbox 212 1600 412 1666; x_wconf 76' lang='lat' dir='ltr'>Lunae,</span> <span class='ocrx_word' id='word_1_92' title='bbox 446 1599 669 1653; x_wconf 59' lang='lat' dir='ltr'>Hebraei</span> <span class='ocrx_word' id='word_1_93' title='bbox 708 1615 866 1661; x_wconf 88' lang='lat' dir='ltr'>vero,</span> <span class='ocrx_word' id='word_1_94' title='bbox 916 1597 1036 1652; x_wconf 90' lang='lat' dir='ltr'>dies</span> <span class='ocrx_word' id='word_1_95' title='bbox 1067 1614 1099 1648; x_wconf 83' lang='lat' dir='ltr'>a</span> <span class='ocrx_word' id='word_1_96' title='bbox 1131 1595 1378 1652; x_wconf 88' lang='lat' dir='ltr'>Sabbato</span> <span class='ocrx_word' id='word_1_97' title='bbox 1412 1600 1832 1669; x_wconf 88' lang='lat' dir='ltr'>computantes,</span> 
     </span>
    </p>
   </div>
   <div class='ocr_carea' id='block_1_15' title="bbox 209 1686 1835 1758">
    <p class='ocr_par' dir='ltr' id='par_1_15' title="bbox 209 1686 1835 1758">
     <span class='ocr_line' id='line_1_15' title="bbox 209 1686 1835 1758; baseline -0.003 -13"><span class='ocrx_word' id='word_1_98' title='bbox 209 1689 470 1745; x_wconf 88' lang='lat' dir='ltr'>secunda</span> <span class='ocrx_word' id='word_1_99' title='bbox 491 1687 725 1742; x_wconf 88' lang='lat' dir='ltr'>Sabbati</span> <span class='ocrx_word' id='word_1_100' title='bbox 745 1686 960 1741; x_wconf 89' lang='lat' dir='ltr'>dicunt.</span> <span class='ocrx_word' id='word_1_101' title='bbox 995 1687 1104 1740; x_wconf 90' lang='lat' dir='ltr'>Per</span> <span class='ocrx_word' id='word_1_102' title='bbox 1122 1686 1557 1741; x_wconf 90' lang='lat' dir='ltr'>ﬁrmamentum</span> <span class='ocrx_word' id='word_1_103' title='bbox 1582 1702 1835 1758; x_wconf 89' lang='lat' dir='ltr'>namque</span> 
     </span>
    </p>
   </div>
   <div class='ocr_carea' id='block_1_16' title="bbox 1178 306 2570 379">
    <p class='ocr_par' dir='ltr' id='par_1_16' title="bbox 1178 306 2570 379">
     <span class='ocr_line' id='line_1_16' title="bbox 1178 306 2570 379; baseline 0.001 -3"><span class='ocrx_word' id='word_1_104' title='bbox 1178 306 1536 377; x_wconf 74' lang='lat' dir='ltr'>EXPOSI‘I‘IO</span> <span class='ocrx_word' id='word_1_105' title='bbox 1573 310 1645 375; x_wconf 79' lang='lat' dir='ltr'>IN</span> <span class='ocrx_word' id='word_1_106' title='bbox 1681 306 2019 375; x_wconf 79' lang='lat' dir='ltr'>PSALMOS.</span> <span class='ocrx_word' id='word_1_107' title='bbox 2053 345 2122 361; x_wconf 87' lang='lat'>--</span> <span class='ocrx_word' id='word_1_108' title='bbox 2153 306 2349 379; x_wconf 74' lang='lat' dir='ltr'>PSAL.</span> <span class='ocrx_word' id='word_1_109' title='bbox 2387 313 2570 378; x_wconf 80' lang='lat' dir='ltr'>XLVII</span> 
     </span>
    </p>
   </div>
   <div class='ocr_carea' id='block_1_17' title="bbox 3436 314 3542 382">
    <p class='ocr_par' dir='ltr' id='par_1_17' title="bbox 3436 314 3542 382">
     <span class='ocr_line' id='line_1_17' title="bbox 3436 314 3542 382; baseline 0.009 -1"><span class='ocrx_word' id='word_1_110' title='bbox 3436 314 3542 382; x_wconf 67' lang='grc'>842</span> 
     </span>
    </p>
   </div>
   <div class='ocr_carea' id='block_1_18' title="bbox 1849 437 3545 516">
    <p class='ocr_par' dir='ltr' id='par_1_18' title="bbox 1849 437 3545 516">
     <span class='ocr_line' id='line_1_18' title="bbox 1849 437 3545 516; baseline 0.003 -19"><span class='ocrx_word' id='word_1_111' title='bbox 1849 455 1905 516; x_wconf 79' lang='grc' dir='ltr'><strong>Α</strong></span> <span class='ocrx_word' id='word_1_112' title='bbox 1932 440 2095 498; x_wconf 90' lang='lat' dir='ltr'>omni</span> <span class='ocrx_word' id='word_1_113' title='bbox 2124 440 2332 499; x_wconf 87' lang='lat' dir='ltr'>virtute</span> <span class='ocrx_word' id='word_1_114' title='bbox 2377 441 2705 499; x_wconf 88' lang='lat' dir='ltr'>conﬁrmat.</span> <span class='ocrx_word' id='word_1_115' title='bbox 2742 437 2907 509; x_wconf 87' lang='lat' dir='ltr'>Quod</span> <span class='ocrx_word' id='word_1_116' title='bbox 2924 443 3009 500; x_wconf 84' lang='lat' dir='ltr'>est</span> <span class='ocrx_word' id='word_1_117' title='bbox 3070 439 3426 502; x_wconf 76' lang='lat' dir='ltr'>dicerezNon</span> <span class='ocrx_word' id='word_1_118' title='bbox 3456 461 3545 502; x_wconf 91' lang='lat' dir='ltr'>so-</span> 
     </span>
    </p>
   </div>
   <div class='ocr_carea' id='block_1_19' title="bbox 1927 532 3547 605">
    <p class='ocr_par' dir='ltr' id='par_1_19' title="bbox 1927 532 3547 605">
     <span class='ocr_line' id='line_1_19' title="bbox 1927 532 3547 605; baseline 0.002 -19"><span class='ocrx_word' id='word_1_119' title='bbox 1927 532 2048 586; x_wconf 93' lang='lat' dir='ltr'>lum</span> <span class='ocrx_word' id='word_1_120' title='bbox 2075 547 2178 603; x_wconf 90' lang='lat' dir='ltr'>per</span> <span class='ocrx_word' id='word_1_121' title='bbox 2207 533 2520 605; x_wconf 83' lang='lat' dir='ltr'>gloriosam</span> <span class='ocrx_word' id='word_1_122' title='bbox 2565 532 2807 589; x_wconf 84' lang='lat' dir='ltr'>civitatis</span> <span class='ocrx_word' id='word_1_123' title='bbox 2838 550 2955 589; x_wconf 65' lang='lat' dir='ltr'>suae</span> <span class='ocrx_word' id='word_1_124' title='bbox 2980 532 3407 603; x_wconf 89' lang='lat' dir='ltr'>fundationem,</span> <span class='ocrx_word' id='word_1_125' title='bbox 3435 533 3547 590; x_wconf 84' lang='lat' dir='ltr'>Do-</span> 
     </span>
    </p>
   </div>
   <div class='ocr_carea' id='block_1_20' title="bbox 1929 622 3547 694">
    <p class='ocr_par' dir='ltr' id='par_1_20' title="bbox 1929 622 3547 694">
     <span class='ocr_line' id='line_1_20' title="bbox 1929 622 3547 694; baseline 0.004 -21"><span class='ocrx_word' id='word_1_126' title='bbox 1929 622 2103 675; x_wconf 90' lang='lat' dir='ltr'>minus</span> <span class='ocrx_word' id='word_1_127' title='bbox 2124 639 2477 691; x_wconf 86' lang='lat' dir='ltr'>essemagnus</span> <span class='ocrx_word' id='word_1_128' title='bbox 2492 626 2551 678; x_wconf 89' lang='lat' dir='ltr'>et</span> <span class='ocrx_word' id='word_1_129' title='bbox 2567 623 2850 677; x_wconf 73' lang='lat' dir='ltr'>laudabilis</span> <span class='ocrx_word' id='word_1_130' title='bbox 2893 623 3229 694; x_wconf 85' lang='lat' dir='ltr'>apparebit;</span> <span class='ocrx_word' id='word_1_131' title='bbox 3253 624 3353 680; x_wconf 90' lang='lat' dir='ltr'>sed</span> <span class='ocrx_word' id='word_1_132' title='bbox 3370 623 3547 680; x_wconf 89' lang='lat' dir='ltr'>etiam</span> 
     </span>
    </p>
   </div>
   <div class='ocr_carea' id='block_1_21' title="bbox 1930 712 3550 785">
    <p class='ocr_par' dir='ltr' id='par_1_21' title="bbox 1930 712 3550 785">
     <span class='ocr_line' id='line_1_21' title="bbox 1930 712 3550 785; baseline 0.002 -19"><span class='ocrx_word' id='word_1_133' title='bbox 1930 728 2035 783; x_wconf 89' lang='lat' dir='ltr'>per</span> <span class='ocrx_word' id='word_1_134' title='bbox 2050 712 2454 768; x_wconf 86' lang='lat' dir='ltr'>admirabilem</span> <span class='ocrx_word' id='word_1_135' title='bbox 2473 713 2786 769; x_wconf 89' lang='lat' dir='ltr'>domorum</span> <span class='ocrx_word' id='word_1_136' title='bbox 2815 713 3059 769; x_wconf 83' lang='lat' dir='ltr'>civitatis</span> <span class='ocrx_word' id='word_1_137' title='bbox 3090 714 3349 785; x_wconf 88' lang='lat' dir='ltr'>ejusdem</span> <span class='ocrx_word' id='word_1_138' title='bbox 3372 714 3550 770; x_wconf 83' lang='lat' dir='ltr'>ﬁrmi-</span> 
     </span>
    </p>
   </div>
   <div class='ocr_carea' id='block_1_22' title="bbox 1930 802 3552 876">
    <p class='ocr_par' dir='ltr' id='par_1_22' title="bbox 1930 802 3552 876">
     <span class='ocr_line' id='line_1_22' title="bbox 1930 802 3552 876; baseline 0.003 -20"><span class='ocrx_word' id='word_1_139' title='bbox 1930 804 2109 857; x_wconf 85' lang='lat' dir='ltr'>tatem</span> <span class='ocrx_word' id='word_1_140' title='bbox 2140 819 2273 857; x_wconf 91' lang='lat' dir='ltr'>eum</span> <span class='ocrx_word' id='word_1_141' title='bbox 2288 802 2600 857; x_wconf 90' lang='lat' dir='ltr'>Dominum</span> <span class='ocrx_word' id='word_1_142' title='bbox 2615 820 2736 857; x_wconf 87' lang='lat' dir='ltr'>esse</span> <span class='ocrx_word' id='word_1_143' title='bbox 2771 802 3083 858; x_wconf 85' lang='lat' dir='ltr'>constabit.</span> <span class='ocrx_word' id='word_1_144' title='bbox 3102 803 3290 858; x_wconf 89' lang='lat' dir='ltr'>Velsic</span> <span class='ocrx_word' id='word_1_145' title='bbox 3311 820 3323 857; x_wconf 90' lang='lat'>:</span> <span class='ocrx_word' id='word_1_146' title='bbox 3345 804 3392 857; x_wconf 85' lang='lat' dir='ltr'><strong>A</strong></span> <span class='ocrx_word' id='word_1_147' title='bbox 3411 820 3552 876; x_wconf 81' lang='lat' dir='ltr'>quo-</span> 
     </span>
    </p>
   </div>
   <div class='ocr_carea' id='block_1_23' title="bbox 1931 891 3550 963">
    <p class='ocr_par' dir='ltr' id='par_1_23' title="bbox 1931 891 3550 963">
     <span class='ocr_line' id='line_1_23' title="bbox 1931 891 3550 963; baseline 0.001 -18"><span class='ocrx_word' id='word_1_148' title='bbox 1931 907 2156 963; x_wconf 86' lang='lat' dir='ltr'>cunque</span> <span class='ocrx_word' id='word_1_149' title='bbox 2216 908 2333 946; x_wconf 89' lang='lat' dir='ltr'>non</span> <span class='ocrx_word' id='word_1_150' title='bbox 2388 895 2763 963; x_wconf 87' lang='lat' dir='ltr'>cognoscetur</span> <span class='ocrx_word' id='word_1_151' title='bbox 2841 893 3024 960; x_wconf 88' lang='lat' dir='ltr'>Deus;</span> <span class='ocrx_word' id='word_1_152' title='bbox 3057 894 3111 946; x_wconf 90' lang='lat' dir='ltr'>in</span> <span class='ocrx_word' id='word_1_153' title='bbox 3171 891 3409 947; x_wconf 76' lang='lat' dir='ltr'>domibus</span> <span class='ocrx_word' id='word_1_154' title='bbox 3436 893 3550 963; x_wconf 82' lang='lat' dir='ltr'>ejus</span> 
     </span>
    </p>
   </div>
   <div class='ocr_carea' id='block_1_24' title="bbox 1932 980 3547 1049">
    <p class='ocr_par' dir='ltr' id='par_1_24' title="bbox 1932 980 3547 1049">
     <span class='ocr_line' id='line_1_24' title="bbox 1932 980 3547 1049; baseline 0.001 -15"><span class='ocrx_word' id='word_1_155' title='bbox 1932 980 2184 1035; x_wconf 84' lang='lat' dir='ltr'>civitates</span> <span class='ocrx_word' id='word_1_156' title='bbox 2213 987 2547 1049; x_wconf 77' lang='lat' dir='ltr'>cognoscatur</span> <span class='ocrx_word' id='word_1_157' title='bbox 2572 996 2692 1034; x_wconf 89' lang='lat' dir='ltr'>esse</span> <span class='ocrx_word' id='word_1_158' title='bbox 2724 982 2892 1049; x_wconf 90' lang='lat' dir='ltr'>Deus,</span> <span class='ocrx_word' id='word_1_159' title='bbox 2927 980 2987 1034; x_wconf 91' lang='lat' dir='ltr'>in</span> <span class='ocrx_word' id='word_1_160' title='bbox 3013 980 3278 1035; x_wconf 90' lang='lat' dir='ltr'>ﬁdelibus</span> <span class='ocrx_word' id='word_1_161' title='bbox 3314 980 3547 1037; x_wconf 89' lang='lat' dir='ltr'>scilicet.</span> 
     </span>
    </p>
   </div>
   <div class='ocr_carea' id='block_1_25' title="bbox 1934 1068 3550 1140">
    <p class='ocr_par' dir='ltr' id='par_1_25' title="bbox 1934 1068 3550 1140">
     <span class='ocr_line' id='line_1_25' title="bbox 1934 1068 3550 1140; baseline 0.002 -19"><span class='ocrx_word' id='word_1_162' title='bbox 1934 1068 2001 1121; x_wconf 88' lang='lat' dir='ltr'>Et</span> <span class='ocrx_word' id='word_1_163' title='bbox 2028 1074 2362 1138; x_wconf 84' lang='lat' dir='ltr'>cognoscetur</span> <span class='ocrx_word' id='word_1_164' title='bbox 2391 1086 2507 1122; x_wconf 86' lang='lat' dir='ltr'>cum</span> <span class='ocrx_word' id='word_1_165' title='bbox 2526 1070 2773 1140; x_wconf 76' lang='lat' dir='ltr'>suscipiet</span> <span class='ocrx_word' id='word_1_166' title='bbox 2803 1086 2920 1122; x_wconf 85' lang='lat' dir='ltr'>eam</span> <span class='ocrx_word' id='word_1_167' title='bbox 2968 1068 3261 1124; x_wconf 81' lang='lat' dir='ltr'>civitatem</span> <span class='ocrx_word' id='word_1_168' title='bbox 3292 1069 3367 1125; x_wconf 88' lang='lat' dir='ltr'>ad</span> <span class='ocrx_word' id='word_1_169' title='bbox 3410 1086 3550 1125; x_wconf 85' lang='lat' dir='ltr'>con-</span> 
     </span>
    </p>
   </div>
   <div class='ocr_carea' id='block_1_26' title="bbox 1932 1157 3554 1225">
    <p class='ocr_par' dir='ltr' id='par_1_26' title="bbox 1932 1157 3554 1225">
     <span class='ocr_line' id='line_1_26' title="bbox 1932 1157 3554 1225; baseline 0.001 -13"><span class='ocrx_word' id='word_1_170' title='bbox 1932 1157 2300 1225; x_wconf 88' lang='lat' dir='ltr'>servandum,</span> <span class='ocrx_word' id='word_1_171' title='bbox 2334 1157 2872 1212; x_wconf 88' lang='lat' dir='ltr'>intribulationibus</span> <span class='ocrx_word' id='word_1_172' title='bbox 2906 1175 2980 1212; x_wconf 90' lang='lat' dir='ltr'>ne</span> <span class='ocrx_word' id='word_1_173' title='bbox 3014 1157 3273 1213; x_wconf 88' lang='lat' dir='ltr'>deﬁciat:</span> <span class='ocrx_word' id='word_1_174' title='bbox 3299 1174 3332 1213; x_wconf 89' lang='lat' dir='ltr'>a</span> <span class='ocrx_word' id='word_1_175' title='bbox 3356 1157 3554 1213; x_wconf 88' lang='lat' dir='ltr'>simili-</span> 
     </span>
    </p>
   </div>
   <div class='ocr_carea' id='block_1_27' title="bbox 1932 1245 3554 1318">
    <p class='ocr_par' dir='ltr' id='par_1_27' title="bbox 1932 1245 3554 1318">
     <span class='ocr_line' id='line_1_27' title="bbox 1932 1245 3554 1318; baseline 0.001 -18"><span class='ocrx_word' id='word_1_176' title='bbox 1932 1247 2131 1301; x_wconf 86' lang='lat' dir='ltr'>tudine</span> <span class='ocrx_word' id='word_1_177' title='bbox 2151 1245 2510 1318; x_wconf 90' lang='lat' dir='ltr'>patroni,qui</span> <span class='ocrx_word' id='word_1_178' title='bbox 2540 1262 2882 1318; x_wconf 86' lang='lat' dir='ltr'>oppressum</span> <span class='ocrx_word' id='word_1_179' title='bbox 2907 1247 2978 1301; x_wconf 89' lang='lat' dir='ltr'>ab</span> <span class='ocrx_word' id='word_1_180' title='bbox 3011 1246 3206 1317; x_wconf 87' lang='lat' dir='ltr'>aliquo</span> <span class='ocrx_word' id='word_1_181' title='bbox 3220 1245 3452 1317; x_wconf 89' lang='lat' dir='ltr'>suscipit</span> <span class='ocrx_word' id='word_1_182' title='bbox 3489 1248 3554 1302; x_wconf 90' lang='lat' dir='ltr'>ut</span> 
     </span>
    </p>
   </div>
   <div class='ocr_carea' id='block_1_28' title="bbox 1931 1335 3554 1408">
    <p class='ocr_par' dir='ltr' id='par_1_28' title="bbox 1931 1335 3554 1408">
     <span class='ocr_line' id='line_1_28' title="bbox 1931 1335 3554 1408; baseline 0.001 -18"><span class='ocrx_word' id='word_1_183' title='bbox 1931 1335 2515 1408; x_wconf 70' lang='lat' dir='ltr'>protegaLQuoniam</span> <span class='ocrx_word' id='word_1_184' title='bbox 2538 1352 2672 1391; x_wconf 86' lang='lat' dir='ltr'>vero</span> <span class='ocrx_word' id='word_1_185' title='bbox 2688 1335 2907 1391; x_wconf 86' lang='lat' dir='ltr'>dixerat</span> <span class='ocrx_word' id='word_1_186' title='bbox 2930 1353 3210 1407; x_wconf 89' lang='lat' dir='ltr'>magnum</span> <span class='ocrx_word' id='word_1_187' title='bbox 3230 1352 3350 1391; x_wconf 91' lang='lat' dir='ltr'>esse</span> <span class='ocrx_word' id='word_1_188' title='bbox 3361 1335 3554 1392; x_wconf 81' lang='lat' dir='ltr'>Domi-</span> 
     </span>
    </p>
   </div>
   <div class='ocr_carea' id='block_1_29' title="bbox 1934 1424 3553 1498">
    <p class='ocr_par' dir='ltr' id='par_1_29' title="bbox 1934 1424 3553 1498">
     <span class='ocr_line' id='line_1_29' title="bbox 1934 1424 3553 1498; baseline 0.001 -19"><span class='ocrx_word' id='word_1_189' title='bbox 1934 1442 2076 1480; x_wconf 90' lang='lat' dir='ltr'>num</span> <span class='ocrx_word' id='word_1_190' title='bbox 2101 1428 2157 1479; x_wconf 90' lang='lat' dir='ltr'>et</span> <span class='ocrx_word' id='word_1_191' title='bbox 2180 1424 2527 1480; x_wconf 87' lang='lat' dir='ltr'>laudabilem</span> <span class='ocrx_word' id='word_1_192' title='bbox 2549 1427 2604 1478; x_wconf 90' lang='lat' dir='ltr'>in</span> <span class='ocrx_word' id='word_1_193' title='bbox 2624 1426 2864 1493; x_wconf 83' lang='lat' dir='ltr'>civitate,</span> <span class='ocrx_word' id='word_1_194' title='bbox 2890 1430 3085 1498; x_wconf 90' lang='lat' dir='ltr'>posset</span> <span class='ocrx_word' id='word_1_195' title='bbox 3115 1426 3316 1498; x_wconf 88' lang='lat' dir='ltr'>quaeri.</span> <span class='ocrx_word' id='word_1_196' title='bbox 3365 1425 3553 1490; x_wconf 87' lang='lat' dir='ltr'>Quare</span> 
     </span>
    </p>
   </div>
   <div class='ocr_carea' id='block_1_30' title="bbox 1934 1513 3549 1586">
    <p class='ocr_par' dir='ltr' id='par_1_30' title="bbox 1934 1513 3549 1586">
     <span class='ocr_line' id='line_1_30' title="bbox 1934 1513 3549 1586; baseline -0.001 -17"><span class='ocrx_word' id='word_1_197' title='bbox 1934 1513 2239 1569; x_wconf 89' lang='lat' dir='ltr'>laudabilis</span> <span class='ocrx_word' id='word_1_198' title='bbox 2270 1516 2354 1568; x_wconf 88' lang='lat' dir='ltr'>est</span> <span class='ocrx_word' id='word_1_199' title='bbox 2380 1515 2434 1567; x_wconf 88' lang='lat' dir='ltr'>in</span> <span class='ocrx_word' id='word_1_200' title='bbox 2453 1516 2665 1569; x_wconf 86' lang='lat' dir='ltr'>civitate</span> <span class='ocrx_word' id='word_1_201' title='bbox 2696 1513 2724 1569; x_wconf 84' lang='lat'><em>?</em></span> <span class='ocrx_word' id='word_1_202' title='bbox 2744 1513 2831 1568; x_wconf 82' lang='lat' dir='ltr'>Ad</span> <span class='ocrx_word' id='word_1_203' title='bbox 2862 1514 2970 1569; x_wconf 90' lang='lat' dir='ltr'>hoc</span> <span class='ocrx_word' id='word_1_204' title='bbox 2990 1517 3185 1569; x_wconf 90' lang='lat' dir='ltr'>autem</span> <span class='ocrx_word' id='word_1_205' title='bbox 3215 1513 3549 1586; x_wconf 86' lang='lat' dir='ltr'>respondet,</span> 
     </span>
    </p>
   </div>
   <div class='ocr_carea' id='block_1_31' title="bbox 1935 1601 3553 1675">
    <p class='ocr_par' dir='ltr' id='par_1_31' title="bbox 1935 1601 3553 1675">
     <span class='ocr_line' id='line_1_31' title="bbox 1935 1601 3553 1675; baseline 0.001 -18"><span class='ocrx_word' id='word_1_206' title='bbox 1935 1601 2359 1673; x_wconf 87' lang='lat' dir='ltr'>interponendo</span> <span class='ocrx_word' id='word_1_207' title='bbox 2403 1619 2631 1657; x_wconf 89' lang='lat' dir='ltr'>causam</span> <span class='ocrx_word' id='word_1_208' title='bbox 2662 1619 2839 1675; x_wconf 89' lang='lat' dir='ltr'>quare</span> <span class='ocrx_word' id='word_1_209' title='bbox 2895 1621 3123 1672; x_wconf 87' lang='lat' dir='ltr'>magnus</span> <span class='ocrx_word' id='word_1_210' title='bbox 3172 1610 3220 1657; x_wconf 90' lang='lat' dir='ltr'>et</span> <span class='ocrx_word' id='word_1_211' title='bbox 3272 1603 3553 1659; x_wconf 70' lang='lat' dir='ltr'>laudabilis</span> 
     </span>
    </p>
   </div>
   <div class='ocr_carea' id='block_1_32' title="bbox 1935 1691 3550 1762">
    <p class='ocr_par' dir='ltr' id='par_1_32' title="bbox 1935 1691 3550 1762">
     <span class='ocr_line' id='line_1_32' title="bbox 1935 1691 3550 1762; baseline 0.001 -17"><span class='ocrx_word' id='word_1_212' title='bbox 1935 1691 2127 1746; x_wconf 91' lang='lat' dir='ltr'>videre</span> <span class='ocrx_word' id='word_1_213' title='bbox 2155 1692 2364 1746; x_wconf 89' lang='lat' dir='ltr'>debeat</span> <span class='ocrx_word' id='word_1_214' title='bbox 2394 1693 2448 1744; x_wconf 88' lang='lat' dir='ltr'>in</span> <span class='ocrx_word' id='word_1_215' title='bbox 2477 1694 2706 1759; x_wconf 75' lang='lat' dir='ltr'>civitate,</span> <span class='ocrx_word' id='word_1_216' title='bbox 2741 1691 2847 1745; x_wconf 91' lang='lat' dir='ltr'>sic:</span> <span class='ocrx_word' id='word_1_217' title='bbox 2869 1692 3011 1746; x_wconf 87' lang='lat' dir='ltr'>Vere</span> <span class='ocrx_word' id='word_1_218' title='bbox 3062 1708 3292 1762; x_wconf 83' lang='lat' dir='ltr'>magnus</span> <span class='ocrx_word' id='word_1_219' title='bbox 3327 1694 3384 1747; x_wconf 90' lang='lat' dir='ltr'>et</span> <span class='ocrx_word' id='word_1_220' title='bbox 3433 1692 3550 1747; x_wconf 87' lang='lat' dir='ltr'>lau-</span> 
     </span>
    </p>
   </div>
   <div class='ocr_carea' id='block_1_33' title="bbox 214 1775 3550 1854">
    <p class='ocr_par' dir='ltr' id='par_1_33' title="bbox 214 1775 3550 1854">
     <span class='ocr_line' id='line_1_33' title="bbox 214 1775 3550 1854; baseline 0 -22"><span class='ocrx_word' id='word_1_221' title='bbox 214 1777 375 1850; x_wconf 89' lang='lat' dir='ltr'>quod</span> <span class='ocrx_word' id='word_1_222' title='bbox 405 1795 440 1832; x_wconf 91' lang='lat' dir='ltr'>a</span> <span class='ocrx_word' id='word_1_223' title='bbox 470 1779 584 1832; x_wconf 93' lang='lat' dir='ltr'>Deo</span> <span class='ocrx_word' id='word_1_224' title='bbox 622 1777 840 1831; x_wconf 83' lang='lat' dir='ltr'>factum</span> <span class='ocrx_word' id='word_1_225' title='bbox 873 1779 957 1830; x_wconf 86' lang='lat' dir='ltr'>est</span> <span class='ocrx_word' id='word_1_226' title='bbox 986 1775 1235 1830; x_wconf 91' lang='lat' dir='ltr'>secunda</span> <span class='ocrx_word' id='word_1_227' title='bbox 1263 1775 1518 1840; x_wconf 89' lang='lat' dir='ltr'>Sabbati,</span> <span class='ocrx_word' id='word_1_228' title='bbox 1542 1779 1669 1847; x_wconf 88' lang='lat' dir='ltr'>post</span> <span class='ocrx_word' id='word_1_229' title='bbox 1699 1775 1837 1830; x_wconf 90' lang='lat' dir='ltr'>lucis</span> <span class='ocrx_word' id='word_1_230' title='bbox 1862 1796 1912 1854; x_wconf 84' lang='grc' dir='ltr'>Β</span> <span class='ocrx_word' id='word_1_231' title='bbox 1934 1778 2121 1834; x_wconf 89' lang='lat' dir='ltr'>dabilis</span> <span class='ocrx_word' id='word_1_232' title='bbox 2152 1782 2236 1833; x_wconf 86' lang='lat' dir='ltr'>est</span> <span class='ocrx_word' id='word_1_233' title='bbox 2266 1782 2321 1833; x_wconf 88' lang='lat' dir='ltr'>in</span> <span class='ocrx_word' id='word_1_234' title='bbox 2347 1781 2558 1834; x_wconf 88' lang='lat' dir='ltr'>civitate</span> <span class='ocrx_word' id='word_1_235' title='bbox 2586 1797 2602 1832; x_wconf 92' lang='lat'><strong><em>:</em></strong></span> <span class='ocrx_word' id='word_1_236' title='bbox 2632 1796 2768 1834; x_wconf 89' lang='lat' dir='ltr'>nam</span> <span class='ocrx_word' id='word_1_237' title='bbox 2800 1779 2899 1834; x_wconf 91' lang='lat' dir='ltr'>illa</span> <span class='ocrx_word' id='word_1_238' title='bbox 2940 1781 3123 1833; x_wconf 82' lang='lat' dir='ltr'>civitas</span> <span class='ocrx_word' id='word_1_239' title='bbox 3153 1780 3311 1851; x_wconf 82' lang='lat' dir='ltr'>Regis</span> <span class='ocrx_word' id='word_1_240' title='bbox 3346 1782 3550 1850; x_wconf 85' lang='lat' dir='ltr'>magni,</span> 
     </span>
    </p>
   </div>
   <div class='ocr_carea' id='block_1_34' title="bbox 215 1864 1838 1936">
    <p class='ocr_par' dir='ltr' id='par_1_34' title="bbox 215 1864 1838 1936">
     <span class='ocr_line' id='line_1_34' title="bbox 215 1864 1838 1936; baseline -0.001 -16"><span class='ocrx_word' id='word_1_241' title='bbox 215 1866 596 1933; x_wconf 87' lang='lat' dir='ltr'>creationem,</span> <span class='ocrx_word' id='word_1_242' title='bbox 627 1865 1063 1936; x_wconf 87' lang='lat' dir='ltr'>praeﬁguratum</span> <span class='ocrx_word' id='word_1_243' title='bbox 1097 1866 1183 1918; x_wconf 90' lang='lat' dir='ltr'>est</span> <span class='ocrx_word' id='word_1_244' title='bbox 1213 1865 1475 1919; x_wconf 77' lang='lat' dir='ltr'>Ecclesiae</span> <span class='ocrx_word' id='word_1_245' title='bbox 1493 1864 1838 1919; x_wconf 81' lang='lat' dir='ltr'>fundamen-</span> 
     </span>
    </p>
   </div>
   <div class='ocr_carea' id='block_1_35' title="bbox 212 1954 1838 2028">
    <p class='ocr_par' dir='ltr' id='par_1_35' title="bbox 212 1954 1838 2028">
     <span class='ocr_line' id='line_1_35' title="bbox 212 1954 1838 2028; baseline -0.001 -18"><span class='ocrx_word' id='word_1_246' title='bbox 212 1957 375 2024; x_wconf 88' lang='lat' dir='ltr'>tum;</span> <span class='ocrx_word' id='word_1_247' title='bbox 409 1955 566 2028; x_wconf 89' lang='lat' dir='ltr'>quod</span> <span class='ocrx_word' id='word_1_248' title='bbox 587 1954 828 2026; x_wconf 88' lang='lat' dir='ltr'>contigit</span> <span class='ocrx_word' id='word_1_249' title='bbox 857 1957 987 2026; x_wconf 90' lang='lat' dir='ltr'>post</span> <span class='ocrx_word' id='word_1_250' title='bbox 1010 1954 1362 2009; x_wconf 87' lang='lat' dir='ltr'>luculentam</span> <span class='ocrx_word' id='word_1_251' title='bbox 1410 1954 1614 2010; x_wconf 85' lang='lat' dir='ltr'>Christi</span> <span class='ocrx_word' id='word_1_252' title='bbox 1649 1971 1838 2009; x_wconf 88' lang='lat' dir='ltr'>resur-</span> 
     </span>
    </p>
   </div>
   <div class='ocr_carea' id='block_1_36' title="bbox 214 2042 1837 2115">
    <p class='ocr_par' dir='ltr' id='par_1_36' title="bbox 214 2042 1837 2115">
     <span class='ocr_line' id='line_1_36' title="bbox 214 2042 1837 2115; baseline -0.001 -16"><span class='ocrx_word' id='word_1_253' title='bbox 214 2044 565 2107; x_wconf 85' lang='lat' dir='ltr'>rectionem,</span> <span class='ocrx_word' id='word_1_254' title='bbox 613 2060 740 2115; x_wconf 86' lang='lat' dir='ltr'>quae</span> <span class='ocrx_word' id='word_1_255' title='bbox 786 2042 1124 2098; x_wconf 85' lang='lat' dir='ltr'>resurrectio</span> <span class='ocrx_word' id='word_1_256' title='bbox 1179 2045 1265 2097; x_wconf 91' lang='lat' dir='ltr'>est</span> <span class='ocrx_word' id='word_1_257' title='bbox 1307 2042 1486 2098; x_wconf 90' lang='lat' dir='ltr'>nostri</span> <span class='ocrx_word' id='word_1_258' title='bbox 1517 2042 1837 2098; x_wconf 88' lang='lat' dir='ltr'>intellectus</span> 
     </span>
    </p>
   </div>
   <div class='ocr_carea' id='block_1_37' title="bbox 213 2131 1835 2203">
    <p class='ocr_par' dir='ltr' id='par_1_37' title="bbox 213 2131 1835 2203">
     <span class='ocr_line' id='line_1_37' title="bbox 213 2131 1835 2203; baseline -0.001 -15"><span class='ocrx_word' id='word_1_259' title='bbox 213 2131 592 2188; x_wconf 88' lang='lat' dir='ltr'>illuminatio.</span> <span class='ocrx_word' id='word_1_260' title='bbox 643 2132 801 2187; x_wconf 89' lang='lat' dir='ltr'>Unde</span> <span class='ocrx_word' id='word_1_261' title='bbox 835 2132 1009 2186; x_wconf 89' lang='lat' dir='ltr'>etiam</span> <span class='ocrx_word' id='word_1_262' title='bbox 1053 2135 1242 2186; x_wconf 89' lang='lat' dir='ltr'>totum</span> <span class='ocrx_word' id='word_1_263' title='bbox 1269 2135 1493 2203; x_wconf 84' lang='lat' dir='ltr'>tempus</span> <span class='ocrx_word' id='word_1_264' title='bbox 1524 2150 1558 2187; x_wconf 89' lang='lat' dir='ltr'>a</span> <span class='ocrx_word' id='word_1_265' title='bbox 1581 2148 1835 2187; x_wconf 87' lang='lat' dir='ltr'>resurre-</span> 
     </span>
    </p>
   </div>
   <div class='ocr_carea' id='block_1_38' title="bbox 215 2219 1836 2293">
    <p class='ocr_par' dir='ltr' id='par_1_38' title="bbox 215 2219 1836 2293">
     <span class='ocr_line' id='line_1_38' title="bbox 215 2219 1836 2293; baseline 0 -16"><span class='ocrx_word' id='word_1_266' title='bbox 215 2221 413 2278; x_wconf 89' lang='lat' dir='ltr'>ctione</span> <span class='ocrx_word' id='word_1_267' title='bbox 433 2220 640 2275; x_wconf 91' lang='lat' dir='ltr'>Christi</span> <span class='ocrx_word' id='word_1_268' title='bbox 679 2237 856 2293; x_wconf 90' lang='lat' dir='ltr'>usque</span> <span class='ocrx_word' id='word_1_269' title='bbox 887 2219 961 2275; x_wconf 89' lang='lat' dir='ltr'>ad</span> <span class='ocrx_word' id='word_1_270' title='bbox 978 2219 1156 2275; x_wconf 87' lang='lat' dir='ltr'>finem</span> <span class='ocrx_word' id='word_1_271' title='bbox 1190 2220 1392 2274; x_wconf 89' lang='lat' dir='ltr'>mundi</span> <span class='ocrx_word' id='word_1_272' title='bbox 1423 2221 1495 2275; x_wconf 92' lang='lat' dir='ltr'>ab</span> <span class='ocrx_word' id='word_1_273' title='bbox 1520 2221 1836 2293; x_wconf 83' lang='lat' dir='ltr'>Augustino</span> 
     </span>
    </p>
   </div>
   <div class='ocr_carea' id='block_1_39' title="bbox 216 2309 1838 2382">
    <p class='ocr_par' dir='ltr' id='par_1_39' title="bbox 216 2309 1838 2382">
     <span class='ocr_line' id='line_1_39' title="bbox 216 2309 1838 2382; baseline -0.001 -16"><span class='ocrx_word' id='word_1_274' title='bbox 216 2310 475 2367; x_wconf 88' lang='lat' dir='ltr'>secunda</span> <span class='ocrx_word' id='word_1_275' title='bbox 495 2309 732 2365; x_wconf 88' lang='lat' dir='ltr'>Sabbati</span> <span class='ocrx_word' id='word_1_276' title='bbox 752 2312 1014 2364; x_wconf 88' lang='lat' dir='ltr'>vocatur:</span> <span class='ocrx_word' id='word_1_277' title='bbox 1032 2326 1098 2363; x_wconf 93' lang='lat' dir='ltr'>eo</span> <span class='ocrx_word' id='word_1_278' title='bbox 1118 2309 1271 2380; x_wconf 88' lang='lat' dir='ltr'>quod</span> <span class='ocrx_word' id='word_1_279' title='bbox 1286 2326 1390 2382; x_wconf 90' lang='lat' dir='ltr'>per</span> <span class='ocrx_word' id='word_1_280' title='bbox 1400 2311 1589 2365; x_wconf 90' lang='lat' dir='ltr'>totum</span> <span class='ocrx_word' id='word_1_281' title='bbox 1611 2312 1838 2382; x_wconf 88' lang='lat' dir='ltr'>tempus</span> 
     </span>
    </p>
   </div>
   <div class='ocr_carea' id='block_1_40' title="bbox 215 2397 1838 2469">
    <p class='ocr_par' dir='ltr' id='par_1_40' title="bbox 215 2397 1838 2469">
     <span class='ocr_line' id='line_1_40' title="bbox 215 2397 1838 2469; baseline -0.001 -13"><span class='ocrx_word' id='word_1_282' title='bbox 215 2399 365 2456; x_wconf 89' lang='lat' dir='ltr'>illud</span> <span class='ocrx_word' id='word_1_283' title='bbox 397 2414 431 2453; x_wconf 83' lang='lat' dir='ltr'>a</span> <span class='ocrx_word' id='word_1_284' title='bbox 460 2400 576 2453; x_wconf 90' lang='lat' dir='ltr'>Deo</span> <span class='ocrx_word' id='word_1_285' title='bbox 626 2398 876 2453; x_wconf 87' lang='lat' dir='ltr'>Ecclesia</span> <span class='ocrx_word' id='word_1_286' title='bbox 911 2398 1189 2452; x_wconf 88' lang='lat' dir='ltr'>fundatur</span> <span class='ocrx_word' id='word_1_287' title='bbox 1243 2397 1313 2451; x_wconf 89' lang='lat' dir='ltr'>de</span> <span class='ocrx_word' id='word_1_288' title='bbox 1354 2398 1730 2469; x_wconf 85' lang='lat' dir='ltr'>generatione</span> <span class='ocrx_word' id='word_1_289' title='bbox 1778 2398 1838 2454; x_wconf 89' lang='lat' dir='ltr'>in</span> 
     </span>
    </p>
   </div>
   <div class='ocr_carea' id='block_1_41' title="bbox 218 2484 1839 2561">
    <p class='ocr_par' dir='ltr' id='par_1_41' title="bbox 218 2484 1839 2561">
     <span class='ocr_line' id='line_1_41' title="bbox 218 2484 1839 2561; baseline -0.001 -18"><span class='ocrx_word' id='word_1_290' title='bbox 218 2487 666 2561; x_wconf 84' lang='lat' dir='ltr'>generationem</span> <span class='ocrx_word' id='word_1_291' title='bbox 692 2503 704 2541; x_wconf 93' lang='lat'>:</span> <span class='ocrx_word' id='word_1_292' title='bbox 731 2486 871 2542; x_wconf 86' lang='lat' dir='ltr'>sicut</span> <span class='ocrx_word' id='word_1_293' title='bbox 902 2486 962 2540; x_wconf 90' lang='lat' dir='ltr'>in</span> <span class='ocrx_word' id='word_1_294' title='bbox 992 2486 1242 2541; x_wconf 90' lang='lat' dir='ltr'>secunda</span> <span class='ocrx_word' id='word_1_295' title='bbox 1272 2485 1504 2541; x_wconf 86' lang='lat' dir='ltr'>Sabbati</span> <span class='ocrx_word' id='word_1_296' title='bbox 1530 2484 1839 2558; x_wconf 82' lang='lat' dir='ltr'>accipimus</span> 
     </span>
    </p>
   </div>
   <div class='ocr_carea' id='block_1_42' title="bbox 214 2575 1839 2647">
    <p class='ocr_par' dir='ltr' id='par_1_42' title="bbox 214 2575 1839 2647">
     <span class='ocr_line' id='line_1_42' title="bbox 214 2575 1839 2647; baseline -0.001 -16"><span class='ocrx_word' id='word_1_297' title='bbox 214 2575 581 2631; x_wconf 85' lang='lat' dir='ltr'>ﬁrmamenti</span> <span class='ocrx_word' id='word_1_298' title='bbox 592 2575 762 2631; x_wconf 85' lang='lat' dir='ltr'>fuisse</span> <span class='ocrx_word' id='word_1_299' title='bbox 775 2575 1268 2630; x_wconf 87' lang='lat' dir='ltr'>constitutionem.</span> <span class='ocrx_word' id='word_1_300' title='bbox 1287 2575 1423 2639; x_wconf 53' lang='lat' dir='ltr'>Quae.</span> <span class='ocrx_word' id='word_1_301' title='bbox 1431 2576 1561 2647; x_wconf 89' lang='lat' dir='ltr'>jure</span> <span class='ocrx_word' id='word_1_302' title='bbox 1576 2575 1839 2631; x_wconf 71' lang='lat' dir='ltr'>Ecclesiie</span> 
     </span>
    </p>
   </div>
   <div class='ocr_carea' id='block_1_43' title="bbox 219 2662 1839 2737">
    <p class='ocr_par' dir='ltr' id='par_1_43' title="bbox 219 2662 1839 2737">
     <span class='ocr_line' id='line_1_43' title="bbox 219 2662 1839 2737; baseline -0.001 -18"><span class='ocrx_word' id='word_1_303' title='bbox 219 2663 664 2720; x_wconf 82' lang='lat' dir='ltr'>ﬁrmamentum</span> <span class='ocrx_word' id='word_1_304' title='bbox 689 2664 1032 2736; x_wconf 86' lang='lat' dir='ltr'>appellatur,</span> <span class='ocrx_word' id='word_1_305' title='bbox 1057 2680 1124 2717; x_wconf 92' lang='lat' dir='ltr'>eo</span> <span class='ocrx_word' id='word_1_306' title='bbox 1143 2663 1297 2735; x_wconf 92' lang='lat' dir='ltr'>quod</span> <span class='ocrx_word' id='word_1_307' title='bbox 1317 2663 1377 2717; x_wconf 89' lang='lat' dir='ltr'>in</span> <span class='ocrx_word' id='word_1_308' title='bbox 1402 2662 1677 2718; x_wconf 89' lang='lat' dir='ltr'>virtutum</span> <span class='ocrx_word' id='word_1_309' title='bbox 1708 2681 1839 2737; x_wconf 89' lang='lat' dir='ltr'>per-</span> 
     </span>
    </p>
   </div>
   <div class='ocr_carea' id='block_1_44' title="bbox 217 2750 1841 2825">
    <p class='ocr_par' dir='ltr' id='par_1_44' title="bbox 217 2750 1841 2825">
     <span class='ocr_line' id='line_1_44' title="bbox 217 2750 1841 2825; baseline -0.001 -17"><span class='ocrx_word' id='word_1_310' title='bbox 217 2752 476 2809; x_wconf 80' lang='lat' dir='ltr'>fectione</span> <span class='ocrx_word' id='word_1_311' title='bbox 506 2754 793 2807; x_wconf 90' lang='lat' dir='ltr'>ﬁrmatur.</span> <span class='ocrx_word' id='word_1_312' title='bbox 828 2753 907 2807; x_wconf 90' lang='lat' dir='ltr'>De</span> <span class='ocrx_word' id='word_1_313' title='bbox 940 2769 1053 2825; x_wconf 90' lang='lat' dir='ltr'>qua</span> <span class='ocrx_word' id='word_1_314' title='bbox 1082 2751 1362 2807; x_wconf 89' lang='lat' dir='ltr'>Dominus</span> <span class='ocrx_word' id='word_1_315' title='bbox 1382 2754 1551 2807; x_wconf 89' lang='lat' dir='ltr'>Petro</span> <span class='ocrx_word' id='word_1_316' title='bbox 1581 2752 1641 2806; x_wconf 90' lang='lat' dir='ltr'>in</span> <span class='ocrx_word' id='word_1_317' title='bbox 1660 2750 1841 2807; x_wconf 85' lang='lat' dir='ltr'>Evan-</span> 
     </span>
    </p>
   </div>
   <div class='ocr_carea' id='block_1_45' title="bbox 1942 1867 3554 1941">
    <p class='ocr_par' dir='ltr' id='par_1_45' title="bbox 1942 1867 3554 1941">
     <span class='ocr_line' id='line_1_45' title="bbox 1942 1867 3554 1941; baseline 0 -17"><span class='ocrx_word' id='word_1_318' title='bbox 1942 1868 2308 1924; x_wconf 85' lang='lat' dir='ltr'>DominiJesu</span> <span class='ocrx_word' id='word_1_319' title='bbox 2338 1867 2571 1935; x_wconf 89' lang='lat' dir='ltr'>scilicet,</span> <span class='ocrx_word' id='word_1_320' title='bbox 2602 1868 2871 1938; x_wconf 76' lang='lat' dir='ltr'>fundatur</span> <span class='ocrx_word' id='word_1_321' title='bbox 2906 1869 2977 1922; x_wconf 87' lang='lat' dir='ltr'>ab</span> <span class='ocrx_word' id='word_1_322' title='bbox 3009 1867 3136 1939; x_wconf 90' lang='lat' dir='ltr'>ipso</span> <span class='ocrx_word' id='word_1_323' title='bbox 3168 1869 3342 1941; x_wconf 84' lang='lat' dir='ltr'>Rege,</span> <span class='ocrx_word' id='word_1_324' title='bbox 3387 1868 3443 1923; x_wconf 92' lang='lat' dir='ltr'>id</span> <span class='ocrx_word' id='word_1_325' title='bbox 3468 1870 3554 1924; x_wconf 88' lang='lat' dir='ltr'>est</span> 
     </span>
    </p>
   </div>
   <div class='ocr_carea' id='block_1_46' title="bbox 1936 1956 3554 2012">
    <p class='ocr_par' dir='ltr' id='par_1_46' title="bbox 1936 1956 3554 2012">
     <span class='ocr_line' id='line_1_46' title="bbox 1936 1956 3554 2012; baseline 0.001 -2"><span class='ocrx_word' id='word_1_326' title='bbox 1936 1956 2108 2012; x_wconf 88' lang='lat' dir='ltr'>ﬁrma</span> <span class='ocrx_word' id='word_1_327' title='bbox 2137 1957 2501 2012; x_wconf 85' lang='lat' dir='ltr'>constituitur</span> <span class='ocrx_word' id='word_1_328' title='bbox 2527 1974 2540 2012; x_wconf 93' lang='lat'>:</span> <span class='ocrx_word' id='word_1_329' title='bbox 2567 1959 2625 2012; x_wconf 91' lang='lat' dir='ltr'>et</span> <span class='ocrx_word' id='word_1_330' title='bbox 2649 1956 2758 2011; x_wconf 93' lang='lat' dir='ltr'>hoc</span> <span class='ocrx_word' id='word_1_331' title='bbox 2782 1974 2901 2011; x_wconf 89' lang='lat' dir='ltr'>cum</span> <span class='ocrx_word' id='word_1_332' title='bbox 2936 1957 3278 2012; x_wconf 72' lang='lat' dir='ltr'>exsultatione</span> <span class='ocrx_word' id='word_1_333' title='bbox 3298 1958 3554 2012; x_wconf 65' lang='lat' dir='ltr'>universe</span> 
     </span>
    </p>
   </div>
   <div class='ocr_carea' id='block_1_47' title="bbox 1938 2044 3558 2116">
    <p class='ocr_par' dir='ltr' id='par_1_47' title="bbox 1938 2044 3558 2116">
     <span class='ocr_line' id='line_1_47' title="bbox 1938 2044 3558 2116; baseline 0 -16"><span class='ocrx_word' id='word_1_334' title='bbox 1938 2052 2109 2112; x_wconf 66' lang='lat' dir='ltr'>terrae,</span> <span class='ocrx_word' id='word_1_335' title='bbox 2147 2044 2204 2099; x_wconf 89' lang='lat' dir='ltr'>id</span> <span class='ocrx_word' id='word_1_336' title='bbox 2235 2049 2320 2100; x_wconf 90' lang='lat' dir='ltr'>est</span> <span class='ocrx_word' id='word_1_337' title='bbox 2375 2045 2451 2099; x_wconf 92' lang='lat' dir='ltr'>sic</span> <span class='ocrx_word' id='word_1_338' title='bbox 2485 2045 2752 2115; x_wconf 78' lang='lat' dir='ltr'>fundatur</span> <span class='ocrx_word' id='word_1_339' title='bbox 2795 2044 2950 2116; x_wconf 90' lang='lat' dir='ltr'>quod</span> <span class='ocrx_word' id='word_1_340' title='bbox 3004 2061 3207 2100; x_wconf 90' lang='lat' dir='ltr'>omnes</span> <span class='ocrx_word' id='word_1_341' title='bbox 3254 2044 3450 2116; x_wconf 87' lang='lat' dir='ltr'>populi</span> <span class='ocrx_word' id='word_1_342' title='bbox 3497 2046 3558 2100; x_wconf 88' lang='lat' dir='ltr'>et</span> 
     </span>
    </p>
   </div>
   <div class='ocr_carea' id='block_1_48' title="bbox 1936 2131 3557 2206">
    <p class='ocr_par' dir='ltr' id='par_1_48' title="bbox 1936 2131 3557 2206">
     <span class='ocr_line' id='line_1_48' title="bbox 1936 2131 3557 2206; baseline 0.001 -19"><span class='ocrx_word' id='word_1_343' title='bbox 1936 2134 2181 2206; x_wconf 87' lang='lat' dir='ltr'>gentiles</span> <span class='ocrx_word' id='word_1_344' title='bbox 2210 2136 2268 2189; x_wconf 91' lang='lat' dir='ltr'>et</span> <span class='ocrx_word' id='word_1_345' title='bbox 2309 2134 2490 2189; x_wconf 69' lang='lat' dir='ltr'>Judaei</span> <span class='ocrx_word' id='word_1_346' title='bbox 2520 2135 2804 2188; x_wconf 81' lang='lat' dir='ltr'>exsultant</span> <span class='ocrx_word' id='word_1_347' title='bbox 2833 2132 2889 2186; x_wconf 92' lang='lat' dir='ltr'>in</span> <span class='ocrx_word' id='word_1_348' title='bbox 2923 2133 3046 2203; x_wconf 87' lang='lat' dir='ltr'>ejus</span> <span class='ocrx_word' id='word_1_349' title='bbox 3078 2133 3438 2189; x_wconf 88' lang='lat' dir='ltr'>fundatione.</span> <span class='ocrx_word' id='word_1_350' title='bbox 3486 2131 3557 2188; x_wconf 87' lang='lat' dir='ltr'>Et</span> 
     </span>
    </p>
   </div>
   <div class='ocr_carea' id='block_1_49' title="bbox 1940 2218 3556 2295">
    <p class='ocr_par' dir='ltr' id='par_1_49' title="bbox 1940 2218 3556 2295">
     <span class='ocr_line' id='line_1_49' title="bbox 1940 2218 3556 2295; baseline -0.001 -17"><span class='ocrx_word' id='word_1_351' title='bbox 1940 2223 2074 2295; x_wconf 88' lang='lat' dir='ltr'>quia</span> <span class='ocrx_word' id='word_1_352' title='bbox 2110 2224 2343 2294; x_wconf 91' lang='lat' dir='ltr'>possent</span> <span class='ocrx_word' id='word_1_353' title='bbox 2364 2221 2901 2293; x_wconf 83' lang='lat' dir='ltr'>intelligiexsultare</span> <span class='ocrx_word' id='word_1_354' title='bbox 2933 2221 3081 2276; x_wconf 85' lang='lat' dir='ltr'>sicut</span> <span class='ocrx_word' id='word_1_355' title='bbox 3125 2238 3243 2277; x_wconf 91' lang='lat' dir='ltr'>non</span> <span class='ocrx_word' id='word_1_356' title='bbox 3278 2224 3467 2277; x_wconf 88' lang='lat' dir='ltr'>essent</span> <span class='ocrx_word' id='word_1_357' title='bbox 3494 2218 3556 2278; x_wconf 90' lang='lat' dir='ltr'>in</span> 
     </span>
    </p>
   </div>
   <div class='ocr_carea' id='block_1_50' title="bbox 1940 2306 3556 2382">
    <p class='ocr_par' dir='ltr' id='par_1_50' title="bbox 1940 2306 3556 2382">
     <span class='ocr_line' id='line_1_50' title="bbox 1940 2306 3556 2382; baseline -0.002 -15"><span class='ocrx_word' id='word_1_358' title='bbox 1940 2311 2036 2367; x_wconf 86' lang='lat' dir='ltr'>illa</span> <span class='ocrx_word' id='word_1_359' title='bbox 2064 2311 2314 2377; x_wconf 87' lang='lat' dir='ltr'>civitate,</span> <span class='ocrx_word' id='word_1_360' title='bbox 2363 2309 2613 2365; x_wconf 87' lang='lat' dir='ltr'>ostendit</span> <span class='ocrx_word' id='word_1_361' title='bbox 2630 2326 2698 2365; x_wconf 85' lang='lat' dir='ltr'>ex</span> <span class='ocrx_word' id='word_1_362' title='bbox 2722 2309 2802 2364; x_wconf 89' lang='lat' dir='ltr'>eis</span> <span class='ocrx_word' id='word_1_363' title='bbox 2819 2309 3084 2382; x_wconf 90' lang='lat' dir='ltr'>utrisque</span> <span class='ocrx_word' id='word_1_364' title='bbox 3096 2326 3228 2365; x_wconf 90' lang='lat' dir='ltr'>eam</span> <span class='ocrx_word' id='word_1_365' title='bbox 3267 2306 3556 2373; x_wconf 87' lang='lat' dir='ltr'>constitui,</span> 
     </span>
    </p>
   </div>
   <div class='ocr_carea' id='block_1_51' title="bbox 1940 2387 3560 2471">
    <p class='ocr_par' dir='ltr' id='par_1_51' title="bbox 1940 2387 3560 2471">
     <span class='ocr_line' id='line_1_51' title="bbox 1940 2387 3560 2471; baseline -0.001 -16"><span class='ocrx_word' id='word_1_366' title='bbox 1940 2417 2071 2455; x_wconf 90' lang='lat' dir='ltr'>cum</span> <span class='ocrx_word' id='word_1_367' title='bbox 2102 2399 2293 2454; x_wconf 87' lang='lat' dir='ltr'>addit:</span> <span class='ocrx_word' id='word_1_368' title='bbox 2325 2399 2391 2452; x_wconf 89' lang='lat' dir='ltr'>Et</span> <span class='ocrx_word' id='word_1_369' title='bbox 2421 2398 2544 2471; x_wconf 91' lang='lat' dir='ltr'>ipsa</span> <span class='ocrx_word' id='word_1_370' title='bbox 2565 2397 2756 2453; x_wconf 88' lang='lat' dir='ltr'>civitas</span> <span class='ocrx_word' id='word_1_371' title='bbox 2785 2401 2870 2453; x_wconf 91' lang='lat' dir='ltr'>est</span> <span class='ocrx_word' id='word_1_372' title='bbox 2898 2415 3046 2453; x_wconf 78' lang='lat' dir='ltr'>mons</span> <span class='ocrx_word' id='word_1_373' title='bbox 3095 2397 3260 2455; x_wconf 87' lang='lat' dir='ltr'>Sion:</span> <span class='ocrx_word' id='word_1_374' title='bbox 3287 2402 3344 2454; x_wconf 90' lang='lat' dir='ltr'>et</span> <span class='ocrx_word' id='word_1_375' title='bbox 3391 2387 3560 2454; x_wconf 79' lang='lat' dir='ltr'>latera</span> 
     </span>
    </p>
   </div>
   <div class='ocr_carea' id='block_1_52' title="bbox 1940 2486 3563 2561">
    <p class='ocr_par' dir='ltr' id='par_1_52' title="bbox 1940 2486 3563 2561">
     <span class='ocr_line' id='line_1_52' title="bbox 1940 2486 3563 2561; baseline 0 -18"><span class='ocrx_word' id='word_1_376' title='bbox 1940 2489 2221 2561; x_wconf 80' lang='lat' dir='ltr'>aquilonis,</span> <span class='ocrx_word' id='word_1_377' title='bbox 2266 2487 2325 2541; x_wconf 84' lang='lat' dir='ltr'>id</span> <span class='ocrx_word' id='word_1_378' title='bbox 2368 2490 2452 2541; x_wconf 89' lang='lat' dir='ltr'>est</span> <span class='ocrx_word' id='word_1_379' title='bbox 2477 2486 2840 2542; x_wconf 88' lang='lat' dir='ltr'>constituitur</span> <span class='ocrx_word' id='word_1_380' title='bbox 2873 2503 2939 2541; x_wconf 87' lang='lat' dir='ltr'>ex</span> <span class='ocrx_word' id='word_1_381' title='bbox 2972 2492 3173 2542; x_wconf 89' lang='lat' dir='ltr'>monte</span> <span class='ocrx_word' id='word_1_382' title='bbox 3205 2486 3362 2555; x_wconf 89' lang='lat' dir='ltr'>Sion,</span> <span class='ocrx_word' id='word_1_383' title='bbox 3409 2491 3466 2544; x_wconf 90' lang='lat' dir='ltr'>et</span> <span class='ocrx_word' id='word_1_384' title='bbox 3494 2505 3563 2543; x_wconf 79' lang='lat' dir='ltr'>ex</span> 
     </span>
    </p>
   </div>
   <div class='ocr_carea' id='block_1_53' title="bbox 1941 2562 3559 2648">
    <p class='ocr_par' dir='ltr' id='par_1_53' title="bbox 1941 2562 3559 2648">
     <span class='ocr_line' id='line_1_53' title="bbox 1941 2562 3559 2648; baseline -0.001 -15"><span class='ocrx_word' id='word_1_385' title='bbox 1941 2578 2220 2633; x_wconf 88' lang='lat' dir='ltr'>lateribus</span> <span class='ocrx_word' id='word_1_386' title='bbox 2271 2575 2578 2647; x_wconf 89' lang='lat' dir='ltr'>aquilonis,</span> <span class='ocrx_word' id='word_1_387' title='bbox 2609 2575 2668 2630; x_wconf 94' lang='lat' dir='ltr'>id</span> <span class='ocrx_word' id='word_1_388' title='bbox 2727 2562 2811 2630; x_wconf 86' lang='lat' dir='ltr'>est</span> <span class='ocrx_word' id='word_1_389' title='bbox 2840 2592 2906 2631; x_wconf 84' lang='lat' dir='ltr'>ex</span> <span class='ocrx_word' id='word_1_390' title='bbox 2938 2575 3242 2631; x_wconf 72' lang='lat' dir='ltr'>Judzeis.et</span> <span class='ocrx_word' id='word_1_391' title='bbox 3270 2577 3559 2648; x_wconf 85' lang='lat' dir='ltr'>gentibus.</span> 
     </span>
    </p>
   </div>
   <div class='ocr_carea' id='block_1_54' title="bbox 1941 2658 3564 2735">
    <p class='ocr_par' dir='ltr' id='par_1_54' title="bbox 1941 2658 3564 2735">
     <span class='ocr_line' id='line_1_54' title="bbox 1941 2658 3564 2735; baseline 0 -16"><span class='ocrx_word' id='word_1_392' title='bbox 1941 2664 2102 2719; x_wconf 82' lang='lat' dir='ltr'>Mons</span> <span class='ocrx_word' id='word_1_393' title='bbox 2131 2681 2263 2719; x_wconf 86' lang='lat' dir='ltr'>vero</span> <span class='ocrx_word' id='word_1_394' title='bbox 2288 2662 2425 2718; x_wconf 84' lang='lat' dir='ltr'>Sion</span> <span class='ocrx_word' id='word_1_395' title='bbox 2448 2662 2779 2718; x_wconf 70' lang='lat' dir='ltr'>Judeeorum</span> <span class='ocrx_word' id='word_1_396' title='bbox 2811 2663 2975 2735; x_wconf 89' lang='lat' dir='ltr'>plebs</span> <span class='ocrx_word' id='word_1_397' title='bbox 3008 2663 3217 2718; x_wconf 90' lang='lat' dir='ltr'>dicitur</span> <span class='ocrx_word' id='word_1_398' title='bbox 3243 2658 3394 2720; x_wconf 90' lang='lat' dir='ltr'>:non</span> <span class='ocrx_word' id='word_1_399' title='bbox 3408 2662 3564 2735; x_wconf 90' lang='lat' dir='ltr'>quod</span> 
     </span>
    </p>
   </div>
   <div class='ocr_carea' id='block_1_55' title="bbox 1945 2750 3563 2823">
    <p class='ocr_par' dir='ltr' id='par_1_55' title="bbox 1945 2750 3563 2823">
     <span class='ocr_line' id='line_1_55' title="bbox 1945 2750 3563 2823; baseline -0.001 -16"><span class='ocrx_word' id='word_1_400' title='bbox 1945 2750 2003 2807; x_wconf 90' lang='lat' dir='ltr'>in</span> <span class='ocrx_word' id='word_1_401' title='bbox 2029 2752 2328 2807; x_wconf 85' lang='lat' dir='ltr'>virtutibus</span> <span class='ocrx_word' id='word_1_402' title='bbox 2359 2754 2507 2805; x_wconf 88' lang='lat' dir='ltr'>esset</span> <span class='ocrx_word' id='word_1_403' title='bbox 2553 2750 2833 2818; x_wconf 90' lang='lat' dir='ltr'>sublimis,</span> <span class='ocrx_word' id='word_1_404' title='bbox 2867 2751 2969 2806; x_wconf 91' lang='lat' dir='ltr'>sed</span> <span class='ocrx_word' id='word_1_405' title='bbox 3025 2754 3309 2823; x_wconf 88' lang='lat' dir='ltr'>quantum</span> <span class='ocrx_word' id='word_1_406' title='bbox 3353 2755 3426 2806; x_wconf 89' lang='lat' dir='ltr'>ad</span> <span class='ocrx_word' id='word_1_407' title='bbox 3464 2751 3563 2807; x_wconf 92' lang='lat' dir='ltr'>Dei</span> 
     </span>
    </p>
   </div>
   <div class='ocr_carea' id='block_1_56' title="bbox 222 2840 3565 2913">
    <p class='ocr_par' dir='ltr' id='par_1_56' title="bbox 222 2840 3565 2913">
     <span class='ocr_line' id='line_1_56' title="bbox 222 2840 3565 2913; baseline 0 -18"><span class='ocrx_word' id='word_1_408' title='bbox 222 2841 382 2913; x_wconf 84' lang='lat' dir='ltr'>gelio</span> <span class='ocrx_word' id='word_1_409' title='bbox 410 2841 612 2897; x_wconf 81' lang='lat' dir='ltr'>dixisse</span> <span class='ocrx_word' id='word_1_410' title='bbox 644 2841 854 2912; x_wconf 84' lang='lat' dir='ltr'>legitur</span> <span class='ocrx_word' id='word_1_411' title='bbox 875 2858 887 2895; x_wconf 92' lang='lat'>:</span> <span class='ocrx_word' id='word_1_412' title='bbox 909 2840 1295 2913; x_wconf 83' lang='lat' dir='ltr'>«Superhanc</span> <span class='ocrx_word' id='word_1_413' title='bbox 1308 2844 1533 2912; x_wconf 90' lang='lat' dir='ltr'>petram</span> <span class='ocrx_word' id='word_1_414' title='bbox 1547 2840 1842 2897; x_wconf 64' lang='lat' dir='ltr'>aediﬁcabo</span> <span class='ocrx_word' id='word_1_415' title='bbox 1947 2843 2163 2897; x_wconf 86' lang='lat' dir='ltr'>cultum</span> <span class='ocrx_word' id='word_1_416' title='bbox 2195 2858 2370 2912; x_wconf 91' lang='lat' dir='ltr'>quem</span> <span class='ocrx_word' id='word_1_417' title='bbox 2402 2840 2720 2905; x_wconf 88' lang='lat' dir='ltr'>exercebat,</span> <span class='ocrx_word' id='word_1_418' title='bbox 2748 2843 2805 2895; x_wconf 93' lang='lat' dir='ltr'>et</span> <span class='ocrx_word' id='word_1_419' title='bbox 2834 2857 2968 2895; x_wconf 90' lang='lat' dir='ltr'>eum</span> <span class='ocrx_word' id='word_1_420' title='bbox 3014 2841 3333 2896; x_wconf 81' lang='lat' dir='ltr'>exercendo</span> <span class='ocrx_word' id='word_1_421' title='bbox 3382 2842 3565 2896; x_wconf 91' lang='lat' dir='ltr'>Deum</span> 
     </span>
    </p>
   </div>
   <div class='ocr_carea' id='block_1_57' title="bbox 222 2927 3569 3002">
    <p class='ocr_par' dir='ltr' id='par_1_57' title="bbox 222 2927 3569 3002">
     <span class='ocr_line' id='line_1_57' title="bbox 222 2927 3569 3002; baseline -0 -18"><span class='ocrx_word' id='word_1_422' title='bbox 222 2929 540 2985; x_wconf 88' lang='lat' dir='ltr'>Ecclesiam</span> <span class='ocrx_word' id='word_1_423' title='bbox 569 2945 784 2996; x_wconf 90' lang='lat' dir='ltr'>meam,</span> <span class='ocrx_word' id='word_1_424' title='bbox 810 2932 867 2984; x_wconf 91' lang='lat' dir='ltr'>et</span> <span class='ocrx_word' id='word_1_425' title='bbox 896 2932 1079 3001; x_wconf 75' lang='lat' dir='ltr'>portae</span> <span class='ocrx_word' id='word_1_426' title='bbox 1106 2928 1278 2983; x_wconf 86' lang='lat' dir='ltr'>inferi</span> <span class='ocrx_word' id='word_1_427' title='bbox 1304 2946 1423 2983; x_wconf 92' lang='lat' dir='ltr'>non</span> <span class='ocrx_word' id='word_1_428' title='bbox 1454 2929 1846 3000; x_wconf 64' lang='lat' dir='ltr'>praevalebunt</span> <span class='ocrx_word' id='word_1_429' title='bbox 1949 2930 2472 3002; x_wconf 88' lang='lat' dir='ltr'>contemplabatur,</span> <span class='ocrx_word' id='word_1_430' title='bbox 2498 2945 2610 2999; x_wconf 89' lang='lat' dir='ltr'>quo</span> <span class='ocrx_word' id='word_1_431' title='bbox 2643 2929 2795 2982; x_wconf 91' lang='lat' dir='ltr'>cultu</span> <span class='ocrx_word' id='word_1_432' title='bbox 2811 2927 3401 3000; x_wconf 88' lang='lat' dir='ltr'>gentiuminﬁdelitas</span> <span class='ocrx_word' id='word_1_433' title='bbox 3414 2944 3569 2984; x_wconf 89' lang='lat' dir='ltr'>care-</span> 
     </span>
    </p>
   </div>
   <div class='ocr_carea' id='block_1_58' title="bbox 223 3016 3568 3089">
    <p class='ocr_par' dir='ltr' id='par_1_58' title="bbox 223 3016 3568 3089">
     <span class='ocr_line' id='line_1_58' title="bbox 223 3016 3568 3089; baseline -0.001 -16"><span class='ocrx_word' id='word_1_434' title='bbox 223 3019 503 3073; x_wconf 86' lang='lat' dir='ltr'>adversus</span> <span class='ocrx_word' id='word_1_435' title='bbox 559 3034 689 3074; x_wconf 91' lang='lat' dir='ltr'>eam</span> <span class='ocrx_word' id='word_1_436' title='bbox 743 3017 967 3088; x_wconf 77' lang='lat' dir='ltr'>(Matth.</span> <span class='ocrx_word' id='word_1_437' title='bbox 1001 3034 1114 3084; x_wconf 75' lang='lat' dir='ltr'>xvr,</span> <span class='ocrx_word' id='word_1_438' title='bbox 1152 3019 1256 3079; x_wconf 75' lang='grc'>18).</span> <span class='ocrx_word' id='word_1_439' title='bbox 1281 3036 1312 3069; x_wconf 90' lang='lat'>»</span> <span class='ocrx_word' id='word_1_440' title='bbox 1372 3019 1451 3072; x_wconf 90' lang='lat' dir='ltr'>De</span> <span class='ocrx_word' id='word_1_441' title='bbox 1499 3017 1607 3072; x_wconf 89' lang='lat' dir='ltr'>hac</span> <span class='ocrx_word' id='word_1_442' title='bbox 1652 3019 1845 3072; x_wconf 82' lang='lat' dir='ltr'>autem</span> <span class='ocrx_word' id='word_1_443' title='bbox 1877 3079 1914 3089; x_wconf 50' lang='grc' dir='ltr'><em>η</em></span> <span class='ocrx_word' id='word_1_444' title='bbox 1948 3019 2065 3074; x_wconf 89' lang='lat' dir='ltr'>bat.</span> <span class='ocrx_word' id='word_1_445' title='bbox 2100 3018 2298 3071; x_wconf 76' lang='lat' dir='ltr'>Latere</span> <span class='ocrx_word' id='word_1_446' title='bbox 2348 3017 2584 3089; x_wconf 91' lang='lat' dir='ltr'>quidem</span> <span class='ocrx_word' id='word_1_447' title='bbox 2636 3018 2921 3087; x_wconf 84' lang='lat' dir='ltr'>aquilonis,</span> <span class='ocrx_word' id='word_1_448' title='bbox 2955 3016 3015 3071; x_wconf 94' lang='lat' dir='ltr'>id</span> <span class='ocrx_word' id='word_1_449' title='bbox 3047 3020 3134 3071; x_wconf 89' lang='lat' dir='ltr'>est</span> <span class='ocrx_word' id='word_1_450' title='bbox 3180 3016 3393 3073; x_wconf 89' lang='lat' dir='ltr'>diaboli</span> <span class='ocrx_word' id='word_1_451' title='bbox 3426 3032 3568 3088; x_wconf 79' lang='lat' dir='ltr'>gens</span> 
     </span>
    </p>
   </div>
   <div class='ocr_carea' id='block_1_59' title="bbox 223 3079 3547 3177">
    <p class='ocr_par' dir='ltr' id='par_1_59' title="bbox 223 3079 3547 3177">
     <span class='ocr_line' id='line_1_59' title="bbox 223 3079 3547 3177; baseline -0 -16"><span class='ocrx_word' id='word_1_452' title='bbox 223 3106 491 3162; x_wconf 80' lang='lat' dir='ltr'>Ecclesiae</span> <span class='ocrx_word' id='word_1_453' title='bbox 516 3079 855 3161; x_wconf 78' lang='lat' dir='ltr'>fundatione</span> <span class='ocrx_word' id='word_1_454' title='bbox 897 3105 955 3160; x_wconf 91' lang='lat' dir='ltr'>in</span> <span class='ocrx_word' id='word_1_455' title='bbox 989 3079 1110 3160; x_wconf 32' lang='lat' dir='ltr'>hoc.</span> <span class='ocrx_word' id='word_1_456' title='bbox 1126 3107 1348 3176; x_wconf 90' lang='lat' dir='ltr'>psalmo</span> <span class='ocrx_word' id='word_1_457' title='bbox 1373 3104 1614 3177; x_wconf 88' lang='lat' dir='ltr'>apostoli</span> <span class='ocrx_word' id='word_1_458' title='bbox 1645 3108 1845 3177; x_wconf 88' lang='lat' dir='ltr'>agunt,</span> <span class='ocrx_word' id='word_1_459' title='bbox 1868 3079 1916 3139; x_wconf 66' lang='grc' dir='ltr'>Ο</span> <span class='ocrx_word' id='word_1_460' title='bbox 1952 3107 2159 3163; x_wconf 90' lang='lat' dir='ltr'>dicitur</span> <span class='ocrx_word' id='word_1_461' title='bbox 2181 3123 2194 3161; x_wconf 92' lang='lat'>:</span> <span class='ocrx_word' id='word_1_462' title='bbox 2219 3123 2286 3161; x_wconf 93' lang='lat' dir='ltr'>eo</span> <span class='ocrx_word' id='word_1_463' title='bbox 2320 3079 2475 3177; x_wconf 77' lang='lat' dir='ltr'>quod</span> <span class='ocrx_word' id='word_1_464' title='bbox 2518 3105 2639 3175; x_wconf 86' lang='lat' dir='ltr'>ejus</span> <span class='ocrx_word' id='word_1_465' title='bbox 2671 3079 2882 3160; x_wconf 85' lang='lat' dir='ltr'>diaboli</span> <span class='ocrx_word' id='word_1_466' title='bbox 2908 3079 3211 3160; x_wconf 68' lang='lat' dir='ltr'>satellites</span> <span class='ocrx_word' id='word_1_467' title='bbox 3243 3079 3547 3160; x_wconf 66' lang='lat' dir='ltr'>existentes</span> 
     </span>
    </p>
   </div>
   <div class='ocr_carea' id='block_1_60' title="bbox 228 3186 3574 3268">
    <p class='ocr_par' dir='ltr' id='par_1_60' title="bbox 228 3186 3574 3268">
     <span class='ocr_line' id='line_1_60' title="bbox 228 3186 3574 3268; baseline 0 -19"><span class='ocrx_word' id='word_1_468' title='bbox 228 3194 478 3250; x_wconf 90' lang='lat' dir='ltr'>dicendo</span> <span class='ocrx_word' id='word_1_469' title='bbox 511 3198 729 3267; x_wconf 89' lang='lat' dir='ltr'>quanta</span> <span class='ocrx_word' id='word_1_470' title='bbox 758 3193 1134 3250; x_wconf 88' lang='lat' dir='ltr'>exsultatione</span> <span class='ocrx_word' id='word_1_471' title='bbox 1166 3193 1429 3248; x_wconf 89' lang='lat' dir='ltr'>omnium</span> <span class='ocrx_word' id='word_1_472' title='bbox 1478 3194 1741 3265; x_wconf 88' lang='lat' dir='ltr'>gentium</span> <span class='ocrx_word' id='word_1_473' title='bbox 1780 3194 1851 3249; x_wconf 89' lang='lat' dir='ltr'>sit</span> <span class='ocrx_word' id='word_1_474' title='bbox 1952 3213 2086 3251; x_wconf 88' lang='lat' dir='ltr'>eum</span> <span class='ocrx_word' id='word_1_475' title='bbox 2119 3212 2346 3268; x_wconf 88' lang='lat' dir='ltr'>semper</span> <span class='ocrx_word' id='word_1_476' title='bbox 2366 3194 2571 3249; x_wconf 90' lang='lat' dir='ltr'>ducem</span> <span class='ocrx_word' id='word_1_477' title='bbox 2602 3193 2896 3248; x_wconf 88' lang='lat' dir='ltr'>habebant</span> <span class='ocrx_word' id='word_1_478' title='bbox 2924 3209 2937 3249; x_wconf 90' lang='lat'>:</span> <span class='ocrx_word' id='word_1_479' title='bbox 2966 3186 3387 3249; x_wconf 88' lang='lat' dir='ltr'>asimilitudine</span> <span class='ocrx_word' id='word_1_480' title='bbox 3403 3192 3574 3250; x_wconf 65' lang='lat' dir='ltr'>clien-</span> 
     </span>
    </p>
   </div>
   <div class='ocr_carea' id='block_1_61' title="bbox 225 3280 3577 3355">
    <p class='ocr_par' dir='ltr' id='par_1_61' title="bbox 225 3280 3577 3355">
     <span class='ocr_line' id='line_1_61' title="bbox 225 3280 3577 3355; baseline -0 -17"><span class='ocrx_word' id='word_1_481' title='bbox 225 3282 384 3338; x_wconf 84' lang='lat' dir='ltr'>facta</span> <span class='ocrx_word' id='word_1_482' title='bbox 415 3282 769 3338; x_wconf 70' lang='lat' dir='ltr'>exJudaaiset</span> <span class='ocrx_word' id='word_1_483' title='bbox 788 3282 1086 3355; x_wconf 87' lang='lat' dir='ltr'>gentibus:</span> <span class='ocrx_word' id='word_1_484' title='bbox 1113 3285 1170 3336; x_wconf 93' lang='lat' dir='ltr'>et</span> <span class='ocrx_word' id='word_1_485' title='bbox 1193 3298 1368 3353; x_wconf 90' lang='lat' dir='ltr'>quam</span> <span class='ocrx_word' id='word_1_486' title='bbox 1396 3285 1663 3337; x_wconf 89' lang='lat' dir='ltr'>constans</span> <span class='ocrx_word' id='word_1_487' title='bbox 1686 3282 1760 3336; x_wconf 89' lang='lat' dir='ltr'>sit</span> <span class='ocrx_word' id='word_1_488' title='bbox 1779 3298 1849 3336; x_wconf 90' lang='lat' dir='ltr'>ne</span> <span class='ocrx_word' id='word_1_489' title='bbox 1952 3288 2100 3351; x_wconf 87' lang='lat' dir='ltr'>tum,</span> <span class='ocrx_word' id='word_1_490' title='bbox 2134 3283 2223 3338; x_wconf 91' lang='lat' dir='ltr'>cui</span> <span class='ocrx_word' id='word_1_491' title='bbox 2255 3300 2387 3337; x_wconf 91' lang='lat' dir='ltr'>cum</span> <span class='ocrx_word' id='word_1_492' title='bbox 2421 3281 2651 3338; x_wconf 90' lang='lat' dir='ltr'>Domini</span> <span class='ocrx_word' id='word_1_493' title='bbox 2674 3280 2757 3337; x_wconf 92' lang='lat' dir='ltr'>sui</span> <span class='ocrx_word' id='word_1_494' title='bbox 2791 3283 2940 3338; x_wconf 90' lang='lat' dir='ltr'>latus</span> <span class='ocrx_word' id='word_1_495' title='bbox 2982 3281 3282 3337; x_wconf 91' lang='lat' dir='ltr'>includant</span> <span class='ocrx_word' id='word_1_496' title='bbox 3313 3298 3447 3337; x_wconf 90' lang='lat' dir='ltr'>eum</span> <span class='ocrx_word' id='word_1_497' title='bbox 3491 3297 3577 3337; x_wconf 82' lang='lat' dir='ltr'>se-</span> 
     </span>
    </p>
   </div>
   <div class='ocr_carea' id='block_1_62' title="bbox 230 3369 1848 3443">
    <p class='ocr_par' dir='ltr' id='par_1_62' title="bbox 230 3369 1848 3443">
     <span class='ocr_line' id='line_1_62' title="bbox 230 3369 1848 3443; baseline 0 -18"><span class='ocrx_word' id='word_1_498' title='bbox 230 3370 427 3442; x_wconf 85' lang='lat' dir='ltr'>aliquo</span> <span class='ocrx_word' id='word_1_499' title='bbox 452 3369 627 3425; x_wconf 85' lang='lat' dir='ltr'>modo</span> <span class='ocrx_word' id='word_1_500' title='bbox 670 3373 829 3424; x_wconf 90' lang='lat' dir='ltr'>metu</span> <span class='ocrx_word' id='word_1_501' title='bbox 866 3374 1230 3425; x_wconf 89' lang='lat' dir='ltr'>terrenorum</span> <span class='ocrx_word' id='word_1_502' title='bbox 1248 3369 1572 3443; x_wconf 83' lang='lat' dir='ltr'>principum</span> <span class='ocrx_word' id='word_1_503' title='bbox 1602 3369 1848 3439; x_wconf 87' lang='lat' dir='ltr'>deﬁciat,</span> 
     </span>
    </p>
   </div>
   <div class='ocr_carea' id='block_1_63' title="bbox 228 3457 1853 3535">
    <p class='ocr_par' dir='ltr' id='par_1_63' title="bbox 228 3457 1853 3535">
     <span class='ocr_line' id='line_1_63' title="bbox 228 3457 1853 3535; baseline 0.001 -22"><span class='ocrx_word' id='word_1_504' title='bbox 228 3459 335 3514; x_wconf 90' lang='lat' dir='ltr'>sed</span> <span class='ocrx_word' id='word_1_505' title='bbox 364 3460 626 3531; x_wconf 81' lang='lat' dir='ltr'>exemplo</span> <span class='ocrx_word' id='word_1_506' title='bbox 639 3457 977 3513; x_wconf 86' lang='lat' dir='ltr'>constantiae</span> <span class='ocrx_word' id='word_1_507' title='bbox 991 3462 1048 3513; x_wconf 92' lang='lat' dir='ltr'>et</span> <span class='ocrx_word' id='word_1_508' title='bbox 1060 3458 1444 3513; x_wconf 89' lang='lat' dir='ltr'>admiratione</span> <span class='ocrx_word' id='word_1_509' title='bbox 1457 3475 1570 3513; x_wconf 63' lang='lat' dir='ltr'>sua:</span> <span class='ocrx_word' id='word_1_510' title='bbox 1587 3459 1853 3535; x_wconf 66' lang='lat' dir='ltr'>gloriosae</span> 
     </span>
    </p>
   </div>
   <div class='ocr_carea' id='block_1_64' title="bbox 221 3544 1856 3606">
    <p class='ocr_par' dir='ltr' id='par_1_64' title="bbox 221 3544 1856 3606">
     <span class='ocr_line' id='line_1_64' title="bbox 221 3544 1856 3606; baseline -0.002 -1"><span class='ocrx_word' id='word_1_511' title='bbox 221 3548 694 3606; x_wconf 81' lang='lat' dir='ltr'>fundationiseos</span> <span class='ocrx_word' id='word_1_512' title='bbox 727 3549 801 3603; x_wconf 91' lang='lat' dir='ltr'>ad</span> <span class='ocrx_word' id='word_1_513' title='bbox 837 3548 922 3604; x_wconf 89' lang='lat' dir='ltr'>sui</span> <span class='ocrx_word' id='word_1_514' title='bbox 955 3547 1427 3603; x_wconf 89' lang='lat' dir='ltr'>conformitatem</span> <span class='ocrx_word' id='word_1_515' title='bbox 1470 3549 1740 3602; x_wconf 87' lang='lat' dir='ltr'>attrahat.</span> <span class='ocrx_word' id='word_1_516' title='bbox 1788 3544 1856 3602; x_wconf 86' lang='lat' dir='ltr'>Et</span> 
     </span>
    </p>
   </div>
   <div class='ocr_carea' id='block_1_65' title="bbox 226 3635 1853 3711">
    <p class='ocr_par' dir='ltr' id='par_1_65' title="bbox 226 3635 1853 3711">
     <span class='ocr_line' id='line_1_65' title="bbox 226 3635 1853 3711; baseline -0.002 -18"><span class='ocrx_word' id='word_1_517' title='bbox 226 3638 369 3711; x_wconf 88' lang='lat' dir='ltr'>quia</span> <span class='ocrx_word' id='word_1_518' title='bbox 381 3637 507 3692; x_wconf 88' lang='lat' dir='ltr'>talis</span> <span class='ocrx_word' id='word_1_519' title='bbox 522 3638 594 3692; x_wconf 90' lang='lat' dir='ltr'>ab</span> <span class='ocrx_word' id='word_1_520' title='bbox 608 3653 676 3692; x_wconf 90' lang='lat' dir='ltr'>eo</span> <span class='ocrx_word' id='word_1_521' title='bbox 690 3637 935 3691; x_wconf 84' lang='lat' dir='ltr'>fundata</span> <span class='ocrx_word' id='word_1_522' title='bbox 949 3640 1053 3703; x_wconf 89' lang='lat' dir='ltr'>est,</span> <span class='ocrx_word' id='word_1_523' title='bbox 1069 3636 1320 3691; x_wconf 89' lang='lat' dir='ltr'>ostendit</span> <span class='ocrx_word' id='word_1_524' title='bbox 1335 3636 1647 3691; x_wconf 91' lang='lat' dir='ltr'>Dominum</span> <span class='ocrx_word' id='word_1_525' title='bbox 1663 3635 1853 3690; x_wconf 88' lang='lat' dir='ltr'>Chris-</span> 
     </span>
    </p>
   </div>
   <div class='ocr_carea' id='block_1_66' title="bbox 232 3724 1857 3795">
    <p class='ocr_par' dir='ltr' id='par_1_66' title="bbox 232 3724 1857 3795">
     <span class='ocr_line' id='line_1_66' title="bbox 232 3724 1857 3795; baseline -0.001 -14"><span class='ocrx_word' id='word_1_526' title='bbox 232 3728 359 3781; x_wconf 87' lang='lat' dir='ltr'>tum</span> <span class='ocrx_word' id='word_1_527' title='bbox 376 3724 1113 3795; x_wconf 86' lang='lat' dir='ltr'>magnuminhocvideriet</span> <span class='ocrx_word' id='word_1_528' title='bbox 1146 3724 1516 3788; x_wconf 87' lang='lat' dir='ltr'>laudabilem,</span> <span class='ocrx_word' id='word_1_529' title='bbox 1546 3727 1607 3779; x_wconf 91' lang='lat' dir='ltr'>ut</span> <span class='ocrx_word' id='word_1_530' title='bbox 1638 3724 1857 3780; x_wconf 91' lang='lat' dir='ltr'>audito-</span> 
     </span>
    </p>
   </div>
   <div class='ocr_carea' id='block_1_67' title="bbox 225 3808 1856 3884">
    <p class='ocr_par' dir='ltr' id='par_1_67' title="bbox 225 3808 1856 3884">
     <span class='ocr_line' id='line_1_67' title="bbox 225 3808 1856 3884; baseline -0.004 -13"><span class='ocrx_word' id='word_1_531' title='bbox 225 3815 393 3871; x_wconf 89' lang='lat' dir='ltr'>resin</span> <span class='ocrx_word' id='word_1_532' title='bbox 407 3814 640 3870; x_wconf 88' lang='lat' dir='ltr'>laudem</span> <span class='ocrx_word' id='word_1_533' title='bbox 655 3813 739 3868; x_wconf 81' lang='lat' dir='ltr'>sui</span> <span class='ocrx_word' id='word_1_534' title='bbox 756 3813 1066 3869; x_wconf 88' lang='lat' dir='ltr'>alliciat.De</span> <span class='ocrx_word' id='word_1_535' title='bbox 1079 3813 1238 3883; x_wconf 79' lang='lat' dir='ltr'>cuius</span> <span class='ocrx_word' id='word_1_536' title='bbox 1251 3813 1587 3867; x_wconf 84' lang='lat' dir='ltr'>fundatione</span> <span class='ocrx_word' id='word_1_537' title='bbox 1601 3813 1746 3867; x_wconf 89' lang='lat' dir='ltr'>cives</span> <span class='ocrx_word' id='word_1_538' title='bbox 1759 3808 1856 3884; x_wconf 88' lang='lat' dir='ltr'>qui</span> 
     </span>
    </p>
   </div>
   <div class='ocr_carea' id='block_1_68' title="bbox 233 3900 1854 3974">
    <p class='ocr_par' dir='ltr' id='par_1_68' title="bbox 233 3900 1854 3974">
     <span class='ocr_line' id='line_1_68' title="bbox 233 3900 1854 3974; baseline -0.002 -15"><span class='ocrx_word' id='word_1_539' title='bbox 233 3904 297 3959; x_wconf 90' lang='lat' dir='ltr'>in</span> <span class='ocrx_word' id='word_1_540' title='bbox 327 3920 397 3959; x_wconf 90' lang='lat' dir='ltr'>ea</span> <span class='ocrx_word' id='word_1_541' title='bbox 420 3905 553 3958; x_wconf 90' lang='lat' dir='ltr'>sunt</span> <span class='ocrx_word' id='word_1_542' title='bbox 566 3919 629 3958; x_wconf 84' lang='lat' dir='ltr'>ex</span> <span class='ocrx_word' id='word_1_543' title='bbox 642 3903 669 3957; x_wconf 75' lang='grc' dir='ltr'>Ι</span> <span class='ocrx_word' id='word_1_544' title='bbox 676 3901 858 3956; x_wconf 79' lang='lat' dir='ltr'>udaeis</span> <span class='ocrx_word' id='word_1_545' title='bbox 870 3906 927 3956; x_wconf 93' lang='lat' dir='ltr'>et</span> <span class='ocrx_word' id='word_1_546' title='bbox 943 3901 1211 3974; x_wconf 88' lang='lat' dir='ltr'>gentibus</span> <span class='ocrx_word' id='word_1_547' title='bbox 1219 3902 1385 3973; x_wconf 87' lang='lat' dir='ltr'>jubet</span> <span class='ocrx_word' id='word_1_548' title='bbox 1398 3900 1579 3956; x_wconf 89' lang='lat' dir='ltr'>laetari</span> <span class='ocrx_word' id='word_1_549' title='bbox 1595 3917 1608 3955; x_wconf 92' lang='lat'>:</span> <span class='ocrx_word' id='word_1_550' title='bbox 1626 3904 1854 3973; x_wconf 87' lang='lat' dir='ltr'>gentes-</span> 
     </span>
    </p>
   </div>
   <div class='ocr_carea' id='block_1_69' title="bbox 226 3989 1857 4065">
    <p class='ocr_par' dir='ltr' id='par_1_69' title="bbox 226 3989 1857 4065">
     <span class='ocr_line' id='line_1_69' title="bbox 226 3989 1857 4065; baseline -0.001 -18"><span class='ocrx_word' id='word_1_551' title='bbox 226 4002 344 4065; x_wconf 85' lang='lat' dir='ltr'>&#39;que</span> <span class='ocrx_word' id='word_1_552' title='bbox 361 4007 490 4064; x_wconf 61' lang='lat' dir='ltr'>qua)</span> <span class='ocrx_word' id='word_1_553' title='bbox 504 3991 518 4045; x_wconf 90' lang='lat' dir='ltr'>i</span> <span class='ocrx_word' id='word_1_554' title='bbox 531 3990 967 4061; x_wconf 85' lang='lat' dir='ltr'>mperfectiores</span> <span class='ocrx_word' id='word_1_555' title='bbox 979 3990 1409 4056; x_wconf 86' lang='lat' dir='ltr'>sunt,ﬁdelesde</span> <span class='ocrx_word' id='word_1_556' title='bbox 1421 3989 1627 4045; x_wconf 63' lang='lat' dir='ltr'>Iudaeis</span> <span class='ocrx_word' id='word_1_557' title='bbox 1640 3989 1857 4061; x_wconf 85' lang='lat' dir='ltr'>perfec-</span> 
     </span>
    </p>
   </div>
   <div class='ocr_carea' id='block_1_70' title="bbox 228 4079 1850 4143">
    <p class='ocr_par' dir='ltr' id='par_1_70' title="bbox 228 4079 1850 4143">
     <span class='ocr_line' id='line_1_70' title="bbox 228 4079 1850 4143; baseline -0.002 -7"><span class='ocrx_word' id='word_1_558' title='bbox 228 4079 642 4136; x_wconf 89' lang='lat' dir='ltr'>tioresimitari</span> <span class='ocrx_word' id='word_1_559' title='bbox 661 4096 674 4134; x_wconf 95' lang='lat'>:</span> <span class='ocrx_word' id='word_1_560' title='bbox 691 4081 880 4143; x_wconf 78' lang='lat' dir='ltr'>et,ut,t</span> <span class='ocrx_word' id='word_1_561' title='bbox 892 4079 1274 4134; x_wconf 88' lang='lat' dir='ltr'>antummodo</span> <span class='ocrx_word' id='word_1_562' title='bbox 1288 4080 1471 4134; x_wconf 92' lang='lat' dir='ltr'>bonos</span> <span class='ocrx_word' id='word_1_563' title='bbox 1482 4079 1850 4143; x_wconf 71' lang='lat' dir='ltr'>aemulentur,</span> 
     </span>
    </p>
   </div>
   <div class='ocr_carea' id='block_1_71' title="bbox 1955 3364 3576 3445">
    <p class='ocr_par' dir='ltr' id='par_1_71' title="bbox 1955 3364 3576 3445">
     <span class='ocr_line' id='line_1_71' title="bbox 1955 3364 3576 3445; baseline -0.001 -18"><span class='ocrx_word' id='word_1_564' title='bbox 1955 3372 2207 3445; x_wconf 80' lang='lat' dir='ltr'>quando,</span> <span class='ocrx_word' id='word_1_565' title='bbox 2235 3372 2356 3443; x_wconf 84' lang='lat' dir='ltr'>ejus</span> <span class='ocrx_word' id='word_1_566' title='bbox 2384 3372 2567 3426; x_wconf 84' lang='lat' dir='ltr'>latera</span> <span class='ocrx_word' id='word_1_567' title='bbox 2598 3370 2885 3438; x_wconf 90' lang='lat' dir='ltr'>dicuntur,</span> <span class='ocrx_word' id='word_1_568' title='bbox 2927 3371 2985 3426; x_wconf 93' lang='lat' dir='ltr'>id</span> <span class='ocrx_word' id='word_1_569' title='bbox 3022 3374 3126 3438; x_wconf 90' lang='lat' dir='ltr'>est,</span> <span class='ocrx_word' id='word_1_570' title='bbox 3160 3364 3576 3444; x_wconf 81' lang='lat' dir='ltr'>constipatores</span> 
     </span>
    </p>
   </div>
   <div class='ocr_carea' id='block_1_72' title="bbox 1955 3458 3579 3532">
    <p class='ocr_par' dir='ltr' id='par_1_72' title="bbox 1955 3458 3579 3532">
     <span class='ocr_line' id='line_1_72' title="bbox 1955 3458 3579 3532; baseline 0 -16"><span class='ocrx_word' id='word_1_571' title='bbox 1955 3463 2201 3516; x_wconf 89' lang='lat' dir='ltr'>laterum</span> <span class='ocrx_word' id='word_1_572' title='bbox 2232 3460 2372 3531; x_wconf 88' lang='lat' dir='ltr'>ejus.</span> <span class='ocrx_word' id='word_1_573' title='bbox 2399 3460 2604 3531; x_wconf 85' lang='lat' dir='ltr'>Aquilo</span> <span class='ocrx_word' id='word_1_574' title='bbox 2627 3476 2761 3515; x_wconf 92' lang='lat' dir='ltr'>vero</span> <span class='ocrx_word' id='word_1_575' title='bbox 2794 3460 3057 3516; x_wconf 89' lang='lat' dir='ltr'>diabolus</span> <span class='ocrx_word' id='word_1_576' title='bbox 3087 3460 3396 3528; x_wconf 89' lang='lat' dir='ltr'>dicitur,eo</span> <span class='ocrx_word' id='word_1_577' title='bbox 3420 3458 3579 3532; x_wconf 87' lang='lat' dir='ltr'>quod</span> 
     </span>
    </p>
   </div>
   <div class='ocr_carea' id='block_1_73' title="bbox 1956 3546 3578 3618">
    <p class='ocr_par' dir='ltr' id='par_1_73' title="bbox 1956 3546 3578 3618">
     <span class='ocr_line' id='line_1_73' title="bbox 1956 3546 3578 3618; baseline -0.002 -14"><span class='ocrx_word' id='word_1_578' title='bbox 1956 3567 2088 3604; x_wconf 81' lang='lat' dir='ltr'>cum</span> <span class='ocrx_word' id='word_1_579' title='bbox 2120 3566 2153 3603; x_wconf 90' lang='lat' dir='ltr'>a</span> <span class='ocrx_word' id='word_1_580' title='bbox 2177 3549 2401 3603; x_wconf 87' lang='lat' dir='ltr'>fervore</span> <span class='ocrx_word' id='word_1_581' title='bbox 2424 3547 2718 3602; x_wconf 87' lang='lat' dir='ltr'>charitatis</span> <span class='ocrx_word' id='word_1_582' title='bbox 2751 3547 2959 3603; x_wconf 85' lang='lat' dir='ltr'>divinae</span> <span class='ocrx_word' id='word_1_583' title='bbox 3008 3547 3249 3618; x_wconf 81' lang='lat' dir='ltr'>frigidus</span> <span class='ocrx_word' id='word_1_584' title='bbox 3293 3547 3384 3615; x_wconf 90' lang='lat' dir='ltr'>sit,</span> <span class='ocrx_word' id='word_1_585' title='bbox 3436 3546 3578 3602; x_wconf 87' lang='lat' dir='ltr'>alios</span> 
     </span>
    </p>
   </div>
   <div class='ocr_carea' id='block_1_74' title="bbox 1955 3633 3575 3707">
    <p class='ocr_par' dir='ltr' id='par_1_74' title="bbox 1955 3633 3575 3707">
     <span class='ocr_line' id='line_1_74' title="bbox 1955 3633 3575 3707; baseline -0.002 -15"><span class='ocrx_word' id='word_1_586' title='bbox 1955 3637 2061 3692; x_wconf 91' lang='lat' dir='ltr'>sibi</span> <span class='ocrx_word' id='word_1_587' title='bbox 2087 3637 2514 3692; x_wconf 88' lang='lat' dir='ltr'>consentientes</span> <span class='ocrx_word' id='word_1_588' title='bbox 2546 3636 2604 3690; x_wconf 92' lang='lat' dir='ltr'>in</span> <span class='ocrx_word' id='word_1_589' title='bbox 2644 3636 2753 3690; x_wconf 90' lang='lat' dir='ltr'>hoc</span> <span class='ocrx_word' id='word_1_590' title='bbox 2800 3634 3043 3707; x_wconf 86' lang='lat' dir='ltr'>frigidos</span> <span class='ocrx_word' id='word_1_591' title='bbox 3092 3635 3245 3702; x_wconf 87' lang='lat' dir='ltr'>facit,</span> <span class='ocrx_word' id='word_1_592' title='bbox 3285 3638 3342 3688; x_wconf 90' lang='lat' dir='ltr'>et</span> <span class='ocrx_word' id='word_1_593' title='bbox 3393 3633 3472 3689; x_wconf 91' lang='lat' dir='ltr'>sic</span> <span class='ocrx_word' id='word_1_594' title='bbox 3504 3634 3575 3689; x_wconf 86' lang='lat' dir='ltr'>ab</span> 
     </span>
    </p>
   </div>
   <div class='ocr_carea' id='block_1_75' title="bbox 1957 3721 3575 3799">
    <p class='ocr_par' dir='ltr' id='par_1_75' title="bbox 1957 3721 3575 3799">
     <span class='ocr_line' id='line_1_75' title="bbox 1957 3721 3575 3799; baseline -0.004 -18"><span class='ocrx_word' id='word_1_595' title='bbox 1957 3732 2131 3799; x_wconf 86' lang='lat' dir='ltr'>opere</span> <span class='ocrx_word' id='word_1_596' title='bbox 2146 3725 2297 3780; x_wconf 91' lang='lat' dir='ltr'>bono</span> <span class='ocrx_word' id='word_1_597' title='bbox 2324 3724 2543 3778; x_wconf 89' lang='lat' dir='ltr'>steriles</span> <span class='ocrx_word' id='word_1_598' title='bbox 2563 3723 2663 3777; x_wconf 88' lang='lat' dir='ltr'>:ad</span> <span class='ocrx_word' id='word_1_599' title='bbox 2696 3723 2937 3777; x_wconf 91' lang='lat' dir='ltr'>modum</span> <span class='ocrx_word' id='word_1_600' title='bbox 2963 3721 3267 3794; x_wconf 90' lang='lat' dir='ltr'>aquilonis,</span> <span class='ocrx_word' id='word_1_601' title='bbox 3296 3721 3413 3794; x_wconf 89' lang='lat' dir='ltr'>qui,</span> <span class='ocrx_word' id='word_1_602' title='bbox 3441 3734 3575 3776; x_wconf 87' lang='lat' dir='ltr'>cum</span> 
     </span>
    </p>
   </div>
   <div class='ocr_carea' id='block_1_76' title="bbox 1955 3802 3577 3886">
    <p class='ocr_par' dir='ltr' id='par_1_76' title="bbox 1955 3802 3577 3886">
     <span class='ocr_line' id='line_1_76' title="bbox 1955 3802 3577 3886; baseline -0.002 -17"><span class='ocrx_word' id='word_1_603' title='bbox 1955 3813 2202 3886; x_wconf 85' lang='lat' dir='ltr'>frigidus</span> <span class='ocrx_word' id='word_1_604' title='bbox 2230 3815 2434 3868; x_wconf 87' lang='lat' dir='ltr'>ventus</span> <span class='ocrx_word' id='word_1_605' title='bbox 2463 3811 2556 3879; x_wconf 90' lang='lat' dir='ltr'>sit,</span> <span class='ocrx_word' id='word_1_606' title='bbox 2587 3815 2806 3866; x_wconf 89' lang='lat' dir='ltr'>terram</span> <span class='ocrx_word' id='word_1_607' title='bbox 2836 3810 3109 3882; x_wconf 83' lang='lat' dir='ltr'>frigidam</span> <span class='ocrx_word' id='word_1_608' title='bbox 3128 3802 3392 3865; x_wconf 82' lang='lat' dir='ltr'>faciendo</span> <span class='ocrx_word' id='word_1_609' title='bbox 3410 3808 3577 3865; x_wconf 89' lang='lat' dir='ltr'>strin-</span> 
     </span>
    </p>
   </div>
   <div class='ocr_carea' id='block_1_77' title="bbox 1956 3898 3133 3975">
    <p class='ocr_par' dir='ltr' id='par_1_77' title="bbox 1956 3898 3133 3975">
     <span class='ocr_line' id='line_1_77' title="bbox 1956 3898 3133 3975; baseline -0.003 -19"><span class='ocrx_word' id='word_1_610' title='bbox 1956 3902 2060 3975; x_wconf 89' lang='lat' dir='ltr'>git,</span> <span class='ocrx_word' id='word_1_611' title='bbox 2095 3906 2154 3958; x_wconf 90' lang='lat' dir='ltr'>et</span> <span class='ocrx_word' id='word_1_612' title='bbox 2183 3919 2216 3958; x_wconf 90' lang='lat' dir='ltr'>a</span> <span class='ocrx_word' id='word_1_613' title='bbox 2246 3900 2621 3974; x_wconf 85' lang='lat' dir='ltr'>generatione</span> <span class='ocrx_word' id='word_1_614' title='bbox 2652 3900 2863 3955; x_wconf 89' lang='lat' dir='ltr'>ﬂorum</span> <span class='ocrx_word' id='word_1_615' title='bbox 2895 3898 3133 3954; x_wconf 90' lang='lat' dir='ltr'>detinet.</span> 
     </span>
    </p>
   </div>
   <div class='ocr_carea' id='block_1_78' title="bbox 2027 3987 3576 4061">
    <p class='ocr_par' dir='ltr' id='par_1_78' title="bbox 2027 3987 3576 4061">
     <span class='ocr_line' id='line_1_78' title="bbox 2027 3987 3576 4061; baseline -0.001 -15"><span class='ocrx_word' id='word_1_616' title='bbox 2027 3991 2190 4046; x_wconf 88' lang='lat' dir='ltr'>Unde</span> <span class='ocrx_word' id='word_1_617' title='bbox 2222 3990 2281 4045; x_wconf 91' lang='lat' dir='ltr'>in</span> <span class='ocrx_word' id='word_1_618' title='bbox 2310 3989 2557 4045; x_wconf 89' lang='lat' dir='ltr'>Canticis</span> <span class='ocrx_word' id='word_1_619' title='bbox 2603 4004 2882 4060; x_wconf 89' lang='lat' dir='ltr'>sponsus:</span> <span class='ocrx_word' id='word_1_620' title='bbox 2916 4010 2943 4037; x_wconf 86' lang='lat'><strong>«</strong></span> <span class='ocrx_word' id='word_1_621' title='bbox 2993 3987 3198 4059; x_wconf 86' lang='lat' dir='ltr'>Surge,</span> <span class='ocrx_word' id='word_1_622' title='bbox 3250 3987 3463 4061; x_wconf 89' lang='lat' dir='ltr'>aquilo,</span> <span class='ocrx_word' id='word_1_623' title='bbox 3517 3992 3576 4045; x_wconf 90' lang='lat' dir='ltr'>et</span> 
     </span>
    </p>
   </div>
   <div class='ocr_carea' id='block_1_79' title="bbox 1954 4075 3573 4147">
    <p class='ocr_par' dir='ltr' id='par_1_79' title="bbox 1954 4075 3573 4147">
     <span class='ocr_line' id='line_1_79' title="bbox 1954 4075 3573 4147; baseline -0.001 -12"><span class='ocrx_word' id='word_1_624' title='bbox 1954 4079 2105 4146; x_wconf 87' lang='lat' dir='ltr'>veni,</span> <span class='ocrx_word' id='word_1_625' title='bbox 2140 4082 2355 4147; x_wconf 88' lang='lat' dir='ltr'>auster,</span> <span class='ocrx_word' id='word_1_626' title='bbox 2397 4080 2504 4133; x_wconf 90' lang='lat' dir='ltr'>etc.</span> <span class='ocrx_word' id='word_1_627' title='bbox 2537 4075 2724 4144; x_wconf 87' lang='lat' dir='ltr'>(Cant.</span> <span class='ocrx_word' id='word_1_628' title='bbox 2760 4094 2833 4144; x_wconf 88' lang='lat' dir='ltr'>1v,</span> <span class='ocrx_word' id='word_1_629' title='bbox 2866 4075 2975 4147; x_wconf 80' lang='grc'>16).</span> <span class='ocrx_word' id='word_1_630' title='bbox 2997 4096 3025 4125; x_wconf 83' lang='grc'><strong>››</strong></span> <span class='ocrx_word' id='word_1_631' title='bbox 3061 4075 3345 4140; x_wconf 87' lang='lat' dir='ltr'>Quoniam</span> <span class='ocrx_word' id='word_1_632' title='bbox 3378 4080 3573 4134; x_wconf 89' lang='lat' dir='ltr'>autem</span> 
     </span>
    </p>
   </div>
   <div class='ocr_carea' id='block_1_80' title="bbox 231 4164 3575 4240">
    <p class='ocr_par' dir='ltr' id='par_1_80' title="bbox 231 4164 3575 4240">
     <span class='ocr_line' id='line_1_80' title="bbox 231 4164 3575 4240; baseline -0 -16"><span class='ocrx_word' id='word_1_633' title='bbox 231 4186 267 4224; x_wconf 84' lang='lat' dir='ltr'>a</span> <span class='ocrx_word' id='word_1_634' title='bbox 286 4168 443 4223; x_wconf 84' lang='lat' dir='ltr'>falsis</span> <span class='ocrx_word' id='word_1_635' title='bbox 466 4168 942 4240; x_wconf 65' lang='lat' dir='ltr'>praedicatoribus</span> <span class='ocrx_word' id='word_1_636' title='bbox 972 4185 1169 4223; x_wconf 87' lang='lat' dir='ltr'>cavere</span> <span class='ocrx_word' id='word_1_637' title='bbox 1204 4168 1486 4222; x_wconf 88' lang='lat' dir='ltr'>hortatur.</span> <span class='ocrx_word' id='word_1_638' title='bbox 1513 4168 1645 4239; x_wconf 82' lang='lat' dir='ltr'>Agit</span> <span class='ocrx_word' id='word_1_639' title='bbox 1658 4169 1853 4222; x_wconf 90' lang='lat' dir='ltr'>autem</span> <span class='ocrx_word' id='word_1_640' title='bbox 1957 4168 2204 4223; x_wconf 82' lang='lat' dir='ltr'>dixerat:</span> <span class='ocrx_word' id='word_1_641' title='bbox 2227 4165 2364 4222; x_wconf 87' lang='lat' dir='ltr'>Cum</span> <span class='ocrx_word' id='word_1_642' title='bbox 2394 4168 2642 4237; x_wconf 78' lang='lat' dir='ltr'>suscipiet</span> <span class='ocrx_word' id='word_1_643' title='bbox 2674 4183 2789 4220; x_wconf 90' lang='lat' dir='ltr'>eam</span> <span class='ocrx_word' id='word_1_644' title='bbox 2822 4164 3112 4219; x_wconf 89' lang='lat' dir='ltr'>civitatem</span> <span class='ocrx_word' id='word_1_645' title='bbox 3144 4164 3202 4219; x_wconf 87' lang='lat' dir='ltr'>in</span> <span class='ocrx_word' id='word_1_646' title='bbox 3250 4166 3575 4223; x_wconf 87' lang='lat' dir='ltr'>tribulatio-</span> 
     </span>
    </p>
   </div>
   <div class='ocr_carea' id='block_1_81' title="bbox 228 4242 3575 4328">
    <p class='ocr_par' dir='ltr' id='par_1_81' title="bbox 228 4242 3575 4328">
     <span class='ocr_line' id='line_1_81' title="bbox 228 4242 3575 4328; baseline -0 -16"><span class='ocrx_word' id='word_1_647' title='bbox 228 4256 453 4313; x_wconf 89' lang='lat' dir='ltr'>ideode</span> <span class='ocrx_word' id='word_1_648' title='bbox 473 4258 579 4311; x_wconf 88' lang='lat' dir='ltr'>hac</span> <span class='ocrx_word' id='word_1_649' title='bbox 597 4257 859 4311; x_wconf 78' lang='lat' dir='ltr'>Ecclesiae</span> <span class='ocrx_word' id='word_1_650' title='bbox 901 4256 1150 4328; x_wconf 88' lang='lat' dir='ltr'>gloriosa</span> <span class='ocrx_word' id='word_1_651' title='bbox 1188 4254 1723 4321; x_wconf 85' lang='lat' dir='ltr'>fundatione,uteos</span> <span class='ocrx_word' id='word_1_652' title='bbox 1757 4254 1855 4328; x_wconf 90' lang='lat' dir='ltr'>qui</span> <span class='ocrx_word' id='word_1_653' title='bbox 1957 4257 2124 4312; x_wconf 90' lang='lat' dir='ltr'>nibus</span> <span class='ocrx_word' id='word_1_654' title='bbox 2171 4259 2235 4310; x_wconf 92' lang='lat' dir='ltr'>ut</span> <span class='ocrx_word' id='word_1_655' title='bbox 2282 4258 2602 4321; x_wconf 90' lang='lat' dir='ltr'>conservet,</span> <span class='ocrx_word' id='word_1_656' title='bbox 2636 4257 2829 4327; x_wconf 90' lang='lat' dir='ltr'>posset</span> <span class='ocrx_word' id='word_1_657' title='bbox 2863 4242 3278 4325; x_wconf 70' lang='lat' dir='ltr'>quierizQuare</span> <span class='ocrx_word' id='word_1_658' title='bbox 3318 4270 3457 4325; x_wconf 87' lang='lat' dir='ltr'>ergo</span> <span class='ocrx_word' id='word_1_659' title='bbox 3490 4259 3575 4311; x_wconf 89' lang='lat' dir='ltr'>est</span> 
     </span>
    </p>
   </div>
   <div class='ocr_carea' id='block_1_82' title="bbox 231 4341 3571 4424">
    <p class='ocr_par' dir='ltr' id='par_1_82' title="bbox 231 4341 3571 4424">
     <span class='ocr_line' id='line_1_82' title="bbox 231 4341 3571 4424; baseline -0.001 -23"><span class='ocrx_word' id='word_1_660' title='bbox 231 4344 502 4401; x_wconf 87' lang='lat' dir='ltr'>nondum</span> <span class='ocrx_word' id='word_1_661' title='bbox 530 4344 677 4400; x_wconf 86' lang='lat' dir='ltr'>cives</span> <span class='ocrx_word' id='word_1_662' title='bbox 695 4345 821 4416; x_wconf 80' lang='lat' dir='ltr'>ejus</span> <span class='ocrx_word' id='word_1_663' title='bbox 838 4347 989 4411; x_wconf 88' lang='lat' dir='ltr'>sunt,</span> <span class='ocrx_word' id='word_1_664' title='bbox 1013 4343 1085 4399; x_wconf 91' lang='lat' dir='ltr'>ad</span> <span class='ocrx_word' id='word_1_665' title='bbox 1115 4360 1245 4398; x_wconf 90' lang='lat' dir='ltr'>eam</span> <span class='ocrx_word' id='word_1_666' title='bbox 1294 4342 1494 4397; x_wconf 87' lang='lat' dir='ltr'>invitet</span> <span class='ocrx_word' id='word_1_667' title='bbox 1529 4343 1801 4397; x_wconf 86' lang='lat' dir='ltr'>accedere</span> <span class='ocrx_word' id='word_1_668' title='bbox 1841 4372 1856 4424; x_wconf 74' lang='grc'>;</span> <span class='ocrx_word' id='word_1_669' title='bbox 1881 4364 1934 4422; x_wconf 81' lang='lat' dir='ltr'><strong>D</strong></span> <span class='ocrx_word' id='word_1_670' title='bbox 1957 4344 2167 4401; x_wconf 89' lang='lat' dir='ltr'>civitati</span> <span class='ocrx_word' id='word_1_671' title='bbox 2185 4342 2567 4400; x_wconf 87' lang='lat' dir='ltr'>necessarium</span> <span class='ocrx_word' id='word_1_672' title='bbox 2584 4346 2645 4397; x_wconf 92' lang='lat' dir='ltr'>ut</span> <span class='ocrx_word' id='word_1_673' title='bbox 2678 4359 2805 4397; x_wconf 89' lang='lat' dir='ltr'>eam</span> <span class='ocrx_word' id='word_1_674' title='bbox 2826 4341 3233 4414; x_wconf 81' lang='lat' dir='ltr'>suscipiat?Ad</span> <span class='ocrx_word' id='word_1_675' title='bbox 3282 4359 3457 4414; x_wconf 89' lang='lat' dir='ltr'>quam</span> <span class='ocrx_word' id='word_1_676' title='bbox 3483 4343 3571 4399; x_wconf 90' lang='lat' dir='ltr'>in-</span> 
     </span>
    </p>
   </div>
   <div class='ocr_carea' id='block_1_83' title="bbox 232 4431 1849 4505">
    <p class='ocr_par' dir='ltr' id='par_1_83' title="bbox 232 4431 1849 4505">
     <span class='ocr_line' id='line_1_83' title="bbox 232 4431 1849 4505; baseline -0.002 -15"><span class='ocrx_word' id='word_1_677' title='bbox 232 4435 531 4505; x_wconf 73' lang='lat' dir='ltr'>tactosque</span> <span class='ocrx_word' id='word_1_678' title='bbox 543 4434 671 4505; x_wconf 90' lang='lat' dir='ltr'>jam</span> <span class='ocrx_word' id='word_1_679' title='bbox 700 4433 850 4488; x_wconf 92' lang='lat' dir='ltr'>cives</span> <span class='ocrx_word' id='word_1_680' title='bbox 868 4433 945 4487; x_wconf 88' lang='lat' dir='ltr'>sic</span> <span class='ocrx_word' id='word_1_681' title='bbox 959 4432 1270 4488; x_wconf 84' lang='lat' dir='ltr'>admoneat</span> <span class='ocrx_word' id='word_1_682' title='bbox 1284 4431 1341 4485; x_wconf 90' lang='lat' dir='ltr'>in</span> <span class='ocrx_word' id='word_1_683' title='bbox 1360 4449 1427 4485; x_wconf 90' lang='lat' dir='ltr'>ea</span> <span class='ocrx_word' id='word_1_684' title='bbox 1442 4436 1807 4502; x_wconf 83' lang='lat' dir='ltr'>perseverare</span> <span class='ocrx_word' id='word_1_685' title='bbox 1837 4448 1849 4487; x_wconf 87' lang='lat'>:</span> 
     </span>
    </p>
   </div>
   <div class='ocr_carea' id='block_1_84' title="bbox 308 4518 1853 4592">
    <p class='ocr_par' dir='ltr' id='par_1_84' title="bbox 308 4518 1853 4592">
     <span class='ocr_line' id='line_1_84' title="bbox 308 4518 1853 4592; baseline -0.001 -15"><span class='ocrx_word' id='word_1_686' title='bbox 308 4520 551 4592; x_wconf 75' lang='lat' dir='ltr'>Magnus</span> <span class='ocrx_word' id='word_1_687' title='bbox 596 4524 858 4578; x_wconf 82' lang='lat' dir='ltr'>Dominus</span> <span class='ocrx_word' id='word_1_688' title='bbox 895 4523 1073 4576; x_wconf 87' lang='lat' dir='ltr'>Jesus.</span> <span class='ocrx_word' id='word_1_689' title='bbox 1120 4522 1244 4575; x_wconf 75' lang='lat' dir='ltr'>Non</span> <span class='ocrx_word' id='word_1_690' title='bbox 1288 4519 1413 4574; x_wconf 89' lang='lat' dir='ltr'>dico</span> <span class='ocrx_word' id='word_1_691' title='bbox 1468 4522 1749 4591; x_wconf 88' lang='lat' dir='ltr'>quantum</span> <span class='ocrx_word' id='word_1_692' title='bbox 1780 4518 1853 4575; x_wconf 91' lang='lat' dir='ltr'>ad</span> 
     </span>
    </p>
   </div>
   <div class='ocr_carea' id='block_1_85' title="bbox 235 4607 1847 4682">
    <p class='ocr_par' dir='ltr' id='par_1_85' title="bbox 235 4607 1847 4682">
     <span class='ocr_line' id='line_1_85' title="bbox 235 4607 1847 4682; baseline -0.002 -16"><span class='ocrx_word' id='word_1_693' title='bbox 235 4610 496 4682; x_wconf 90' lang='lat' dir='ltr'>corporis</span> <span class='ocrx_word' id='word_1_694' title='bbox 522 4609 1005 4682; x_wconf 85' lang='lat' dir='ltr'>magnitudinem,</span> <span class='ocrx_word' id='word_1_695' title='bbox 1044 4608 1143 4662; x_wconf 90' lang='lat' dir='ltr'>sed</span> <span class='ocrx_word' id='word_1_696' title='bbox 1174 4609 1455 4680; x_wconf 84' lang='lat' dir='ltr'>quantum</span> <span class='ocrx_word' id='word_1_697' title='bbox 1477 4607 1550 4661; x_wconf 90' lang='lat' dir='ltr'>ad</span> <span class='ocrx_word' id='word_1_698' title='bbox 1576 4608 1847 4677; x_wconf 85' lang='lat' dir='ltr'>potentiae</span> 
     </span>
    </p>
   </div>
   <div class='ocr_carea' id='block_1_86' title="bbox 237 4695 1849 4766">
    <p class='ocr_par' dir='ltr' id='par_1_86' title="bbox 237 4695 1849 4766">
     <span class='ocr_line' id='line_1_86' title="bbox 237 4695 1849 4766; baseline -0.002 -13"><span class='ocrx_word' id='word_1_699' title='bbox 237 4697 679 4753; x_wconf 90' lang='lat' dir='ltr'>sublimitatem.</span> <span class='ocrx_word' id='word_1_700' title='bbox 703 4696 781 4751; x_wconf 86' lang='lat' dir='ltr'>Et</span> <span class='ocrx_word' id='word_1_701' title='bbox 800 4696 1098 4761; x_wconf 80' lang='lat' dir='ltr'>laudabilis,</span> <span class='ocrx_word' id='word_1_702' title='bbox 1124 4695 1181 4749; x_wconf 91' lang='lat' dir='ltr'>id</span> <span class='ocrx_word' id='word_1_703' title='bbox 1212 4695 1539 4766; x_wconf 87' lang='lat' dir='ltr'>est,dignus</span> <span class='ocrx_word' id='word_1_704' title='bbox 1575 4696 1849 4749; x_wconf 88' lang='lat' dir='ltr'>laude.Et</span> 
     </span>
    </p>
   </div>
   <div class='ocr_carea' id='block_1_87' title="bbox 234 4782 1847 4856">
    <p class='ocr_par' dir='ltr' id='par_1_87' title="bbox 234 4782 1847 4856">
     <span class='ocr_line' id='line_1_87' title="bbox 234 4782 1847 4856; baseline -0.004 -14"><span class='ocrx_word' id='word_1_705' title='bbox 234 4787 347 4842; x_wconf 91' lang='lat' dir='ltr'>hoc</span> <span class='ocrx_word' id='word_1_706' title='bbox 377 4789 556 4853; x_wconf 87' lang='lat' dir='ltr'>nimis,</span> <span class='ocrx_word' id='word_1_707' title='bbox 597 4785 655 4840; x_wconf 90' lang='lat' dir='ltr'>id</span> <span class='ocrx_word' id='word_1_708' title='bbox 700 4788 806 4852; x_wconf 89' lang='lat' dir='ltr'>est,</span> <span class='ocrx_word' id='word_1_709' title='bbox 840 4798 1015 4856; x_wconf 90' lang='lat' dir='ltr'>super</span> <span class='ocrx_word' id='word_1_710' title='bbox 1056 4784 1375 4837; x_wconf 88' lang='lat' dir='ltr'>humanam</span> <span class='ocrx_word' id='word_1_711' title='bbox 1427 4782 1758 4838; x_wconf 86' lang='lat' dir='ltr'>facultatem</span> <span class='ocrx_word' id='word_1_712' title='bbox 1792 4786 1847 4837; x_wconf 91' lang='lat' dir='ltr'>in</span> 
     </span>
    </p>
   </div>
   <div class='ocr_carea' id='block_1_88' title="bbox 235 4870 1848 4943">
    <p class='ocr_par' dir='ltr' id='par_1_88' title="bbox 235 4870 1848 4943">
     <span class='ocr_line' id='line_1_88' title="bbox 235 4870 1848 4943; baseline -0.002 -13"><span class='ocrx_word' id='word_1_713' title='bbox 235 4876 451 4930; x_wconf 85' lang='lat' dir='ltr'>civitate</span> <span class='ocrx_word' id='word_1_714' title='bbox 502 4874 609 4927; x_wconf 88' lang='lat' dir='ltr'>Dei</span> <span class='ocrx_word' id='word_1_715' title='bbox 654 4873 1001 4943; x_wconf 81' lang='lat' dir='ltr'>nostrizejus</span> <span class='ocrx_word' id='word_1_716' title='bbox 1059 4870 1263 4926; x_wconf 88' lang='lat' dir='ltr'>Christi</span> <span class='ocrx_word' id='word_1_717' title='bbox 1313 4871 1527 4926; x_wconf 89' lang='lat' dir='ltr'>scilicet</span> <span class='ocrx_word' id='word_1_718' title='bbox 1578 4874 1632 4925; x_wconf 88' lang='lat' dir='ltr'>in</span> <span class='ocrx_word' id='word_1_719' title='bbox 1676 4878 1848 4927; x_wconf 83' lang='lat' dir='ltr'>monte</span> 
     </span>
    </p>
   </div>
   <div class='ocr_carea' id='block_1_89' title="bbox 234 4959 1845 5032">
    <p class='ocr_par' dir='ltr' id='par_1_89' title="bbox 234 4959 1845 5032">
     <span class='ocr_line' id='line_1_89' title="bbox 234 4959 1845 5032; baseline -0.002 -15"><span class='ocrx_word' id='word_1_720' title='bbox 234 4967 415 5017; x_wconf 83' lang='lat' dir='ltr'>sancto</span> <span class='ocrx_word' id='word_1_721' title='bbox 471 4962 602 5031; x_wconf 86' lang='lat' dir='ltr'>ejus.</span> <span class='ocrx_word' id='word_1_722' title='bbox 639 4960 803 5026; x_wconf 91' lang='lat' dir='ltr'>Quod</span> <span class='ocrx_word' id='word_1_723' title='bbox 852 4964 936 5017; x_wconf 90' lang='lat' dir='ltr'>est</span> <span class='ocrx_word' id='word_1_724' title='bbox 978 4961 1165 5015; x_wconf 87' lang='lat' dir='ltr'>dicere</span> <span class='ocrx_word' id='word_1_725' title='bbox 1202 4959 1515 5015; x_wconf 82' lang='lat' dir='ltr'>:Dominus</span> <span class='ocrx_word' id='word_1_726' title='bbox 1562 4961 1719 5015; x_wconf 84' lang='lat' dir='ltr'>Jesus</span> <span class='ocrx_word' id='word_1_727' title='bbox 1748 4959 1845 5032; x_wconf 85' lang='lat' dir='ltr'>qui</span> 
     </span>
    </p>
   </div>
   <div class='ocr_carea' id='block_1_90' title="bbox 258 5033 1848 5122">
    <p class='ocr_par' dir='ltr' id='par_1_90' title="bbox 258 5033 1848 5122">
     <span class='ocr_line' id='line_1_90' title="bbox 258 5033 1848 5122; baseline 0 -19"><span class='ocrx_word' id='word_1_728' title='bbox 450 5066 698 5121; x_wconf 87' lang='lat' dir='ltr'>magnus</span> <span class='ocrx_word' id='word_1_729' title='bbox 731 5053 788 5104; x_wconf 90' lang='lat' dir='ltr'>et</span> <span class='ocrx_word' id='word_1_730' title='bbox 838 5049 1138 5104; x_wconf 87' lang='lat' dir='ltr'>laudabilis</span> <span class='ocrx_word' id='word_1_731' title='bbox 1168 5053 1407 5120; x_wconf 89' lang='lat' dir='ltr'>apparet</span> <span class='ocrx_word' id='word_1_732' title='bbox 1454 5050 1506 5101; x_wconf 87' lang='lat' dir='ltr'>in</span> <span class='ocrx_word' id='word_1_733' title='bbox 1531 5049 1848 5118; x_wconf 77' lang='lat' dir='ltr'>fundatione</span> 
     </span>
    </p>
   </div>
   <div class='ocr_carea' id='block_1_91' title="bbox 238 5134 1849 5209">
    <p class='ocr_par' dir='ltr' id='par_1_91' title="bbox 238 5134 1849 5209">
     <span class='ocr_line' id='line_1_91' title="bbox 238 5134 1849 5209; baseline -0.002 -15"><span class='ocrx_word' id='word_1_734' title='bbox 238 5137 481 5194; x_wconf 88' lang='lat' dir='ltr'>civitatis</span> <span class='ocrx_word' id='word_1_735' title='bbox 503 5134 640 5204; x_wconf 65' lang='lat' dir='ltr'>Suae,</span> <span class='ocrx_word' id='word_1_736' title='bbox 669 5137 727 5191; x_wconf 91' lang='lat' dir='ltr'>id</span> <span class='ocrx_word' id='word_1_737' title='bbox 754 5140 837 5192; x_wconf 89' lang='lat' dir='ltr'>est</span> <span class='ocrx_word' id='word_1_738' title='bbox 862 5136 1136 5199; x_wconf 65' lang='lat' dir='ltr'>ecclesias,</span> <span class='ocrx_word' id='word_1_739' title='bbox 1168 5155 1293 5209; x_wconf 63' lang='lat' dir='ltr'>quae</span> <span class='ocrx_word' id='word_1_740' title='bbox 1316 5140 1397 5191; x_wconf 86' lang='lat' dir='ltr'>est</span> <span class='ocrx_word' id='word_1_741' title='bbox 1429 5153 1598 5192; x_wconf 88' lang='lat' dir='ltr'>mons</span> <span class='ocrx_word' id='word_1_742' title='bbox 1622 5139 1849 5192; x_wconf 89' lang='lat' dir='ltr'>sanctus</span> 
     </span>
    </p>
   </div>
   <div class='ocr_carea' id='block_1_92' title="bbox 239 5225 1849 5298">
    <p class='ocr_par' dir='ltr' id='par_1_92' title="bbox 239 5225 1849 5298">
     <span class='ocr_line' id='line_1_92' title="bbox 239 5225 1849 5298; baseline -0.001 -16"><span class='ocrx_word' id='word_1_743' title='bbox 239 5228 382 5298; x_wconf 88' lang='lat' dir='ltr'>ejus,</span> <span class='ocrx_word' id='word_1_744' title='bbox 414 5226 471 5280; x_wconf 90' lang='lat' dir='ltr'>id</span> <span class='ocrx_word' id='word_1_745' title='bbox 500 5230 585 5281; x_wconf 88' lang='lat' dir='ltr'>est</span> <span class='ocrx_word' id='word_1_746' title='bbox 614 5225 672 5281; x_wconf 92' lang='lat' dir='ltr'>in</span> <span class='ocrx_word' id='word_1_747' title='bbox 725 5226 1027 5281; x_wconf 86' lang='lat' dir='ltr'>virtutibus</span> <span class='ocrx_word' id='word_1_748' title='bbox 1074 5226 1292 5280; x_wconf 78' lang='lat' dir='ltr'>excelsa</span> <span class='ocrx_word' id='word_1_749' title='bbox 1329 5225 1479 5280; x_wconf 87' lang='lat' dir='ltr'>facta</span> <span class='ocrx_word' id='word_1_750' title='bbox 1510 5226 1583 5280; x_wconf 90' lang='lat' dir='ltr'>ad</span> <span class='ocrx_word' id='word_1_751' title='bbox 1610 5225 1849 5281; x_wconf 91' lang='lat' dir='ltr'>modum</span> 
     </span>
    </p>
   </div>
   <div class='ocr_carea' id='block_1_93' title="bbox 243 5313 1848 5388">
    <p class='ocr_par' dir='ltr' id='par_1_93' title="bbox 243 5313 1848 5388">
     <span class='ocr_line' id='line_1_93' title="bbox 243 5313 1848 5388; baseline -0.001 -17"><span class='ocrx_word' id='word_1_752' title='bbox 243 5315 462 5372; x_wconf 88' lang='lat' dir='ltr'>montis</span> <span class='ocrx_word' id='word_1_753' title='bbox 488 5332 500 5369; x_wconf 91' lang='lat'>:</span> <span class='ocrx_word' id='word_1_754' title='bbox 531 5315 650 5388; x_wconf 90' lang='lat' dir='ltr'>ipse</span> <span class='ocrx_word' id='word_1_755' title='bbox 681 5316 839 5370; x_wconf 83' lang='lat' dir='ltr'>Jesus</span> <span class='ocrx_word' id='word_1_756' title='bbox 867 5332 982 5370; x_wconf 89' lang='lat' dir='ltr'>non</span> <span class='ocrx_word' id='word_1_757' title='bbox 1006 5316 1190 5369; x_wconf 89' lang='lat' dir='ltr'>solum</span> <span class='ocrx_word' id='word_1_758' title='bbox 1213 5313 1496 5368; x_wconf 88' lang='lat' dir='ltr'>videbitur</span> <span class='ocrx_word' id='word_1_759' title='bbox 1512 5331 1631 5370; x_wconf 88' lang='lat' dir='ltr'>esse</span> <span class='ocrx_word' id='word_1_760' title='bbox 1653 5315 1848 5370; x_wconf 89' lang='lat' dir='ltr'>Domi-</span> 
     </span>
    </p>
   </div>
   <div class='ocr_carea' id='block_1_94' title="bbox 244 5402 1851 5474">
    <p class='ocr_par' dir='ltr' id='par_1_94' title="bbox 244 5402 1851 5474">
     <span class='ocr_line' id='line_1_94' title="bbox 244 5402 1851 5474; baseline -0.003 -13"><span class='ocrx_word' id='word_1_761' title='bbox 244 5423 371 5473; x_wconf 88' lang='lat' dir='ltr'>nus,</span> <span class='ocrx_word' id='word_1_762' title='bbox 402 5404 503 5459; x_wconf 89' lang='lat' dir='ltr'>sed</span> <span class='ocrx_word' id='word_1_763' title='bbox 531 5408 589 5459; x_wconf 91' lang='lat' dir='ltr'>et</span> <span class='ocrx_word' id='word_1_764' title='bbox 616 5404 761 5459; x_wconf 84' lang='lat' dir='ltr'>Deus</span> <span class='ocrx_word' id='word_1_765' title='bbox 814 5422 935 5459; x_wconf 89' lang='lat' dir='ltr'>esse</span> <span class='ocrx_word' id='word_1_766' title='bbox 985 5409 1325 5473; x_wconf 62' lang='lat' dir='ltr'>cognoscatur</span> <span class='ocrx_word' id='word_1_767' title='bbox 1374 5404 1427 5456; x_wconf 89' lang='lat' dir='ltr'>in</span> <span class='ocrx_word' id='word_1_768' title='bbox 1455 5402 1692 5456; x_wconf 82' lang='lat' dir='ltr'>domibus</span> <span class='ocrx_word' id='word_1_769' title='bbox 1741 5405 1851 5474; x_wconf 73' lang='lat' dir='ltr'>(jus</span> 
     </span>
    </p>
   </div>
   <div class='ocr_carea' id='block_1_95' title="bbox 245 5490 1854 5562">
    <p class='ocr_par' dir='ltr' id='par_1_95' title="bbox 245 5490 1854 5562">
     <span class='ocr_line' id='line_1_95' title="bbox 245 5490 1854 5562; baseline -0.002 -12"><span class='ocrx_word' id='word_1_770' title='bbox 245 5492 509 5560; x_wconf 86' lang='lat' dir='ltr'>civitatis,</span> <span class='ocrx_word' id='word_1_771' title='bbox 541 5492 598 5548; x_wconf 93' lang='lat' dir='ltr'>id</span> <span class='ocrx_word' id='word_1_772' title='bbox 626 5495 713 5549; x_wconf 89' lang='lat' dir='ltr'>est</span> <span class='ocrx_word' id='word_1_773' title='bbox 743 5493 800 5547; x_wconf 89' lang='lat' dir='ltr'>in</span> <span class='ocrx_word' id='word_1_774' title='bbox 825 5491 1281 5547; x_wconf 83' lang='lat' dir='ltr'>consideratione</span> <span class='ocrx_word' id='word_1_775' title='bbox 1318 5490 1573 5545; x_wconf 87' lang='lat' dir='ltr'>ﬁdelium</span> <span class='ocrx_word' id='word_1_776' title='bbox 1613 5491 1706 5562; x_wconf 89' lang='lat' dir='ltr'>qui</span> <span class='ocrx_word' id='word_1_777' title='bbox 1724 5494 1854 5546; x_wconf 85' lang='lat' dir='ltr'>sunt</span> 
     </span>
    </p>
   </div>
   <div class='ocr_carea' id='block_1_96' title="bbox 249 5579 1853 5655">
    <p class='ocr_par' dir='ltr' id='par_1_96' title="bbox 249 5579 1853 5655">
     <span class='ocr_line' id='line_1_96' title="bbox 249 5579 1853 5655; baseline -0.002 -14"><span class='ocrx_word' id='word_1_778' title='bbox 249 5584 455 5641; x_wconf 87' lang='lat' dir='ltr'>domus</span> <span class='ocrx_word' id='word_1_779' title='bbox 507 5581 630 5655; x_wconf 88' lang='lat' dir='ltr'>ejus</span> <span class='ocrx_word' id='word_1_780' title='bbox 693 5581 974 5637; x_wconf 87' lang='lat' dir='ltr'>civitatis:</span> <span class='ocrx_word' id='word_1_781' title='bbox 1013 5597 1157 5653; x_wconf 91' lang='lat' dir='ltr'>quos</span> <span class='ocrx_word' id='word_1_782' title='bbox 1186 5579 1306 5653; x_wconf 91' lang='lat' dir='ltr'>ipse</span> <span class='ocrx_word' id='word_1_783' title='bbox 1350 5580 1652 5648; x_wconf 88' lang='lat' dir='ltr'>inhabitat,</span> <span class='ocrx_word' id='word_1_784' title='bbox 1708 5584 1767 5637; x_wconf 85' lang='lat' dir='ltr'>et</span> <span class='ocrx_word' id='word_1_785' title='bbox 1794 5580 1853 5638; x_wconf 91' lang='lat' dir='ltr'>in</span> 
     </span>
    </p>
   </div>
   <div class='ocr_carea' id='block_1_97' title="bbox 752 5678 1173 5738">
    <p class='ocr_par' dir='ltr' id='par_1_97' title="bbox 752 5678 1173 5738">
     <span class='ocr_line' id='line_1_97' title="bbox 752 5678 1173 5738; baseline -0.002 0"><span class='ocrx_word' id='word_1_786' title='bbox 752 5681 987 5738; x_wconf 67' lang='grc' dir='ltr'>ΡΑττιοιι.</span> <span class='ocrx_word' id='word_1_787' title='bbox 1020 5678 1173 5737; x_wconf 85' lang='lat' dir='ltr'>CLII.</span> 
     </span>
    </p>
   </div>
   <div class='ocr_carea' id='block_1_98' title="bbox 1954 4431 3571 4503">
    <p class='ocr_par' dir='ltr' id='par_1_98' title="bbox 1954 4431 3571 4503">
     <span class='ocr_line' id='line_1_98' title="bbox 1954 4431 3571 4503; baseline -0.001 -15"><span class='ocrx_word' id='word_1_788' title='bbox 1954 4433 2409 4503; x_wconf 81' lang='lat' dir='ltr'>terrogationem</span> <span class='ocrx_word' id='word_1_789' title='bbox 2439 4431 2515 4485; x_wconf 89' lang='lat' dir='ltr'>sic</span> <span class='ocrx_word' id='word_1_790' title='bbox 2546 4431 2890 4502; x_wconf 85' lang='lat' dir='ltr'>respondet:</span> <span class='ocrx_word' id='word_1_791' title='bbox 2915 4431 3046 4485; x_wconf 89' lang='lat' dir='ltr'>ldco</span> <span class='ocrx_word' id='word_1_792' title='bbox 3087 4432 3468 4487; x_wconf 86' lang='lat' dir='ltr'>necessarium</span> <span class='ocrx_word' id='word_1_793' title='bbox 3487 4432 3571 4487; x_wconf 87' lang='lat' dir='ltr'>est</span> 
     </span>
    </p>
   </div>
   <div class='ocr_carea' id='block_1_99' title="bbox 1952 4518 3572 4595">
    <p class='ocr_par' dir='ltr' id='par_1_99' title="bbox 1952 4518 3572 4595">
     <span class='ocr_line' id='line_1_99' title="bbox 1952 4518 3572 4595; baseline 0 -19"><span class='ocrx_word' id='word_1_794' title='bbox 1952 4525 2015 4576; x_wconf 90' lang='lat' dir='ltr'>ut</span> <span class='ocrx_word' id='word_1_795' title='bbox 2044 4520 2337 4595; x_wconf 81' lang='lat' dir='ltr'>suscipiat,</span> <span class='ocrx_word' id='word_1_796' title='bbox 2363 4522 2613 4592; x_wconf 82' lang='lat' dir='ltr'>quoniam</span> <span class='ocrx_word' id='word_1_797' title='bbox 2644 4537 2756 4573; x_wconf 85' lang='lat' dir='ltr'>ecce</span> <span class='ocrx_word' id='word_1_798' title='bbox 2781 4518 2853 4572; x_wconf 90' lang='lat' dir='ltr'>ad</span> <span class='ocrx_word' id='word_1_799' title='bbox 2888 4536 3141 4590; x_wconf 76' lang='lat' dir='ltr'>praesens</span> <span class='ocrx_word' id='word_1_800' title='bbox 3186 4537 3327 4589; x_wconf 87' lang='lat' dir='ltr'>reges</span> <span class='ocrx_word' id='word_1_801' title='bbox 3376 4524 3572 4576; x_wconf 86' lang='lat' dir='ltr'>terreni</span> 
     </span>
    </p>
   </div>
   <div class='ocr_carea' id='block_1_100' title="bbox 1950 4607 3568 4680">
    <p class='ocr_par' dir='ltr' id='par_1_100' title="bbox 1950 4607 3568 4680">
     <span class='ocr_line' id='line_1_100' title="bbox 1950 4607 3568 4680; baseline 0.002 -18"><span class='ocrx_word' id='word_1_802' title='bbox 1950 4611 2254 4679; x_wconf 79' lang='lat' dir='ltr'>congregati</span> <span class='ocrx_word' id='word_1_803' title='bbox 2292 4612 2432 4673; x_wconf 87' lang='lat' dir='ltr'>sunt,</span> <span class='ocrx_word' id='word_1_804' title='bbox 2487 4607 2541 4661; x_wconf 91' lang='lat' dir='ltr'>id</span> <span class='ocrx_word' id='word_1_805' title='bbox 2588 4610 2673 4661; x_wconf 89' lang='lat' dir='ltr'>est</span> <span class='ocrx_word' id='word_1_806' title='bbox 2722 4607 3250 4678; x_wconf 89' lang='lat' dir='ltr'>congregabuntur.</span> <span class='ocrx_word' id='word_1_807' title='bbox 3300 4609 3369 4662; x_wconf 87' lang='lat' dir='ltr'>Et</span> <span class='ocrx_word' id='word_1_808' title='bbox 3398 4625 3568 4680; x_wconf 83' lang='lat' dir='ltr'>expo-</span> 
     </span>
    </p>
   </div>
   <div class='ocr_carea' id='block_1_101' title="bbox 1948 4695 3559 4769">
    <p class='ocr_par' dir='ltr' id='par_1_101' title="bbox 1948 4695 3559 4769">
     <span class='ocr_line' id='line_1_101' title="bbox 1948 4695 3559 4769; baseline -0.001 -17"><span class='ocrx_word' id='word_1_809' title='bbox 1948 4697 2033 4752; x_wconf 90' lang='lat' dir='ltr'>nit</span> <span class='ocrx_word' id='word_1_810' title='bbox 2063 4695 2356 4769; x_wconf 89' lang='lat' dir='ltr'>quomodo</span> <span class='ocrx_word' id='word_1_811' title='bbox 2388 4695 3066 4766; x_wconf 85' lang='lat' dir='ltr'>congregabuntur,cum</span> <span class='ocrx_word' id='word_1_812' title='bbox 3109 4695 3268 4750; x_wconf 87' lang='lat' dir='ltr'>addit</span> <span class='ocrx_word' id='word_1_813' title='bbox 3318 4695 3559 4751; x_wconf 88' lang='lat' dir='ltr'>scilicet:</span> 
     </span>
    </p>
   </div>
   <div class='ocr_carea' id='block_1_102' title="bbox 1948 4782 3560 4849">
    <p class='ocr_par' dir='ltr' id='par_1_102' title="bbox 1948 4782 3560 4849">
     <span class='ocr_line' id='line_1_102' title="bbox 1948 4782 3560 4849; baseline -0.001 -9"><span class='ocrx_word' id='word_1_814' title='bbox 1948 4784 2337 4849; x_wconf 83' lang='lat' dir='ltr'>Convenerunt,</span> <span class='ocrx_word' id='word_1_815' title='bbox 2384 4783 2443 4837; x_wconf 89' lang='lat' dir='ltr'>id</span> <span class='ocrx_word' id='word_1_816' title='bbox 2474 4786 2558 4837; x_wconf 86' lang='lat' dir='ltr'>est</span> <span class='ocrx_word' id='word_1_817' title='bbox 2611 4782 2957 4837; x_wconf 89' lang='lat' dir='ltr'>convenient</span> <span class='ocrx_word' id='word_1_818' title='bbox 3012 4785 3066 4836; x_wconf 85' lang='lat' dir='ltr'>in</span> <span class='ocrx_word' id='word_1_819' title='bbox 3121 4801 3283 4836; x_wconf 84' lang='lat' dir='ltr'>unum</span> <span class='ocrx_word' id='word_1_820' title='bbox 3327 4783 3560 4839; x_wconf 68' lang='lat' dir='ltr'>malitiae</span> 
     </span>
    </p>
   </div>
   <div class='ocr_carea' id='block_1_103' title="bbox 1947 4870 3560 4944">
    <p class='ocr_par' dir='ltr' id='par_1_103' title="bbox 1947 4870 3560 4944">
     <span class='ocr_line' id='line_1_103' title="bbox 1947 4870 3560 4944; baseline -0.002 -15"><span class='ocrx_word' id='word_1_821' title='bbox 1947 4875 2238 4939; x_wconf 69' lang='lat' dir='ltr'>allectum,</span> <span class='ocrx_word' id='word_1_822' title='bbox 2268 4877 2329 4927; x_wconf 93' lang='lat' dir='ltr'>ut</span> <span class='ocrx_word' id='word_1_823' title='bbox 2359 4872 2539 4944; x_wconf 88' lang='lat' dir='ltr'>ipsam</span> <span class='ocrx_word' id='word_1_824' title='bbox 2562 4870 2854 4926; x_wconf 86' lang='lat' dir='ltr'>civitatem</span> <span class='ocrx_word' id='word_1_825' title='bbox 2880 4874 3332 4944; x_wconf 83' lang='lat' dir='ltr'>persequantur;</span> <span class='ocrx_word' id='word_1_826' title='bbox 3367 4875 3423 4925; x_wconf 89' lang='lat' dir='ltr'>et</span> <span class='ocrx_word' id='word_1_827' title='bbox 3454 4870 3560 4943; x_wconf 92' lang='lat' dir='ltr'>ipsi</span> 
     </span>
    </p>
   </div>
   <div class='ocr_carea' id='block_1_104' title="bbox 1947 4959 3557 5036">
    <p class='ocr_par' dir='ltr' id='par_1_104' title="bbox 1947 4959 3557 5036">
     <span class='ocr_line' id='line_1_104' title="bbox 1947 4959 3557 5036; baseline -0.002 -19"><span class='ocrx_word' id='word_1_828' title='bbox 1947 4963 2043 5036; x_wconf 91' lang='lat' dir='ltr'>qui</span> <span class='ocrx_word' id='word_1_829' title='bbox 2074 4961 2146 5016; x_wconf 91' lang='lat' dir='ltr'>ad</span> <span class='ocrx_word' id='word_1_830' title='bbox 2176 4961 2284 5016; x_wconf 91' lang='lat' dir='ltr'>hoc</span> <span class='ocrx_word' id='word_1_831' title='bbox 2310 4960 2652 5016; x_wconf 84' lang='lat' dir='ltr'>convenient</span> <span class='ocrx_word' id='word_1_832' title='bbox 2686 4960 2917 5014; x_wconf 80' lang='lat' dir='ltr'>videntes</span> <span class='ocrx_word' id='word_1_833' title='bbox 2982 4976 3111 5013; x_wconf 89' lang='lat' dir='ltr'>eam</span> <span class='ocrx_word' id='word_1_834' title='bbox 3140 4959 3219 5012; x_wconf 79' lang='lat' dir='ltr'>sic</span> <span class='ocrx_word' id='word_1_835' title='bbox 3252 4976 3371 5013; x_wconf 90' lang='lat' dir='ltr'>esse</span> <span class='ocrx_word' id='word_1_836' title='bbox 3427 4960 3557 5015; x_wconf 87' lang='lat' dir='ltr'>fun-</span> 
     </span>
    </p>
   </div>
   <div class='ocr_carea' id='block_1_105' title="bbox 1946 5045 3559 5120">
    <p class='ocr_par' dir='ltr' id='par_1_105' title="bbox 1946 5045 3559 5120">
     <span class='ocr_line' id='line_1_105' title="bbox 1946 5045 3559 5120; baseline -0.002 -13"><span class='ocrx_word' id='word_1_837' title='bbox 1946 5051 2163 5117; x_wconf 88' lang='lat' dir='ltr'>datam,</span> <span class='ocrx_word' id='word_1_838' title='bbox 2210 5049 2422 5104; x_wconf 90' lang='lat' dir='ltr'>scilicet</span> <span class='ocrx_word' id='word_1_839' title='bbox 2480 5066 2544 5103; x_wconf 86' lang='lat' dir='ltr'>ex</span> <span class='ocrx_word' id='word_1_840' title='bbox 2580 5051 2776 5104; x_wconf 87' lang='lat' dir='ltr'>monte</span> <span class='ocrx_word' id='word_1_841' title='bbox 2808 5046 2968 5111; x_wconf 88' lang='lat' dir='ltr'>Sion,</span> <span class='ocrx_word' id='word_1_842' title='bbox 2998 5049 3053 5099; x_wconf 89' lang='lat' dir='ltr'>et</span> <span class='ocrx_word' id='word_1_843' title='bbox 3083 5045 3353 5101; x_wconf 86' lang='lat' dir='ltr'>lateribus</span> <span class='ocrx_word' id='word_1_844' title='bbox 3396 5047 3559 5120; x_wconf 88' lang='lat' dir='ltr'>aqui-</span> 
     </span>
    </p>
   </div>
   <div class='ocr_carea' id='block_1_106' title="bbox 1947 5136 3559 5206">
    <p class='ocr_par' dir='ltr' id='par_1_106' title="bbox 1947 5136 3559 5206">
     <span class='ocr_line' id='line_1_106' title="bbox 1947 5136 3559 5206; baseline -0.003 -11"><span class='ocrx_word' id='word_1_845' title='bbox 1947 5140 2115 5206; x_wconf 89' lang='lat' dir='ltr'>lonis,</span> <span class='ocrx_word' id='word_1_846' title='bbox 2148 5144 2205 5193; x_wconf 90' lang='lat' dir='ltr'>et</span> <span class='ocrx_word' id='word_1_847' title='bbox 2225 5154 2356 5193; x_wconf 91' lang='lat' dir='ltr'>cum</span> <span class='ocrx_word' id='word_1_848' title='bbox 2378 5138 2724 5192; x_wconf 72' lang='lat' dir='ltr'>exsultatione</span> <span class='ocrx_word' id='word_1_849' title='bbox 2752 5138 3010 5189; x_wconf 71' lang='lat' dir='ltr'>universae</span> <span class='ocrx_word' id='word_1_850' title='bbox 3038 5140 3221 5203; x_wconf 73' lang='lat' dir='ltr'>terrae;</span> <span class='ocrx_word' id='word_1_851' title='bbox 3263 5137 3319 5189; x_wconf 91' lang='lat' dir='ltr'>et</span> <span class='ocrx_word' id='word_1_852' title='bbox 3361 5136 3559 5190; x_wconf 90' lang='lat' dir='ltr'>Domi-</span> 
     </span>
    </p>
   </div>
   <div class='ocr_carea' id='block_1_107' title="bbox 1949 5212 3541 5298">
    <p class='ocr_par' dir='ltr' id='par_1_107' title="bbox 1949 5212 3541 5298">
     <span class='ocr_line' id='line_1_107' title="bbox 1949 5212 3541 5298; baseline -0.003 -16"><span class='ocrx_word' id='word_1_853' title='bbox 1949 5246 2089 5282; x_wconf 89' lang='lat' dir='ltr'>num</span> <span class='ocrx_word' id='word_1_854' title='bbox 2122 5227 2169 5298; x_wconf 90' lang='lat' dir='ltr'>ej</span> <span class='ocrx_word' id='word_1_855' title='bbox 2182 5244 2242 5281; x_wconf 92' lang='lat' dir='ltr'>us</span> <span class='ocrx_word' id='word_1_856' title='bbox 2272 5243 2391 5281; x_wconf 91' lang='lat' dir='ltr'>esse</span> <span class='ocrx_word' id='word_1_857' title='bbox 2406 5242 2683 5296; x_wconf 88' lang='lat' dir='ltr'>magnum</span> <span class='ocrx_word' id='word_1_858' title='bbox 2704 5227 2757 5277; x_wconf 91' lang='lat' dir='ltr'>et</span> <span class='ocrx_word' id='word_1_859' title='bbox 2772 5220 3127 5278; x_wconf 86' lang='lat' dir='ltr'>laudabilem</span> <span class='ocrx_word' id='word_1_860' title='bbox 3150 5212 3405 5276; x_wconf 82' lang='lat' dir='ltr'>admirati</span> <span class='ocrx_word' id='word_1_861' title='bbox 3415 5231 3541 5279; x_wconf 87' lang='lat' dir='ltr'>sunt</span> 
     </span>
    </p>
   </div>
   <div class='ocr_carea' id='block_1_108' title="bbox 1950 5309 3567 5383">
    <p class='ocr_par' dir='ltr' id='par_1_108' title="bbox 1950 5309 3567 5383">
     <span class='ocr_line' id='line_1_108' title="bbox 1950 5309 3567 5383; baseline -0.004 -12"><span class='ocrx_word' id='word_1_862' title='bbox 1950 5316 2007 5371; x_wconf 86' lang='lat' dir='ltr'>id</span> <span class='ocrx_word' id='word_1_863' title='bbox 2019 5318 2103 5371; x_wconf 90' lang='lat' dir='ltr'>est</span> <span class='ocrx_word' id='word_1_864' title='bbox 2114 5313 2557 5370; x_wconf 88' lang='lat' dir='ltr'>admirabuntur</span> <span class='ocrx_word' id='word_1_865' title='bbox 2570 5312 2618 5383; x_wconf 92' lang='lat' dir='ltr'>ej</span> <span class='ocrx_word' id='word_1_866' title='bbox 2628 5329 2690 5366; x_wconf 91' lang='lat' dir='ltr'>us</span> <span class='ocrx_word' id='word_1_867' title='bbox 2704 5310 3056 5366; x_wconf 86' lang='lat' dir='ltr'>ﬁrmitatem</span> <span class='ocrx_word' id='word_1_868' title='bbox 3076 5311 3131 5362; x_wconf 91' lang='lat' dir='ltr'>et</span> <span class='ocrx_word' id='word_1_869' title='bbox 3143 5309 3567 5382; x_wconf 85' lang='lat' dir='ltr'>constantiam;</span> 
     </span>
    </p>
   </div>
   <div class='ocr_carea' id='block_1_109' title="bbox 1951 5394 3576 5467">
    <p class='ocr_par' dir='ltr' id='par_1_109' title="bbox 1951 5394 3576 5467">
     <span class='ocr_line' id='line_1_109' title="bbox 1951 5394 3576 5467; baseline -0.003 -8"><span class='ocrx_word' id='word_1_870' title='bbox 1951 5409 2008 5459; x_wconf 87' lang='lat' dir='ltr'>et</span> <span class='ocrx_word' id='word_1_871' title='bbox 2037 5402 2380 5458; x_wconf 89' lang='lat' dir='ltr'>admirando</span> <span class='ocrx_word' id='word_1_872' title='bbox 2406 5400 2706 5457; x_wconf 87' lang='lat' dir='ltr'>conturbati</span> <span class='ocrx_word' id='word_1_873' title='bbox 2722 5408 2872 5467; x_wconf 86' lang='lat' dir='ltr'>sunt,</span> <span class='ocrx_word' id='word_1_874' title='bbox 2894 5394 2951 5451; x_wconf 92' lang='lat' dir='ltr'>id</span> <span class='ocrx_word' id='word_1_875' title='bbox 2976 5398 3061 5449; x_wconf 87' lang='lat' dir='ltr'>est</span> <span class='ocrx_word' id='word_1_876' title='bbox 3079 5396 3576 5454; x_wconf 85' lang='lat' dir='ltr'>conturbabuntur</span> 
     </span>
    </p>
   </div>
   <div class='ocr_carea' id='block_1_110' title="bbox 1950 5482 3583 5557">
    <p class='ocr_par' dir='ltr' id='par_1_110' title="bbox 1950 5482 3583 5557">
     <span class='ocr_line' id='line_1_110' title="bbox 1950 5482 3583 5557; baseline -0.004 -9"><span class='ocrx_word' id='word_1_877' title='bbox 1950 5494 2106 5548; x_wconf 88' lang='lat' dir='ltr'>bona</span> <span class='ocrx_word' id='word_1_878' title='bbox 2134 5489 2592 5555; x_wconf 87' lang='lat' dir='ltr'>conturbatione,</span> <span class='ocrx_word' id='word_1_879' title='bbox 2627 5482 2882 5543; x_wconf 86' lang='lat' dir='ltr'>dolendo</span> <span class='ocrx_word' id='word_1_880' title='bbox 2951 5483 3087 5555; x_wconf 88' lang='lat' dir='ltr'>quia</span> <span class='ocrx_word' id='word_1_881' title='bbox 3126 5501 3257 5542; x_wconf 88' lang='lat' dir='ltr'>eam</span> <span class='ocrx_word' id='word_1_882' title='bbox 3299 5487 3583 5557; x_wconf 87' lang='lat' dir='ltr'>persecuti</span> 
     </span>
    </p>
   </div>
   <div class='ocr_carea' id='block_1_111' title="bbox 1956 5571 3589 5648">
    <p class='ocr_par' dir='ltr' id='par_1_111' title="bbox 1956 5571 3589 5648">
     <span class='ocr_line' id='line_1_111' title="bbox 1956 5571 3589 5648; baseline -0.013 -12"><span class='ocrx_word' id='word_1_883' title='bbox 1956 5579 2189 5648; x_wconf 86' lang='lat' dir='ltr'>fuerint,</span> <span class='ocrx_word' id='word_1_884' title='bbox 2221 5582 2279 5633; x_wconf 88' lang='lat' dir='ltr'>et</span> <span class='ocrx_word' id='word_1_885' title='bbox 2306 5573 2632 5633; x_wconf 85' lang='lat' dir='ltr'>conturbati</span> <span class='ocrx_word' id='word_1_886' title='bbox 2650 5574 2919 5635; x_wconf 84' lang='lat' dir='ltr'>commoti</span> <span class='ocrx_word' id='word_1_887' title='bbox 2944 5579 3090 5642; x_wconf 81' lang='lat' dir='ltr'>sunt,</span> <span class='ocrx_word' id='word_1_888' title='bbox 3119 5571 3180 5630; x_wconf 88' lang='lat' dir='ltr'>id</span> <span class='ocrx_word' id='word_1_889' title='bbox 3209 5577 3299 5631; x_wconf 88' lang='lat' dir='ltr'>est</span> <span class='ocrx_word' id='word_1_890' title='bbox 3330 5586 3589 5631; x_wconf 79' lang='lat' dir='ltr'>comma.</span> 
     </span>
    </p>
   </div>
   <div class='ocr_carea' id='block_1_112' title="bbox 3238 5673 3313 5732">
    <p class='ocr_par' dir='ltr' id='par_1_112' title="bbox 3238 5673 3313 5732">
     <span class='ocr_line' id='line_1_112' title="bbox 3238 5673 3313 5732; baseline -0.027 0"><span class='ocrx_word' id='word_1_891' title='bbox 3238 5673 3313 5732; x_wconf 80' lang='lat'>27</span> 
     </span>
    </p>
   </div>
  </div>
