4008 6030
445 325 548 393 843
1038 314 1097 384 S.
1138 317 1496 382 BRUNONIS
1537 310 2174 380 CARTHUSIANORUM
2211 309 2690 375 INSTITUTORIS
2731 310 2886 374 OPP.
2924 310 3105 373 PARS
3132 306 3177 373 Ῑ.
3667 310 3782 381 846

441 450 730 511 vehuntur
761 448 831 510 de
859 445 1202 509 inﬁdelitate
1242 444 1315 502 ad
1358 442 1642 513 ﬁdem,de
1672 441 1951 515 pravitate
1983 438 2057 495 ad
2076 441 2132 502 Α
2162 455 2280 495 eam
2307 437 2648 496 fundatione
2678 454 2953 495 mansura
2965 438 3021 494 in
3040 443 3315 496 atemum.
3345 437 3542 497 Posset
3566 437 3771 515 quari.

434 543 826 617 justitiam:et
856 557 970 596 non
992 554 1198 613 parum
1215 536 1728 600 conturbabuntur,
1764 532 1862 587 sed
1879 546 2057 601 usque
2161 530 2378 595 Quibus
2420 529 2698 585 ministris
2720 530 3189 602 ?Respondetur:
3212 547 3315 603 per
3365 547 3471 586 nos
3511 531 3777 587 videlicet

444 637 588 691 adeo
639 634 794 706 quod
845 639 1043 686 tremor
1072 626 1432 699 apprehendit,
1466 624 1523 679 id
1550 625 1633 677 est
1663 620 2059 695 apprehendat

440 726 763 781 eosztantus
781 720 1041 776 videlicet
1072 719 1266 781 timor,
1300 716 1394 786 qui
1428 713 1602 768 etiam
1651 715 1905 766 tremore
1930 726 2054 764 cor-

442 814 598 886 poris
647 811 996 867 ostendalur.
1025 809 1177 861 Bene
1209 805 1441 877 quidem
1478 802 1663 874 ponit,
1686 798 2052 871 apprehendat,

440 901 549 975 ipsi
611 901 887 965 nitentur,
920 896 1230 967 instigante
1276 892 1503 947 diabolo
1537 890 1777 945 evadere
1804 889 2054 943 mortem

441 991 841 1046 frustraznam
884 986 1027 1041 adeo
1079 985 1454 1057 persequetur
1501 997 1619 1045 eos,
1675 978 1830 1049 quod
1878 976 2053 1030 etiam

441 1077 932 1152 comprehendet;
958 1091 990 1128 a
1009 1070 1385 1128 similitudine
1410 1068 1554 1123 illius
1568 1067 1686 1139 qui,
1709 1083 1839 1121 cum
1854 1065 2056 1119 nititur

442 1169 706 1235 evadere,
740 1162 1271 1238 comprehenditur.
1304 1157 1566 1215 Ostendit
1594 1159 1785 1211 autem
1819 1155 1890 1209 ad
1918 1153 2056 1226 quid

440 1256 959 1315 commovebuntur
974 1268 1078 1323 per
1090 1249 1617 1313 conturbationem,
1637 1246 1713 1300 sic
1734 1262 1746 1299 :
1763 1244 1883 1299 Dixi
1899 1243 2054 1315 quod

439 1350 663 1403 tremor
682 1341 1080 1416 apprehendet
1099 1356 1197 1393 eos
1212 1355 1224 1392 :
1242 1342 1298 1416 et
1313 1336 1485 1416 id
1499 1336 1650 1389 estin
1678 1334 1774 1388 illo
1797 1335 2052 1387 tremore

439 1454 560 1492 non
604 1408 941 1489 infructuosi
974 1430 1218 1494 dolores,
1470 1423 1573 1479 sed
1604 1430 1662 1476 ut
1680 1423 2049 1494 parturientis.

439 1525 501 1581 id
533 1526 618 1580 est
646 1521 859 1577 similes
912 1517 1205 1574 doloribus
1248 1512 1639 1588 parturientis,
1674 1528 1800 1583 quae
1841 1510 1913 1565 ad
1942 1510 2052 1564 hoc

445 1614 708 1669 dolorem
740 1608 956 1681 patitur
973 1609 1035 1660 ut
1048 1607 1178 1678 post
1192 1603 1400 1675 pariat.
1428 1600 1592 1666 Quod
1632 1604 1717 1655 est
1739 1598 1953 1654 dicere:
1974 1598 2052 1651 Ex

442 1700 737 1757 doloribus
760 1698 855 1768 huj
868 1712 931 1751 us
956 1692 1222 1749 tremoris
1234 1693 1503 1764 sequetur
1520 1691 1718 1763 partus
1739 1686 2051 1743 sanctitatis

443 1793 502 1847 et
528 1789 697 1844 bona
719 1783 1090 1859 operationis.

511 1880 591 1934 Ne
619 1893 755 1933 vero
785 1874 1133 1948 putarentur
1169 1887 1275 1943 per
1300 1869 1548 1925 liberum
1590 1866 1893 1923 arbitrium
1931 1881 2053 1921 esse

442 1964 828 2025 conturbandi
859 1966 917 2019 et
963 1959 1390 2027 commovendi,
1421 1958 1702 2014 addit:Et
1742 1958 1853 2012 hoc
1900 1953 2056 2027 quod

441 2055 943 2114 conturbabuntur
961 2067 1078 2106 non
1101 2049 1211 2106 erit
1232 2066 1297 2104 ex
1330 2048 1438 2117 eis;
1471 2047 1569 2103 sed
1592 2051 1672 2113 tu,
1706 2048 1854 2102 Deus
1896 2042 2055 2099 Chri-

442 2150 547 2214 ste,
572 2147 628 2199 in
651 2143 870 2214 Spiritu
894 2142 1090 2196 sancto
1109 2136 1402 2193 vehementi
1427 2136 1499 2191 ad
1528 2136 1656 2203 hoc,
1710 2134 1769 2190 id
1812 2136 1896 2188 est
1924 2130 2059 2187 forti

444 2236 503 2290 et
531 2231 769 2298 efﬁcaci,
792 2235 1042 2295 conteres,
1071 2228 1129 2282 id
1161 2242 1227 2281 ex
1274 2227 1396 2280 toto
1428 2224 1488 2278 in
1538 2223 1618 2278 eis
1648 2223 1924 2289 destrues,
1958 2239 2057 2275 na-

442 2339 529 2377 ves
548 2321 788 2386 Tharsis,
814 2317 875 2373 id
918 2318 1003 2371 est
1034 2315 1318 2371 discursus
1348 2317 1404 2368 et
1429 2311 1837 2368 sollicitudines
1866 2310 2060 2381 explo-

441 2409 705 2473 rationis,
736 2405 929 2481 gaudii
958 2403 1238 2459 mundani
1264 2401 1491 2457 scilicet.
1525 2400 1690 2465 Quod
1720 2401 1804 2453 est
1820 2398 2009 2454 dicere
2042 2412 2056 2452 :

447 2500 705 2557 destrues
730 2498 840 2551 hoc
865 2494 925 2549 in
955 2492 1058 2560 eis,
1090 2509 1161 2546 ne
1194 2490 1308 2545 sint
1337 2489 1721 2545 discurrentes
1751 2490 1808 2542 et
1836 2484 2061 2542 solliciti

445 2589 508 2644 in
556 2584 931 2660 explorando,
984 2597 1097 2654 quo
1144 2579 1320 2635 modo
1366 2577 1425 2633 in
1467 2576 1778 2632 mundanis
1808 2576 2060 2649 gaudere

447 2678 681 2750 queant.
717 2672 881 2739 Quod
911 2674 998 2726 est
1025 2668 1399 2740 aquipollens
1429 2682 1494 2721 ac
1524 2667 1570 2721 si
1618 2668 1862 2738 poneret
1894 2681 1906 2719 :
1939 2664 2056 2719 De-

2155 618 2436 685 fundavit,
2493 619 2599 673 sic:
2622 618 2765 683 Quia
2794 618 2853 672 in
2889 618 3091 689 primis
3132 622 3452 691 suscepimus
3481 622 3779 675 misericor-

2156 708 2301 761 diam
2331 714 2499 775 tuam,
2530 725 2562 763 o
2590 708 2734 761 Deus
2752 707 2993 775 Christe,
3024 708 3081 763 id
3112 712 3197 763 est
3223 708 3497 778 Spiritum
3523 712 3778 783 paracle-

2156 797 2300 861 tum,
2318 814 2419 868 per
2444 797 2603 868 cujus
2615 797 2831 851 donum
2871 797 3123 851 hominis
3140 797 3404 852 misertus
3430 814 3507 866 es,
3526 798 3773 871 ideoque

2158 885 2553 941 misericordia
2579 885 2819 940 dicitur:
2846 888 2903 939 et
2929 886 3038 940 hoc
3066 888 3121 939 in
3150 887 3321 942 medio
3371 888 3551 960 templi
3579 890 3678 957 tui,
3713 888 3775 944 id

2156 977 2240 1029 est
2270 974 2326 1029 in
2355 974 2819 1029 manifestatione
2850 975 3052 1048 templi
3083 974 3185 1030 tui.

2230 1063 2513 1128 Quoniam
2529 1068 2721 1119 autem
2736 1080 2803 1119 ea
2835 1082 2960 1137 qua
2977 1065 3033 1119 in
3054 1065 3246 1121 medio
3260 1069 3555 1139 ponuntur
3580 1068 3772 1125 mani-

2153 1149 2295 1205 festa
2309 1152 2729 1217 sunt,medium
2742 1169 2846 1224 pro
2862 1153 3328 1209 manifestatione
3342 1155 3773 1225 ponitur.Quod

2155 1242 2242 1293 est
2298 1240 2695 1295 dicerezAdeo
2746 1241 3097 1313 suscepimus
3152 1242 3429 1316 Spiritum
3481 1250 3767 1315 sanctum,

2154 1328 2308 1399 quod
2345 1329 2467 1399 ejus
2490 1345 2593 1399 per
2620 1346 2724 1385 nos
2754 1329 2815 1384 in
2858 1329 3149 1385 miraculis
3193 1331 3379 1404 gratia
3421 1339 3771 1407 cooperante

2153 1415 2552 1472 manifestetur
2576 1419 2797 1490 perhoc
2814 1436 2919 1474 nos
2933 1436 3052 1473 esse
3079 1422 3364 1492 templum
3382 1426 3566 1477 tuum.
3588 1425 3655 1478 Et
3665 1441 3772 1496 per

2150 1520 2255 1560 nos
2280 1505 2463 1576 justos
2506 1507 2707 1574 factos,
2741 1524 2774 1562 ο
2808 1510 2959 1563 Deus
2989 1508 3229 1577 Christe,
3256 1512 3539 1566 secundum
3577 1531 3771 1568 nomen

2151 1598 2323 1662 tuum,
2357 1595 2417 1650 id
2447 1599 2532 1651 est
2561 1598 2878 1652 secundum
2910 1614 3244 1653 mensuram
3282 1599 3536 1655 nominis
3566 1602 3677 1657 tui:
3697 1605 3772 1659 sic

2150 1688 2219 1751 et,
2252 1684 2311 1738 id
2342 1687 2427 1739 est
2452 1684 2653 1753 etiam,
2681 1686 2795 1740 laus
2826 1692 2917 1740 tua
2947 1690 3032 1742 est
3059 1704 3293 1760 magna,
3334 1689 3548 1745 scilicet
3590 1709 3770 1763 usque

2081 1771 2131 1830 B
2151 1774 2208 1827 in
2235 1773 2366 1842 ﬁnes
2395 1779 2546 1829 terra
2576 1774 2813 1830 dilatata
2850 1777 2952 1830 est.
3012 1775 3176 1841 Quod
3217 1780 3301 1832 est
3330 1778 3521 1834 dicere
3551 1797 3564 1835 :
3606 1782 3769 1836 Adeo

2155 1861 2524 1918 dilatavimus
2538 1863 2770 1918 laudem
2782 1866 2939 1919 tuam
2950 1907 2963 1933 ,
2980 1869 3041 1920 ut
3055 1865 3264 1939 ubique
3284 1870 3572 1925 terrarum
3587 1870 3771 1926 divul-

2155 1953 2346 2023 getur,
2370 1951 2514 2007 sicut
2542 1953 2650 2007 hoc
2678 1968 2891 2008 nomen
2925 1954 3083 2026 quod
3132 1958 3217 2009 est
3260 1957 3428 2024 Deus,
3472 1959 3561 2013 vel
3614 1959 3773 2016 aliud

2157 2041 2532 2114 aquipollens
2562 2041 2690 2096 huic
2724 2043 2970 2112 nomini,
3005 2044 3328 2116 divulgatur
3356 2046 3415 2101 in
3457 2049 3616 2103 omni
3641 2051 3773 2106 loco

2157 2132 2466 2189 terrarum.
2496 2131 2651 2187 Sicut
2681 2133 2833 2204 apud
2859 2134 3127 2191 Hebraeos
3147 2137 3256 2191 hoc
3274 2153 3491 2192 nomen
3515 2140 3777 2212 quodest

2159 2219 2296 2288 Hel;
2326 2221 2714 2293 apudGracos
2743 2239 2877 2277 vero
2890 2223 3032 2287 θεὸς,
3053 2227 3110 2279 et
3140 2226 3291 2297 apud
3317 2230 3552 2284 cateras
3570 2233 3775 2301 gentes

2161 2308 2272 2363 alia
2301 2308 2541 2364 nomina
2570 2310 2918 2381 hujusmodi.
2954 2311 3241 2376 Quoniam
3274 2318 3466 2370 autem
3489 2322 3681 2388 posset
3710 2318 3774 2374 in

2161 2398 2322 2452 omni
2347 2398 2588 2471 regione
2613 2399 2891 2472 divulgari
2911 2402 3032 2456 laus
3053 2402 3172 2471 Dei,
3191 2405 3249 2457 et
3269 2402 3327 2458 in
3351 2422 3692 2479 unaquaque
3709 2406 3774 2462 in

2159 2486 2374 2558 paucis,
2406 2505 2479 2542 ne
2490 2487 3003 2560 paucividerentur
3027 2507 3168 2556 esse,
3184 2492 3344 2547 addit
3367 2510 3379 2547 :
3401 2494 3467 2548 Et
3487 2510 3604 2549 non
3617 2495 3775 2566 apud

2160 2593 2370 2650 paucos
2398 2578 2521 2632 laus
2572 2580 2672 2632 tua
2705 2578 3046 2651 divulgatur,
3080 2580 3181 2636 sed
3208 2581 3424 2637 dextera
3456 2590 3568 2651 tua,
3595 2582 3654 2638 id
3685 2586 3776 2638 est

2157 2665 2417 2737 potentia
2445 2669 2564 2734 tua,
2592 2668 2677 2721 vel
2707 2666 2891 2738 pietas
2927 2672 3025 2723 tua
3048 2669 3215 2740 plena
3243 2677 3317 2724 est
3334 2671 3573 2742 justitia,
3602 2672 3658 2727 id
3684 2674 3776 2726 est

438 2770 622 2822 strues
638 2764 696 2817 in
727 2762 809 2817 eis
844 2757 1288 2816 sollicitudinem
1335 2758 1724 2823 terrenarum,
1770 2770 1843 2809 ne
1888 2753 1946 2807 in
1977 2751 2058 2808 eis
2150 2752 2335 2825 justis.
2366 2754 2531 2818 Quod
2560 2758 2739 2831 est_ac
2763 2755 2810 2809 si
2837 2756 3053 2811 diceret
3078 2774 3090 2812 :
3115 2759 3238 2812 Non
3263 2763 3395 2814 sunt
3431 2760 3597 2831 pauci
3629 2759 3776 2831 justi

443 2854 698 2926 gaudere
723 2850 1006 2923 quarant,
1040 2849 1096 2901 et
1112 2846 1189 2899 sic
1214 2844 1331 2899 suis
1353 2844 1526 2899 faciet
1554 2859 1675 2898 esse
1704 2843 2053 2897 conformes.
2157 2858 2298 2914 quos
2324 2842 2506 2913 pietas
2533 2827 3016 2915 etl56potentia
3066 2850 3164 2901 tua
3209 2863 3316 2918 per
3372 2865 3477 2904 nos
3528 2849 3774 2919 acquisi-

442 2939 866 2998 Sollicitudines
891 2951 1025 2992 vero
1058 2948 1229 2988 naves
1255 2932 1543 3000 dicuntur,
1569 2948 1637 2986 eo
1671 2930 1824 3003 quod
1839 2946 1944 3001 per
1963 2945 2058 2984 eas
2156 2931 2253 2999 vit,
2286 2931 2386 2986 sed
2418 2931 2603 2989 multi.
2662 2933 3030 3006 Omninoque
3070 2936 3273 3006 plenus
3319 2936 3399 2992 eis
3438 2955 3518 3006 es,
3575 2941 3635 2993 et
3658 2938 3773 2993 cir-

441 3028 750 3102 cogitando
813 3023 1202 3088 discurrimus,
1256 3020 1400 3076 sicut
1454 3019 1691 3075 navibus
1734 3035 1837 3090 per
1895 3033 2058 3072 mare
2088 3020 2481 3117 Ccumdatus,
2526 3037 2560 3074 a
2588 3020 2961 3077 similitudine
3006 3039 3231 3090 manus,
3264 3042 3391 3097 qua
3424 3043 3554 3082 cum
3587 3028 3776 3084 multa

444 3116 801 3173 discurritur.
819 3112 1045 3169 Tharsis
1063 3111 1299 3183 quidem
1325 3110 1740 3181 interpretatur
1764 3108 2059 3179 exploratio
2095 3108 2135 3117 “”
2159 3111 2355 3163 teneat
2374 3109 2547 3180 plena
2581 3111 2666 3163 est
2694 3109 2829 3180 ipsis
2859 3114 2916 3165 et
2945 3111 3178 3167 referta.
3215 3115 3459 3170 Dextera
3500 3131 3633 3170 vero
3664 3133 3774 3187 po-

440 3206 652 3277 gaudii.
687 3202 1015 3260 Secundum
1049 3198 1380 3271 Remigium
1424 3214 1557 3252 vero
1610 3195 1762 3268 apud
1792 3196 2059 3250 Hebraeos
2159 3197 2315 3251 nitur
2340 3214 2443 3268 pro
2475 3198 2754 3268 potentia,
2788 3215 2855 3253 eo
2880 3200 3034 3272 quod
3065 3200 3123 3255 in
3138 3200 3371 3257 dextera
3381 3203 3572 3274 potior
3596 3204 3775 3260 virtus

424 3286 860 3364 interpretatur
887 3307 1055 3355 mare,
1088 3287 1404 3342 secundum
1428 3284 1583 3357 quod
1625 3284 1703 3339 sic
1733 3283 2056 3355 exponitur.

448 3380 702 3438 Conteres
732 3395 891 3433 naves
940 3377 1186 3443 Tharsis,
1226 3373 1439 3430 scilicet
1469 3373 1725 3428 destrues
1764 3371 1823 3426 in
1882 3372 2058 3440 malo,

447 3469 832 3526 adiﬁcaturus
859 3466 917 3520 in
930 3467 1085 3521 bono
1110 3480 1123 3519 ε
1147 3464 1298 3535 ipsos
1311 3479 1476 3535 reges
1490 3462 1586 3534 qui
1608 3462 1875 3517 dicuntur
1890 3477 2063 3516 naves

448 3557 648 3624 maris,
663 3555 727 3610 id
750 3557 835 3610 est
850 3553 1019 3624 hujus
1039 3550 1265 3618 mundi,
1285 3566 1353 3605 eo
1373 3550 1528 3622 quod
1541 3550 1612 3605 ad
1626 3548 2064 3604 similitudinem

450 3643 850 3716 navium,qua
883 3640 1150 3695 deferunt
1173 3638 1438 3693 homines
1456 3653 1558 3709 per
1589 3653 1771 3706 mare,
1802 3636 2066 3691 deferant

450 3734 559 3808 ipsi
589 3747 818 3805 quoque
842 3727 1095 3785 subditos
1120 3727 1350 3800 imperii
1394 3727 1480 3782 sui
1500 3726 1805 3799 regimine.
1829 3725 2067 3781 Mundus

406 3870 413 3877 .
454 3825 649 3879 autem
674 3835 836 3875 mare
868 3817 1096 3884 dicitur,
1119 3833 1189 3871 eo
1217 3815 1371 3888 quod
1385 3815 1459 3870 ad
1483 3816 1721 3871 modum
1749 3814 1923 3870 maris
1944 3818 2064 3869 tur-

453 3910 593 3966 bine
612 3907 1045 3965 tribulationem
1061 3905 1358 3960 uberrimo
1376 3903 1921 3959 conturbatur.Cum
1933 3918 2067 3957 vero

458 3998 615 4064 dicit,
642 4000 777 4051 sicut
831 3994 1152 4060 audivimus,
1186 3995 1319 4059 etc.,
1353 3991 1608 4047 ostendit
1648 4007 1846 4045 verum
1897 3990 2068 4046 fuisse

459 4086 875 4160 prophetarum
908 4083 978 4137 de
1008 4081 1268 4136 Ecclesia
1282 4080 1623 4135 fundatione
1650 4079 2066 4147 testimonium,

459 4188 594 4229 cum
622 4172 682 4227 in
700 4188 768 4226 ea
788 4170 1016 4242 penitus
1035 4186 1161 4241 qua
1190 4169 1260 4223 ab
1291 4168 1372 4222 eis
1396 4167 1675 4238 praedicta
1693 4170 1827 4222 sunt
1841 4167 2070 4222 videan-

460 4267 556 4317 tur
575 4277 695 4317 esse
725 4260 1015 4331 completa
1042 4273 1054 4312 :
1090 4260 1264 4329 utper
1283 4256 1392 4311 hoc
1418 4256 1623 4311 innuat
1650 4256 1911 4311 Ecclesiae
1936 4256 2069 4312 fun-

2159 3285 2231 3340 sit
2269 3288 2327 3340 et
2354 3286 2614 3357 potentia
2660 3304 2836 3359 quam
2862 3288 2922 3342 in
2956 3288 3204 3344 sinistra.
3253 3292 3496 3346 Ponitur
3542 3309 3775 3365 quoque

2160 3391 2265 3446 pro
2282 3373 2515 3445 pietate,
2548 3391 2616 3430 eo
2632 3375 2786 3447 quod
2816 3392 3062 3447 peream
3083 3378 3303 3433 labenti
3332 3380 3617 3448 subvenit,
3633 3381 3779 3436 sicut

2163 3462 2397 3519 dextera
2428 3463 2727 3535 cujuslibet
2754 3465 2967 3520 labenti
2982 3467 3187 3539 sapius
3217 3469 3490 3524 auxilium
3511 3471 3775 3544 porrigit.

2162 3551 2279 3605 Hoc
2310 3554 2504 3606 autem
2526 3552 2681 3624 quod
2710 3551 2846 3608 dicit
2872 3570 2974 3625 per
3004 3571 3063 3609 se
3094 3555 3195 3611 Dei
3237 3557 3472 3612 laudem
3520 3558 3779 3631 divulga-

2164 3644 2283 3695 tam
2344 3657 2484 3709 esse,
2533 3658 2651 3696 non
2692 3641 2827 3697 dicit
2856 3659 2923 3697 ex
2950 3644 3231 3717 superbia
3276 3649 3526 3716 tumore,
3557 3648 3660 3703 sed
3712 3666 3784 3704 ex

2164 3727 2484 3799 gratiarum
2510 3729 2755 3785 actione.
2805 3731 3159 3786 Adhortatur
3202 3736 3397 3789 autem
3440 3736 3607 3807 hujus
3646 3736 3781 3791 civi-

2164 3815 2298 3870 tatis
2348 3817 2515 3883 cives,
2566 3820 2627 3871 ut
2665 3817 2765 3873 Dei
2788 3818 3016 3889 judiciis
3064 3820 3351 3878 latentur:
3380 3825 3783 3896 cognoscendo

2168 3920 2235 3959 ea
2260 3922 2380 3959 esse
2399 3905 2573 3977 justa,
2624 3923 2739 3961 non
2763 3907 2832 3962 de
2866 3907 2948 3961 eis
2978 3914 3430 3978 murmurantes,
3467 3912 3545 3968 sic
3579 3931 3597 3966 :
3630 3914 3781 3987 Ergo

2170 3993 2448 4066 quoniam
2479 4010 2513 4048 a
2534 3996 2650 4049 Deo
2672 3994 2918 4050 ﬁrmiter
2931 3995 3029 4051 Dei
3060 3997 3254 4053 civitas
3283 4000 3787 4069 estfundata,tali-

2171 4099 2282 4155 que
2308 4082 2430 4154 regi
2462 4083 2737 4154 subjecta,
2770 4100 2867 4138 vos
2897 4083 3044 4139 cives
3075 4086 3196 4156 ejus
3224 4087 3502 4143 latamini
3551 4090 3626 4144 ad
3663 4093 3786 4162 ejus

2168 4169 2423 4237 laudem,
2475 4169 2688 4225 scilicet
2721 4170 2930 4227 latetur
2964 4190 3111 4227 mons
3132 4174 3286 4241 Sion,
3317 4175 3377 4229 id
3406 4180 3492 4231 est
3520 4178 3783 4234 collectio

2169 4257 2426 4313 ﬁdelium
2472 4259 2543 4314 de
2572 4260 2780 4315 Judais
2805 4278 2817 4315 :
2846 4267 2896 4315 et
2925 4262 3187 4318 exsultent
3236 4265 3369 4333 ﬁlia
3400 4266 3580 4334 Juda,
3610 4267 3669 4323 id
3699 4272 3787 4324 est

462 4352 803 4407 damentum
828 4322 1279 4418 haudquaquam
1311 4361 1432 4400 esse
1466 4343 1574 4400 vile
1591 4345 1939 4417 quidlibetet
1970 4346 2067 4401 ab-
2095 4322 2146 4380 D
2168 4345 2365 4400 ﬁdeles
2391 4347 2460 4401 de
2490 4347 2777 4419 gentibus,
2810 4366 2953 4421 quos
2978 4352 3201 4422 peperit
3217 4322 3275 4407 in
3308 4353 3421 4409 ﬁde
3435 4356 3462 4408 J
3471 4322 3604 4422 uda,
3628 4322 3685 4411 id
3700 4322 3786 4412 est

455 4440 698 4512 jectum,
725 4453 857 4491 cum
882 4438 1179 4490 tantorum
1207 4432 1467 4488 vivorum
1484 4433 1880 4505 antiquissima
1900 4433 2073 4488 fuerit

463 4526 801 4582 auctoritate
815 4521 1497 4585 conﬁrmatum.Quodsic
1509 4521 1904 4577 continuatur:
1921 4522 2069 4593 Ergo

465 4614 601 4688 quia
642 4613 721 4668 sic
742 4615 827 4666 est
856 4611 1097 4666 fundata
1128 4609 1342 4665 Eclesia
1364 4626 1430 4663 ex
1461 4612 1705 4681 utroque
1726 4611 1959 4681 populo,
2010 4613 2073 4663 ut

461 4718 636 4773 supra
665 4701 943 4767 diximus;
970 4699 1182 4753 etadeo
1197 4700 1485 4764 constans,
1514 4700 1575 4751 ut
1595 4713 1713 4752 non
1742 4700 1928 4753 solum
1953 4715 2070 4753 non

462 4791 649 4858 cedat,
690 4788 791 4844 sed
819 4788 995 4843 etiam
1022 4790 1272 4858 superet,
1312 4786 1456 4840 sicut
1484 4803 1517 4840 a
1556 4786 1851 4857 prophetis
1886 4787 2074 4841 fuerat

461 4879 837 4951 praedictum;
864 4892 1064 4931 revera
1093 4875 1385 4929 affirmare
1415 4891 1716 4946 possumus
1742 4875 2072 4947 quod,sicut

461 4968 768 5024 audivimus
784 4965 981 5021 auditu
993 4962 1386 5035 intelligentia
1400 4962 1620 5019 inlibris
1630 4964 2066 5034 prophetarum,

459 5060 535 5113 sic
554 5057 780 5112 vidimus
807 5055 1140 5126 conpletum
1195 5054 1251 5105 in
1273 5053 1491 5107 civitate
1518 5050 1742 5106 Domini
1782 5054 2067 5120 virtutum,

460 5145 522 5201 id
546 5147 632 5200 est
660 5143 971 5200 exercitum
993 5156 1376 5212 supernorum
1406 5139 1617 5195 scilicet
1635 5141 1691 5193 in
1729 5142 1941 5194 civitate
1963 5141 2074 5196 Dei

460 5234 652 5299 nostri,
684 5232 744 5287 id
760 5241 844 5286 est
861 5229 1087 5296 Christi,
1107 5244 1223 5283 non
1246 5228 1303 5281 in
1334 5228 1562 5282 civitate
1590 5228 1823 5283 alterius
1835 5227 2064 5283 Domini

460 5320 734 5376 virtutum
760 5335 774 5374 :
805 5318 931 5373 dico
949 5334 1082 5372 cum
1101 5317 1289 5371 nullus
1302 5316 1444 5371 alius
1473 5316 1545 5372 sit
1574 5318 1784 5386 prater
1811 5333 1942 5371 eum
1958 5319 2066 5371 Do-

463 5408 718 5464 minusin
745 5406 993 5462 Ecclesia
1021 5406 1302 5461 videlicet.
1332 5404 1577 5476 Exponit
1597 5408 1789 5460 autem
1817 5405 1954 5477 quid
1991 5406 2064 5461 sit

454 5496 515 5550 in
547 5513 615 5551 ea
644 5496 1020 5567 completum,
1054 5493 1097 5549 si
1113 5510 1161 5549 c:
1183 5495 1297 5549 Hoc
1319 5492 1532 5549 scilicet
1557 5493 1783 5548 vidimus
1809 5496 2064 5566 comple-

455 5587 581 5641 tum
611 5585 669 5640 in
687 5583 905 5639 civitate
924 5582 1148 5639 Domini
1174 5585 1455 5650 virtutum,
1481 5582 1636 5657 quod
1648 5581 1792 5637 Deus
1805 5581 2059 5655 fundavit

2170 4435 2448 4490 confessio
2470 4436 2917 4507 praedicatorum
2945 4439 3250 4511 primitiva
3282 4442 3545 4499 Ecclesia
3576 4444 3647 4499 de
3684 4446 3787 4501 Ju-

2171 4522 2326 4578 dais.
2354 4524 2519 4589 Quod
2542 4528 2627 4579 est
2642 4525 2831 4581 dicere
2856 4544 2868 4581 :
2900 4545 3042 4599 quos
3073 4529 3461 4601 acquisierunt
3484 4535 3601 4588 Deo
3632 4551 3780 4606 pra-

2173 4611 2469 4668 dicationis
2495 4631 2609 4668 sua
2638 4615 3019 4685 confessione,
3036 4616 3280 4690 ideoque
3296 4620 3779 4677 dicuntureorum

2172 4700 2333 4769 ﬁlia;
2366 4704 2424 4756 et
2452 4702 2600 4756 bene
2628 4703 2756 4771 ﬁlia:
2800 4703 3087 4768 dicuntur,
3120 4724 3237 4761 non
3286 4708 3407 4776 ﬁlii,
3435 4726 3503 4764 eo
3535 4712 3691 4782 quod
3724 4712 3783 4767 in

2170 4788 2472 4844 virtutibus
2505 4790 2905 4862 speciosissimi
2937 4797 3088 4848 sunt.
3137 4794 3369 4867 Species
3408 4798 3565 4853 enim
3592 4801 3786 4871 major

2170 4875 2356 4932 inesse
2385 4878 2529 4932 solet
2552 4878 2775 4934 ﬁliabus
2804 4897 2978 4952 quam
3003 4882 3148 4951 ﬁliis.
3178 4884 3323 4939 Juda
3352 4902 3484 4940 vero
3522 4888 3784 4957 confessio

2170 4963 2604 5037 interpretatur.
2637 4968 2735 5021 Vel
2764 4968 2893 5023 ﬁlia
2914 4973 3046 5038 tua,
3080 4970 3136 5026 id
3157 4975 3242 5027 est
3255 4973 3560 5044 primitiva
3591 4977 3783 5033 Eccle-

2169 5051 2287 5121 sia,
2325 5070 2452 5126 qua
2477 5055 2586 5109 fuit
2635 5056 2705 5110 de
2735 5056 2884 5112 tribu
2910 5059 3074 5113 Juda.
3134 5060 3269 5115 Dico
3322 5061 3568 5117 lateutur
3606 5066 3782 5120 exsul-

2169 5147 2277 5195 tent
2304 5159 2320 5194 :
2354 5145 2410 5196 et
2451 5142 2558 5197 hoc
2590 5151 2814 5215 propter
2830 5146 3046 5216 judicia
3074 5154 3187 5217 tua,
3241 5150 3473 5205 Domine
3501 5170 3517 5205 :
3551 5153 3689 5224 quia
3720 5157 3781 5210 tu

2159 5229 2427 5300 judicasti
2454 5231 2760 5287 Ecclesiam
2811 5251 2877 5289 ex
2913 5236 3123 5291 Judais
3165 5240 3223 5292 et
3252 5240 3522 5310 gentibus
3565 5244 3779 5298 consti-

2166 5321 2345 5376 tuere.
2376 5319 2718 5375 Exhortatur
2763 5339 2992 5395 quoque
3032 5324 3174 5379 ﬁlias
3217 5327 3376 5382 Iuda
3442 5332 3504 5383 ut
3556 5328 3775 5386 imitari

2163 5407 2431 5462 studeant
2446 5408 2782 5465 omnimode
2814 5411 3013 5466 ﬁdeles
3034 5414 3317 5485 perfectos
3348 5418 3418 5472 de
3442 5417 3673 5488 Judais,
3715 5420 3777 5475 id

2161 5497 2246 5549 est
2279 5497 2680 5568 pradicatores
2695 5498 2792 5571 qui
2816 5500 3187 5570 perfectiores
3203 5508 3357 5573 sunt,
3386 5522 3519 5561 cum
3541 5508 3775 5581 longius

2161 5584 2325 5641 unius
2356 5585 2455 5642 Dei
2489 5586 2755 5643 notitiam
2776 5588 3103 5647 habuerint.
