  <div class='ocr_page' id='page_1' title='image "/cluster/home/n/w/nwhite01/storage/ocr_20150623/152/hvd.32044054760103/428.png"; bbox 0 0 3994 6042; ppageno 0'>
   <div class='ocr_carea' id='block_1_1' title="bbox 206 269 308 344">
    <p class='ocr_par' dir='ltr' id='par_1_1' title="bbox 206 269 308 344">
     <span class='ocr_line' id='line_1_1' title="bbox 206 269 308 344; baseline 0.02 -4"><span class='ocrx_word' id='word_1_1' title='bbox 206 269 308 344; x_wconf 61' lang='lat' dir='ltr'><strong>Diti</strong></span> 
     </span>
    </p>
   </div>
   <div class='ocr_carea' id='block_1_2' title="bbox 1160 270 2568 343">
    <p class='ocr_par' dir='ltr' id='par_1_2' title="bbox 1160 270 2568 343">
     <span class='ocr_line' id='line_1_2' title="bbox 1160 270 2568 343; baseline -0.001 -1"><span class='ocrx_word' id='word_1_2' title='bbox 1160 270 1520 343; x_wconf 76' lang='lat' dir='ltr'><strong>EXPOSITIO</strong></span> <span class='ocrx_word' id='word_1_3' title='bbox 1556 275 1628 338; x_wconf 85' lang='lat' dir='ltr'><strong>IN</strong></span> <span class='ocrx_word' id='word_1_4' title='bbox 1663 271 1999 340; x_wconf 74' lang='lat' dir='ltr'><strong>PSALMOS.</strong></span> <span class='ocrx_word' id='word_1_5' title='bbox 2030 307 2100 326; x_wconf 80' lang='grc' dir='ltr'><strong>ι·-</strong></span> <span class='ocrx_word' id='word_1_6' title='bbox 2129 276 2324 341; x_wconf 77' lang='lat' dir='ltr'><strong>PSAL.</strong></span> <span class='ocrx_word' id='word_1_7' title='bbox 2363 273 2568 342; x_wconf 77' lang='lat' dir='ltr'><strong>XLVIII</strong></span> 
     </span>
    </p>
   </div>
   <div class='ocr_carea' id='block_1_3' title="bbox 3350 270 3527 344">
    <p class='ocr_par' dir='ltr' id='par_1_3' title="bbox 3350 270 3527 344">
     <span class='ocr_line' id='line_1_3' title="bbox 3350 270 3527 344; baseline 0 0"><span class='ocrx_word' id='word_1_8' title='bbox 3350 282 3356 287; x_wconf 79' lang='grc'><em>’</em></span> <span class='ocrx_word' id='word_1_9' title='bbox 3423 270 3527 344; x_wconf 66' lang='grc'><strong>840</strong></span> 
     </span>
    </p>
   </div>
   <div class='ocr_carea' id='block_1_4' title="bbox 277 399 3526 480">
    <p class='ocr_par' dir='ltr' id='par_1_4' title="bbox 277 399 3526 480">
     <span class='ocr_line' id='line_1_4' title="bbox 277 399 3526 480; baseline 0 -15"><span class='ocrx_word' id='word_1_10' title='bbox 277 402 400 465; x_wconf 82' lang='lat' dir='ltr'><strong>Dixi</strong></span> <span class='ocrx_word' id='word_1_11' title='bbox 425 401 607 476; x_wconf 81' lang='lat' dir='ltr'><strong>vobis,</strong></span> <span class='ocrx_word' id='word_1_12' title='bbox 642 417 675 464; x_wconf 88' lang='grc' dir='ltr'>ο</span> <span class='ocrx_word' id='word_1_13' title='bbox 722 399 857 464; x_wconf 78' lang='lat' dir='ltr'><strong>filias</strong></span> <span class='ocrx_word' id='word_1_14' title='bbox 894 400 1075 475; x_wconf 77' lang='lat' dir='ltr'><strong>Iudae,</strong></span> <span class='ocrx_word' id='word_1_15' title='bbox 1120 404 1444 476; x_wconf 83' lang='lat' dir='ltr'><strong>exsultetis;</strong></span> <span class='ocrx_word' id='word_1_16' title='bbox 1482 402 1593 461; x_wconf 91' lang='lat' dir='ltr'><strong>hoc</strong></span> <span class='ocrx_word' id='word_1_17' title='bbox 1636 402 1813 463; x_wconf 86' lang='lat' dir='ltr'><strong>etiam</strong></span> <span class='ocrx_word' id='word_1_18' title='bbox 1838 407 1895 469; x_wconf 83' lang='lat' dir='ltr'><strong>A</strong></span> <span class='ocrx_word' id='word_1_19' title='bbox 1923 402 2128 461; x_wconf 86' lang='lat' dir='ltr'><strong>divites</strong></span> <span class='ocrx_word' id='word_1_20' title='bbox 2142 406 2199 462; x_wconf 91' lang='lat' dir='ltr'><strong>et</strong></span> <span class='ocrx_word' id='word_1_21' title='bbox 2223 421 2502 480; x_wconf 87' lang='lat' dir='ltr'><strong>pauperes</strong></span> <span class='ocrx_word' id='word_1_22' title='bbox 2519 403 2592 462; x_wconf 89' lang='lat' dir='ltr'><strong>ab</strong></span> <span class='ocrx_word' id='word_1_23' title='bbox 2616 401 2924 480; x_wconf 77' lang='lat' dir='ltr'><strong>iniquitate</strong></span> <span class='ocrx_word' id='word_1_24' title='bbox 2948 418 2961 463; x_wconf 89' lang='lat'><strong>:</strong></span> <span class='ocrx_word' id='word_1_25' title='bbox 2984 402 3057 464; x_wconf 88' lang='lat' dir='ltr'><strong>ab</strong></span> <span class='ocrx_word' id='word_1_26' title='bbox 3077 403 3186 464; x_wconf 89' lang='lat' dir='ltr'><strong>hac</strong></span> <span class='ocrx_word' id='word_1_27' title='bbox 3208 403 3422 465; x_wconf 79' lang='lat' dir='ltr'><strong>scilicet</strong></span> <span class='ocrx_word' id='word_1_28' title='bbox 3452 423 3526 467; x_wconf 88' lang='lat' dir='ltr'><strong>ne</strong></span> 
     </span>
    </p>
   </div>
   <div class='ocr_carea' id='block_1_5' title="bbox 210 493 1819 568">
    <p class='ocr_par' dir='ltr' id='par_1_5' title="bbox 210 493 1819 568">
     <span class='ocr_line' id='line_1_5' title="bbox 210 493 1819 568; baseline -0.004 -14"><span class='ocrx_word' id='word_1_29' title='bbox 210 498 535 554; x_wconf 86' lang='lat' dir='ltr'><strong>admoneo:</strong></span> <span class='ocrx_word' id='word_1_30' title='bbox 561 495 887 553; x_wconf 81' lang='lat' dir='ltr'><strong>circumdate</strong></span> <span class='ocrx_word' id='word_1_31' title='bbox 913 493 1069 564; x_wconf 89' lang='lat' dir='ltr'><strong>Sion,</strong></span> <span class='ocrx_word' id='word_1_32' title='bbox 1108 495 1166 551; x_wconf 91' lang='lat' dir='ltr'><strong>id</strong></span> <span class='ocrx_word' id='word_1_33' title='bbox 1195 498 1281 551; x_wconf 90' lang='lat' dir='ltr'><strong>est</strong></span> <span class='ocrx_word' id='word_1_34' title='bbox 1310 493 1617 550; x_wconf 84' lang='lat' dir='ltr'><strong>imitamini</strong></span> <span class='ocrx_word' id='word_1_35' title='bbox 1634 494 1819 568; x_wconf 90' lang='lat' dir='ltr'><strong>perfe-</strong></span> 
     </span>
    </p>
   </div>
   <div class='ocr_carea' id='block_1_6' title="bbox 217 584 1814 657">
    <p class='ocr_par' dir='ltr' id='par_1_6' title="bbox 217 584 1814 657">
     <span class='ocr_line' id='line_1_6' title="bbox 217 584 1814 657; baseline -0.004 -13"><span class='ocrx_word' id='word_1_36' title='bbox 217 592 343 644; x_wconf 88' lang='lat' dir='ltr'><strong>ctos</strong></span> <span class='ocrx_word' id='word_1_37' title='bbox 369 589 439 644; x_wconf 92' lang='lat' dir='ltr'><strong>de</strong></span> <span class='ocrx_word' id='word_1_38' title='bbox 467 586 696 651; x_wconf 73' lang='lat' dir='ltr'><strong>Iudaeis,</strong></span> <span class='ocrx_word' id='word_1_39' title='bbox 718 586 1121 657; x_wconf 88' lang='lat' dir='ltr'><strong>investigando</strong></span> <span class='ocrx_word' id='word_1_40' title='bbox 1166 601 1368 640; x_wconf 90' lang='lat' dir='ltr'><strong>eorum</strong></span> <span class='ocrx_word' id='word_1_41' title='bbox 1401 584 1763 640; x_wconf 73' lang='lat' dir='ltr'><strong>sanctitatem</strong></span> <span class='ocrx_word' id='word_1_42' title='bbox 1799 601 1814 652; x_wconf 88' lang='lat'><strong>;</strong></span> 
     </span>
    </p>
   </div>
   <div class='ocr_carea' id='block_1_7' title="bbox 210 673 1818 747">
    <p class='ocr_par' dir='ltr' id='par_1_7' title="bbox 210 673 1818 747">
     <span class='ocr_line' id='line_1_7' title="bbox 210 673 1818 747; baseline -0.004 -15"><span class='ocrx_word' id='word_1_43' title='bbox 210 694 245 732; x_wconf 89' lang='lat' dir='ltr'><strong>a</strong></span> <span class='ocrx_word' id='word_1_44' title='bbox 266 676 645 733; x_wconf 87' lang='lat' dir='ltr'><strong>similitudine</strong></span> <span class='ocrx_word' id='word_1_45' title='bbox 673 675 930 747; x_wconf 83' lang='lat' dir='ltr'><strong>alicujus,</strong></span> <span class='ocrx_word' id='word_1_46' title='bbox 975 675 1074 747; x_wconf 87' lang='lat' dir='ltr'><strong>qui</strong></span> <span class='ocrx_word' id='word_1_47' title='bbox 1109 674 1365 747; x_wconf 87' lang='lat' dir='ltr'><strong>aliquem</strong></span> <span class='ocrx_word' id='word_1_48' title='bbox 1397 673 1736 740; x_wconf 85' lang='lat' dir='ltr'><strong>circumdat,</strong></span> <span class='ocrx_word' id='word_1_49' title='bbox 1760 674 1818 727; x_wconf 91' lang='lat' dir='ltr'><strong>et</strong></span> 
     </span>
    </p>
   </div>
   <div class='ocr_carea' id='block_1_8' title="bbox 211 762 1820 835">
    <p class='ocr_par' dir='ltr' id='par_1_8' title="bbox 211 762 1820 835">
     <span class='ocr_line' id='line_1_8' title="bbox 211 762 1820 835; baseline -0.004 -13"><span class='ocrx_word' id='word_1_50' title='bbox 211 766 363 822; x_wconf 89' lang='lat' dir='ltr'><strong>circa</strong></span> <span class='ocrx_word' id='word_1_51' title='bbox 398 782 532 822; x_wconf 91' lang='lat' dir='ltr'><strong>eum</strong></span> <span class='ocrx_word' id='word_1_52' title='bbox 558 768 835 832; x_wconf 86' lang='lat' dir='ltr'><strong>versatur,</strong></span> <span class='ocrx_word' id='word_1_53' title='bbox 866 767 928 817; x_wconf 93' lang='lat' dir='ltr'><strong>ut</strong></span> <span class='ocrx_word' id='word_1_54' title='bbox 967 764 1092 835; x_wconf 84' lang='lat' dir='ltr'><strong>ejus</strong></span> <span class='ocrx_word' id='word_1_55' title='bbox 1141 767 1299 818; x_wconf 90' lang='lat' dir='ltr'><strong>actus</strong></span> <span class='ocrx_word' id='word_1_56' title='bbox 1336 762 1637 834; x_wconf 87' lang='lat' dir='ltr'><strong>inspiciat:</strong></span> <span class='ocrx_word' id='word_1_57' title='bbox 1671 764 1729 816; x_wconf 91' lang='lat' dir='ltr'><strong>et</strong></span> <span class='ocrx_word' id='word_1_58' title='bbox 1757 762 1820 816; x_wconf 91' lang='lat' dir='ltr'><strong>ut</strong></span> 
     </span>
    </p>
   </div>
   <div class='ocr_carea' id='block_1_9' title="bbox 207 851 1814 928">
    <p class='ocr_par' dir='ltr' id='par_1_9' title="bbox 207 851 1814 928">
     <span class='ocr_line' id='line_1_9' title="bbox 207 851 1814 928; baseline -0.005 -16"><span class='ocrx_word' id='word_1_59' title='bbox 207 857 463 928; x_wconf 84' lang='lat' dir='ltr'><strong>perfecte</strong></span> <span class='ocrx_word' id='word_1_60' title='bbox 479 852 811 921; x_wconf 85' lang='lat' dir='ltr'><strong>imitemini,</strong></span> <span class='ocrx_word' id='word_1_61' title='bbox 830 852 1330 925; x_wconf 84' lang='lat' dir='ltr'><strong>complectimini,id</strong></span> <span class='ocrx_word' id='word_1_62' title='bbox 1344 858 1429 906; x_wconf 90' lang='lat' dir='ltr'><strong>est</strong></span> <span class='ocrx_word' id='word_1_63' title='bbox 1444 851 1661 924; x_wconf 81' lang='lat' dir='ltr'><strong>diligite</strong></span> <span class='ocrx_word' id='word_1_64' title='bbox 1678 868 1814 905; x_wconf 89' lang='lat' dir='ltr'><strong>eam.</strong></span> 
     </span>
    </p>
   </div>
   <div class='ocr_carea' id='block_1_10' title="bbox 212 939 1820 1016">
    <p class='ocr_par' dir='ltr' id='par_1_10' title="bbox 212 939 1820 1016">
     <span class='ocr_line' id='line_1_10' title="bbox 212 939 1820 1016; baseline -0.005 -14"><span class='ocrx_word' id='word_1_65' title='bbox 212 945 497 1012; x_wconf 83' lang='lat' dir='ltr'><strong>Quoniam</strong></span> <span class='ocrx_word' id='word_1_66' title='bbox 512 944 607 1000; x_wconf 92' lang='lat' dir='ltr'><strong>dili</strong></span> <span class='ocrx_word' id='word_1_67' title='bbox 614 944 877 1016; x_wconf 88' lang='lat' dir='ltr'><strong>gentium</strong></span> <span class='ocrx_word' id='word_1_68' title='bbox 890 946 975 998; x_wconf 90' lang='lat' dir='ltr'><strong>est</strong></span> <span class='ocrx_word' id='word_1_69' title='bbox 994 940 1321 1015; x_wconf 91' lang='lat' dir='ltr'><strong>complecti,</strong></span> <span class='ocrx_word' id='word_1_70' title='bbox 1336 942 1499 1013; x_wconf 90' lang='lat' dir='ltr'><strong>ponit</strong></span> <span class='ocrx_word' id='word_1_71' title='bbox 1514 939 1820 1013; x_wconf 85' lang='lat' dir='ltr'><strong>complecti</strong></span> 
     </span>
    </p>
   </div>
   <div class='ocr_carea' id='block_1_11' title="bbox 204 1030 1819 1107">
    <p class='ocr_par' dir='ltr' id='par_1_11' title="bbox 204 1030 1819 1107">
     <span class='ocr_line' id='line_1_11' title="bbox 204 1030 1819 1107; baseline -0.004 -16"><span class='ocrx_word' id='word_1_72' title='bbox 204 1051 312 1107; x_wconf 89' lang='lat' dir='ltr'><strong>pro</strong></span> <span class='ocrx_word' id='word_1_73' title='bbox 336 1035 596 1107; x_wconf 84' lang='lat' dir='ltr'><strong>diligere.</strong></span> <span class='ocrx_word' id='word_1_74' title='bbox 611 1032 857 1106; x_wconf 83' lang='lat' dir='ltr'><strong>Exponit</strong></span> <span class='ocrx_word' id='word_1_75' title='bbox 874 1049 979 1105; x_wconf 91' lang='lat' dir='ltr'><strong>per</strong></span> <span class='ocrx_word' id='word_1_76' title='bbox 990 1035 1183 1104; x_wconf 90' lang='lat' dir='ltr'><strong>partes</strong></span> <span class='ocrx_word' id='word_1_77' title='bbox 1200 1031 1494 1104; x_wconf 91' lang='lat' dir='ltr'><strong>quomodo</strong></span> <span class='ocrx_word' id='word_1_78' title='bbox 1518 1030 1819 1085; x_wconf 86' lang='lat' dir='ltr'><strong>imitentur</strong></span> 
     </span>
    </p>
   </div>
   <div class='ocr_carea' id='block_1_12' title="bbox 208 1118 1813 1187">
    <p class='ocr_par' dir='ltr' id='par_1_12' title="bbox 208 1118 1813 1187">
     <span class='ocr_line' id='line_1_12' title="bbox 208 1118 1813 1187; baseline -0.006 -6"><span class='ocrx_word' id='word_1_79' title='bbox 208 1141 344 1181; x_wconf 91' lang='lat' dir='ltr'><strong>cum</strong></span> <span class='ocrx_word' id='word_1_80' title='bbox 374 1123 535 1178; x_wconf 84' lang='lat' dir='ltr'><strong>addit</strong></span> <span class='ocrx_word' id='word_1_81' title='bbox 558 1140 571 1179; x_wconf 92' lang='lat'><strong>:</strong></span> <span class='ocrx_word' id='word_1_82' title='bbox 599 1122 734 1177; x_wconf 90' lang='lat' dir='ltr'><strong>Dico</strong></span> <span class='ocrx_word' id='word_1_83' title='bbox 750 1120 1080 1177; x_wconf 82' lang='lat' dir='ltr'><strong>circumdate</strong></span> <span class='ocrx_word' id='word_1_84' title='bbox 1104 1119 1257 1187; x_wconf 88' lang='lat' dir='ltr'><strong>Sion,</strong></span> <span class='ocrx_word' id='word_1_85' title='bbox 1282 1120 1340 1173; x_wconf 93' lang='lat' dir='ltr'><strong>id</strong></span> <span class='ocrx_word' id='word_1_86' title='bbox 1358 1122 1443 1174; x_wconf 90' lang='lat' dir='ltr'><strong>est</strong></span> <span class='ocrx_word' id='word_1_87' title='bbox 1462 1118 1775 1173; x_wconf 88' lang='lat' dir='ltr'><strong>imitamini</strong></span> <span class='ocrx_word' id='word_1_88' title='bbox 1799 1134 1813 1173; x_wconf 89' lang='lat'><strong>:</strong></span> 
     </span>
    </p>
   </div>
   <div class='ocr_carea' id='block_1_13' title="bbox 210 1205 1817 1279">
    <p class='ocr_par' dir='ltr' id='par_1_13' title="bbox 210 1205 1817 1279">
     <span class='ocr_line' id='line_1_13' title="bbox 210 1205 1817 1279; baseline -0.006 -9"><span class='ocrx_word' id='word_1_89' title='bbox 210 1215 323 1270; x_wconf 94' lang='lat' dir='ltr'><strong>hoc</strong></span> <span class='ocrx_word' id='word_1_90' title='bbox 351 1212 527 1269; x_wconf 92' lang='lat' dir='ltr'><strong>modo</strong></span> <span class='ocrx_word' id='word_1_91' title='bbox 557 1211 773 1266; x_wconf 86' lang='lat' dir='ltr'><strong>scilicet</strong></span> <span class='ocrx_word' id='word_1_92' title='bbox 799 1228 811 1265; x_wconf 87' lang='lat'><strong>:</strong></span> <span class='ocrx_word' id='word_1_93' title='bbox 835 1209 1077 1265; x_wconf 80' lang='lat' dir='ltr'><strong>Narrate</strong></span> <span class='ocrx_word' id='word_1_94' title='bbox 1112 1208 1235 1263; x_wconf 90' lang='lat' dir='ltr'><strong>aliis</strong></span> <span class='ocrx_word' id='word_1_95' title='bbox 1261 1211 1316 1262; x_wconf 88' lang='lat' dir='ltr'><strong>in</strong></span> <span class='ocrx_word' id='word_1_96' title='bbox 1349 1208 1584 1263; x_wconf 87' lang='lat' dir='ltr'><strong>turribus</strong></span> <span class='ocrx_word' id='word_1_97' title='bbox 1600 1208 1736 1279; x_wconf 84' lang='lat' dir='ltr'><strong>ejus,</strong></span> <span class='ocrx_word' id='word_1_98' title='bbox 1758 1205 1817 1262; x_wconf 92' lang='lat' dir='ltr'><strong>id</strong></span> 
     </span>
    </p>
   </div>
   <div class='ocr_carea' id='block_1_14' title="bbox 207 1295 1816 1369">
    <p class='ocr_par' dir='ltr' id='par_1_14' title="bbox 207 1295 1816 1369">
     <span class='ocr_line' id='line_1_14' title="bbox 207 1295 1816 1369; baseline -0.003 -11"><span class='ocrx_word' id='word_1_99' title='bbox 207 1307 295 1359; x_wconf 89' lang='lat' dir='ltr'><strong>est</strong></span> <span class='ocrx_word' id='word_1_100' title='bbox 322 1302 382 1357; x_wconf 91' lang='lat' dir='ltr'><strong>in</strong></span> <span class='ocrx_word' id='word_1_101' title='bbox 404 1300 813 1357; x_wconf 89' lang='lat' dir='ltr'><strong>conformitate</strong></span> <span class='ocrx_word' id='word_1_102' title='bbox 862 1297 1309 1369; x_wconf 63' lang='lat' dir='ltr'><strong>praedicatorum</strong></span> <span class='ocrx_word' id='word_1_103' title='bbox 1353 1298 1476 1368; x_wconf 85' lang='lat' dir='ltr'><strong>ejus</strong></span> <span class='ocrx_word' id='word_1_104' title='bbox 1510 1295 1816 1369; x_wconf 68' lang='lat' dir='ltr'><strong>primitivae</strong></span> 
     </span>
    </p>
   </div>
   <div class='ocr_carea' id='block_1_15' title="bbox 208 1386 1818 1461">
    <p class='ocr_par' dir='ltr' id='par_1_15' title="bbox 208 1386 1818 1461">
     <span class='ocr_line' id='line_1_15' title="bbox 208 1386 1818 1461; baseline -0.006 -14"><span class='ocrx_word' id='word_1_105' title='bbox 208 1390 473 1447; x_wconf 72' lang='lat' dir='ltr'><strong>Ecclesiae</strong></span> <span class='ocrx_word' id='word_1_106' title='bbox 496 1389 627 1461; x_wconf 86' lang='lat' dir='ltr'><strong>;qui</strong></span> <span class='ocrx_word' id='word_1_107' title='bbox 654 1389 927 1443; x_wconf 90' lang='lat' dir='ltr'><strong>dicuntur</strong></span> <span class='ocrx_word' id='word_1_108' title='bbox 945 1389 1154 1453; x_wconf 89' lang='lat' dir='ltr'><strong>turres,</strong></span> <span class='ocrx_word' id='word_1_109' title='bbox 1189 1403 1256 1441; x_wconf 94' lang='lat' dir='ltr'><strong>eo</strong></span> <span class='ocrx_word' id='word_1_110' title='bbox 1277 1386 1432 1459; x_wconf 88' lang='lat' dir='ltr'><strong>quod</strong></span> <span class='ocrx_word' id='word_1_111' title='bbox 1462 1386 1818 1456; x_wconf 85' lang='lat' dir='ltr'><strong>inexpugna-</strong></span> 
     </span>
    </p>
   </div>
   <div class='ocr_carea' id='block_1_16' title="bbox 205 1473 1817 1547">
    <p class='ocr_par' dir='ltr' id='par_1_16' title="bbox 205 1473 1817 1547">
     <span class='ocr_line' id='line_1_16' title="bbox 205 1473 1817 1547; baseline -0.005 -12"><span class='ocrx_word' id='word_1_112' title='bbox 205 1480 352 1535; x_wconf 88' lang='lat' dir='ltr'><strong>biles</strong></span> <span class='ocrx_word' id='word_1_113' title='bbox 382 1482 515 1533; x_wconf 90' lang='lat' dir='ltr'><strong>sunt</strong></span> <span class='ocrx_word' id='word_1_114' title='bbox 542 1495 575 1533; x_wconf 90' lang='lat' dir='ltr'><strong>a</strong></span> <span class='ocrx_word' id='word_1_115' title='bbox 601 1477 773 1543; x_wconf 85' lang='lat' dir='ltr'><strong>vitiis,</strong></span> <span class='ocrx_word' id='word_1_116' title='bbox 802 1475 1223 1547; x_wconf 88' lang='lat' dir='ltr'><strong>Ecclesiamque</strong></span> <span class='ocrx_word' id='word_1_117' title='bbox 1258 1474 1576 1529; x_wconf 85' lang='lat' dir='ltr'><strong>sanctitatis</strong></span> <span class='ocrx_word' id='word_1_118' title='bbox 1597 1491 1630 1528; x_wconf 89' lang='lat' dir='ltr'><strong>a</strong></span> <span class='ocrx_word' id='word_1_119' title='bbox 1652 1473 1817 1528; x_wconf 87' lang='lat' dir='ltr'><strong>forti-</strong></span> 
     </span>
    </p>
   </div>
   <div class='ocr_carea' id='block_1_17' title="bbox 205 1562 1817 1625">
    <p class='ocr_par' dir='ltr' id='par_1_17' title="bbox 205 1562 1817 1625">
     <span class='ocr_line' id='line_1_17' title="bbox 205 1562 1817 1625; baseline -0.005 -1"><span class='ocrx_word' id='word_1_120' title='bbox 205 1568 409 1625; x_wconf 86' lang='lat' dir='ltr'><strong>tudine</strong></span> <span class='ocrx_word' id='word_1_121' title='bbox 431 1567 504 1622; x_wconf 86' lang='lat' dir='ltr'><strong>ad</strong></span> <span class='ocrx_word' id='word_1_122' title='bbox 518 1566 757 1621; x_wconf 91' lang='lat' dir='ltr'><strong>modum</strong></span> <span class='ocrx_word' id='word_1_123' title='bbox 776 1564 1023 1620; x_wconf 91' lang='lat' dir='ltr'><strong>turrium</strong></span> <span class='ocrx_word' id='word_1_124' title='bbox 1039 1563 1387 1619; x_wconf 85' lang='lat' dir='ltr'><strong>munientes.</strong></span> <span class='ocrx_word' id='word_1_125' title='bbox 1415 1564 1481 1616; x_wconf 87' lang='lat' dir='ltr'><strong>Et</strong></span> <span class='ocrx_word' id='word_1_126' title='bbox 1495 1579 1613 1617; x_wconf 91' lang='lat' dir='ltr'><strong>non</strong></span> <span class='ocrx_word' id='word_1_127' title='bbox 1633 1562 1817 1617; x_wconf 90' lang='lat' dir='ltr'><strong>solum</strong></span> 
     </span>
    </p>
   </div>
   <div class='ocr_carea' id='block_1_18' title="bbox 205 1651 1819 1721">
    <p class='ocr_par' dir='ltr' id='par_1_18' title="bbox 205 1651 1819 1721">
     <span class='ocr_line' id='line_1_18' title="bbox 205 1651 1819 1721; baseline -0.004 -8"><span class='ocrx_word' id='word_1_128' title='bbox 205 1656 271 1713; x_wconf 86' lang='lat' dir='ltr'><strong>in</strong></span> <span class='ocrx_word' id='word_1_129' title='bbox 293 1656 626 1712; x_wconf 85' lang='lat' dir='ltr'><strong>narratione</strong></span> <span class='ocrx_word' id='word_1_130' title='bbox 650 1653 987 1721; x_wconf 86' lang='lat' dir='ltr'><strong>imitamini,</strong></span> <span class='ocrx_word' id='word_1_131' title='bbox 1003 1654 1123 1720; x_wconf 92' lang='lat' dir='ltr'><strong>sed,</strong></span> <span class='ocrx_word' id='word_1_132' title='bbox 1145 1652 1278 1708; x_wconf 87' lang='lat' dir='ltr'><strong>utin</strong></span> <span class='ocrx_word' id='word_1_133' title='bbox 1296 1653 1505 1707; x_wconf 90' lang='lat' dir='ltr'><strong>virtute</strong></span> <span class='ocrx_word' id='word_1_134' title='bbox 1526 1669 1655 1707; x_wconf 87' lang='lat' dir='ltr'><strong>eam</strong></span> <span class='ocrx_word' id='word_1_135' title='bbox 1679 1651 1819 1707; x_wconf 89' lang='lat' dir='ltr'><strong>Sion</strong></span> 
     </span>
    </p>
   </div>
   <div class='ocr_carea' id='block_1_19' title="bbox 1920 495 3528 570">
    <p class='ocr_par' dir='ltr' id='par_1_19' title="bbox 1920 495 3528 570">
     <span class='ocr_line' id='line_1_19' title="bbox 1920 495 3528 570; baseline 0.002 -20"><span class='ocrx_word' id='word_1_136' title='bbox 1920 495 2505 553; x_wconf 86' lang='lat' dir='ltr'><strong>confidantinvirtute</strong></span> <span class='ocrx_word' id='word_1_137' title='bbox 2522 514 2643 565; x_wconf 87' lang='lat' dir='ltr'><strong>sua,</strong></span> <span class='ocrx_word' id='word_1_138' title='bbox 2668 500 2725 552; x_wconf 92' lang='lat' dir='ltr'><strong>et</strong></span> <span class='ocrx_word' id='word_1_139' title='bbox 2753 514 2827 552; x_wconf 91' lang='lat' dir='ltr'><strong>ne</strong></span> <span class='ocrx_word' id='word_1_140' title='bbox 2854 496 3177 570; x_wconf 83' lang='lat' dir='ltr'><strong>glorientur</strong></span> <span class='ocrx_word' id='word_1_141' title='bbox 3194 497 3252 554; x_wconf 91' lang='lat' dir='ltr'><strong>in</strong></span> <span class='ocrx_word' id='word_1_142' title='bbox 3268 498 3528 554; x_wconf 86' lang='lat' dir='ltr'><strong>multitu-</strong></span> 
     </span>
    </p>
   </div>
   <div class='ocr_carea' id='block_1_20' title="bbox 1919 584 3530 661">
    <p class='ocr_par' dir='ltr' id='par_1_20' title="bbox 1919 584 3530 661">
     <span class='ocr_line' id='line_1_20' title="bbox 1919 584 3530 661; baseline 0.002 -22"><span class='ocrx_word' id='word_1_143' title='bbox 1919 585 2053 640; x_wconf 91' lang='lat' dir='ltr'><strong>dine</strong></span> <span class='ocrx_word' id='word_1_144' title='bbox 2068 584 2394 641; x_wconf 82' lang='lat' dir='ltr'><strong>divitiarum</strong></span> <span class='ocrx_word' id='word_1_145' title='bbox 2410 603 2662 655; x_wconf 88' lang='lat' dir='ltr'><strong>suarum;</strong></span> <span class='ocrx_word' id='word_1_146' title='bbox 2685 587 3049 642; x_wconf 89' lang='lat' dir='ltr'><strong>ostendendo</strong></span> <span class='ocrx_word' id='word_1_147' title='bbox 3066 588 3247 642; x_wconf 88' lang='lat' dir='ltr'><strong>solam</strong></span> <span class='ocrx_word' id='word_1_148' title='bbox 3263 588 3530 661; x_wconf 85' lang='lat' dir='ltr'><strong>iniquita-</strong></span> 
     </span>
    </p>
   </div>
   <div class='ocr_carea' id='block_1_21' title="bbox 1919 675 3525 748">
    <p class='ocr_par' dir='ltr' id='par_1_21' title="bbox 1919 675 3525 748">
     <span class='ocr_line' id='line_1_21' title="bbox 1919 675 3525 748; baseline 0.003 -19"><span class='ocrx_word' id='word_1_149' title='bbox 1919 677 2038 729; x_wconf 89' lang='lat' dir='ltr'><strong>tem</strong></span> <span class='ocrx_word' id='word_1_150' title='bbox 2067 691 2297 730; x_wconf 82' lang='lat' dir='ltr'><strong>causam</strong></span> <span class='ocrx_word' id='word_1_151' title='bbox 2328 692 2447 730; x_wconf 90' lang='lat' dir='ltr'><strong>esse</strong></span> <span class='ocrx_word' id='word_1_152' title='bbox 2471 693 2648 748; x_wconf 90' lang='lat' dir='ltr'><strong>quare</strong></span> <span class='ocrx_word' id='word_1_153' title='bbox 2680 675 2739 730; x_wconf 94' lang='lat' dir='ltr'><strong>in</strong></span> <span class='ocrx_word' id='word_1_154' title='bbox 2769 676 2963 731; x_wconf 89' lang='lat' dir='ltr'><strong>futuro</strong></span> <span class='ocrx_word' id='word_1_155' title='bbox 2988 676 3234 732; x_wconf 87' lang='lat' dir='ltr'><strong>timeant</strong></span> <span class='ocrx_word' id='word_1_156' title='bbox 3281 681 3337 732; x_wconf 90' lang='lat' dir='ltr'><strong>et</strong></span> <span class='ocrx_word' id='word_1_157' title='bbox 3360 678 3525 734; x_wconf 88' lang='lat' dir='ltr'><strong>dam-</strong></span> 
     </span>
    </p>
   </div>
   <div class='ocr_carea' id='block_1_22' title="bbox 1917 765 3528 839">
    <p class='ocr_par' dir='ltr' id='par_1_22' title="bbox 1917 765 3528 839">
     <span class='ocr_line' id='line_1_22' title="bbox 1917 765 3528 839; baseline 0.002 -19"><span class='ocrx_word' id='word_1_158' title='bbox 1917 768 2150 833; x_wconf 88' lang='lat' dir='ltr'><strong>nentur,</strong></span> <span class='ocrx_word' id='word_1_159' title='bbox 2166 765 2242 819; x_wconf 91' lang='lat' dir='ltr'><strong>sic</strong></span> <span class='ocrx_word' id='word_1_160' title='bbox 2256 768 2318 821; x_wconf 90' lang='lat' dir='ltr'><strong>ut</strong></span> <span class='ocrx_word' id='word_1_161' title='bbox 2330 782 2631 838; x_wconf 88' lang='lat' dir='ltr'><strong>nunquam</strong></span> <span class='ocrx_word' id='word_1_162' title='bbox 2652 766 3019 821; x_wconf 86' lang='lat' dir='ltr'><strong>redimantur</strong></span> <span class='ocrx_word' id='word_1_163' title='bbox 3041 784 3055 835; x_wconf 87' lang='lat'><strong>;</strong></span> <span class='ocrx_word' id='word_1_164' title='bbox 3078 769 3134 821; x_wconf 92' lang='lat' dir='ltr'><strong>et</strong></span> <span class='ocrx_word' id='word_1_165' title='bbox 3147 770 3210 821; x_wconf 89' lang='lat' dir='ltr'><strong>ut</strong></span> <span class='ocrx_word' id='word_1_166' title='bbox 3225 765 3410 839; x_wconf 85' lang='lat' dir='ltr'><strong>magis</strong></span> <span class='ocrx_word' id='word_1_167' title='bbox 3429 784 3528 824; x_wconf 86' lang='lat' dir='ltr'><strong>eos</strong></span> 
     </span>
    </p>
   </div>
   <div class='ocr_carea' id='block_1_23' title="bbox 1919 846 3528 926">
    <p class='ocr_par' dir='ltr' id='par_1_23' title="bbox 1919 846 3528 926">
     <span class='ocr_line' id='line_1_23' title="bbox 1919 846 3528 926; baseline 0.001 -17"><span class='ocrx_word' id='word_1_168' title='bbox 1919 855 1990 909; x_wconf 89' lang='lat' dir='ltr'><strong>ab</strong></span> <span class='ocrx_word' id='word_1_169' title='bbox 2017 853 2317 926; x_wconf 86' lang='lat' dir='ltr'><strong>iniquitate</strong></span> <span class='ocrx_word' id='word_1_170' title='bbox 2338 846 2629 922; x_wconf 77' lang='lat' dir='ltr'><strong>revocent,</strong></span> <span class='ocrx_word' id='word_1_171' title='bbox 2649 855 2836 925; x_wconf 88' lang='lat' dir='ltr'><strong>justos</strong></span> <span class='ocrx_word' id='word_1_172' title='bbox 2857 872 2975 911; x_wconf 91' lang='lat' dir='ltr'><strong>non</strong></span> <span class='ocrx_word' id='word_1_173' title='bbox 3004 872 3123 910; x_wconf 90' lang='lat' dir='ltr'><strong>esse</strong></span> <span class='ocrx_word' id='word_1_174' title='bbox 3155 856 3528 911; x_wconf 89' lang='lat' dir='ltr'><strong>redimendos</strong></span> 
     </span>
    </p>
   </div>
   <div class='ocr_carea' id='block_1_24' title="bbox 1918 943 3528 1017">
    <p class='ocr_par' dir='ltr' id='par_1_24' title="bbox 1918 943 3528 1017">
     <span class='ocr_line' id='line_1_24' title="bbox 1918 943 3528 1017; baseline 0.002 -21"><span class='ocrx_word' id='word_1_175' title='bbox 1918 943 2233 997; x_wconf 84' lang='lat' dir='ltr'><strong>afﬁrmant.</strong></span> <span class='ocrx_word' id='word_1_176' title='bbox 2259 944 2541 998; x_wconf 90' lang='lat' dir='ltr'><strong>Utautem</strong></span> <span class='ocrx_word' id='word_1_177' title='bbox 2557 944 2629 999; x_wconf 86' lang='lat' dir='ltr'><strong>ad</strong></span> <span class='ocrx_word' id='word_1_178' title='bbox 2648 944 2803 998; x_wconf 87' lang='lat' dir='ltr'><strong>hanc</strong></span> <span class='ocrx_word' id='word_1_179' title='bbox 2825 943 3263 1000; x_wconf 90' lang='lat' dir='ltr'><strong>instructionem</strong></span> <span class='ocrx_word' id='word_1_180' title='bbox 3291 961 3390 1000; x_wconf 91' lang='lat' dir='ltr'><strong>eos</strong></span> <span class='ocrx_word' id='word_1_181' title='bbox 3401 943 3528 1017; x_wconf 86' lang='lat' dir='ltr'><strong>qui-</strong></span> 
     </span>
    </p>
   </div>
   <div class='ocr_carea' id='block_1_25' title="bbox 1916 1031 3529 1104">
    <p class='ocr_par' dir='ltr' id='par_1_25' title="bbox 1916 1031 3529 1104">
     <span class='ocr_line' id='line_1_25' title="bbox 1916 1031 3529 1104; baseline 0.002 -17"><span class='ocrx_word' id='word_1_182' title='bbox 1916 1031 2023 1087; x_wconf 85' lang='lat' dir='ltr'><strong>bus</strong></span> <span class='ocrx_word' id='word_1_183' title='bbox 2051 1032 2365 1104; x_wconf 90' lang='lat' dir='ltr'><strong>loquuntur</strong></span> <span class='ocrx_word' id='word_1_184' title='bbox 2381 1032 2630 1087; x_wconf 88' lang='lat' dir='ltr'><strong>reddant</strong></span> <span class='ocrx_word' id='word_1_185' title='bbox 2649 1035 2920 1101; x_wconf 88' lang='lat' dir='ltr'><strong>attentos,</strong></span> <span class='ocrx_word' id='word_1_186' title='bbox 2937 1033 3324 1089; x_wconf 88' lang='lat' dir='ltr'><strong>adhortantur</strong></span> <span class='ocrx_word' id='word_1_187' title='bbox 3335 1050 3432 1089; x_wconf 89' lang='lat' dir='ltr'><strong>eos</strong></span> <span class='ocrx_word' id='word_1_188' title='bbox 3455 1033 3529 1092; x_wconf 89' lang='lat' dir='ltr'><strong>ad</strong></span> 
     </span>
    </p>
   </div>
   <div class='ocr_carea' id='block_1_26' title="bbox 1919 1119 3520 1194">
    <p class='ocr_par' dir='ltr' id='par_1_26' title="bbox 1919 1119 3520 1194">
     <span class='ocr_line' id='line_1_26' title="bbox 1919 1119 3520 1194; baseline 0.001 -19"><span class='ocrx_word' id='word_1_189' title='bbox 1919 1119 2294 1188; x_wconf 89' lang='lat' dir='ltr'><strong>audiendum,</strong></span> <span class='ocrx_word' id='word_1_190' title='bbox 2328 1120 2408 1175; x_wconf 90' lang='lat' dir='ltr'><strong>sic</strong></span> <span class='ocrx_word' id='word_1_191' title='bbox 2432 1124 2494 1175; x_wconf 90' lang='lat' dir='ltr'><strong>ut</strong></span> <span class='ocrx_word' id='word_1_192' title='bbox 2522 1122 2863 1194; x_wconf 87' lang='lat' dir='ltr'><strong>percipiant,</strong></span> <span class='ocrx_word' id='word_1_193' title='bbox 2905 1122 3306 1194; x_wconf 89' lang='lat' dir='ltr'><strong>promittendo</strong></span> <span class='ocrx_word' id='word_1_194' title='bbox 3339 1139 3399 1178; x_wconf 87' lang='lat' dir='ltr'><strong>se</strong></span> <span class='ocrx_word' id='word_1_195' title='bbox 3430 1139 3520 1177; x_wconf 89' lang='lat' dir='ltr'><strong>sa-</strong></span> 
     </span>
    </p>
   </div>
   <div class='ocr_carea' id='block_1_27' title="bbox 1917 1207 3526 1283">
    <p class='ocr_par' dir='ltr' id='par_1_27' title="bbox 1917 1207 3526 1283">
     <span class='ocr_line' id='line_1_27' title="bbox 1917 1207 3526 1283; baseline 0.003 -21"><span class='ocrx_word' id='word_1_196' title='bbox 1917 1207 2198 1280; x_wconf 91' lang='lat' dir='ltr'><strong>pientiam</strong></span> <span class='ocrx_word' id='word_1_197' title='bbox 2225 1211 2538 1279; x_wconf 90' lang='lat' dir='ltr'><strong>locuturos,</strong></span> <span class='ocrx_word' id='word_1_198' title='bbox 2569 1213 2626 1265; x_wconf 90' lang='lat' dir='ltr'><strong>et</strong></span> <span class='ocrx_word' id='word_1_199' title='bbox 2653 1227 2773 1266; x_wconf 93' lang='lat' dir='ltr'><strong>non</strong></span> <span class='ocrx_word' id='word_1_200' title='bbox 2798 1211 3281 1283; x_wconf 67' lang='lat' dir='ltr'><strong>impraameditate</strong></span> <span class='ocrx_word' id='word_1_201' title='bbox 3309 1230 3323 1281; x_wconf 93' lang='lat'><strong>;</strong></span> <span class='ocrx_word' id='word_1_202' title='bbox 3348 1226 3526 1283; x_wconf 88' lang='lat' dir='ltr'><strong>quam</strong></span> 
     </span>
    </p>
   </div>
   <div class='ocr_carea' id='block_1_28' title="bbox 1917 1296 3522 1373">
    <p class='ocr_par' dir='ltr' id='par_1_28' title="bbox 1917 1296 3522 1373">
     <span class='ocr_line' id='line_1_28' title="bbox 1917 1296 3522 1373; baseline 0.003 -22"><span class='ocrx_word' id='word_1_203' title='bbox 1917 1296 2095 1351; x_wconf 89' lang='lat' dir='ltr'><strong>etiam</strong></span> <span class='ocrx_word' id='word_1_204' title='bbox 2123 1314 2243 1353; x_wconf 90' lang='lat' dir='ltr'><strong>non</strong></span> <span class='ocrx_word' id='word_1_205' title='bbox 2274 1315 2309 1353; x_wconf 90' lang='lat' dir='ltr'><strong>a</strong></span> <span class='ocrx_word' id='word_1_206' title='bbox 2338 1316 2395 1354; x_wconf 91' lang='lat' dir='ltr'><strong>se</strong></span> <span class='ocrx_word' id='word_1_207' title='bbox 2426 1299 2742 1369; x_wconf 89' lang='lat' dir='ltr'><strong>habebunt,</strong></span> <span class='ocrx_word' id='word_1_208' title='bbox 2770 1300 2871 1355; x_wconf 92' lang='lat' dir='ltr'><strong>sed</strong></span> <span class='ocrx_word' id='word_1_209' title='bbox 2899 1316 2932 1355; x_wconf 89' lang='lat' dir='ltr'><strong>a</strong></span> <span class='ocrx_word' id='word_1_210' title='bbox 2965 1300 3245 1373; x_wconf 88' lang='lat' dir='ltr'><strong>magistra</strong></span> <span class='ocrx_word' id='word_1_211' title='bbox 3271 1299 3522 1357; x_wconf 89' lang='lat' dir='ltr'><strong>Veritate</strong></span> 
     </span>
    </p>
   </div>
   <div class='ocr_carea' id='block_1_29' title="bbox 1917 1383 2721 1458">
    <p class='ocr_par' dir='ltr' id='par_1_29' title="bbox 1917 1383 2721 1458">
     <span class='ocr_line' id='line_1_29' title="bbox 1917 1383 2721 1458; baseline 0.001 -19"><span class='ocrx_word' id='word_1_212' title='bbox 1917 1383 2160 1440; x_wconf 89' lang='lat' dir='ltr'><strong>interius</strong></span> <span class='ocrx_word' id='word_1_213' title='bbox 2189 1385 2325 1458; x_wconf 89' lang='lat' dir='ltr'><strong>ipsis</strong></span> <span class='ocrx_word' id='word_1_214' title='bbox 2352 1387 2721 1458; x_wconf 69' lang='lat' dir='ltr'><strong>prmsidente.</strong></span> 
     </span>
    </p>
   </div>
   <div class='ocr_carea' id='block_1_30' title="bbox 1987 1473 3521 1551">
    <p class='ocr_par' dir='ltr' id='par_1_30' title="bbox 1987 1473 3521 1551">
     <span class='ocr_line' id='line_1_30' title="bbox 1987 1473 3521 1551; baseline 0.005 -24"><span class='ocrx_word' id='word_1_215' title='bbox 1987 1473 2036 1528; x_wconf 87' lang='lat' dir='ltr'><strong><em>A</em></strong></span> <span class='ocrx_word' id='word_1_216' title='bbox 2051 1474 2192 1528; x_wconf 89' lang='lat' dir='ltr'><strong>udite</strong></span> <span class='ocrx_word' id='word_1_217' title='bbox 2206 1475 2436 1530; x_wconf 89' lang='lat' dir='ltr'><strong>auribus</strong></span> <span class='ocrx_word' id='word_1_218' title='bbox 2452 1476 2640 1532; x_wconf 89' lang='lat' dir='ltr'><strong>cordis</strong></span> <span class='ocrx_word' id='word_1_219' title='bbox 2649 1479 2759 1533; x_wconf 56' lang='lat' dir='ltr'><strong>ha’c</strong></span> <span class='ocrx_word' id='word_1_220' title='bbox 2774 1495 2901 1551; x_wconf 75' lang='lat' dir='ltr'><strong>quae</strong></span> <span class='ocrx_word' id='word_1_221' title='bbox 2912 1479 3070 1534; x_wconf 83' lang='lat' dir='ltr'><strong>VObIS</strong></span> <span class='ocrx_word' id='word_1_222' title='bbox 3091 1478 3346 1535; x_wconf 90' lang='lat' dir='ltr'><strong>dicturus</strong></span> <span class='ocrx_word' id='word_1_223' title='bbox 3370 1496 3521 1547; x_wconf 89' lang='lat' dir='ltr'><strong>sum,</strong></span> 
     </span>
    </p>
   </div>
   <div class='ocr_carea' id='block_1_31' title="bbox 1920 1566 3526 1642">
    <p class='ocr_par' dir='ltr' id='par_1_31' title="bbox 1920 1566 3526 1642">
     <span class='ocr_line' id='line_1_31' title="bbox 1920 1566 3526 1642; baseline 0.004 -23"><span class='ocrx_word' id='word_1_224' title='bbox 1920 1580 1953 1619; x_wconf 93' lang='grc' dir='ltr'>ο</span> <span class='ocrx_word' id='word_1_225' title='bbox 1974 1581 2152 1619; x_wconf 88' lang='lat' dir='ltr'><strong>omnes</strong></span> <span class='ocrx_word' id='word_1_226' title='bbox 2169 1572 2368 1636; x_wconf 81' lang='lat' dir='ltr'><strong>gentes,</strong></span> <span class='ocrx_word' id='word_1_227' title='bbox 2393 1566 2449 1621; x_wconf 91' lang='lat' dir='ltr'><strong>id</strong></span> <span class='ocrx_word' id='word_1_228' title='bbox 2482 1569 2567 1622; x_wconf 88' lang='lat' dir='ltr'><strong>est</strong></span> <span class='ocrx_word' id='word_1_229' title='bbox 2595 1584 2799 1623; x_wconf 91' lang='lat' dir='ltr'><strong>omnes</strong></span> <span class='ocrx_word' id='word_1_230' title='bbox 2820 1568 3019 1624; x_wconf 83' lang='lat' dir='ltr'><strong>fideles</strong></span> <span class='ocrx_word' id='word_1_231' title='bbox 3050 1569 3119 1625; x_wconf 92' lang='lat' dir='ltr'><strong>de</strong></span> <span class='ocrx_word' id='word_1_232' title='bbox 3141 1570 3409 1642; x_wconf 83' lang='lat' dir='ltr'><strong>gentibus</strong></span> <span class='ocrx_word' id='word_1_233' title='bbox 3433 1573 3526 1625; x_wconf 87' lang='lat' dir='ltr'><strong>:et</strong></span> 
     </span>
    </p>
   </div>
   <div class='ocr_carea' id='block_1_32' title="bbox 1917 1652 3523 1731">
    <p class='ocr_par' dir='ltr' id='par_1_32' title="bbox 1917 1652 3523 1731">
     <span class='ocr_line' id='line_1_32' title="bbox 1917 1652 3523 1731; baseline 0.004 -24"><span class='ocrx_word' id='word_1_234' title='bbox 1917 1669 2018 1708; x_wconf 92' lang='lat' dir='ltr'><strong>vos</strong></span> <span class='ocrx_word' id='word_1_235' title='bbox 2038 1652 2237 1709; x_wconf 79' lang='lat' dir='ltr'><strong>fideles</strong></span> <span class='ocrx_word' id='word_1_236' title='bbox 2267 1655 2336 1709; x_wconf 92' lang='lat' dir='ltr'><strong>de</strong></span> <span class='ocrx_word' id='word_1_237' title='bbox 2366 1655 2576 1709; x_wconf 77' lang='lat' dir='ltr'><strong>Judaeis</strong></span> <span class='ocrx_word' id='word_1_238' title='bbox 2597 1659 2692 1728; x_wconf 87' lang='lat' dir='ltr'><strong>qui</strong></span> <span class='ocrx_word' id='word_1_239' title='bbox 2720 1658 2980 1712; x_wconf 73' lang='lat' dir='ltr'><strong>habitatis</strong></span> <span class='ocrx_word' id='word_1_240' title='bbox 3004 1659 3201 1725; x_wconf 89' lang='lat' dir='ltr'><strong>orbem,</strong></span> <span class='ocrx_word' id='word_1_241' title='bbox 3224 1659 3381 1714; x_wconf 85' lang='lat' dir='ltr'><strong>idest</strong></span> <span class='ocrx_word' id='word_1_242' title='bbox 3423 1658 3523 1731; x_wconf 91' lang='lat' dir='ltr'><strong>qui</strong></span> 
     </span>
    </p>
   </div>
   <div class='ocr_carea' id='block_1_33' title="bbox 205 1731 3523 1819">
    <p class='ocr_par' dir='ltr' id='par_1_33' title="bbox 205 1731 3523 1819">
     <span class='ocr_line' id='line_1_33' title="bbox 205 1731 3523 1819; baseline -0 -17"><span class='ocrx_word' id='word_1_243' title='bbox 205 1745 541 1811; x_wconf 87' lang='lat' dir='ltr'><strong>imitemini,</strong></span> <span class='ocrx_word' id='word_1_244' title='bbox 563 1747 747 1817; x_wconf 78' lang='lat' dir='ltr'><strong>ponite</strong></span> <span class='ocrx_word' id='word_1_245' title='bbox 776 1743 937 1798; x_wconf 86' lang='lat' dir='ltr'><strong>corda</strong></span> <span class='ocrx_word' id='word_1_246' title='bbox 968 1750 1161 1801; x_wconf 83' lang='lat' dir='ltr'><strong>vestra.</strong></span> <span class='ocrx_word' id='word_1_247' title='bbox 1204 1741 1264 1796; x_wconf 91' lang='lat' dir='ltr'><strong>id</strong></span> <span class='ocrx_word' id='word_1_248' title='bbox 1296 1745 1382 1797; x_wconf 90' lang='lat' dir='ltr'><strong>est</strong></span> <span class='ocrx_word' id='word_1_249' title='bbox 1412 1740 1819 1797; x_wconf 90' lang='lat' dir='ltr'><strong>consideratio-</strong></span> <span class='ocrx_word' id='word_1_250' title='bbox 1844 1731 1894 1790; x_wconf 88' lang='lat' dir='ltr'><strong>B</strong></span> <span class='ocrx_word' id='word_1_251' title='bbox 1919 1758 2038 1795; x_wconf 91' lang='lat' dir='ltr'><strong>non</strong></span> <span class='ocrx_word' id='word_1_252' title='bbox 2070 1742 2315 1797; x_wconf 82' lang='lat' dir='ltr'><strong>mobiles</strong></span> <span class='ocrx_word' id='word_1_253' title='bbox 2341 1746 2399 1797; x_wconf 89' lang='lat' dir='ltr'><strong>et</strong></span> <span class='ocrx_word' id='word_1_254' title='bbox 2426 1743 2641 1799; x_wconf 84' lang='lat' dir='ltr'><strong>horarii</strong></span> <span class='ocrx_word' id='word_1_255' title='bbox 2667 1745 2799 1799; x_wconf 85' lang='lat' dir='ltr'><strong>estis</strong></span> <span class='ocrx_word' id='word_1_256' title='bbox 2828 1745 2886 1800; x_wconf 92' lang='lat' dir='ltr'><strong>in</strong></span> <span class='ocrx_word' id='word_1_257' title='bbox 2922 1746 3081 1815; x_wconf 87' lang='lat' dir='ltr'><strong>orbe,</strong></span> <span class='ocrx_word' id='word_1_258' title='bbox 3111 1746 3171 1802; x_wconf 92' lang='lat' dir='ltr'><strong>id</strong></span> <span class='ocrx_word' id='word_1_259' title='bbox 3191 1750 3276 1802; x_wconf 90' lang='lat' dir='ltr'><strong>est</strong></span> <span class='ocrx_word' id='word_1_260' title='bbox 3304 1746 3366 1801; x_wconf 92' lang='lat' dir='ltr'><strong>in</strong></span> <span class='ocrx_word' id='word_1_261' title='bbox 3397 1763 3523 1819; x_wconf 89' lang='lat' dir='ltr'><strong>per-</strong></span> 
     </span>
    </p>
   </div>
   <div class='ocr_carea' id='block_1_34' title="bbox 199 1830 1816 1902">
    <p class='ocr_par' dir='ltr' id='par_1_34' title="bbox 199 1830 1816 1902">
     <span class='ocr_line' id='line_1_34' title="bbox 199 1830 1816 1902; baseline -0.004 -12"><span class='ocrx_word' id='word_1_262' title='bbox 199 1851 343 1890; x_wconf 90' lang='lat' dir='ltr'><strong>nem</strong></span> <span class='ocrx_word' id='word_1_263' title='bbox 372 1834 637 1889; x_wconf 90' lang='lat' dir='ltr'><strong>cordium</strong></span> <span class='ocrx_word' id='word_1_264' title='bbox 664 1836 983 1887; x_wconf 86' lang='lat' dir='ltr'><strong>vestrorum</strong></span> <span class='ocrx_word' id='word_1_265' title='bbox 1012 1833 1067 1885; x_wconf 92' lang='lat' dir='ltr'><strong>in</strong></span> <span class='ocrx_word' id='word_1_266' title='bbox 1093 1834 1289 1885; x_wconf 82' lang='lat' dir='ltr'><strong>virtute</strong></span> <span class='ocrx_word' id='word_1_267' title='bbox 1316 1831 1452 1902; x_wconf 85' lang='lat' dir='ltr'><strong>ejus,</strong></span> <span class='ocrx_word' id='word_1_268' title='bbox 1481 1830 1541 1884; x_wconf 93' lang='lat' dir='ltr'><strong>id</strong></span> <span class='ocrx_word' id='word_1_269' title='bbox 1568 1832 1654 1884; x_wconf 91' lang='lat' dir='ltr'><strong>est</strong></span> <span class='ocrx_word' id='word_1_270' title='bbox 1679 1846 1816 1885; x_wconf 88' lang='lat' dir='ltr'><strong>con-</strong></span> 
     </span>
    </p>
   </div>
   <div class='ocr_carea' id='block_1_35' title="bbox 208 1918 1814 1996">
    <p class='ocr_par' dir='ltr' id='par_1_35' title="bbox 208 1918 1814 1996">
     <span class='ocr_line' id='line_1_35' title="bbox 208 1918 1814 1996; baseline -0.004 -16"><span class='ocrx_word' id='word_1_271' title='bbox 208 1924 462 1982; x_wconf 88' lang='lat' dir='ltr'><strong>siderate</strong></span> <span class='ocrx_word' id='word_1_272' title='bbox 493 1925 773 1996; x_wconf 88' lang='lat' dir='ltr'><strong>quantam</strong></span> <span class='ocrx_word' id='word_1_273' title='bbox 803 1923 1017 1977; x_wconf 88' lang='lat' dir='ltr'><strong>habeat</strong></span> <span class='ocrx_word' id='word_1_274' title='bbox 1035 1920 1332 1988; x_wconf 80' lang='lat' dir='ltr'><strong>virtutem,</strong></span> <span class='ocrx_word' id='word_1_275' title='bbox 1357 1923 1491 1974; x_wconf 92' lang='lat' dir='ltr'><strong>utet</strong></span> <span class='ocrx_word' id='word_1_276' title='bbox 1516 1919 1685 1975; x_wconf 90' lang='lat' dir='ltr'><strong>vosin</strong></span> <span class='ocrx_word' id='word_1_277' title='bbox 1706 1918 1814 1974; x_wconf 89' lang='lat' dir='ltr'><strong>vir-</strong></span> 
     </span>
    </p>
   </div>
   <div class='ocr_carea' id='block_1_36' title="bbox 207 2007 1816 2086">
    <p class='ocr_par' dir='ltr' id='par_1_36' title="bbox 207 2007 1816 2086">
     <span class='ocr_line' id='line_1_36' title="bbox 207 2007 1816 2086; baseline -0.004 -17"><span class='ocrx_word' id='word_1_278' title='bbox 207 2017 337 2070; x_wconf 82' lang='lat' dir='ltr'><strong>tute</strong></span> <span class='ocrx_word' id='word_1_279' title='bbox 368 2012 474 2086; x_wconf 91' lang='lat' dir='ltr'><strong>ipsi</strong></span> <span class='ocrx_word' id='word_1_280' title='bbox 528 2009 1001 2067; x_wconf 90' lang='lat' dir='ltr'><strong>conformemini.</strong></span> <span class='ocrx_word' id='word_1_281' title='bbox 1051 2009 1337 2063; x_wconf 87' lang='lat' dir='ltr'><strong>Virtutem</strong></span> <span class='ocrx_word' id='word_1_282' title='bbox 1381 2008 1541 2071; x_wconf 88' lang='lat' dir='ltr'><strong>dicit,</strong></span> <span class='ocrx_word' id='word_1_283' title='bbox 1586 2009 1674 2063; x_wconf 89' lang='lat' dir='ltr'><strong>vel</strong></span> <span class='ocrx_word' id='word_1_284' title='bbox 1701 2007 1816 2062; x_wconf 89' lang='lat' dir='ltr'><strong>vim</strong></span> 
     </span>
    </p>
   </div>
   <div class='ocr_carea' id='block_1_37' title="bbox 204 2096 1818 2171">
    <p class='ocr_par' dir='ltr' id='par_1_37' title="bbox 204 2096 1818 2171">
     <span class='ocr_line' id='line_1_37' title="bbox 204 2096 1818 2171; baseline -0.006 -13"><span class='ocrx_word' id='word_1_285' title='bbox 204 2100 548 2159; x_wconf 76' lang='lat' dir='ltr'><strong>constantiae</strong></span> <span class='ocrx_word' id='word_1_286' title='bbox 579 2099 723 2171; x_wconf 88' lang='lat' dir='ltr'><strong>ejus,</strong></span> <span class='ocrx_word' id='word_1_287' title='bbox 770 2100 857 2154; x_wconf 92' lang='lat' dir='ltr'><strong>vel</strong></span> <span class='ocrx_word' id='word_1_288' title='bbox 889 2098 1231 2153; x_wconf 88' lang='lat' dir='ltr'><strong>charitatem</strong></span> <span class='ocrx_word' id='word_1_289' title='bbox 1274 2113 1450 2169; x_wconf 90' lang='lat' dir='ltr'><strong>quam</strong></span> <span class='ocrx_word' id='word_1_290' title='bbox 1481 2096 1656 2150; x_wconf 86' lang='lat' dir='ltr'><strong>habet</strong></span> <span class='ocrx_word' id='word_1_291' title='bbox 1678 2111 1818 2166; x_wconf 88' lang='lat' dir='ltr'><strong>erga</strong></span> 
     </span>
    </p>
   </div>
   <div class='ocr_carea' id='block_1_38' title="bbox 209 2183 1817 2262">
    <p class='ocr_par' dir='ltr' id='par_1_38' title="bbox 209 2183 1817 2262">
     <span class='ocr_line' id='line_1_38' title="bbox 209 2183 1817 2262; baseline -0.007 -14"><span class='ocrx_word' id='word_1_292' title='bbox 209 2193 399 2248; x_wconf 89' lang='lat' dir='ltr'><strong>Deum</strong></span> <span class='ocrx_word' id='word_1_293' title='bbox 418 2193 476 2245; x_wconf 90' lang='lat' dir='ltr'><strong>et</strong></span> <span class='ocrx_word' id='word_1_294' title='bbox 488 2188 846 2262; x_wconf 83' lang='lat' dir='ltr'><strong>proximum;</strong></span> <span class='ocrx_word' id='word_1_295' title='bbox 868 2204 995 2259; x_wconf 69' lang='lat' dir='ltr'><strong>qua:</strong></span> <span class='ocrx_word' id='word_1_296' title='bbox 1013 2185 1469 2241; x_wconf 89' lang='lat' dir='ltr'><strong>antonomastice</strong></span> <span class='ocrx_word' id='word_1_297' title='bbox 1492 2184 1699 2239; x_wconf 92' lang='lat' dir='ltr'><strong>dicitur</strong></span> <span class='ocrx_word' id='word_1_298' title='bbox 1712 2183 1817 2237; x_wconf 90' lang='lat' dir='ltr'><strong>vir-</strong></span> 
     </span>
    </p>
   </div>
   <div class='ocr_carea' id='block_1_39' title="bbox 216 2271 1811 2352">
    <p class='ocr_par' dir='ltr' id='par_1_39' title="bbox 216 2271 1811 2352">
     <span class='ocr_line' id='line_1_39' title="bbox 216 2271 1811 2352; baseline -0.007 -16"><span class='ocrx_word' id='word_1_299' title='bbox 216 2284 332 2348; x_wconf 84' lang='lat' dir='ltr'><strong>tus,</strong></span> <span class='ocrx_word' id='word_1_300' title='bbox 365 2295 433 2335; x_wconf 89' lang='lat' dir='ltr'><strong>eo</strong></span> <span class='ocrx_word' id='word_1_301' title='bbox 466 2278 622 2352; x_wconf 88' lang='lat' dir='ltr'><strong>quod</strong></span> <span class='ocrx_word' id='word_1_302' title='bbox 648 2276 771 2332; x_wconf 89' lang='lat' dir='ltr'><strong>aliis</strong></span> <span class='ocrx_word' id='word_1_303' title='bbox 790 2275 1095 2331; x_wconf 85' lang='lat' dir='ltr'><strong>virtutibus</strong></span> <span class='ocrx_word' id='word_1_304' title='bbox 1131 2273 1503 2329; x_wconf 81' lang='lat' dir='ltr'><strong>excellentior</strong></span> <span class='ocrx_word' id='word_1_305' title='bbox 1518 2273 1609 2328; x_wconf 87' lang='lat' dir='ltr'><strong>sit.</strong></span> <span class='ocrx_word' id='word_1_306' title='bbox 1642 2271 1766 2327; x_wconf 87' lang='lat' dir='ltr'><strong>Dixi</strong></span> <span class='ocrx_word' id='word_1_307' title='bbox 1799 2288 1811 2326; x_wconf 95' lang='lat'><strong>:</strong></span> 
     </span>
    </p>
   </div>
   <div class='ocr_carea' id='block_1_40' title="bbox 204 2362 1816 2432">
    <p class='ocr_par' dir='ltr' id='par_1_40' title="bbox 204 2362 1816 2432">
     <span class='ocr_line' id='line_1_40' title="bbox 204 2362 1816 2432; baseline -0.006 -7"><span class='ocrx_word' id='word_1_308' title='bbox 204 2372 443 2426; x_wconf 87' lang='lat' dir='ltr'><strong>narrate</strong></span> <span class='ocrx_word' id='word_1_309' title='bbox 474 2368 536 2423; x_wconf 93' lang='lat' dir='ltr'><strong>in</strong></span> <span class='ocrx_word' id='word_1_310' title='bbox 563 2365 968 2423; x_wconf 90' lang='lat' dir='ltr'><strong>conformitate</strong></span> <span class='ocrx_word' id='word_1_311' title='bbox 991 2363 1234 2418; x_wconf 90' lang='lat' dir='ltr'><strong>turrium</strong></span> <span class='ocrx_word' id='word_1_312' title='bbox 1265 2380 1279 2432; x_wconf 90' lang='lat'><strong>;</strong></span> <span class='ocrx_word' id='word_1_313' title='bbox 1313 2379 1387 2417; x_wconf 91' lang='lat' dir='ltr'><strong>ne</strong></span> <span class='ocrx_word' id='word_1_314' title='bbox 1416 2378 1550 2416; x_wconf 91' lang='lat' dir='ltr'><strong>vero</strong></span> <span class='ocrx_word' id='word_1_315' title='bbox 1581 2362 1816 2416; x_wconf 89' lang='lat' dir='ltr'><strong>scduca-</strong></span> 
     </span>
    </p>
   </div>
   <div class='ocr_carea' id='block_1_41' title="bbox 210 2448 1815 2528">
    <p class='ocr_par' dir='ltr' id='par_1_41' title="bbox 210 2448 1815 2528">
     <span class='ocr_line' id='line_1_41' title="bbox 210 2448 1815 2528; baseline -0.006 -16"><span class='ocrx_word' id='word_1_316' title='bbox 210 2457 363 2514; x_wconf 88' lang='lat' dir='ltr'><strong>mini</strong></span> <span class='ocrx_word' id='word_1_317' title='bbox 411 2473 446 2510; x_wconf 89' lang='lat' dir='ltr'><strong>a</strong></span> <span class='ocrx_word' id='word_1_318' title='bbox 485 2455 641 2511; x_wconf 81' lang='lat' dir='ltr'><strong>falsis</strong></span> <span class='ocrx_word' id='word_1_319' title='bbox 675 2453 969 2528; x_wconf 90' lang='lat' dir='ltr'><strong>apostolis,</strong></span> <span class='ocrx_word' id='word_1_320' title='bbox 1000 2471 1023 2505; x_wconf 74' lang='lat' dir='ltr'><strong>c</strong></span> <span class='ocrx_word' id='word_1_321' title='bbox 1047 2452 1166 2524; x_wconf 90' lang='lat' dir='ltr'><strong>qui,</strong></span> <span class='ocrx_word' id='word_1_322' title='bbox 1189 2473 1216 2500; x_wconf 85' lang='lat'>»</span> <span class='ocrx_word' id='word_1_323' title='bbox 1264 2450 1501 2506; x_wconf 90' lang='lat' dir='ltr'><strong>veniunt</strong></span> <span class='ocrx_word' id='word_1_324' title='bbox 1525 2450 1599 2504; x_wconf 92' lang='lat' dir='ltr'><strong>ad</strong></span> <span class='ocrx_word' id='word_1_325' title='bbox 1629 2466 1728 2504; x_wconf 91' lang='lat' dir='ltr'><strong>vos</strong></span> <span class='ocrx_word' id='word_1_326' title='bbox 1756 2448 1815 2503; x_wconf 92' lang='lat' dir='ltr'><strong>in</strong></span> 
     </span>
    </p>
   </div>
   <div class='ocr_carea' id='block_1_42' title="bbox 206 2537 1815 2610">
    <p class='ocr_par' dir='ltr' id='par_1_42' title="bbox 206 2537 1815 2610">
     <span class='ocr_line' id='line_1_42' title="bbox 206 2537 1815 2610; baseline -0.007 -8"><span class='ocrx_word' id='word_1_327' title='bbox 206 2544 569 2602; x_wconf 78' lang='lat' dir='ltr'><strong>vestimentis</strong></span> <span class='ocrx_word' id='word_1_328' title='bbox 601 2543 815 2609; x_wconf 91' lang='lat' dir='ltr'><strong>ovium,</strong></span> <span class='ocrx_word' id='word_1_329' title='bbox 844 2541 1186 2597; x_wconf 88' lang='lat' dir='ltr'><strong>intrinsecus</strong></span> <span class='ocrx_word' id='word_1_330' title='bbox 1212 2542 1406 2595; x_wconf 88' lang='lat' dir='ltr'><strong>autem</strong></span> <span class='ocrx_word' id='word_1_331' title='bbox 1420 2540 1554 2594; x_wconf 91' lang='lat' dir='ltr'><strong>sunt</strong></span> <span class='ocrx_word' id='word_1_332' title='bbox 1576 2537 1694 2610; x_wconf 90' lang='lat' dir='ltr'><strong>lupi</strong></span> <span class='ocrx_word' id='word_1_333' title='bbox 1724 2553 1815 2591; x_wconf 85' lang='lat' dir='ltr'><strong>ra-</strong></span> 
     </span>
    </p>
   </div>
   <div class='ocr_carea' id='block_1_43' title="bbox 208 2628 1818 2708">
    <p class='ocr_par' dir='ltr' id='par_1_43' title="bbox 208 2628 1818 2708">
     <span class='ocr_line' id='line_1_43' title="bbox 208 2628 1818 2708; baseline -0.006 -18"><span class='ocrx_word' id='word_1_334' title='bbox 208 2651 390 2708; x_wconf 89' lang='lat' dir='ltr'><strong>paces</strong></span> <span class='ocrx_word' id='word_1_335' title='bbox 405 2632 621 2704; x_wconf 83' lang='lat' dir='ltr'><strong>(Matth.</strong></span> <span class='ocrx_word' id='word_1_336' title='bbox 638 2649 732 2699; x_wconf 78' lang='lat' dir='ltr'><strong>v11,</strong></span> <span class='ocrx_word' id='word_1_337' title='bbox 754 2635 873 2698; x_wconf 87' lang='lat' dir='ltr'><strong>l3),</strong></span> <span class='ocrx_word' id='word_1_338' title='bbox 891 2649 921 2683; x_wconf 58' lang='grc' dir='ltr'><strong>θ</strong></span> <span class='ocrx_word' id='word_1_339' title='bbox 944 2628 1325 2690; x_wconf 79' lang='lat' dir='ltr'><strong>distrzbuite,id</strong></span> <span class='ocrx_word' id='word_1_340' title='bbox 1353 2630 1438 2683; x_wconf 91' lang='lat' dir='ltr'><strong>est</strong></span> <span class='ocrx_word' id='word_1_341' title='bbox 1467 2629 1818 2700; x_wconf 87' lang='lat' dir='ltr'><strong>sequestrate</strong></span> 
     </span>
    </p>
   </div>
   <div class='ocr_carea' id='block_1_44' title="bbox 221 2716 1818 2794">
    <p class='ocr_par' dir='ltr' id='par_1_44' title="bbox 221 2716 1818 2794">
     <span class='ocr_line' id='line_1_44' title="bbox 221 2716 1818 2794; baseline -0.008 -14"><span class='ocrx_word' id='word_1_342' title='bbox 221 2725 409 2780; x_wconf 87' lang='lat' dir='ltr'><strong>domos</strong></span> <span class='ocrx_word' id='word_1_343' title='bbox 435 2723 546 2794; x_wconf 86' lang='lat' dir='ltr'><strong>ejus</strong></span> <span class='ocrx_word' id='word_1_344' title='bbox 569 2721 727 2789; x_wconf 89' lang='lat' dir='ltr'><strong>Sion,</strong></span> <span class='ocrx_word' id='word_1_345' title='bbox 761 2720 818 2776; x_wconf 91' lang='lat' dir='ltr'><strong>id</strong></span> <span class='ocrx_word' id='word_1_346' title='bbox 851 2723 936 2774; x_wconf 87' lang='lat' dir='ltr'><strong>est</strong></span> <span class='ocrx_word' id='word_1_347' title='bbox 965 2722 1172 2781; x_wconf 88' lang='lat' dir='ltr'><strong>turres,</strong></span> <span class='ocrx_word' id='word_1_348' title='bbox 1201 2718 1272 2772; x_wconf 86' lang='lat' dir='ltr'><strong>ab</strong></span> <span class='ocrx_word' id='word_1_349' title='bbox 1301 2717 1409 2772; x_wconf 90' lang='lat' dir='ltr'><strong>illis</strong></span> <span class='ocrx_word' id='word_1_350' title='bbox 1431 2716 1818 2788; x_wconf 89' lang='lat' dir='ltr'><strong>pseudoapos-</strong></span> 
     </span>
    </p>
   </div>
   <div class='ocr_carea' id='block_1_45' title="bbox 170 2804 1823 2887">
    <p class='ocr_par' dir='ltr' id='par_1_45' title="bbox 170 2804 1823 2887">
     <span class='ocr_line' id='line_1_45' title="bbox 170 2804 1823 2887; baseline -0.006 -20"><span class='ocrx_word' id='word_1_351' title='bbox 170 2878 179 2887; x_wconf 35' lang='grc' dir='ltr'><strong><em>ο</em></strong></span> <span class='ocrx_word' id='word_1_352' title='bbox 221 2812 379 2867; x_wconf 85' lang='lat' dir='ltr'><strong>tolis.</strong></span> <span class='ocrx_word' id='word_1_353' title='bbox 410 2811 574 2876; x_wconf 87' lang='lat' dir='ltr'><strong>Quod</strong></span> <span class='ocrx_word' id='word_1_354' title='bbox 608 2813 692 2865; x_wconf 90' lang='lat' dir='ltr'><strong>est</strong></span> <span class='ocrx_word' id='word_1_355' title='bbox 730 2809 920 2864; x_wconf 85' lang='lat' dir='ltr'><strong>dicere</strong></span> <span class='ocrx_word' id='word_1_356' title='bbox 955 2825 968 2863; x_wconf 92' lang='lat'><strong>:</strong></span> <span class='ocrx_word' id='word_1_357' title='bbox 998 2806 1414 2865; x_wconf 89' lang='lat' dir='ltr'><strong>Discretionem</strong></span> <span class='ocrx_word' id='word_1_358' title='bbox 1440 2805 1651 2860; x_wconf 89' lang='lat' dir='ltr'><strong>habete</strong></span> <span class='ocrx_word' id='word_1_359' title='bbox 1672 2804 1823 2858; x_wconf 91' lang='lat' dir='ltr'><strong>inter</strong></span> 
     </span>
    </p>
   </div>
   <div class='ocr_carea' id='block_1_46' title="bbox 214 2893 1820 2974">
    <p class='ocr_par' dir='ltr' id='par_1_46' title="bbox 214 2893 1820 2974">
     <span class='ocr_line' id='line_1_46' title="bbox 214 2893 1820 2974; baseline -0.007 -18"><span class='ocrx_word' id='word_1_360' title='bbox 214 2900 438 2974; x_wconf 87' lang='lat' dir='ltr'><strong>pseudo</strong></span> <span class='ocrx_word' id='word_1_361' title='bbox 471 2899 758 2972; x_wconf 87' lang='lat' dir='ltr'><strong>apostolos</strong></span> <span class='ocrx_word' id='word_1_362' title='bbox 781 2901 838 2952; x_wconf 89' lang='lat' dir='ltr'><strong>et</strong></span> <span class='ocrx_word' id='word_1_363' title='bbox 876 2901 1083 2965; x_wconf 90' lang='lat' dir='ltr'><strong>turres,</strong></span> <span class='ocrx_word' id='word_1_364' title='bbox 1116 2904 1175 2951; x_wconf 86' lang='lat' dir='ltr'><strong>ut</strong></span> <span class='ocrx_word' id='word_1_365' title='bbox 1204 2895 1281 2949; x_wconf 92' lang='lat' dir='ltr'><strong>sic</strong></span> <span class='ocrx_word' id='word_1_366' title='bbox 1311 2896 1563 2950; x_wconf 74' lang='lat' dir='ltr'><strong>enarratis</strong></span> <span class='ocrx_word' id='word_1_367' title='bbox 1594 2893 1652 2947; x_wconf 90' lang='lat' dir='ltr'><strong>in</strong></span> <span class='ocrx_word' id='word_1_368' title='bbox 1685 2910 1820 2947; x_wconf 89' lang='lat' dir='ltr'><strong>con-</strong></span> 
     </span>
    </p>
   </div>
   <div class='ocr_carea' id='block_1_47' title="bbox 208 2983 1818 3057">
    <p class='ocr_par' dir='ltr' id='par_1_47' title="bbox 208 2983 1818 3057">
     <span class='ocr_line' id='line_1_47' title="bbox 208 2983 1818 3057; baseline -0.007 -11"><span class='ocrx_word' id='word_1_369' title='bbox 208 2990 511 3047; x_wconf 86' lang='lat' dir='ltr'><strong>formitate</strong></span> <span class='ocrx_word' id='word_1_370' title='bbox 564 2987 811 3043; x_wconf 87' lang='lat' dir='ltr'><strong>turrium</strong></span> <span class='ocrx_word' id='word_1_371' title='bbox 859 3003 914 3039; x_wconf 77' lang='lat' dir='ltr'><strong>in</strong></span> <span class='ocrx_word' id='word_1_372' title='bbox 955 2986 1213 3057; x_wconf 79' lang='lat' dir='ltr'><strong>progenie</strong></span> <span class='ocrx_word' id='word_1_373' title='bbox 1253 2983 1425 3039; x_wconf 86' lang='lat' dir='ltr'><strong>altera</strong></span> <span class='ocrx_word' id='word_1_374' title='bbox 1474 2997 1818 3049; x_wconf 89' lang='lat' dir='ltr'><strong>successura,</strong></span> 
     </span>
    </p>
   </div>
   <div class='ocr_carea' id='block_1_48' title="bbox 1844 3030 1892 3091">
    <p class='ocr_par' dir='ltr' id='par_1_48' title="bbox 1844 3030 1892 3091">
     <span class='ocr_line' id='line_1_48' title="bbox 1844 3030 1892 3091; baseline 0 0"><span class='ocrx_word' id='word_1_375' title='bbox 1844 3030 1892 3091; x_wconf 91' lang='lat' dir='ltr'>C</span> 
     </span>
    </p>
   </div>
   <div class='ocr_carea' id='block_1_49' title="bbox 1919 1829 3520 1907">
    <p class='ocr_par' dir='ltr' id='par_1_49' title="bbox 1919 1829 3520 1907">
     <span class='ocr_line' id='line_1_49' title="bbox 1919 1829 3520 1907; baseline 0.002 -23"><span class='ocrx_word' id='word_1_376' title='bbox 1919 1829 2169 1885; x_wconf 89' lang='lat' dir='ltr'><strong>fectione</strong></span> <span class='ocrx_word' id='word_1_377' title='bbox 2183 1830 2487 1900; x_wconf 87' lang='lat' dir='ltr'><strong>virtutum;</strong></span> <span class='ocrx_word' id='word_1_378' title='bbox 2520 1833 2616 1887; x_wconf 90' lang='lat' dir='ltr'><strong>sed</strong></span> <span class='ocrx_word' id='word_1_379' title='bbox 2642 1834 2967 1889; x_wconf 86' lang='lat' dir='ltr'><strong>habitantes</strong></span> <span class='ocrx_word' id='word_1_380' title='bbox 2991 1838 3048 1889; x_wconf 89' lang='lat' dir='ltr'><strong>et</strong></span> <span class='ocrx_word' id='word_1_381' title='bbox 3062 1834 3391 1891; x_wconf 90' lang='lat' dir='ltr'><strong>immobiles</strong></span> <span class='ocrx_word' id='word_1_382' title='bbox 3399 1853 3520 1907; x_wconf 84' lang='lat' dir='ltr'><strong>per-</strong></span> 
     </span>
    </p>
   </div>
   <div class='ocr_carea' id='block_1_50' title="bbox 1917 1920 3523 1990">
    <p class='ocr_par' dir='ltr' id='par_1_50' title="bbox 1917 1920 3523 1990">
     <span class='ocr_line' id='line_1_50' title="bbox 1917 1920 3523 1990; baseline 0.004 -18"><span class='ocrx_word' id='word_1_383' title='bbox 1917 1921 2073 1990; x_wconf 67' lang='lat' dir='ltr'><strong>cipite</strong></span> <span class='ocrx_word' id='word_1_384' title='bbox 2096 1920 2218 1974; x_wconf 68' lang='lat' dir='ltr'><strong>haec</strong></span> <span class='ocrx_word' id='word_1_385' title='bbox 2247 1921 2485 1989; x_wconf 84' lang='lat' dir='ltr'><strong>auribus,</strong></span> <span class='ocrx_word' id='word_1_386' title='bbox 2521 1921 2583 1975; x_wconf 93' lang='lat' dir='ltr'><strong>id</strong></span> <span class='ocrx_word' id='word_1_387' title='bbox 2614 1926 2717 1990; x_wconf 92' lang='lat' dir='ltr'><strong>est,</strong></span> <span class='ocrx_word' id='word_1_388' title='bbox 2754 1923 2832 1977; x_wconf 91' lang='lat' dir='ltr'><strong>sic</strong></span> <span class='ocrx_word' id='word_1_389' title='bbox 2881 1923 3072 1978; x_wconf 89' lang='lat' dir='ltr'><strong>audite</strong></span> <span class='ocrx_word' id='word_1_390' title='bbox 3098 1924 3221 1979; x_wconf 71' lang='lat' dir='ltr'><strong>haec</strong></span> <span class='ocrx_word' id='word_1_391' title='bbox 3254 1921 3523 1979; x_wconf 82' lang='lat' dir='ltr'><strong>exteriori</strong></span> 
     </span>
    </p>
   </div>
   <div class='ocr_carea' id='block_1_51' title="bbox 1919 2008 3522 2084">
    <p class='ocr_par' dir='ltr' id='par_1_51' title="bbox 1919 2008 3522 2084">
     <span class='ocr_line' id='line_1_51' title="bbox 1919 2008 3522 2084; baseline 0.003 -22"><span class='ocrx_word' id='word_1_392' title='bbox 1919 2008 2137 2076; x_wconf 88' lang='lat' dir='ltr'><strong>auditu,</strong></span> <span class='ocrx_word' id='word_1_393' title='bbox 2173 2012 2235 2063; x_wconf 92' lang='lat' dir='ltr'><strong>ut</strong></span> <span class='ocrx_word' id='word_1_394' title='bbox 2269 2009 2444 2064; x_wconf 92' lang='lat' dir='ltr'><strong>etiam</strong></span> <span class='ocrx_word' id='word_1_395' title='bbox 2497 2009 2669 2064; x_wconf 90' lang='lat' dir='ltr'><strong>corde</strong></span> <span class='ocrx_word' id='word_1_396' title='bbox 2719 2010 3070 2083; x_wconf 91' lang='lat' dir='ltr'><strong>percipiatis.</strong></span> <span class='ocrx_word' id='word_1_397' title='bbox 3116 2012 3329 2079; x_wconf 88' lang='lat' dir='ltr'><strong>Orbem,</strong></span> <span class='ocrx_word' id='word_1_398' title='bbox 3363 2011 3522 2084; x_wconf 89' lang='lat' dir='ltr'><strong>quod</strong></span> 
     </span>
    </p>
   </div>
   <div class='ocr_carea' id='block_1_52' title="bbox 1916 2096 3520 2172">
    <p class='ocr_par' dir='ltr' id='par_1_52' title="bbox 1916 2096 3520 2172">
     <span class='ocr_line' id='line_1_52' title="bbox 1916 2096 3520 2172; baseline 0.001 -20"><span class='ocrx_word' id='word_1_399' title='bbox 1916 2096 2073 2153; x_wconf 91' lang='lat' dir='ltr'><strong>idem</strong></span> <span class='ocrx_word' id='word_1_400' title='bbox 2105 2100 2189 2151; x_wconf 92' lang='lat' dir='ltr'><strong>est</strong></span> <span class='ocrx_word' id='word_1_401' title='bbox 2202 2098 2359 2169; x_wconf 91' lang='lat' dir='ltr'><strong>quod</strong></span> <span class='ocrx_word' id='word_1_402' title='bbox 2385 2100 2443 2152; x_wconf 93' lang='lat' dir='ltr'><strong>et</strong></span> <span class='ocrx_word' id='word_1_403' title='bbox 2463 2097 2809 2166; x_wconf 87' lang='lat' dir='ltr'><strong>rotunditas,</strong></span> <span class='ocrx_word' id='word_1_404' title='bbox 2826 2116 2931 2171; x_wconf 91' lang='lat' dir='ltr'><strong>pro</strong></span> <span class='ocrx_word' id='word_1_405' title='bbox 2948 2100 3302 2171; x_wconf 86' lang='lat' dir='ltr'><strong>perfectione</strong></span> <span class='ocrx_word' id='word_1_406' title='bbox 3334 2099 3520 2172; x_wconf 91' lang='lat' dir='ltr'><strong>ponit.</strong></span> 
     </span>
    </p>
   </div>
   <div class='ocr_carea' id='block_1_53' title="bbox 1918 2185 3520 2259">
    <p class='ocr_par' dir='ltr' id='par_1_53' title="bbox 1918 2185 3520 2259">
     <span class='ocr_line' id='line_1_53' title="bbox 1918 2185 3520 2259; baseline 0.003 -20"><span class='ocrx_word' id='word_1_407' title='bbox 1918 2185 2061 2251; x_wconf 89' lang='lat' dir='ltr'><strong>Quia</strong></span> <span class='ocrx_word' id='word_1_408' title='bbox 2092 2186 2237 2241; x_wconf 91' lang='lat' dir='ltr'><strong>sicut</strong></span> <span class='ocrx_word' id='word_1_409' title='bbox 2255 2186 2593 2259; x_wconf 88' lang='lat' dir='ltr'><strong>corporibus</strong></span> <span class='ocrx_word' id='word_1_410' title='bbox 2612 2187 2875 2242; x_wconf 87' lang='lat' dir='ltr'><strong>rotundis</strong></span> <span class='ocrx_word' id='word_1_411' title='bbox 2889 2188 3086 2243; x_wconf 89' lang='lat' dir='ltr'><strong>sordes</strong></span> <span class='ocrx_word' id='word_1_412' title='bbox 3106 2189 3404 2244; x_wconf 83' lang='lat' dir='ltr'><strong>abhaerere</strong></span> <span class='ocrx_word' id='word_1_413' title='bbox 3420 2205 3520 2243; x_wconf 88' lang='lat' dir='ltr'><strong>ne-</strong></span> 
     </span>
    </p>
   </div>
   <div class='ocr_carea' id='block_1_54' title="bbox 1920 2274 3522 2349">
    <p class='ocr_par' dir='ltr' id='par_1_54' title="bbox 1920 2274 3522 2349">
     <span class='ocr_line' id='line_1_54' title="bbox 1920 2274 3522 2349; baseline 0.003 -21"><span class='ocrx_word' id='word_1_414' title='bbox 1920 2277 2162 2347; x_wconf 90' lang='lat' dir='ltr'><strong>queunt,</strong></span> <span class='ocrx_word' id='word_1_415' title='bbox 2196 2274 2275 2329; x_wconf 93' lang='lat' dir='ltr'><strong>sic</strong></span> <span class='ocrx_word' id='word_1_416' title='bbox 2305 2291 2411 2329; x_wconf 86' lang='lat' dir='ltr'><strong>nec</strong></span> <span class='ocrx_word' id='word_1_417' title='bbox 2435 2274 2572 2330; x_wconf 90' lang='lat' dir='ltr'><strong>vitia</strong></span> <span class='ocrx_word' id='word_1_418' title='bbox 2599 2275 2896 2331; x_wconf 57' lang='lat' dir='ltr'><strong>adhaerere</strong></span> <span class='ocrx_word' id='word_1_419' title='bbox 2937 2279 3178 2349; x_wconf 87' lang='lat' dir='ltr'><strong>possunt</strong></span> <span class='ocrx_word' id='word_1_420' title='bbox 3226 2277 3285 2332; x_wconf 92' lang='lat' dir='ltr'><strong>in</strong></span> <span class='ocrx_word' id='word_1_421' title='bbox 3313 2276 3522 2333; x_wconf 84' lang='lat' dir='ltr'><strong>virtute</strong></span> 
     </span>
    </p>
   </div>
   <div class='ocr_carea' id='block_1_55' title="bbox 1917 2362 3524 2434">
    <p class='ocr_par' dir='ltr' id='par_1_55' title="bbox 1917 2362 3524 2434">
     <span class='ocr_line' id='line_1_55' title="bbox 1917 2362 3524 2434; baseline 0.002 -18"><span class='ocrx_word' id='word_1_422' title='bbox 1917 2362 2205 2434; x_wconf 80' lang='lat' dir='ltr'><strong>perfectis.</strong></span> <span class='ocrx_word' id='word_1_423' title='bbox 2240 2363 2364 2418; x_wconf 88' lang='lat' dir='ltr'><strong>Non</strong></span> <span class='ocrx_word' id='word_1_424' title='bbox 2403 2365 2598 2418; x_wconf 91' lang='lat' dir='ltr'><strong>autem</strong></span> <span class='ocrx_word' id='word_1_425' title='bbox 2629 2364 2997 2420; x_wconf 89' lang='lat' dir='ltr'><strong>solummodo</strong></span> <span class='ocrx_word' id='word_1_426' title='bbox 3020 2366 3247 2421; x_wconf 63' lang='lat' dir='ltr'><strong>Iudaeos</strong></span> <span class='ocrx_word' id='word_1_427' title='bbox 3276 2366 3406 2422; x_wconf 90' lang='lat' dir='ltr'><strong>ideo</strong></span> <span class='ocrx_word' id='word_1_428' title='bbox 3429 2382 3524 2421; x_wconf 91' lang='lat' dir='ltr'><strong>or-</strong></span> 
     </span>
    </p>
   </div>
   <div class='ocr_carea' id='block_1_56' title="bbox 1918 2450 3528 2527">
    <p class='ocr_par' dir='ltr' id='par_1_56' title="bbox 1918 2450 3528 2527">
     <span class='ocr_line' id='line_1_56' title="bbox 1918 2450 3528 2527; baseline 0.002 -20"><span class='ocrx_word' id='word_1_429' title='bbox 1918 2452 2052 2507; x_wconf 88' lang='lat' dir='ltr'><strong>hem</strong></span> <span class='ocrx_word' id='word_1_430' title='bbox 2076 2450 2397 2505; x_wconf 89' lang='lat' dir='ltr'><strong>inhabitare</strong></span> <span class='ocrx_word' id='word_1_431' title='bbox 2456 2450 2611 2519; x_wconf 90' lang='lat' dir='ltr'><strong>dicit,</strong></span> <span class='ocrx_word' id='word_1_432' title='bbox 2644 2451 2705 2506; x_wconf 94' lang='lat' dir='ltr'><strong>id</strong></span> <span class='ocrx_word' id='word_1_433' title='bbox 2742 2455 2829 2508; x_wconf 93' lang='lat' dir='ltr'><strong>est</strong></span> <span class='ocrx_word' id='word_1_434' title='bbox 2884 2453 3324 2525; x_wconf 84' lang='lat' dir='ltr'><strong>perfectionem,</strong></span> <span class='ocrx_word' id='word_1_435' title='bbox 3371 2454 3528 2527; x_wconf 90' lang='lat' dir='ltr'><strong>quod</strong></span> 
     </span>
    </p>
   </div>
   <div class='ocr_carea' id='block_1_57' title="bbox 1920 2539 3527 2611">
    <p class='ocr_par' dir='ltr' id='par_1_57' title="bbox 1920 2539 3527 2611">
     <span class='ocr_line' id='line_1_57' title="bbox 1920 2539 3527 2611; baseline 0.002 -16"><span class='ocrx_word' id='word_1_436' title='bbox 1920 2540 2095 2595; x_wconf 90' lang='lat' dir='ltr'><strong>etiam</strong></span> <span class='ocrx_word' id='word_1_437' title='bbox 2111 2539 2277 2594; x_wconf 92' lang='lat' dir='ltr'><strong>multi</strong></span> <span class='ocrx_word' id='word_1_438' title='bbox 2297 2540 2367 2594; x_wconf 91' lang='lat' dir='ltr'><strong>de</strong></span> <span class='ocrx_word' id='word_1_439' title='bbox 2386 2540 2653 2611; x_wconf 86' lang='lat' dir='ltr'><strong>gentibus</strong></span> <span class='ocrx_word' id='word_1_440' title='bbox 2667 2556 2785 2596; x_wconf 91' lang='lat' dir='ltr'><strong>non</strong></span> <span class='ocrx_word' id='word_1_441' title='bbox 2806 2542 3248 2611; x_wconf 88' lang='lat' dir='ltr'><strong>inhabitassent,</strong></span> <span class='ocrx_word' id='word_1_442' title='bbox 3264 2546 3323 2598; x_wconf 88' lang='lat' dir='ltr'><strong>et</strong></span> <span class='ocrx_word' id='word_1_443' title='bbox 3338 2543 3527 2598; x_wconf 90' lang='lat' dir='ltr'><strong>adhuc</strong></span> 
     </span>
    </p>
   </div>
   <div class='ocr_carea' id='block_1_58' title="bbox 1921 2627 3530 2702">
    <p class='ocr_par' dir='ltr' id='par_1_58' title="bbox 1921 2627 3530 2702">
     <span class='ocr_line' id='line_1_58' title="bbox 1921 2627 3530 2702; baseline 0.004 -20"><span class='ocrx_word' id='word_1_444' title='bbox 1921 2627 2282 2696; x_wconf 86' lang='lat' dir='ltr'><strong>inhabitent;</strong></span> <span class='ocrx_word' id='word_1_445' title='bbox 2316 2628 2415 2683; x_wconf 92' lang='lat' dir='ltr'><strong>sed</strong></span> <span class='ocrx_word' id='word_1_446' title='bbox 2433 2628 2568 2700; x_wconf 89' lang='lat' dir='ltr'><strong>quia</strong></span> <span class='ocrx_word' id='word_1_447' title='bbox 2601 2629 2835 2701; x_wconf 88' lang='lat' dir='ltr'><strong>quidam</strong></span> <span class='ocrx_word' id='word_1_448' title='bbox 2850 2648 2918 2686; x_wconf 83' lang='lat' dir='ltr'><strong>ex</strong></span> <span class='ocrx_word' id='word_1_449' title='bbox 2941 2632 3150 2687; x_wconf 64' lang='lat' dir='ltr'><strong>Iudaeis</strong></span> <span class='ocrx_word' id='word_1_450' title='bbox 3163 2632 3217 2687; x_wconf 89' lang='lat' dir='ltr'><strong>in</strong></span> <span class='ocrx_word' id='word_1_451' title='bbox 3239 2632 3530 2702; x_wconf 88' lang='lat' dir='ltr'><strong>primitiva</strong></span> 
     </span>
    </p>
   </div>
   <div class='ocr_carea' id='block_1_59' title="bbox 1923 2716 3527 2788">
    <p class='ocr_par' dir='ltr' id='par_1_59' title="bbox 1923 2716 3527 2788">
     <span class='ocr_line' id='line_1_59' title="bbox 1923 2716 3527 2788; baseline 0.002 -17"><span class='ocrx_word' id='word_1_452' title='bbox 1923 2716 2171 2771; x_wconf 88' lang='lat' dir='ltr'><strong>Ecclesia</strong></span> <span class='ocrx_word' id='word_1_453' title='bbox 2198 2716 2569 2787; x_wconf 85' lang='lat' dir='ltr'><strong>perfectiores</strong></span> <span class='ocrx_word' id='word_1_454' title='bbox 2585 2718 2710 2772; x_wconf 90' lang='lat' dir='ltr'><strong>aliis</strong></span> <span class='ocrx_word' id='word_1_455' title='bbox 2735 2719 3094 2788; x_wconf 84' lang='lat' dir='ltr'><strong>exstiterunt,</strong></span> <span class='ocrx_word' id='word_1_456' title='bbox 3128 2720 3269 2775; x_wconf 87' lang='lat' dir='ltr'><strong>dixit</strong></span> <span class='ocrx_word' id='word_1_457' title='bbox 3298 2721 3527 2775; x_wconf 85' lang='lat' dir='ltr'><strong>univer-</strong></span> 
     </span>
    </p>
   </div>
   <div class='ocr_carea' id='block_1_60' title="bbox 1923 2804 3529 2880">
    <p class='ocr_par' dir='ltr' id='par_1_60' title="bbox 1923 2804 3529 2880">
     <span class='ocr_line' id='line_1_60' title="bbox 1923 2804 3529 2880; baseline 0.001 -20"><span class='ocrx_word' id='word_1_458' title='bbox 1923 2805 2121 2860; x_wconf 90' lang='lat' dir='ltr'><strong>saliter</strong></span> <span class='ocrx_word' id='word_1_459' title='bbox 2155 2821 2167 2858; x_wconf 94' lang='lat'><strong>:</strong></span> <span class='ocrx_word' id='word_1_460' title='bbox 2192 2804 2391 2867; x_wconf 84' lang='lat' dir='ltr'><strong>audite,</strong></span> <span class='ocrx_word' id='word_1_461' title='bbox 2423 2822 2600 2859; x_wconf 86' lang='lat' dir='ltr'><strong>omnes</strong></span> <span class='ocrx_word' id='word_1_462' title='bbox 2611 2814 2810 2876; x_wconf 83' lang='lat' dir='ltr'><strong>gentes,</strong></span> <span class='ocrx_word' id='word_1_463' title='bbox 2839 2810 2897 2861; x_wconf 90' lang='lat' dir='ltr'><strong>et</strong></span> <span class='ocrx_word' id='word_1_464' title='bbox 2928 2823 3131 2862; x_wconf 91' lang='lat' dir='ltr'><strong>omnes</strong></span> <span class='ocrx_word' id='word_1_465' title='bbox 3159 2809 3254 2880; x_wconf 91' lang='lat' dir='ltr'><strong>qui</strong></span> <span class='ocrx_word' id='word_1_466' title='bbox 3275 2808 3529 2862; x_wconf 83' lang='lat' dir='ltr'><strong>habitatis</strong></span> 
     </span>
    </p>
   </div>
   <div class='ocr_carea' id='block_1_61' title="bbox 1927 2894 3531 2968">
    <p class='ocr_par' dir='ltr' id='par_1_61' title="bbox 1927 2894 3531 2968">
     <span class='ocr_line' id='line_1_61' title="bbox 1927 2894 3531 2968; baseline 0.001 -20"><span class='ocrx_word' id='word_1_467' title='bbox 1927 2895 2125 2949; x_wconf 87' lang='lat' dir='ltr'><strong>orbem.</strong></span> <span class='ocrx_word' id='word_1_468' title='bbox 2160 2894 2277 2949; x_wconf 89' lang='lat' dir='ltr'><strong>Hoc</strong></span> <span class='ocrx_word' id='word_1_469' title='bbox 2306 2897 2498 2949; x_wconf 89' lang='lat' dir='ltr'><strong>autem</strong></span> <span class='ocrx_word' id='word_1_470' title='bbox 2523 2895 2759 2967; x_wconf 86' lang='lat' dir='ltr'><strong>exponit</strong></span> <span class='ocrx_word' id='word_1_471' title='bbox 2798 2912 2904 2968; x_wconf 89' lang='lat' dir='ltr'><strong>per</strong></span> <span class='ocrx_word' id='word_1_472' title='bbox 2923 2900 3134 2968; x_wconf 84' lang='lat' dir='ltr'><strong>partes,</strong></span> <span class='ocrx_word' id='word_1_473' title='bbox 3168 2896 3247 2951; x_wconf 90' lang='lat' dir='ltr'><strong>sic</strong></span> <span class='ocrx_word' id='word_1_474' title='bbox 3274 2914 3287 2952; x_wconf 92' lang='lat'><strong>:</strong></span> <span class='ocrx_word' id='word_1_475' title='bbox 3317 2896 3531 2952; x_wconf 87' lang='lat' dir='ltr'><strong>scilicet</strong></span> 
     </span>
    </p>
   </div>
   <div class='ocr_carea' id='block_1_62' title="bbox 1924 2982 3529 3057">
    <p class='ocr_par' dir='ltr' id='par_1_62' title="bbox 1924 2982 3529 3057">
     <span class='ocr_line' id='line_1_62' title="bbox 1924 2982 3529 3057; baseline -0.001 -17"><span class='ocrx_word' id='word_1_476' title='bbox 1924 2983 2103 3040; x_wconf 82' lang='lat' dir='ltr'><strong>audite</strong></span> <span class='ocrx_word' id='word_1_477' title='bbox 2121 2983 2265 3051; x_wconf 81' lang='lat' dir='ltr'><strong>haec,</strong></span> <span class='ocrx_word' id='word_1_478' title='bbox 2298 2998 2416 3037; x_wconf 91' lang='lat' dir='ltr'><strong>non</strong></span> <span class='ocrx_word' id='word_1_479' title='bbox 2445 2983 2634 3037; x_wconf 90' lang='lat' dir='ltr'><strong>solum</strong></span> <span class='ocrx_word' id='word_1_480' title='bbox 2653 2982 2916 3054; x_wconf 88' lang='lat' dir='ltr'><strong>perfecti,</strong></span> <span class='ocrx_word' id='word_1_481' title='bbox 2934 2985 3035 3039; x_wconf 90' lang='lat' dir='ltr'><strong>sed</strong></span> <span class='ocrx_word' id='word_1_482' title='bbox 3065 2988 3123 3039; x_wconf 90' lang='lat' dir='ltr'><strong>et</strong></span> <span class='ocrx_word' id='word_1_483' title='bbox 3146 2986 3346 3057; x_wconf 80' lang='lat' dir='ltr'><strong>quique</strong></span> <span class='ocrx_word' id='word_1_484' title='bbox 3376 2986 3529 3039; x_wconf 86' lang='lat' dir='ltr'><strong>terri-</strong></span> 
     </span>
    </p>
   </div>
   <div class='ocr_carea' id='block_1_63' title="bbox 212 3070 3530 3145">
    <p class='ocr_par' dir='ltr' id='par_1_63' title="bbox 212 3070 3530 3145">
     <span class='ocr_line' id='line_1_63' title="bbox 212 3070 3530 3145; baseline -0.002 -11"><span class='ocrx_word' id='word_1_485' title='bbox 212 3095 338 3134; x_wconf 86' lang='lat' dir='ltr'><strong>non</strong></span> <span class='ocrx_word' id='word_1_486' title='bbox 367 3079 551 3132; x_wconf 82' lang='lat' dir='ltr'><strong>solum</strong></span> <span class='ocrx_word' id='word_1_487' title='bbox 580 3075 639 3130; x_wconf 90' lang='lat' dir='ltr'><strong>in</strong></span> <span class='ocrx_word' id='word_1_488' title='bbox 666 3076 773 3129; x_wconf 90' lang='lat' dir='ltr'><strong>hac</strong></span> <span class='ocrx_word' id='word_1_489' title='bbox 806 3073 1096 3145; x_wconf 64' lang='lat' dir='ltr'><strong>praesenti.</strong></span> <span class='ocrx_word' id='word_1_490' title='bbox 1115 3072 1213 3125; x_wconf 87' lang='lat' dir='ltr'><strong>Vel</strong></span> <span class='ocrx_word' id='word_1_491' title='bbox 1244 3071 1323 3128; x_wconf 91' lang='lat' dir='ltr'><strong>sic</strong></span> <span class='ocrx_word' id='word_1_492' title='bbox 1351 3087 1365 3124; x_wconf 91' lang='lat'><strong>:</strong></span> <span class='ocrx_word' id='word_1_493' title='bbox 1398 3070 1682 3124; x_wconf 85' lang='lat' dir='ltr'><strong>Enarretis</strong></span> <span class='ocrx_word' id='word_1_494' title='bbox 1703 3086 1820 3124; x_wconf 89' lang='lat' dir='ltr'><strong>non</strong></span> <span class='ocrx_word' id='word_1_495' title='bbox 1845 3070 1892 3091; x_wconf 82' lang='lat'><strong>“‘</strong></span> <span class='ocrx_word' id='word_1_496' title='bbox 1920 3088 2086 3143; x_wconf 60' lang='lat' dir='ltr'><strong>gener,</strong></span> <span class='ocrx_word' id='word_1_497' title='bbox 2119 3078 2169 3125; x_wconf 88' lang='lat' dir='ltr'><strong>et</strong></span> <span class='ocrx_word' id='word_1_498' title='bbox 2189 3070 2403 3144; x_wconf 90' lang='lat' dir='ltr'><strong>quique</strong></span> <span class='ocrx_word' id='word_1_499' title='bbox 2427 3070 2531 3140; x_wconf 78' lang='lat' dir='ltr'><strong>ﬁlii</strong></span> <span class='ocrx_word' id='word_1_500' title='bbox 2550 3072 2852 3139; x_wconf 79' lang='lat' dir='ltr'><strong>hominum,</strong></span> <span class='ocrx_word' id='word_1_501' title='bbox 2872 3072 2931 3127; x_wconf 91' lang='lat' dir='ltr'><strong>id</strong></span> <span class='ocrx_word' id='word_1_502' title='bbox 2952 3076 3105 3128; x_wconf 90' lang='lat' dir='ltr'><strong>estet</strong></span> <span class='ocrx_word' id='word_1_503' title='bbox 3121 3090 3325 3129; x_wconf 89' lang='lat' dir='ltr'><strong>omnes</strong></span> <span class='ocrx_word' id='word_1_504' title='bbox 3348 3076 3530 3128; x_wconf 89' lang='lat' dir='ltr'><strong>terre-</strong></span> 
     </span>
    </p>
   </div>
   <div class='ocr_carea' id='block_1_64' title="bbox 211 3158 1821 3235">
    <p class='ocr_par' dir='ltr' id='par_1_64' title="bbox 211 3158 1821 3235">
     <span class='ocr_line' id='line_1_64' title="bbox 211 3158 1821 3235; baseline -0.007 -12"><span class='ocrx_word' id='word_1_505' title='bbox 211 3169 407 3223; x_wconf 88' lang='lat' dir='ltr'><strong>solum</strong></span> <span class='ocrx_word' id='word_1_506' title='bbox 447 3166 505 3220; x_wconf 91' lang='lat' dir='ltr'><strong>in</strong></span> <span class='ocrx_word' id='word_1_507' title='bbox 535 3180 784 3235; x_wconf 88' lang='lat' dir='ltr'><strong>persona</strong></span> <span class='ocrx_word' id='word_1_508' title='bbox 813 3163 1021 3229; x_wconf 87' lang='lat' dir='ltr'><strong>vestra,</strong></span> <span class='ocrx_word' id='word_1_509' title='bbox 1048 3160 1147 3215; x_wconf 90' lang='lat' dir='ltr'><strong>sed</strong></span> <span class='ocrx_word' id='word_1_510' title='bbox 1177 3158 1354 3215; x_wconf 87' lang='lat' dir='ltr'><strong>etiam</strong></span> <span class='ocrx_word' id='word_1_511' title='bbox 1386 3159 1468 3222; x_wconf 91' lang='lat' dir='ltr'><strong>in,</strong></span> <span class='ocrx_word' id='word_1_512' title='bbox 1500 3159 1557 3213; x_wconf 92' lang='lat' dir='ltr'><strong>id</strong></span> <span class='ocrx_word' id='word_1_513' title='bbox 1582 3161 1667 3213; x_wconf 90' lang='lat' dir='ltr'><strong>est</strong></span> <span class='ocrx_word' id='word_1_514' title='bbox 1695 3174 1821 3230; x_wconf 90' lang='lat' dir='ltr'><strong>per,</strong></span> 
     </span>
    </p>
   </div>
   <div class='ocr_carea' id='block_1_65' title="bbox 208 3247 1825 3331">
    <p class='ocr_par' dir='ltr' id='par_1_65' title="bbox 208 3247 1825 3331">
     <span class='ocr_line' id='line_1_65' title="bbox 208 3247 1825 3331; baseline -0.006 -20"><span class='ocrx_word' id='word_1_515' title='bbox 208 3255 557 3331; x_wconf 84' lang='lat' dir='ltr'><strong>progeniem</strong></span> <span class='ocrx_word' id='word_1_516' title='bbox 609 3254 857 3307; x_wconf 85' lang='lat' dir='ltr'><strong>alteram</strong></span> <span class='ocrx_word' id='word_1_517' title='bbox 888 3267 1298 3305; x_wconf 90' lang='lat' dir='ltr'><strong>successuram.</strong></span> <span class='ocrx_word' id='word_1_518' title='bbox 1354 3249 1518 3314; x_wconf 89' lang='lat' dir='ltr'><strong>Quod</strong></span> <span class='ocrx_word' id='word_1_519' title='bbox 1551 3250 1636 3302; x_wconf 91' lang='lat' dir='ltr'><strong>est</strong></span> <span class='ocrx_word' id='word_1_520' title='bbox 1683 3264 1750 3302; x_wconf 91' lang='lat' dir='ltr'><strong>ac</strong></span> <span class='ocrx_word' id='word_1_521' title='bbox 1778 3247 1825 3302; x_wconf 90' lang='lat' dir='ltr'><strong>si</strong></span> 
     </span>
    </p>
   </div>
   <div class='ocr_carea' id='block_1_66' title="bbox 212 3336 1820 3411">
    <p class='ocr_par' dir='ltr' id='par_1_66' title="bbox 212 3336 1820 3411">
     <span class='ocr_line' id='line_1_66' title="bbox 212 3336 1820 3411; baseline -0.006 -12"><span class='ocrx_word' id='word_1_522' title='bbox 212 3345 407 3400; x_wconf 87' lang='lat' dir='ltr'><strong>dicat:</strong></span> <span class='ocrx_word' id='word_1_523' title='bbox 445 3342 502 3398; x_wconf 88' lang='lat' dir='ltr'><strong>Si</strong></span> <span class='ocrx_word' id='word_1_524' title='bbox 563 3339 1083 3397; x_wconf 86' lang='lat' dir='ltr'><strong>conformaremini</strong></span> <span class='ocrx_word' id='word_1_525' title='bbox 1134 3336 1648 3411; x_wconf 89' lang='lat' dir='ltr'><strong>pseudoapostolis,</strong></span> <span class='ocrx_word' id='word_1_526' title='bbox 1704 3354 1820 3390; x_wconf 90' lang='lat' dir='ltr'><strong>non</strong></span> 
     </span>
    </p>
   </div>
   <div class='ocr_carea' id='block_1_67' title="bbox 216 3426 1826 3496">
    <p class='ocr_par' dir='ltr' id='par_1_67' title="bbox 216 3426 1826 3496">
     <span class='ocr_line' id='line_1_67' title="bbox 216 3426 1826 3496; baseline -0.007 -7"><span class='ocrx_word' id='word_1_527' title='bbox 216 3436 411 3490; x_wconf 89' lang='lat' dir='ltr'><strong>essent</strong></span> <span class='ocrx_word' id='word_1_528' title='bbox 448 3429 879 3486; x_wconf 87' lang='lat' dir='ltr'><strong>auctorizabilcs</strong></span> <span class='ocrx_word' id='word_1_529' title='bbox 934 3426 1333 3482; x_wconf 87' lang='lat' dir='ltr'><strong>enarrationes</strong></span> <span class='ocrx_word' id='word_1_530' title='bbox 1372 3429 1594 3492; x_wconf 71' lang='lat' dir='ltr'><strong>vestras,</strong></span> <span class='ocrx_word' id='word_1_531' title='bbox 1637 3441 1826 3496; x_wconf 86' lang='lat' dir='ltr'><strong>neque</strong></span> 
     </span>
    </p>
   </div>
   <div class='ocr_carea' id='block_1_68' title="bbox 221 3513 1827 3589">
    <p class='ocr_par' dir='ltr' id='par_1_68' title="bbox 221 3513 1827 3589">
     <span class='ocr_line' id='line_1_68' title="bbox 221 3513 1827 3589; baseline -0.006 -12"><span class='ocrx_word' id='word_1_532' title='bbox 221 3521 607 3577; x_wconf 89' lang='lat' dir='ltr'><strong>recitarentur</strong></span> <span class='ocrx_word' id='word_1_533' title='bbox 628 3518 700 3572; x_wconf 92' lang='lat' dir='ltr'><strong>de</strong></span> <span class='ocrx_word' id='word_1_534' title='bbox 726 3516 1104 3589; x_wconf 86' lang='lat' dir='ltr'><strong>generatione</strong></span> <span class='ocrx_word' id='word_1_535' title='bbox 1128 3515 1183 3569; x_wconf 93' lang='lat' dir='ltr'><strong>in</strong></span> <span class='ocrx_word' id='word_1_536' title='bbox 1214 3514 1653 3587; x_wconf 85' lang='lat' dir='ltr'><strong>generationem</strong></span> <span class='ocrx_word' id='word_1_537' title='bbox 1684 3531 1698 3581; x_wconf 89' lang='lat'><strong>;</strong></span> <span class='ocrx_word' id='word_1_538' title='bbox 1727 3513 1827 3568; x_wconf 91' lang='lat' dir='ltr'><strong>sed</strong></span> 
     </span>
    </p>
   </div>
   <div class='ocr_carea' id='block_1_69' title="bbox 217 3601 1827 3674">
    <p class='ocr_par' dir='ltr' id='par_1_69' title="bbox 217 3601 1827 3674">
     <span class='ocr_line' id='line_1_69' title="bbox 217 3601 1827 3674; baseline -0.006 -9"><span class='ocrx_word' id='word_1_539' title='bbox 217 3606 673 3666; x_wconf 87' lang='lat' dir='ltr'><strong>conformamini</strong></span> <span class='ocrx_word' id='word_1_540' title='bbox 688 3604 961 3671; x_wconf 85' lang='lat' dir='ltr'><strong>turribus,</strong></span> <span class='ocrx_word' id='word_1_541' title='bbox 983 3607 1039 3658; x_wconf 90' lang='lat' dir='ltr'><strong>et</strong></span> <span class='ocrx_word' id='word_1_542' title='bbox 1058 3605 1165 3658; x_wconf 90' lang='lat' dir='ltr'><strong>hoc</strong></span> <span class='ocrx_word' id='word_1_543' title='bbox 1192 3603 1348 3674; x_wconf 90' lang='lat' dir='ltr'><strong>quod</strong></span> <span class='ocrx_word' id='word_1_544' title='bbox 1375 3601 1717 3656; x_wconf 86' lang='lat' dir='ltr'><strong>enarrabitis</strong></span> <span class='ocrx_word' id='word_1_545' title='bbox 1733 3619 1827 3656; x_wconf 86' lang='lat' dir='ltr'><strong>au-</strong></span> 
     </span>
    </p>
   </div>
   <div class='ocr_carea' id='block_1_70' title="bbox 212 3690 1825 3761">
    <p class='ocr_par' dir='ltr' id='par_1_70' title="bbox 212 3690 1825 3761">
     <span class='ocr_line' id='line_1_70' title="bbox 212 3690 1825 3761; baseline -0.007 -7"><span class='ocrx_word' id='word_1_546' title='bbox 212 3697 542 3754; x_wconf 90' lang='lat' dir='ltr'><strong>ctorizabile</strong></span> <span class='ocrx_word' id='word_1_547' title='bbox 554 3692 992 3750; x_wconf 88' lang='lat' dir='ltr'><strong>erit.Enarrabit</strong></span> <span class='ocrx_word' id='word_1_548' title='bbox 1006 3693 1182 3746; x_wconf 89' lang='lat' dir='ltr'><strong>etiam</strong></span> <span class='ocrx_word' id='word_1_549' title='bbox 1198 3691 1321 3746; x_wconf 89' lang='lat' dir='ltr'><strong>aliis</strong></span> <span class='ocrx_word' id='word_1_550' title='bbox 1334 3691 1515 3745; x_wconf 89' lang='lat' dir='ltr'><strong>altera</strong></span> <span class='ocrx_word' id='word_1_551' title='bbox 1526 3690 1825 3761; x_wconf 87' lang='lat' dir='ltr'><strong>generatio</strong></span> 
     </span>
    </p>
   </div>
   <div class='ocr_carea' id='block_1_71' title="bbox 212 3779 1824 3853">
    <p class='ocr_par' dir='ltr' id='par_1_71' title="bbox 212 3779 1824 3853">
     <span class='ocr_line' id='line_1_71' title="bbox 212 3779 1824 3853; baseline -0.006 -10"><span class='ocrx_word' id='word_1_552' title='bbox 212 3802 560 3853; x_wconf 86' lang='lat' dir='ltr'><strong>successura,</strong></span> <span class='ocrx_word' id='word_1_553' title='bbox 583 3785 642 3838; x_wconf 91' lang='lat' dir='ltr'><strong>et</strong></span> <span class='ocrx_word' id='word_1_554' title='bbox 658 3784 768 3838; x_wconf 91' lang='lat' dir='ltr'><strong>hoc</strong></span> <span class='ocrx_word' id='word_1_555' title='bbox 780 3780 1059 3837; x_wconf 85' lang='lat' dir='ltr'><strong>enarrctis</strong></span> <span class='ocrx_word' id='word_1_556' title='bbox 1080 3797 1184 3853; x_wconf 91' lang='lat' dir='ltr'><strong>per</strong></span> <span class='ocrx_word' id='word_1_557' title='bbox 1199 3779 1544 3852; x_wconf 87' lang='lat' dir='ltr'><strong>progeniem</strong></span> <span class='ocrx_word' id='word_1_558' title='bbox 1559 3779 1824 3845; x_wconf 89' lang='lat' dir='ltr'><strong>alteram,</strong></span> 
     </span>
    </p>
   </div>
   <div class='ocr_carea' id='block_1_72' title="bbox 212 3867 1829 3941">
    <p class='ocr_par' dir='ltr' id='par_1_72' title="bbox 212 3867 1829 3941">
     <span class='ocr_line' id='line_1_72' title="bbox 212 3867 1829 3941; baseline -0.007 -9"><span class='ocrx_word' id='word_1_559' title='bbox 212 3877 274 3933; x_wconf 88' lang='lat' dir='ltr'><strong>id</strong></span> <span class='ocrx_word' id='word_1_560' title='bbox 321 3878 425 3941; x_wconf 91' lang='lat' dir='ltr'><strong>est,</strong></span> <span class='ocrx_word' id='word_1_561' title='bbox 458 3875 567 3929; x_wconf 89' lang='lat' dir='ltr'><strong>hoc</strong></span> <span class='ocrx_word' id='word_1_562' title='bbox 597 3874 933 3927; x_wconf 88' lang='lat' dir='ltr'><strong>enarratum</strong></span> <span class='ocrx_word' id='word_1_563' title='bbox 974 3870 1184 3924; x_wconf 89' lang='lat' dir='ltr'><strong>avobis</strong></span> <span class='ocrx_word' id='word_1_564' title='bbox 1240 3871 1475 3923; x_wconf 85' lang='lat' dir='ltr'><strong>enarret</strong></span> <span class='ocrx_word' id='word_1_565' title='bbox 1519 3867 1829 3940; x_wconf 86' lang='lat' dir='ltr'><strong>progenies</strong></span> 
     </span>
    </p>
   </div>
   <div class='ocr_carea' id='block_1_73' title="bbox 211 3957 1829 4029">
    <p class='ocr_par' dir='ltr' id='par_1_73' title="bbox 211 3957 1829 4029">
     <span class='ocr_line' id='line_1_73' title="bbox 211 3957 1829 4029; baseline -0.007 -8"><span class='ocrx_word' id='word_1_566' title='bbox 211 3967 416 4021; x_wconf 84' lang='lat' dir='ltr'><strong>altera.</strong></span> <span class='ocrx_word' id='word_1_567' title='bbox 451 3961 721 4029; x_wconf 85' lang='lat' dir='ltr'><strong>Quoniam</strong></span> <span class='ocrx_word' id='word_1_568' title='bbox 749 3961 859 4026; x_wconf 83' lang='lat' dir='ltr'><strong>hic,</strong></span> <span class='ocrx_word' id='word_1_569' title='bbox 900 3959 960 4013; x_wconf 91' lang='lat' dir='ltr'><strong>id</strong></span> <span class='ocrx_word' id='word_1_570' title='bbox 989 3958 1149 4013; x_wconf 88' lang='lat' dir='ltr'><strong>estin</strong></span> <span class='ocrx_word' id='word_1_571' title='bbox 1173 3957 1438 4023; x_wconf 88' lang='lat' dir='ltr'><strong>Ecclesia,</strong></span> <span class='ocrx_word' id='word_1_572' title='bbox 1471 3964 1545 4009; x_wconf 87' lang='lat' dir='ltr'><strong>est</strong></span> <span class='ocrx_word' id='word_1_573' title='bbox 1567 3958 1742 4023; x_wconf 83' lang='lat' dir='ltr'><strong>Deus;</strong></span> <span class='ocrx_word' id='word_1_574' title='bbox 1771 3959 1829 4010; x_wconf 90' lang='lat' dir='ltr'><strong>et</strong></span> 
     </span>
    </p>
   </div>
   <div class='ocr_carea' id='block_1_74' title="bbox 214 4045 1830 4118">
    <p class='ocr_par' dir='ltr' id='par_1_74' title="bbox 214 4045 1830 4118">
     <span class='ocr_line' id='line_1_74' title="bbox 214 4045 1830 4118; baseline -0.007 -8"><span class='ocrx_word' id='word_1_575' title='bbox 214 4071 341 4110; x_wconf 89' lang='lat' dir='ltr'><strong>non</strong></span> <span class='ocrx_word' id='word_1_576' title='bbox 382 4051 621 4118; x_wconf 90' lang='lat' dir='ltr'><strong>alienus,</strong></span> <span class='ocrx_word' id='word_1_577' title='bbox 674 4049 775 4105; x_wconf 89' lang='lat' dir='ltr'><strong>sed</strong></span> <span class='ocrx_word' id='word_1_578' title='bbox 815 4047 960 4101; x_wconf 87' lang='lat' dir='ltr'><strong>Deus</strong></span> <span class='ocrx_word' id='word_1_579' title='bbox 1001 4053 1174 4101; x_wconf 86' lang='lat' dir='ltr'><strong>noster</strong></span> <span class='ocrx_word' id='word_1_580' title='bbox 1230 4045 1531 4111; x_wconf 86' lang='lat' dir='ltr'><strong>Christus;</strong></span> <span class='ocrx_word' id='word_1_581' title='bbox 1564 4060 1742 4116; x_wconf 90' lang='lat' dir='ltr'><strong>usque</strong></span> <span class='ocrx_word' id='word_1_582' title='bbox 1774 4046 1830 4098; x_wconf 90' lang='lat' dir='ltr'><strong>in</strong></span> 
     </span>
    </p>
   </div>
   <div class='ocr_carea' id='block_1_75' title="bbox 211 4133 1829 4210">
    <p class='ocr_par' dir='ltr' id='par_1_75' title="bbox 211 4133 1829 4210">
     <span class='ocr_line' id='line_1_75' title="bbox 211 4133 1829 4210; baseline -0.007 -13"><span class='ocrx_word' id='word_1_583' title='bbox 211 4149 499 4208; x_wconf 69' lang='lat' dir='ltr'><strong>aeternum,</strong></span> <span class='ocrx_word' id='word_1_584' title='bbox 520 4139 581 4195; x_wconf 92' lang='lat' dir='ltr'><strong>id</strong></span> <span class='ocrx_word' id='word_1_585' title='bbox 606 4141 691 4193; x_wconf 91' lang='lat' dir='ltr'><strong>est</strong></span> <span class='ocrx_word' id='word_1_586' title='bbox 721 4136 979 4210; x_wconf 84' lang='lat' dir='ltr'><strong>quandiu</strong></span> <span class='ocrx_word' id='word_1_587' title='bbox 1003 4135 1253 4189; x_wconf 85' lang='lat' dir='ltr'><strong>mundus</strong></span> <span class='ocrx_word' id='word_1_588' title='bbox 1290 4133 1395 4187; x_wconf 87' lang='lat' dir='ltr'><strong>iste</strong></span> <span class='ocrx_word' id='word_1_589' title='bbox 1446 4133 1678 4188; x_wconf 88' lang='lat' dir='ltr'><strong>durabit</strong></span> <span class='ocrx_word' id='word_1_590' title='bbox 1709 4149 1722 4188; x_wconf 90' lang='lat'><strong>:</strong></span> <span class='ocrx_word' id='word_1_591' title='bbox 1779 4139 1829 4186; x_wconf 90' lang='lat' dir='ltr'><strong>et</strong></span> 
     </span>
    </p>
   </div>
   <div class='ocr_carea' id='block_1_76' title="bbox 214 4221 1825 4303">
    <p class='ocr_par' dir='ltr' id='par_1_76' title="bbox 214 4221 1825 4303">
     <span class='ocr_line' id='line_1_76' title="bbox 214 4221 1825 4303; baseline -0.008 -16"><span class='ocrx_word' id='word_1_592' title='bbox 214 4248 384 4303; x_wconf 84' lang='lat' dir='ltr'><strong>usque</strong></span> <span class='ocrx_word' id='word_1_593' title='bbox 406 4231 467 4285; x_wconf 81' lang='lat' dir='ltr'><strong>in</strong></span> <span class='ocrx_word' id='word_1_594' title='bbox 497 4227 749 4283; x_wconf 66' lang='lat' dir='ltr'><strong>saeculum</strong></span> <span class='ocrx_word' id='word_1_595' title='bbox 783 4225 966 4280; x_wconf 55' lang='lat' dir='ltr'><strong>saeculi</strong></span> <span class='ocrx_word' id='word_1_596' title='bbox 1004 4224 1174 4294; x_wconf 84' lang='lat' dir='ltr'><strong>hujus</strong></span> <span class='ocrx_word' id='word_1_597' title='bbox 1201 4221 1645 4287; x_wconf 89' lang='lat' dir='ltr'><strong>subsecutivum,</strong></span> <span class='ocrx_word' id='word_1_598' title='bbox 1679 4238 1825 4275; x_wconf 88' lang='lat' dir='ltr'><strong>nun-</strong></span> 
     </span>
    </p>
   </div>
   <div class='ocr_carea' id='block_1_77' title="bbox 1923 3158 3539 3234">
    <p class='ocr_par' dir='ltr' id='par_1_77' title="bbox 1923 3158 3539 3234">
     <span class='ocr_line' id='line_1_77' title="bbox 1923 3158 3539 3234; baseline 0 -19"><span class='ocrx_word' id='word_1_599' title='bbox 1923 3160 2015 3215; x_wconf 91' lang='lat' dir='ltr'><strong>nis</strong></span> <span class='ocrx_word' id='word_1_600' title='bbox 2056 3159 2244 3215; x_wconf 88' lang='lat' dir='ltr'><strong>adhuc</strong></span> <span class='ocrx_word' id='word_1_601' title='bbox 2275 3158 2643 3228; x_wconf 64' lang='lat' dir='ltr'><strong>inhaerentes,</strong></span> <span class='ocrx_word' id='word_1_602' title='bbox 2684 3160 2781 3232; x_wconf 90' lang='lat' dir='ltr'><strong>qui</strong></span> <span class='ocrx_word' id='word_1_603' title='bbox 2812 3160 3134 3232; x_wconf 89' lang='lat' dir='ltr'><strong>imperfecti</strong></span> <span class='ocrx_word' id='word_1_604' title='bbox 3164 3162 3332 3218; x_wconf 90' lang='lat' dir='ltr'><strong>estis:</strong></span> <span class='ocrx_word' id='word_1_605' title='bbox 3368 3161 3539 3234; x_wconf 84' lang='lat' dir='ltr'><strong>et/ilii</strong></span> 
     </span>
    </p>
   </div>
   <div class='ocr_carea' id='block_1_78' title="bbox 1925 3247 3540 3325">
    <p class='ocr_par' dir='ltr' id='par_1_78' title="bbox 1925 3247 3540 3325">
     <span class='ocr_line' id='line_1_78' title="bbox 1925 3247 3540 3325; baseline 0.003 -23"><span class='ocrx_word' id='word_1_606' title='bbox 1925 3250 2238 3316; x_wconf 86' lang='lat' dir='ltr'><strong>hominum,</strong></span> <span class='ocrx_word' id='word_1_607' title='bbox 2276 3247 2333 3303; x_wconf 93' lang='lat' dir='ltr'><strong>id</strong></span> <span class='ocrx_word' id='word_1_608' title='bbox 2364 3251 2448 3303; x_wconf 89' lang='lat' dir='ltr'><strong>est</strong></span> <span class='ocrx_word' id='word_1_609' title='bbox 2474 3248 2699 3304; x_wconf 87' lang='lat' dir='ltr'><strong>ratione</strong></span> <span class='ocrx_word' id='word_1_610' title='bbox 2749 3253 2976 3304; x_wconf 89' lang='lat' dir='ltr'><strong>utentes</strong></span> <span class='ocrx_word' id='word_1_611' title='bbox 3028 3254 3091 3305; x_wconf 90' lang='lat' dir='ltr'><strong>ut</strong></span> <span class='ocrx_word' id='word_1_612' title='bbox 3119 3250 3406 3318; x_wconf 89' lang='lat' dir='ltr'><strong>homines,</strong></span> <span class='ocrx_word' id='word_1_613' title='bbox 3439 3251 3540 3325; x_wconf 90' lang='lat' dir='ltr'><strong>qui</strong></span> 
     </span>
    </p>
   </div>
   <div class='ocr_carea' id='block_1_79' title="bbox 1926 3336 3538 3412">
    <p class='ocr_par' dir='ltr' id='par_1_79' title="bbox 1926 3336 3538 3412">
     <span class='ocr_line' id='line_1_79' title="bbox 1926 3336 3538 3412; baseline 0.002 -21"><span class='ocrx_word' id='word_1_614' title='bbox 1926 3337 2169 3409; x_wconf 90' lang='lat' dir='ltr'><strong>perfecti</strong></span> <span class='ocrx_word' id='word_1_615' title='bbox 2192 3336 2356 3401; x_wconf 88' lang='lat' dir='ltr'><strong>estis;</strong></span> <span class='ocrx_word' id='word_1_616' title='bbox 2379 3341 2436 3391; x_wconf 89' lang='lat' dir='ltr'><strong>et</strong></span> <span class='ocrx_word' id='word_1_617' title='bbox 2466 3354 2583 3392; x_wconf 92' lang='lat' dir='ltr'><strong>non</strong></span> <span class='ocrx_word' id='word_1_618' title='bbox 2598 3338 2966 3394; x_wconf 90' lang='lat' dir='ltr'><strong>solummodo</strong></span> <span class='ocrx_word' id='word_1_619' title='bbox 2991 3338 3301 3394; x_wconf 87' lang='lat' dir='ltr'><strong>divitesaut</strong></span> <span class='ocrx_word' id='word_1_620' title='bbox 3326 3356 3538 3412; x_wconf 88' lang='lat' dir='ltr'><strong>paupe-</strong></span> 
     </span>
    </p>
   </div>
   <div class='ocr_carea' id='block_1_80' title="bbox 1927 3424 3526 3500">
    <p class='ocr_par' dir='ltr' id='par_1_80' title="bbox 1927 3424 3526 3500">
     <span class='ocr_line' id='line_1_80' title="bbox 1927 3424 3526 3500; baseline 0.002 -20"><span class='ocrx_word' id='word_1_621' title='bbox 1927 3442 2038 3492; x_wconf 90' lang='lat' dir='ltr'><strong>res,</strong></span> <span class='ocrx_word' id='word_1_622' title='bbox 2070 3424 2171 3479; x_wconf 91' lang='lat' dir='ltr'><strong>sed</strong></span> <span class='ocrx_word' id='word_1_623' title='bbox 2203 3428 2261 3479; x_wconf 91' lang='lat' dir='ltr'><strong>et</strong></span> <span class='ocrx_word' id='word_1_624' title='bbox 2290 3425 2399 3479; x_wconf 93' lang='lat' dir='ltr'><strong>hoc</strong></span> <span class='ocrx_word' id='word_1_625' title='bbox 2430 3425 2627 3480; x_wconf 89' lang='lat' dir='ltr'><strong>audiat</strong></span> <span class='ocrx_word' id='word_1_626' title='bbox 2654 3426 2816 3494; x_wconf 86' lang='lat' dir='ltr'><strong>dives,</strong></span> <span class='ocrx_word' id='word_1_627' title='bbox 2850 3434 2899 3481; x_wconf 90' lang='lat' dir='ltr'><strong>et</strong></span> <span class='ocrx_word' id='word_1_628' title='bbox 2927 3427 3036 3482; x_wconf 91' lang='lat' dir='ltr'><strong>hoc</strong></span> <span class='ocrx_word' id='word_1_629' title='bbox 3067 3428 3263 3483; x_wconf 88' lang='lat' dir='ltr'><strong>audiat</strong></span> <span class='ocrx_word' id='word_1_630' title='bbox 3271 3445 3482 3500; x_wconf 83' lang='lat' dir='ltr'><strong>pauper</strong></span> <span class='ocrx_word' id='word_1_631' title='bbox 3512 3444 3526 3483; x_wconf 92' lang='lat'><strong>:</strong></span> 
     </span>
    </p>
   </div>
   <div class='ocr_carea' id='block_1_81' title="bbox 1928 3512 3538 3584">
    <p class='ocr_par' dir='ltr' id='par_1_81' title="bbox 1928 3512 3538 3584">
     <span class='ocr_line' id='line_1_81' title="bbox 1928 3512 3538 3584; baseline 0.003 -18"><span class='ocrx_word' id='word_1_632' title='bbox 1928 3512 1986 3567; x_wconf 91' lang='lat' dir='ltr'><strong>in</strong></span> <span class='ocrx_word' id='word_1_633' title='bbox 2018 3530 2198 3566; x_wconf 91' lang='lat' dir='ltr'><strong>unum</strong></span> <span class='ocrx_word' id='word_1_634' title='bbox 2220 3512 2542 3568; x_wconf 77' lang='lat' dir='ltr'><strong>concordiae</strong></span> <span class='ocrx_word' id='word_1_635' title='bbox 2573 3514 2784 3581; x_wconf 90' lang='lat' dir='ltr'><strong>eundo,</strong></span> <span class='ocrx_word' id='word_1_636' title='bbox 2817 3514 2875 3568; x_wconf 90' lang='lat' dir='ltr'><strong>id</strong></span> <span class='ocrx_word' id='word_1_637' title='bbox 2894 3532 3010 3571; x_wconf 90' lang='lat' dir='ltr'><strong>non</strong></span> <span class='ocrx_word' id='word_1_638' title='bbox 3038 3516 3273 3570; x_wconf 69' lang='lat' dir='ltr'><strong>remisse</strong></span> <span class='ocrx_word' id='word_1_639' title='bbox 3291 3533 3456 3584; x_wconf 89' lang='lat' dir='ltr'><strong>unus,</strong></span> <span class='ocrx_word' id='word_1_640' title='bbox 3479 3520 3538 3571; x_wconf 91' lang='lat' dir='ltr'><strong>et</strong></span> 
     </span>
    </p>
   </div>
   <div class='ocr_carea' id='block_1_82' title="bbox 1930 3600 3536 3675">
    <p class='ocr_par' dir='ltr' id='par_1_82' title="bbox 1930 3600 3536 3675">
     <span class='ocr_line' id='line_1_82' title="bbox 1930 3600 3536 3675; baseline 0.002 -20"><span class='ocrx_word' id='word_1_641' title='bbox 1930 3601 2150 3655; x_wconf 89' lang='lat' dir='ltr'><strong>intente</strong></span> <span class='ocrx_word' id='word_1_642' title='bbox 2190 3600 2351 3667; x_wconf 89' lang='lat' dir='ltr'><strong>alius,</strong></span> <span class='ocrx_word' id='word_1_643' title='bbox 2382 3601 2481 3656; x_wconf 91' lang='lat' dir='ltr'><strong>sed</strong></span> <span class='ocrx_word' id='word_1_644' title='bbox 2509 3602 2681 3655; x_wconf 87' lang='lat' dir='ltr'><strong>ambo</strong></span> <span class='ocrx_word' id='word_1_645' title='bbox 2702 3601 2944 3656; x_wconf 90' lang='lat' dir='ltr'><strong>intente.</strong></span> <span class='ocrx_word' id='word_1_646' title='bbox 2976 3605 3140 3658; x_wconf 82' lang='lat' dir='ltr'><strong>Dives</strong></span> <span class='ocrx_word' id='word_1_647' title='bbox 3168 3603 3405 3675; x_wconf 85' lang='lat' dir='ltr'><strong>quidem</strong></span> <span class='ocrx_word' id='word_1_648' title='bbox 3437 3621 3536 3658; x_wconf 87' lang='lat' dir='ltr'><strong>au-</strong></span> 
     </span>
    </p>
   </div>
   <div class='ocr_carea' id='block_1_83' title="bbox 1931 3688 3537 3761">
    <p class='ocr_par' dir='ltr' id='par_1_83' title="bbox 1931 3688 3537 3761">
     <span class='ocr_line' id='line_1_83' title="bbox 1931 3688 3537 3761; baseline 0.002 -17"><span class='ocrx_word' id='word_1_649' title='bbox 1931 3690 2070 3757; x_wconf 87' lang='lat' dir='ltr'><strong>diat,</strong></span> <span class='ocrx_word' id='word_1_650' title='bbox 2102 3691 2165 3743; x_wconf 91' lang='lat' dir='ltr'><strong>ut</strong></span> <span class='ocrx_word' id='word_1_651' title='bbox 2191 3688 2373 3743; x_wconf 90' lang='lat' dir='ltr'><strong>discat</strong></span> <span class='ocrx_word' id='word_1_652' title='bbox 2404 3688 2463 3742; x_wconf 91' lang='lat' dir='ltr'><strong>in</strong></span> <span class='ocrx_word' id='word_1_653' title='bbox 2496 3689 2703 3743; x_wconf 85' lang='lat' dir='ltr'><strong>divitiis</strong></span> <span class='ocrx_word' id='word_1_654' title='bbox 2734 3706 2850 3744; x_wconf 86' lang='lat' dir='ltr'><strong>non</strong></span> <span class='ocrx_word' id='word_1_655' title='bbox 2896 3691 3152 3761; x_wconf 86' lang='lat' dir='ltr'><strong>gloriari,</strong></span> <span class='ocrx_word' id='word_1_656' title='bbox 3180 3708 3312 3746; x_wconf 91' lang='lat' dir='ltr'><strong>cum</strong></span> <span class='ocrx_word' id='word_1_657' title='bbox 3343 3695 3537 3748; x_wconf 87' lang='lat' dir='ltr'><strong>osten-</strong></span> 
     </span>
    </p>
   </div>
   <div class='ocr_carea' id='block_1_84' title="bbox 1930 3776 3536 3849">
    <p class='ocr_par' dir='ltr' id='par_1_84' title="bbox 1930 3776 3536 3849">
     <span class='ocr_line' id='line_1_84' title="bbox 1930 3776 3536 3849; baseline 0.001 -17"><span class='ocrx_word' id='word_1_658' title='bbox 1930 3778 2068 3833; x_wconf 91' lang='lat' dir='ltr'><strong>dero</strong></span> <span class='ocrx_word' id='word_1_659' title='bbox 2100 3794 2195 3831; x_wconf 91' lang='lat' dir='ltr'><strong>eas</strong></span> <span class='ocrx_word' id='word_1_660' title='bbox 2218 3776 2655 3831; x_wconf 85' lang='lat' dir='ltr'><strong>damnationem</strong></span> <span class='ocrx_word' id='word_1_661' title='bbox 2673 3777 2918 3848; x_wconf 91' lang='lat' dir='ltr'><strong>operari,</strong></span> <span class='ocrx_word' id='word_1_662' title='bbox 2926 3778 3051 3847; x_wconf 88' lang='lat' dir='ltr'><strong>plus</strong></span> <span class='ocrx_word' id='word_1_663' title='bbox 3065 3795 3240 3849; x_wconf 90' lang='lat' dir='ltr'><strong>quam</strong></span> <span class='ocrx_word' id='word_1_664' title='bbox 3270 3779 3536 3836; x_wconf 88' lang='lat' dir='ltr'><strong>salutem.</strong></span> 
     </span>
    </p>
   </div>
   <div class='ocr_carea' id='block_1_85' title="bbox 1926 3863 3537 3939">
    <p class='ocr_par' dir='ltr' id='par_1_85' title="bbox 1926 3863 3537 3939">
     <span class='ocr_line' id='line_1_85' title="bbox 1926 3863 3537 3939; baseline 0.001 -20"><span class='ocrx_word' id='word_1_665' title='bbox 1926 3864 2142 3936; x_wconf 81' lang='lat' dir='ltr'><strong>Pauper</strong></span> <span class='ocrx_word' id='word_1_666' title='bbox 2155 3867 2438 3931; x_wconf 89' lang='lat' dir='ltr'><strong>autem,ut</strong></span> <span class='ocrx_word' id='word_1_667' title='bbox 2459 3865 2581 3918; x_wconf 67' lang='lat' dir='ltr'><strong>haec</strong></span> <span class='ocrx_word' id='word_1_668' title='bbox 2603 3864 2806 3918; x_wconf 88' lang='lat' dir='ltr'><strong>eadem</strong></span> <span class='ocrx_word' id='word_1_669' title='bbox 2821 3863 3276 3933; x_wconf 90' lang='lat' dir='ltr'><strong>intendendo,de</strong></span> <span class='ocrx_word' id='word_1_670' title='bbox 3289 3882 3537 3939; x_wconf 90' lang='lat' dir='ltr'><strong>pauper-</strong></span> 
     </span>
    </p>
   </div>
   <div class='ocr_carea' id='block_1_86' title="bbox 1928 3962 3539 4034">
    <p class='ocr_par' dir='ltr' id='par_1_86' title="bbox 1928 3962 3539 4034">
     <span class='ocr_line' id='line_1_86' title="bbox 1928 3962 3539 4034; baseline 0.001 -15"><span class='ocrx_word' id='word_1_671' title='bbox 1928 3968 2049 4020; x_wconf 88' lang='lat' dir='ltr'><strong>tate</strong></span> <span class='ocrx_word' id='word_1_672' title='bbox 2079 3963 2430 4031; x_wconf 85' lang='lat' dir='ltr'><strong>consoletur,</strong></span> <span class='ocrx_word' id='word_1_673' title='bbox 2461 3962 2684 4017; x_wconf 88' lang='lat' dir='ltr'><strong>divitias</strong></span> <span class='ocrx_word' id='word_1_674' title='bbox 2706 3963 3059 4034; x_wconf 89' lang='lat' dir='ltr'><strong>spernendo.</strong></span> <span class='ocrx_word' id='word_1_675' title='bbox 3102 3964 3311 4020; x_wconf 83' lang='lat' dir='ltr'><strong>Reddit</strong></span> <span class='ocrx_word' id='word_1_676' title='bbox 3342 3970 3539 4022; x_wconf 87' lang='lat' dir='ltr'><strong>autem</strong></span> 
     </span>
    </p>
   </div>
   <div class='ocr_carea' id='block_1_87' title="bbox 1928 4050 3538 4121">
    <p class='ocr_par' dir='ltr' id='par_1_87' title="bbox 1928 4050 3538 4121">
     <span class='ocr_line' id='line_1_87' title="bbox 1928 4050 3538 4121; baseline 0.001 -13"><span class='ocrx_word' id='word_1_677' title='bbox 1928 4068 2027 4108; x_wconf 89' lang='lat' dir='ltr'><strong>eos</strong></span> <span class='ocrx_word' id='word_1_678' title='bbox 2055 4052 2128 4107; x_wconf 88' lang='lat' dir='ltr'><strong>ad</strong></span> <span class='ocrx_word' id='word_1_679' title='bbox 2159 4051 2511 4106; x_wconf 90' lang='lat' dir='ltr'><strong>audiendum</strong></span> <span class='ocrx_word' id='word_1_680' title='bbox 2530 4050 2805 4119; x_wconf 90' lang='lat' dir='ltr'><strong>intentos,</strong></span> <span class='ocrx_word' id='word_1_681' title='bbox 2828 4051 2941 4107; x_wconf 86' lang='lat' dir='ltr'><strong>sic:</strong></span> <span class='ocrx_word' id='word_1_682' title='bbox 2967 4052 3317 4121; x_wconf 86' lang='lat' dir='ltr'><strong>Dixi,audite,</strong></span> <span class='ocrx_word' id='word_1_683' title='bbox 3347 4057 3405 4110; x_wconf 90' lang='lat' dir='ltr'><strong>et</strong></span> <span class='ocrx_word' id='word_1_684' title='bbox 3436 4072 3538 4110; x_wconf 89' lang='lat' dir='ltr'><strong>au-</strong></span> 
     </span>
    </p>
   </div>
   <div class='ocr_carea' id='block_1_88' title="bbox 1930 4139 3539 4211">
    <p class='ocr_par' dir='ltr' id='par_1_88' title="bbox 1930 4139 3539 4211">
     <span class='ocr_line' id='line_1_88' title="bbox 1930 4139 3539 4211; baseline 0.002 -16"><span class='ocrx_word' id='word_1_685' title='bbox 1930 4140 2171 4195; x_wconf 89' lang='lat' dir='ltr'><strong>diendus</strong></span> <span class='ocrx_word' id='word_1_686' title='bbox 2199 4140 2488 4194; x_wconf 83' lang='lat' dir='ltr'><strong>sum.Non</strong></span> <span class='ocrx_word' id='word_1_687' title='bbox 2515 4139 2835 4194; x_wconf 88' lang='lat' dir='ltr'><strong>enimvana</strong></span> <span class='ocrx_word' id='word_1_688' title='bbox 2864 4141 3069 4211; x_wconf 89' lang='lat' dir='ltr'><strong>loquar</strong></span> <span class='ocrx_word' id='word_1_689' title='bbox 3082 4144 3139 4195; x_wconf 93' lang='lat' dir='ltr'><strong>et</strong></span> <span class='ocrx_word' id='word_1_690' title='bbox 3168 4140 3412 4211; x_wconf 89' lang='lat' dir='ltr'><strong>inutilia,</strong></span> <span class='ocrx_word' id='word_1_691' title='bbox 3438 4143 3539 4199; x_wconf 90' lang='lat' dir='ltr'><strong>sed</strong></span> 
     </span>
    </p>
   </div>
   <div class='ocr_carea' id='block_1_89' title="bbox 1928 4228 3541 4303">
    <p class='ocr_par' dir='ltr' id='par_1_89' title="bbox 1928 4228 3541 4303">
     <span class='ocr_line' id='line_1_89' title="bbox 1928 4228 3541 4303; baseline 0.001 -19"><span class='ocrx_word' id='word_1_692' title='bbox 1928 4248 1982 4284; x_wconf 87' lang='lat' dir='ltr'><strong>os</strong></span> <span class='ocrx_word' id='word_1_693' title='bbox 2013 4247 2187 4284; x_wconf 88' lang='lat' dir='ltr'><strong>meum</strong></span> <span class='ocrx_word' id='word_1_694' title='bbox 2215 4229 2456 4300; x_wconf 81' lang='lat' dir='ltr'><strong>loquetur</strong></span> <span class='ocrx_word' id='word_1_695' title='bbox 2493 4230 2833 4300; x_wconf 81' lang='lat' dir='ltr'><strong>sapientiam,</strong></span> <span class='ocrx_word' id='word_1_696' title='bbox 2865 4228 2927 4283; x_wconf 91' lang='lat' dir='ltr'><strong>id</strong></span> <span class='ocrx_word' id='word_1_697' title='bbox 2954 4232 3041 4283; x_wconf 91' lang='lat' dir='ltr'><strong>est</strong></span> <span class='ocrx_word' id='word_1_698' title='bbox 3072 4231 3184 4284; x_wconf 88' lang='lat' dir='ltr'><strong>tale</strong></span> <span class='ocrx_word' id='word_1_699' title='bbox 3215 4230 3353 4302; x_wconf 89' lang='lat' dir='ltr'><strong>quid</strong></span> <span class='ocrx_word' id='word_1_700' title='bbox 3384 4232 3541 4303; x_wconf 90' lang='lat' dir='ltr'><strong>quod</strong></span> 
     </span>
    </p>
   </div>
   <div class='ocr_carea' id='block_1_90' title="bbox 215 4285 3538 4392">
    <p class='ocr_par' dir='ltr' id='par_1_90' title="bbox 215 4285 3538 4392">
     <span class='ocr_line' id='line_1_90' title="bbox 215 4285 3538 4392; baseline -0.003 -18"><span class='ocrx_word' id='word_1_701' title='bbox 215 4335 399 4392; x_wconf 86' lang='lat' dir='ltr'><strong>quam</strong></span> <span class='ocrx_word' id='word_1_702' title='bbox 421 4317 756 4372; x_wconf 89' lang='lat' dir='ltr'><strong>dimissurus</strong></span> <span class='ocrx_word' id='word_1_703' title='bbox 784 4330 938 4368; x_wconf 88' lang='lat' dir='ltr'><strong>eam.</strong></span> <span class='ocrx_word' id='word_1_704' title='bbox 974 4312 1042 4366; x_wconf 90' lang='lat' dir='ltr'><strong>Et</strong></span> <span class='ocrx_word' id='word_1_705' title='bbox 1067 4328 1184 4366; x_wconf 90' lang='lat' dir='ltr'><strong>non</strong></span> <span class='ocrx_word' id='word_1_706' title='bbox 1203 4310 1280 4364; x_wconf 88' lang='lat' dir='ltr'><strong>sic</strong></span> <span class='ocrx_word' id='word_1_707' title='bbox 1305 4314 1389 4364; x_wconf 88' lang='lat' dir='ltr'><strong>est</strong></span> <span class='ocrx_word' id='word_1_708' title='bbox 1416 4310 1475 4364; x_wconf 92' lang='lat' dir='ltr'><strong>in</strong></span> <span class='ocrx_word' id='word_1_709' title='bbox 1504 4309 1827 4379; x_wconf 86' lang='lat' dir='ltr'><strong>ea,utnihil</strong></span> <span class='ocrx_word' id='word_1_710' title='bbox 1850 4285 1903 4343; x_wconf 84' lang='lat' dir='ltr'><strong>D</strong></span> <span class='ocrx_word' id='word_1_711' title='bbox 1929 4319 2001 4373; x_wconf 65' lang='lat' dir='ltr'><strong>ad</strong></span> <span class='ocrx_word' id='word_1_712' title='bbox 2031 4318 2355 4388; x_wconf 76' lang='lat' dir='ltr'><strong>sapientem</strong></span> <span class='ocrx_word' id='word_1_713' title='bbox 2383 4316 2558 4371; x_wconf 81' lang='lat' dir='ltr'><strong>vitam</strong></span> <span class='ocrx_word' id='word_1_714' title='bbox 2576 4316 2884 4386; x_wconf 81' lang='lat' dir='ltr'><strong>pertinebit</strong></span> <span class='ocrx_word' id='word_1_715' title='bbox 2915 4333 2928 4370; x_wconf 75' lang='grc' dir='ltr'>ε</span> <span class='ocrx_word' id='word_1_716' title='bbox 2961 4318 3129 4372; x_wconf 80' lang='lat' dir='ltr'><strong>ethoc</strong></span> <span class='ocrx_word' id='word_1_717' title='bbox 3156 4334 3273 4372; x_wconf 76' lang='lat' dir='ltr'><strong>non</strong></span> <span class='ocrx_word' id='word_1_718' title='bbox 3304 4318 3538 4392; x_wconf 61' lang='lat' dir='ltr'><strong>impmg-</strong></span> 
     </span>
    </p>
   </div>
   <div class='ocr_carea' id='block_1_91' title="bbox 215 4402 1825 4480">
    <p class='ocr_par' dir='ltr' id='par_1_91' title="bbox 215 4402 1825 4480">
     <span class='ocr_line' id='line_1_91' title="bbox 215 4402 1825 4480; baseline -0.006 -17"><span class='ocrx_word' id='word_1_719' title='bbox 215 4408 299 4463; x_wconf 87' lang='lat' dir='ltr'><strong>ibi</strong></span> <span class='ocrx_word' id='word_1_720' title='bbox 320 4409 627 4480; x_wconf 88' lang='lat' dir='ltr'><strong>operetur;</strong></span> <span class='ocrx_word' id='word_1_721' title='bbox 660 4404 761 4459; x_wconf 90' lang='lat' dir='ltr'><strong>sed</strong></span> <span class='ocrx_word' id='word_1_722' title='bbox 791 4402 912 4474; x_wconf 90' lang='lat' dir='ltr'><strong>ipse</strong></span> <span class='ocrx_word' id='word_1_723' title='bbox 938 4402 1094 4457; x_wconf 91' lang='lat' dir='ltr'><strong>idem</strong></span> <span class='ocrx_word' id='word_1_724' title='bbox 1126 4402 1501 4480; x_wconf 63' lang='lat' dir='ltr'><strong>Ile_1_1s_noster</strong></span> <span class='ocrx_word' id='word_1_725' title='bbox 1520 4402 1825 4469; x_wconf 88' lang='lat' dir='ltr'><strong>regetnos,</strong></span> 
     </span>
    </p>
   </div>
   <div class='ocr_carea' id='block_1_92' title="bbox 213 4472 1830 4564">
    <p class='ocr_par' dir='ltr' id='par_1_92' title="bbox 213 4472 1830 4564">
     <span class='ocr_line' id='line_1_92' title="bbox 213 4472 1830 4564; baseline -0.006 -12"><span class='ocrx_word' id='word_1_726' title='bbox 213 4514 293 4553; x_wconf 91' lang='lat' dir='ltr'><strong>ne</strong></span> <span class='ocrx_word' id='word_1_727' title='bbox 321 4513 355 4551; x_wconf 89' lang='lat' dir='ltr'><strong>a</strong></span> <span class='ocrx_word' id='word_1_728' title='bbox 386 4495 474 4551; x_wconf 89' lang='lat' dir='ltr'><strong>via</strong></span> <span class='ocrx_word' id='word_1_729' title='bbox 504 4512 605 4550; x_wconf 89' lang='lat' dir='ltr'><strong>sua</strong></span> <span class='ocrx_word' id='word_1_730' title='bbox 634 4493 1103 4564; x_wconf 89' lang='lat' dir='ltr'><strong>distorqueamur</strong></span> <span class='ocrx_word' id='word_1_731' title='bbox 1355 4486 1606 4559; x_wconf 90' lang='lat' dir='ltr'><strong>usquein</strong></span> <span class='ocrx_word' id='word_1_732' title='bbox 1623 4488 1830 4542; x_wconf 65' lang='lat' dir='ltr'><strong>saecula</strong></span> 
     </span>
    </p>
   </div>
   <div class='ocr_carea' id='block_1_93' title="bbox 214 4575 1831 4658">
    <p class='ocr_par' dir='ltr' id='par_1_93' title="bbox 214 4575 1831 4658">
     <span class='ocr_line' id='line_1_93' title="bbox 214 4575 1831 4658; baseline -0.007 -16"><span class='ocrx_word' id='word_1_733' title='bbox 214 4585 578 4658; x_wconf 89' lang='lat' dir='ltr'><strong>sempiterna</strong></span> <span class='ocrx_word' id='word_1_734' title='bbox 609 4599 622 4638; x_wconf 92' lang='lat'><strong>:</strong></span> <span class='ocrx_word' id='word_1_735' title='bbox 653 4584 763 4637; x_wconf 91' lang='lat' dir='ltr'><strong>hoc</strong></span> <span class='ocrx_word' id='word_1_736' title='bbox 793 4584 991 4636; x_wconf 87' lang='lat' dir='ltr'><strong>autem</strong></span> <span class='ocrx_word' id='word_1_737' title='bbox 1018 4577 1155 4633; x_wconf 91' lang='lat' dir='ltr'><strong>dicit</strong></span> <span class='ocrx_word' id='word_1_738' title='bbox 1171 4575 1506 4632; x_wconf 84' lang='lat' dir='ltr'><strong>utinfideles</strong></span> <span class='ocrx_word' id='word_1_739' title='bbox 1532 4592 1651 4631; x_wconf 90' lang='lat' dir='ltr'><strong>esse</strong></span> <span class='ocrx_word' id='word_1_740' title='bbox 1682 4576 1831 4631; x_wconf 87' lang='lat' dir='ltr'><strong>ﬁlios</strong></span> 
     </span>
    </p>
   </div>
   <div class='ocr_carea' id='block_1_94' title="bbox 217 4670 893 4745">
    <p class='ocr_par' dir='ltr' id='par_1_94' title="bbox 217 4670 893 4745">
     <span class='ocr_line' id='line_1_94' title="bbox 217 4670 893 4745; baseline -0.012 -15"><span class='ocrx_word' id='word_1_741' title='bbox 217 4674 487 4730; x_wconf 64' lang='lat' dir='ltr'><strong>Ecclesiae</strong></span> <span class='ocrx_word' id='word_1_742' title='bbox 518 4673 643 4745; x_wconf 88' lang='lat' dir='ltr'><strong>plus</strong></span> <span class='ocrx_word' id='word_1_743' title='bbox 672 4670 893 4725; x_wconf 89' lang='lat' dir='ltr'><strong>invitet.</strong></span> 
     </span>
    </p>
   </div>
   <div class='ocr_carea' id='block_1_95' title="bbox 695 4755 1367 4815">
    <p class='ocr_par' dir='ltr' id='par_1_95' title="bbox 695 4755 1367 4815">
     <span class='ocr_line' id='line_1_95' title="bbox 695 4755 1367 4815; baseline -0.01 -1"><span class='ocrx_word' id='word_1_744' title='bbox 695 4761 762 4815; x_wconf 84' lang='lat' dir='ltr'><strong>IN</strong></span> <span class='ocrx_word' id='word_1_745' title='bbox 794 4756 1119 4813; x_wconf 79' lang='lat' dir='ltr'><strong>PSALMUM</strong></span> <span class='ocrx_word' id='word_1_746' title='bbox 1143 4755 1367 4810; x_wconf 82' lang='lat' dir='ltr'><strong>XLVIII.</strong></span> 
     </span>
    </p>
   </div>
   <div class='ocr_carea' id='block_1_96' title="bbox 294 4841 1830 4923">
    <p class='ocr_par' dir='ltr' id='par_1_96' title="bbox 294 4841 1830 4923">
     <span class='ocr_line' id='line_1_96' title="bbox 294 4841 1830 4923; baseline -0.008 -14"><span class='ocrx_word' id='word_1_747' title='bbox 294 4853 509 4909; x_wconf 89' lang='lat' dir='ltr'><strong>Titulus</strong></span> <span class='ocrx_word' id='word_1_748' title='bbox 546 4849 940 4923; x_wconf 85' lang='lat' dir='ltr'><strong>quadragesimi</strong></span> <span class='ocrx_word' id='word_1_749' title='bbox 984 4848 1176 4901; x_wconf 86' lang='lat' dir='ltr'><strong>octavi.</strong></span> <span class='ocrx_word' id='word_1_750' title='bbox 1227 4844 1296 4898; x_wconf 89' lang='lat' dir='ltr'><strong>In</strong></span> <span class='ocrx_word' id='word_1_751' title='bbox 1320 4846 1480 4914; x_wconf 83' lang='lat' dir='ltr'><strong>ﬁnem</strong></span> <span class='ocrx_word' id='word_1_752' title='bbox 1523 4843 1652 4912; x_wconf 78' lang='lat' dir='ltr'><strong>ﬁliis</strong></span> <span class='ocrx_word' id='word_1_753' title='bbox 1676 4841 1830 4897; x_wconf 88' lang='lat' dir='ltr'><strong>Core.</strong></span> 
     </span>
    </p>
   </div>
   <div class='ocr_carea' id='block_1_97' title="bbox 219 4930 3537 5010">
    <p class='ocr_par' dir='ltr' id='par_1_97' title="bbox 219 4930 3537 5010">
     <span class='ocr_line' id='line_1_97' title="bbox 219 4930 3537 5010; baseline -0.004 -7"><span class='ocrx_word' id='word_1_754' title='bbox 219 4943 474 5003; x_wconf 83' lang='lat' dir='ltr'><strong>Psalmus</strong></span> <span class='ocrx_word' id='word_1_755' title='bbox 506 4938 706 5007; x_wconf 85' lang='lat' dir='ltr'><strong>David,</strong></span> <span class='ocrx_word' id='word_1_756' title='bbox 739 4937 895 5010; x_wconf 91' lang='lat' dir='ltr'><strong>quod</strong></span> <span class='ocrx_word' id='word_1_757' title='bbox 935 4935 1013 4990; x_wconf 91' lang='lat' dir='ltr'><strong>sic</strong></span> <span class='ocrx_word' id='word_1_758' title='bbox 1056 4934 1361 5007; x_wconf 87' lang='lat' dir='ltr'><strong>exponitur</strong></span> <span class='ocrx_word' id='word_1_759' title='bbox 1392 4950 1405 4987; x_wconf 94' lang='lat'><strong>:</strong></span> <span class='ocrx_word' id='word_1_760' title='bbox 1443 4933 1703 4986; x_wconf 86' lang='lat' dir='ltr'><strong>Psalmus</strong></span> <span class='ocrx_word' id='word_1_761' title='bbox 1730 4930 1834 4985; x_wconf 75' lang='lat' dir='ltr'><strong>iste</strong></span> <span class='ocrx_word' id='word_1_762' title='bbox 1933 4934 2234 4991; x_wconf 89' lang='lat' dir='ltr'><strong>lummodo</strong></span> <span class='ocrx_word' id='word_1_763' title='bbox 2272 4933 2505 5004; x_wconf 74' lang='lat' dir='ltr'><strong>hujusce</strong></span> <span class='ocrx_word' id='word_1_764' title='bbox 2554 4933 2853 4988; x_wconf 88' lang='lat' dir='ltr'><strong>locutionis</strong></span> <span class='ocrx_word' id='word_1_765' title='bbox 2882 4934 2991 4987; x_wconf 89' lang='lat' dir='ltr'><strong>erit</strong></span> <span class='ocrx_word' id='word_1_766' title='bbox 3033 4932 3482 4989; x_wconf 88' lang='lat' dir='ltr'><strong>instrumentum</strong></span> <span class='ocrx_word' id='word_1_767' title='bbox 3523 4954 3537 5006; x_wconf 87' lang='lat'><strong>;</strong></span> 
     </span>
    </p>
   </div>
   <div class='ocr_carea' id='block_1_98' title="bbox 223 5021 1837 5101">
    <p class='ocr_par' dir='ltr' id='par_1_98' title="bbox 223 5021 1837 5101">
     <span class='ocr_line' id='line_1_98' title="bbox 223 5021 1837 5101; baseline -0.008 -12"><span class='ocrx_word' id='word_1_768' title='bbox 223 5037 314 5090; x_wconf 87' lang='lat' dir='ltr'><strong>est</strong></span> <span class='ocrx_word' id='word_1_769' title='bbox 342 5030 515 5087; x_wconf 91' lang='lat' dir='ltr'><strong>David</strong></span> <span class='ocrx_word' id='word_1_770' title='bbox 550 5028 844 5101; x_wconf 65' lang='lat' dir='ltr'><strong>prophetae</strong></span> <span class='ocrx_word' id='word_1_771' title='bbox 865 5027 951 5085; x_wconf 88' lang='lat' dir='ltr'><strong>vel</strong></span> <span class='ocrx_word' id='word_1_772' title='bbox 975 5025 1390 5097; x_wconf 84' lang='lat' dir='ltr'><strong>apostolorum.</strong></span> <span class='ocrx_word' id='word_1_773' title='bbox 1415 5021 1596 5075; x_wconf 81' lang='lat' dir='ltr'><strong>David</strong></span> <span class='ocrx_word' id='word_1_774' title='bbox 1615 5021 1741 5076; x_wconf 83' lang='lat' dir='ltr'><strong>dico</strong></span> <span class='ocrx_word' id='word_1_775' title='bbox 1760 5022 1837 5076; x_wconf 92' lang='lat' dir='ltr'><strong>lo-</strong></span> 
     </span>
    </p>
   </div>
   <div class='ocr_carea' id='block_1_99' title="bbox 223 5110 1835 5195">
    <p class='ocr_par' dir='ltr' id='par_1_99' title="bbox 223 5110 1835 5195">
     <span class='ocr_line' id='line_1_99' title="bbox 223 5110 1835 5195; baseline -0.008 -20"><span class='ocrx_word' id='word_1_776' title='bbox 223 5119 457 5195; x_wconf 87' lang='lat' dir='ltr'><strong>quentis</strong></span> <span class='ocrx_word' id='word_1_777' title='bbox 486 5119 611 5187; x_wconf 68' lang='lat' dir='ltr'><strong>ﬁliis</strong></span> <span class='ocrx_word' id='word_1_778' title='bbox 642 5115 798 5183; x_wconf 86' lang='lat' dir='ltr'><strong>Core,</strong></span> <span class='ocrx_word' id='word_1_779' title='bbox 836 5118 899 5169; x_wconf 92' lang='lat' dir='ltr'><strong>ut</strong></span> <span class='ocrx_word' id='word_1_780' title='bbox 925 5115 1188 5169; x_wconf 87' lang='lat' dir='ltr'><strong>nitantur</strong></span> <span class='ocrx_word' id='word_1_781' title='bbox 1211 5129 1330 5166; x_wconf 81' lang='lat' dir='ltr'><strong>esse</strong></span> <span class='ocrx_word' id='word_1_782' title='bbox 1359 5110 1459 5165; x_wconf 82' lang='lat' dir='ltr'><strong>filii</strong></span> <span class='ocrx_word' id='word_1_783' title='bbox 1485 5128 1660 5183; x_wconf 85' lang='lat' dir='ltr'><strong>usque</strong></span> <span class='ocrx_word' id='word_1_784' title='bbox 1686 5111 1743 5163; x_wconf 89' lang='lat' dir='ltr'><strong>in</strong></span> <span class='ocrx_word' id='word_1_785' title='bbox 1769 5111 1835 5163; x_wconf 88' lang='lat' dir='ltr'><strong>fi-</strong></span> 
     </span>
    </p>
   </div>
   <div class='ocr_carea' id='block_1_100' title="bbox 227 5199 1834 5273">
    <p class='ocr_par' dir='ltr' id='par_1_100' title="bbox 227 5199 1834 5273">
     <span class='ocr_line' id='line_1_100' title="bbox 227 5199 1834 5273; baseline -0.009 -8"><span class='ocrx_word' id='word_1_786' title='bbox 227 5227 367 5266; x_wconf 86' lang='lat' dir='ltr'><strong>nem</strong></span> <span class='ocrx_word' id='word_1_787' title='bbox 396 5204 781 5271; x_wconf 80' lang='lat' dir='ltr'><strong>filiationis,id</strong></span> <span class='ocrx_word' id='word_1_788' title='bbox 813 5207 897 5258; x_wconf 85' lang='lat' dir='ltr'><strong>est</strong></span> <span class='ocrx_word' id='word_1_789' title='bbox 925 5204 979 5257; x_wconf 90' lang='lat' dir='ltr'><strong>in</strong></span> <span class='ocrx_word' id='word_1_790' title='bbox 1004 5205 1287 5273; x_wconf 87' lang='lat' dir='ltr'><strong>quantum</strong></span> <span class='ocrx_word' id='word_1_791' title='bbox 1318 5217 1438 5254; x_wconf 86' lang='lat' dir='ltr'><strong>esse</strong></span> <span class='ocrx_word' id='word_1_792' title='bbox 1463 5204 1681 5271; x_wconf 83' lang='lat' dir='ltr'><strong>queunt</strong></span> <span class='ocrx_word' id='word_1_793' title='bbox 1714 5199 1834 5253; x_wconf 87' lang='lat' dir='ltr'><strong>lilii.</strong></span> 
     </span>
    </p>
   </div>
   <div class='ocr_carea' id='block_1_101' title="bbox 1928 4404 3540 4477">
    <p class='ocr_par' dir='ltr' id='par_1_101' title="bbox 1928 4404 3540 4477">
     <span class='ocr_line' id='line_1_101' title="bbox 1928 4404 3540 4477; baseline 0.002 -16"><span class='ocrx_word' id='word_1_794' title='bbox 1928 4406 2205 4461; x_wconf 88' lang='lat' dir='ltr'><strong>meditate</strong></span> <span class='ocrx_word' id='word_1_795' title='bbox 2225 4406 2451 4477; x_wconf 89' lang='lat' dir='ltr'><strong>loquar,</strong></span> <span class='ocrx_word' id='word_1_796' title='bbox 2482 4404 2582 4458; x_wconf 92' lang='lat' dir='ltr'><strong>sed</strong></span> <span class='ocrx_word' id='word_1_797' title='bbox 2624 4404 2902 4458; x_wconf 78' lang='lat' dir='ltr'><strong>meditatio</strong></span> <span class='ocrx_word' id='word_1_798' title='bbox 2933 4404 3103 4459; x_wconf 85' lang='lat' dir='ltr'><strong>cordis</strong></span> <span class='ocrx_word' id='word_1_799' title='bbox 3141 4408 3248 4460; x_wconf 89' lang='lat' dir='ltr'><strong>mei</strong></span> <span class='ocrx_word' id='word_1_800' title='bbox 3281 4408 3540 4477; x_wconf 87' lang='lat' dir='ltr'><strong>proferet</strong></span> 
     </span>
    </p>
   </div>
   <div class='ocr_carea' id='block_1_102' title="bbox 1924 4491 3536 4567">
    <p class='ocr_par' dir='ltr' id='par_1_102' title="bbox 1924 4491 3536 4567">
     <span class='ocr_line' id='line_1_102' title="bbox 1924 4491 3536 4567; baseline 0.002 -18"><span class='ocrx_word' id='word_1_801' title='bbox 1924 4495 2294 4567; x_wconf 82' lang='lat' dir='ltr'><strong>prudentiam,</strong></span> <span class='ocrx_word' id='word_1_802' title='bbox 2320 4492 2378 4547; x_wconf 91' lang='lat' dir='ltr'><strong>id</strong></span> <span class='ocrx_word' id='word_1_803' title='bbox 2391 4496 2475 4547; x_wconf 91' lang='lat' dir='ltr'><strong>est</strong></span> <span class='ocrx_word' id='word_1_804' title='bbox 2508 4491 2874 4562; x_wconf 87' lang='lat' dir='ltr'><strong>sapientiam.</strong></span> <span class='ocrx_word' id='word_1_805' title='bbox 2899 4492 3317 4564; x_wconf 87' lang='lat' dir='ltr'><strong>Bene-quidem</strong></span> <span class='ocrx_word' id='word_1_806' title='bbox 3348 4497 3536 4566; x_wconf 90' lang='lat' dir='ltr'><strong>ponit,</strong></span> 
     </span>
    </p>
   </div>
   <div class='ocr_carea' id='block_1_103' title="bbox 1929 4579 3541 4652">
    <p class='ocr_par' dir='ltr' id='par_1_103' title="bbox 1929 4579 3541 4652">
     <span class='ocr_line' id='line_1_103' title="bbox 1929 4579 3541 4652; baseline 0 -13"><span class='ocrx_word' id='word_1_807' title='bbox 1929 4581 2292 4638; x_wconf 89' lang='lat' dir='ltr'><strong>humiliando</strong></span> <span class='ocrx_word' id='word_1_808' title='bbox 2325 4597 2404 4648; x_wconf 90' lang='lat' dir='ltr'><strong>se,</strong></span> <span class='ocrx_word' id='word_1_809' title='bbox 2438 4596 2555 4635; x_wconf 87' lang='lat' dir='ltr'><strong>non</strong></span> <span class='ocrx_word' id='word_1_810' title='bbox 2596 4598 2687 4650; x_wconf 86' lang='lat' dir='ltr'><strong>ego</strong></span> <span class='ocrx_word' id='word_1_811' title='bbox 2719 4579 2933 4652; x_wconf 87' lang='lat' dir='ltr'><strong>loquar,</strong></span> <span class='ocrx_word' id='word_1_812' title='bbox 2988 4581 3092 4636; x_wconf 91' lang='lat' dir='ltr'><strong>sed</strong></span> <span class='ocrx_word' id='word_1_813' title='bbox 3149 4598 3205 4637; x_wconf 86' lang='lat' dir='ltr'><strong>os</strong></span> <span class='ocrx_word' id='word_1_814' title='bbox 3257 4600 3430 4639; x_wconf 88' lang='lat' dir='ltr'><strong>meum</strong></span> <span class='ocrx_word' id='word_1_815' title='bbox 3469 4585 3541 4640; x_wconf 87' lang='lat' dir='ltr'><strong>lo-</strong></span> 
     </span>
    </p>
   </div>
   <div class='ocr_carea' id='block_1_104' title="bbox 1931 4668 3539 4745">
    <p class='ocr_par' dir='ltr' id='par_1_104' title="bbox 1931 4668 3539 4745">
     <span class='ocr_line' id='line_1_104' title="bbox 1931 4668 3539 4745; baseline 0.002 -19"><span class='ocrx_word' id='word_1_816' title='bbox 1931 4677 2123 4745; x_wconf 88' lang='lat' dir='ltr'><strong>quetur</strong></span> <span class='ocrx_word' id='word_1_817' title='bbox 2147 4688 2163 4723; x_wconf 91' lang='lat'><strong>:</strong></span> <span class='ocrx_word' id='word_1_818' title='bbox 2191 4686 2327 4724; x_wconf 90' lang='lat' dir='ltr'><strong>nam</strong></span> <span class='ocrx_word' id='word_1_819' title='bbox 2362 4668 2407 4723; x_wconf 89' lang='lat' dir='ltr'><strong>si</strong></span> <span class='ocrx_word' id='word_1_820' title='bbox 2457 4671 2700 4741; x_wconf 87' lang='lat' dir='ltr'><strong>poneret</strong></span> <span class='ocrx_word' id='word_1_821' title='bbox 2750 4686 2843 4739; x_wconf 87' lang='lat' dir='ltr'><strong>ego</strong></span> <span class='ocrx_word' id='word_1_822' title='bbox 2876 4669 3084 4742; x_wconf 89' lang='lat' dir='ltr'><strong>loquar,</strong></span> <span class='ocrx_word' id='word_1_823' title='bbox 3119 4674 3311 4743; x_wconf 91' lang='lat' dir='ltr'><strong>posset</strong></span> <span class='ocrx_word' id='word_1_824' title='bbox 3360 4674 3539 4729; x_wconf 86' lang='lat' dir='ltr'><strong>videri</strong></span> 
     </span>
    </p>
   </div>
   <div class='ocr_carea' id='block_1_105' title="bbox 1933 4756 3538 4833">
    <p class='ocr_par' dir='ltr' id='par_1_105' title="bbox 1933 4756 3538 4833">
     <span class='ocr_line' id='line_1_105' title="bbox 1933 4756 3538 4833; baseline 0 -18"><span class='ocrx_word' id='word_1_825' title='bbox 1933 4759 2090 4833; x_wconf 90' lang='lat' dir='ltr'><strong>quod</strong></span> <span class='ocrx_word' id='word_1_826' title='bbox 2103 4759 2174 4814; x_wconf 92' lang='lat' dir='ltr'><strong>de</strong></span> <span class='ocrx_word' id='word_1_827' title='bbox 2188 4774 2246 4813; x_wconf 90' lang='lat' dir='ltr'><strong>se</strong></span> <span class='ocrx_word' id='word_1_828' title='bbox 2274 4757 2413 4812; x_wconf 91' lang='lat' dir='ltr'><strong>illud</strong></span> <span class='ocrx_word' id='word_1_829' title='bbox 2430 4757 2686 4812; x_wconf 85' lang='lat' dir='ltr'><strong>haberet.</strong></span> <span class='ocrx_word' id='word_1_830' title='bbox 2713 4756 2854 4812; x_wconf 88' lang='lat' dir='ltr'><strong>Cum</strong></span> <span class='ocrx_word' id='word_1_831' title='bbox 2884 4761 3082 4813; x_wconf 90' lang='lat' dir='ltr'><strong>autem</strong></span> <span class='ocrx_word' id='word_1_832' title='bbox 3099 4759 3345 4829; x_wconf 91' lang='lat' dir='ltr'><strong>ponit,os</strong></span> <span class='ocrx_word' id='word_1_833' title='bbox 3363 4778 3538 4815; x_wconf 89' lang='lat' dir='ltr'><strong>meum</strong></span> 
     </span>
    </p>
   </div>
   <div class='ocr_carea' id='block_1_106' title="bbox 1936 4845 3540 4921">
    <p class='ocr_par' dir='ltr' id='par_1_106' title="bbox 1936 4845 3540 4921">
     <span class='ocr_line' id='line_1_106' title="bbox 1936 4845 3540 4921; baseline -0.001 -19"><span class='ocrx_word' id='word_1_834' title='bbox 1936 4850 2195 4921; x_wconf 87' lang='lat' dir='ltr'><strong>loquetur,</strong></span> <span class='ocrx_word' id='word_1_835' title='bbox 2220 4845 2406 4900; x_wconf 89' lang='lat' dir='ltr'><strong>innuit</strong></span> <span class='ocrx_word' id='word_1_836' title='bbox 2424 4846 2581 4919; x_wconf 75' lang='lat' dir='ltr'><strong>quod</strong></span> <span class='ocrx_word' id='word_1_837' title='bbox 2612 4862 2728 4900; x_wconf 92' lang='lat' dir='ltr'><strong>non</strong></span> <span class='ocrx_word' id='word_1_838' title='bbox 2756 4862 2861 4901; x_wconf 91' lang='lat' dir='ltr'><strong>ase</strong></span> <span class='ocrx_word' id='word_1_839' title='bbox 2891 4847 3020 4914; x_wconf 90' lang='lat' dir='ltr'><strong>erit,</strong></span> <span class='ocrx_word' id='word_1_840' title='bbox 3040 4847 3139 4901; x_wconf 82' lang='lat' dir='ltr'><strong>sed</strong></span> <span class='ocrx_word' id='word_1_841' title='bbox 3169 4863 3233 4901; x_wconf 92' lang='lat' dir='ltr'><strong>os</strong></span> <span class='ocrx_word' id='word_1_842' title='bbox 3256 4864 3423 4901; x_wconf 85' lang='lat' dir='ltr'><strong>suum</strong></span> <span class='ocrx_word' id='word_1_843' title='bbox 3449 4865 3540 4902; x_wconf 90' lang='lat' dir='ltr'><strong>so-</strong></span> 
     </span>
    </p>
   </div>
   <div class='ocr_carea' id='block_1_107' title="bbox 3524 4979 3538 5006">
    <p class='ocr_par' dir='ltr' id='par_1_107' title="bbox 3524 4979 3538 5006">
     <span class='ocr_line' id='line_1_107' title="bbox 3524 4979 3538 5006; baseline 0 0"><span class='ocrx_word' id='word_1_844' title='bbox 3524 4979 3538 5006; x_wconf 63' lang='grc' dir='ltr'>θ</span> 
     </span>
    </p>
   </div>
   <div class='ocr_carea' id='block_1_108' title="bbox 1937 5019 3543 5096">
    <p class='ocr_par' dir='ltr' id='par_1_108' title="bbox 1937 5019 3543 5096">
     <span class='ocr_line' id='line_1_108' title="bbox 1937 5019 3543 5096; baseline -0.001 -18"><span class='ocrx_word' id='word_1_845' title='bbox 1937 5023 2094 5096; x_wconf 91' lang='lat' dir='ltr'><strong>quod</strong></span> <span class='ocrx_word' id='word_1_846' title='bbox 2124 5022 2294 5095; x_wconf 88' lang='lat' dir='ltr'><strong>plane</strong></span> <span class='ocrx_word' id='word_1_847' title='bbox 2326 5021 2384 5075; x_wconf 91' lang='lat' dir='ltr'><strong>in</strong></span> <span class='ocrx_word' id='word_1_848' title='bbox 2429 5021 2798 5092; x_wconf 84' lang='lat' dir='ltr'><strong>sequentibus</strong></span> <span class='ocrx_word' id='word_1_849' title='bbox 2832 5019 3102 5085; x_wconf 89' lang='lat' dir='ltr'><strong>ostendit,</strong></span> <span class='ocrx_word' id='word_1_850' title='bbox 3144 5019 3357 5076; x_wconf 88' lang='lat' dir='ltr'><strong>scilicet</strong></span> <span class='ocrx_word' id='word_1_851' title='bbox 3386 5025 3543 5093; x_wconf 89' lang='lat' dir='ltr'><strong>quod</strong></span> 
     </span>
    </p>
   </div>
   <div class='ocr_carea' id='block_1_109' title="bbox 1939 5106 3541 5179">
    <p class='ocr_par' dir='ltr' id='par_1_109' title="bbox 1939 5106 3541 5179">
     <span class='ocr_line' id='line_1_109' title="bbox 1939 5106 3541 5179; baseline -0.001 -15"><span class='ocrx_word' id='word_1_852' title='bbox 1939 5128 2056 5164; x_wconf 90' lang='lat' dir='ltr'><strong>non</strong></span> <span class='ocrx_word' id='word_1_853' title='bbox 2090 5109 2199 5164; x_wconf 88' lang='lat' dir='ltr'><strong>erit</strong></span> <span class='ocrx_word' id='word_1_854' title='bbox 2230 5127 2263 5163; x_wconf 87' lang='lat' dir='ltr'><strong>a</strong></span> <span class='ocrx_word' id='word_1_855' title='bbox 2294 5126 2375 5175; x_wconf 83' lang='lat' dir='ltr'><strong>se,</strong></span> <span class='ocrx_word' id='word_1_856' title='bbox 2406 5108 2481 5162; x_wconf 87' lang='lat' dir='ltr'><strong>sic</strong></span> <span class='ocrx_word' id='word_1_857' title='bbox 2510 5125 2521 5160; x_wconf 90' lang='lat'><strong>:</strong></span> <span class='ocrx_word' id='word_1_858' title='bbox 2556 5108 2687 5162; x_wconf 76' lang='lat' dir='ltr'><strong>Dico</strong></span> <span class='ocrx_word' id='word_1_859' title='bbox 2716 5106 2869 5179; x_wconf 84' lang='lat' dir='ltr'><strong>quod</strong></span> <span class='ocrx_word' id='word_1_860' title='bbox 2897 5124 2951 5159; x_wconf 87' lang='lat' dir='ltr'><strong>os</strong></span> <span class='ocrx_word' id='word_1_861' title='bbox 2986 5123 3157 5159; x_wconf 86' lang='lat' dir='ltr'><strong>meum</strong></span> <span class='ocrx_word' id='word_1_862' title='bbox 3189 5106 3427 5179; x_wconf 87' lang='lat' dir='ltr'><strong>loquetur</strong></span> <span class='ocrx_word' id='word_1_863' title='bbox 3453 5127 3541 5163; x_wconf 87' lang='lat' dir='ltr'><strong>sa-</strong></span> 
     </span>
    </p>
   </div>
   <div class='ocr_carea' id='block_1_110' title="bbox 1929 5194 3549 5271">
    <p class='ocr_par' dir='ltr' id='par_1_110' title="bbox 1929 5194 3549 5271">
     <span class='ocr_line' id='line_1_110' title="bbox 1929 5194 3549 5271; baseline -0.002 -18"><span class='ocrx_word' id='word_1_864' title='bbox 1929 5200 2225 5271; x_wconf 75' lang='lat' dir='ltr'><strong>pientiora:</strong></span> <span class='ocrx_word' id='word_1_865' title='bbox 2245 5214 2419 5268; x_wconf 87' lang='lat' dir='ltr'><strong>quam</strong></span> <span class='ocrx_word' id='word_1_866' title='bbox 2440 5194 2626 5250; x_wconf 89' lang='lat' dir='ltr'><strong>sciatis</strong></span> <span class='ocrx_word' id='word_1_867' title='bbox 2648 5211 2788 5249; x_wconf 88' lang='lat' dir='ltr'><strong>ame</strong></span> <span class='ocrx_word' id='word_1_868' title='bbox 2808 5210 2924 5247; x_wconf 87' lang='lat' dir='ltr'><strong>non</strong></span> <span class='ocrx_word' id='word_1_869' title='bbox 2949 5210 3092 5259; x_wconf 83' lang='lat' dir='ltr'><strong>esse,</strong></span> <span class='ocrx_word' id='word_1_870' title='bbox 3117 5196 3180 5247; x_wconf 90' lang='lat' dir='ltr'><strong>ut</strong></span> <span class='ocrx_word' id='word_1_871' title='bbox 3201 5211 3329 5264; x_wconf 87' lang='lat' dir='ltr'><strong>eam</strong></span> <span class='ocrx_word' id='word_1_872' title='bbox 3358 5199 3549 5252; x_wconf 88' lang='lat' dir='ltr'><strong>aucto-</strong></span> 
     </span>
    </p>
   </div>
   <div class='ocr_carea' id='block_1_111' title="bbox 228 5280 3553 5363">
    <p class='ocr_par' dir='ltr' id='par_1_111' title="bbox 228 5280 3553 5363">
     <span class='ocr_line' id='line_1_111' title="bbox 228 5280 3553 5363; baseline -0.004 -11"><span class='ocrx_word' id='word_1_873' title='bbox 228 5297 399 5363; x_wconf 86' lang='lat' dir='ltr'><strong>Quod</strong></span> <span class='ocrx_word' id='word_1_874' title='bbox 429 5298 515 5351; x_wconf 89' lang='lat' dir='ltr'><strong>est</strong></span> <span class='ocrx_word' id='word_1_875' title='bbox 555 5294 743 5348; x_wconf 89' lang='lat' dir='ltr'><strong>dicere</strong></span> <span class='ocrx_word' id='word_1_876' title='bbox 795 5295 855 5346; x_wconf 92' lang='lat' dir='ltr'><strong>ut</strong></span> <span class='ocrx_word' id='word_1_877' title='bbox 894 5290 1008 5345; x_wconf 91' lang='lat' dir='ltr'><strong>sint</strong></span> <span class='ocrx_word' id='word_1_878' title='bbox 1039 5288 1118 5343; x_wconf 82' lang='lat' dir='ltr'><strong>ﬁli</strong></span> <span class='ocrx_word' id='word_1_879' title='bbox 1151 5288 1210 5342; x_wconf 87' lang='lat' dir='ltr'><strong>in</strong></span> <span class='ocrx_word' id='word_1_880' title='bbox 1268 5287 1750 5357; x_wconf 86' lang='lat' dir='ltr'><strong>perseverantiam</strong></span> <span class='ocrx_word' id='word_1_881' title='bbox 1782 5290 1841 5341; x_wconf 92' lang='lat' dir='ltr'><strong>et</strong></span> <span class='ocrx_word' id='word_1_882' title='bbox 1940 5285 2323 5341; x_wconf 86' lang='lat' dir='ltr'><strong>rizabiliorem</strong></span> <span class='ocrx_word' id='word_1_883' title='bbox 2347 5283 2632 5338; x_wconf 86' lang='lat' dir='ltr'><strong>habeatis:</strong></span> <span class='ocrx_word' id='word_1_884' title='bbox 2657 5283 2760 5338; x_wconf 89' lang='lat' dir='ltr'><strong>sed</strong></span> <span class='ocrx_word' id='word_1_885' title='bbox 2782 5300 2815 5337; x_wconf 88' lang='lat' dir='ltr'><strong>a</strong></span> <span class='ocrx_word' id='word_1_886' title='bbox 2838 5280 3117 5352; x_wconf 84' lang='lat' dir='ltr'><strong>magistra</strong></span> <span class='ocrx_word' id='word_1_887' title='bbox 3131 5281 3378 5337; x_wconf 84' lang='lat' dir='ltr'><strong>Veritate</strong></span> <span class='ocrx_word' id='word_1_888' title='bbox 3402 5283 3553 5341; x_wconf 83' lang='lat' dir='ltr'><strong>inte-</strong></span> 
     </span>
    </p>
   </div>
   <div class='ocr_carea' id='block_1_112' title="bbox 228 5375 1842 5460">
    <p class='ocr_par' dir='ltr' id='par_1_112' title="bbox 228 5375 1842 5460">
     <span class='ocr_line' id='line_1_112' title="bbox 228 5375 1842 5460; baseline -0.007 -19"><span class='ocrx_word' id='word_1_889' title='bbox 228 5382 670 5460; x_wconf 85' lang='lat' dir='ltr'><strong>perfectionem.</strong></span> <span class='ocrx_word' id='word_1_890' title='bbox 688 5380 1005 5435; x_wconf 88' lang='lat' dir='ltr'><strong>Intendunt</strong></span> <span class='ocrx_word' id='word_1_891' title='bbox 1024 5381 1217 5432; x_wconf 89' lang='lat' dir='ltr'><strong>autem</strong></span> <span class='ocrx_word' id='word_1_892' title='bbox 1245 5375 1303 5429; x_wconf 88' lang='lat' dir='ltr'><strong>in</strong></span> <span class='ocrx_word' id='word_1_893' title='bbox 1332 5376 1440 5430; x_wconf 86' lang='lat' dir='ltr'><strong>hoc</strong></span> <span class='ocrx_word' id='word_1_894' title='bbox 1462 5376 1686 5447; x_wconf 89' lang='lat' dir='ltr'><strong>psalmo</strong></span> <span class='ocrx_word' id='word_1_895' title='bbox 1708 5390 1842 5446; x_wconf 87' lang='lat' dir='ltr'><strong>apo-</strong></span> 
     </span>
    </p>
   </div>
   <div class='ocr_carea' id='block_1_113' title="bbox 230 5462 1842 5543">
    <p class='ocr_par' dir='ltr' id='par_1_113' title="bbox 230 5462 1842 5543">
     <span class='ocr_line' id='line_1_113' title="bbox 230 5462 1842 5543; baseline -0.007 -13"><span class='ocrx_word' id='word_1_896' title='bbox 230 5473 365 5530; x_wconf 88' lang='lat' dir='ltr'><strong>stoli</strong></span> <span class='ocrx_word' id='word_1_897' title='bbox 390 5473 476 5526; x_wconf 89' lang='lat' dir='ltr'><strong>vel</strong></span> <span class='ocrx_word' id='word_1_898' title='bbox 501 5470 796 5543; x_wconf 67' lang='lat' dir='ltr'><strong>prophetas</strong></span> <span class='ocrx_word' id='word_1_899' title='bbox 828 5484 1093 5523; x_wconf 87' lang='lat' dir='ltr'><strong>revocare</strong></span> <span class='ocrx_word' id='word_1_900' title='bbox 1120 5480 1323 5519; x_wconf 84' lang='lat' dir='ltr'><strong>omnes</strong></span> <span class='ocrx_word' id='word_1_901' title='bbox 1353 5464 1497 5517; x_wconf 87' lang='lat' dir='ltr'><strong>filios</strong></span> <span class='ocrx_word' id='word_1_902' title='bbox 1527 5463 1765 5528; x_wconf 85' lang='lat' dir='ltr'><strong>Cure,et</strong></span> <span class='ocrx_word' id='word_1_903' title='bbox 1785 5462 1842 5518; x_wconf 88' lang='lat' dir='ltr'><strong>in</strong></span> 
     </span>
    </p>
   </div>
   <div class='ocr_carea' id='block_1_114' title="bbox 232 5550 1845 5632">
    <p class='ocr_par' dir='ltr' id='par_1_114' title="bbox 232 5550 1845 5632">
     <span class='ocr_line' id='line_1_114' title="bbox 232 5550 1845 5632; baseline -0.007 -10"><span class='ocrx_word' id='word_1_904' title='bbox 232 5561 450 5621; x_wconf 73' lang='lat' dir='ltr'><strong>Iudaeis</strong></span> <span class='ocrx_word' id='word_1_905' title='bbox 467 5562 525 5616; x_wconf 92' lang='lat' dir='ltr'><strong>et</strong></span> <span class='ocrx_word' id='word_1_906' title='bbox 547 5558 603 5614; x_wconf 89' lang='lat' dir='ltr'><strong>in</strong></span> <span class='ocrx_word' id='word_1_907' title='bbox 621 5557 909 5632; x_wconf 86' lang='lat' dir='ltr'><strong>gentibus,</strong></span> <span class='ocrx_word' id='word_1_908' title='bbox 930 5559 988 5611; x_wconf 91' lang='lat' dir='ltr'><strong>et</strong></span> <span class='ocrx_word' id='word_1_909' title='bbox 1003 5555 1290 5629; x_wconf 87' lang='lat' dir='ltr'><strong>perfectos</strong></span> <span class='ocrx_word' id='word_1_910' title='bbox 1306 5556 1363 5609; x_wconf 89' lang='lat' dir='ltr'><strong>et</strong></span> <span class='ocrx_word' id='word_1_911' title='bbox 1378 5550 1765 5624; x_wconf 88' lang='lat' dir='ltr'><strong>imperfectos,</strong></span> <span class='ocrx_word' id='word_1_912' title='bbox 1789 5555 1845 5611; x_wconf 88' lang='lat' dir='ltr'><strong>et</strong></span> 
     </span>
    </p>
   </div>
   <div class='ocr_carea' id='block_1_115' title="bbox 1943 5368 3552 5443">
    <p class='ocr_par' dir='ltr' id='par_1_115' title="bbox 1943 5368 3552 5443">
     <span class='ocr_line' id='line_1_115' title="bbox 1943 5368 3552 5443; baseline -0.001 -14"><span class='ocrx_word' id='word_1_913' title='bbox 1943 5375 2060 5430; x_wconf 89' lang='lat' dir='ltr'><strong>rius</strong></span> <span class='ocrx_word' id='word_1_914' title='bbox 2108 5372 2251 5427; x_wconf 88' lang='lat' dir='ltr'><strong>mihi</strong></span> <span class='ocrx_word' id='word_1_915' title='bbox 2282 5371 2650 5443; x_wconf 67' lang='lat' dir='ltr'><strong>praesidente,</strong></span> <span class='ocrx_word' id='word_1_916' title='bbox 2696 5375 2761 5426; x_wconf 89' lang='lat' dir='ltr'><strong>et</strong></span> <span class='ocrx_word' id='word_1_917' title='bbox 2818 5386 2853 5424; x_wconf 84' lang='lat' dir='ltr'><strong>a</strong></span> <span class='ocrx_word' id='word_1_918' title='bbox 2901 5373 3097 5423; x_wconf 87' lang='lat' dir='ltr'><strong>sancto</strong></span> <span class='ocrx_word' id='word_1_919' title='bbox 3153 5368 3388 5441; x_wconf 89' lang='lat' dir='ltr'><strong>Spiritu.</strong></span> <span class='ocrx_word' id='word_1_920' title='bbox 3436 5373 3552 5442; x_wconf 85' lang='lat' dir='ltr'><strong>Ego</strong></span> 
     </span>
    </p>
   </div>
   <div class='ocr_carea' id='block_1_116' title="bbox 1948 5458 3562 5534">
    <p class='ocr_par' dir='ltr' id='par_1_116' title="bbox 1948 5458 3562 5534">
     <span class='ocr_line' id='line_1_116' title="bbox 1948 5458 3562 5534; baseline -0.004 -16"><span class='ocrx_word' id='word_1_921' title='bbox 1948 5478 2200 5534; x_wconf 87' lang='lat' dir='ltr'><strong>namque</strong></span> <span class='ocrx_word' id='word_1_922' title='bbox 2250 5461 2512 5514; x_wconf 82' lang='lat' dir='ltr'><strong>inclinabo</strong></span> <span class='ocrx_word' id='word_1_923' title='bbox 2569 5475 2767 5515; x_wconf 81' lang='lat' dir='ltr'><strong>aurem</strong></span> <span class='ocrx_word' id='word_1_924' title='bbox 2814 5474 2985 5512; x_wconf 86' lang='lat' dir='ltr'><strong>meam</strong></span> <span class='ocrx_word' id='word_1_925' title='bbox 3046 5460 3102 5511; x_wconf 88' lang='lat' dir='ltr'><strong>in</strong></span> <span class='ocrx_word' id='word_1_926' title='bbox 3140 5458 3478 5529; x_wconf 80' lang='lat' dir='ltr'><strong>parabolam,</strong></span> <span class='ocrx_word' id='word_1_927' title='bbox 3526 5479 3562 5517; x_wconf 70' lang='grc' dir='ltr'>α</span> 
     </span>
    </p>
   </div>
   <div class='ocr_carea' id='block_1_117' title="bbox 1951 5544 3569 5629">
    <p class='ocr_par' dir='ltr' id='par_1_117' title="bbox 1951 5544 3569 5629">
     <span class='ocr_line' id='line_1_117' title="bbox 1951 5544 3569 5629; baseline -0.001 -19"><span class='ocrx_word' id='word_1_928' title='bbox 1951 5550 2327 5610; x_wconf 87' lang='lat' dir='ltr'><strong>similitudine</strong></span> <span class='ocrx_word' id='word_1_929' title='bbox 2358 5548 2495 5606; x_wconf 87' lang='lat' dir='ltr'><strong>boni</strong></span> <span class='ocrx_word' id='word_1_930' title='bbox 2515 5544 2688 5614; x_wconf 89' lang='lat' dir='ltr'><strong>servi,</strong></span> <span class='ocrx_word' id='word_1_931' title='bbox 2731 5549 2834 5629; x_wconf 79' lang='lat' dir='ltr'><strong>qui</strong></span> <span class='ocrx_word' id='word_1_932' title='bbox 2864 5545 2936 5602; x_wconf 84' lang='lat' dir='ltr'><strong>ad</strong></span> <span class='ocrx_word' id='word_1_933' title='bbox 2962 5546 3569 5619; x_wconf 81' lang='lat' dir='ltr'><strong>audiendadiligenter</strong></span> 
     </span>
    </p>
   </div>
  </div>
