4008 6030
471 356 575 427 847

1078 356 1138 424 s.
1176 358 1525 422 BRUNONIS
1564 318 2202 420 exarHUsIANonuu
2239 351 2707 415 msmuroms
2746 350 2902 415 OPP.
2940 348 3182 413 pmsr

3676 338 3788 411 8&8

475 487 654 545 verba
688 482 945 555 Domini,
966 466 1437 553 auremiuclinat,
1458 482 1734 539 Inclinabo
1764 499 1893 554 ego,
1918 481 1977 537 id
1999 484 2084 538 est
2100 484 2156 546 Α
2197 479 2278 538 bit
2310 497 2392 535 me
2412 477 2457 535 si
2486 477 2756 547 timuero,
2776 479 2974 533 tamen
2999 476 3107 533 hac
3138 490 3245 550 ego
3276 487 3481 545 careo;
3511 464 3611 531 sed
3632 472 3788 531 hanc

487 577 766 636 aﬂ'ectabo
782 592 981 631 aurem
996 575 1182 631 cordis
1200 574 1258 629 in
1286 574 1620 646 parabolam
1633 616 1645 639 ,
1671 572 1728 627 id
1741 574 1825 626 est
1846 573 1917 626 ad
1937 587 2078 643 opus

481 668 771 742 parabolas
785 665 1084 719 audiendas
1100 662 1433 728 interius,ab
1461 662 1556 716 illa
1568 660 1844 732 magistra
1867 660 2081 715 Verita-

472 760 532 815 te
559 761 646 812 :et
664 759 967 828 postquam
990 752 1263 807 inclinata
1284 768 1420 805 aure
1442 751 1716 817 didicero,
1741 751 1999 828 oportuni

475 849 559 901 est
584 844 884 899 manifeste
914 839 1215 896 ostendam
1249 840 1665 911 propositionem
1690 855 1881 904 meam,

473 934 534 992 id
565 937 649 988 est
668 931 1023 1006 parabolam,
1043 946 1161 984 non
1183 930 1367 983 solum
1392 944 1511 994 ore,
1540 927 1638 983 sed
1658 930 1715 983 in
1727 928 1998 998 psalterio,
2017 926 2075 981 id

474 1026 557 1079 est
585 1024 741 1078 bona
756 1019 1112 1093 operatione.
1138 1018 1303 1082 Quod
1334 1021 1419 1072 est
1445 1017 1632 1072 dicere
1659 1034 1671 1071 :
1706 1018 1829 1071 Non
1846 1019 2074 1071 tantum

476 1112 776 1169 ostendam
799 1125 953 1175 voce,
971 1107 1071 1161 sed
1097 1110 1154 1161 et
1171 1108 1324 1161 bona
1350 1106 1685 1179 operatione
1711 1122 1869 1177 ;qute
1890 1109 2077 1159 osten-

471 1200 553 1259 sio
585 1217 690 1274 per
711 1196 1112 1272 Operationem
1138 1197 1320 1251 multo
1343 1194 1631 1250 efficacior
1649 1196 1753 1262 est,
1770 1210 1946 1266 quam
1970 1209 2075 1265 per

470 1305 670 1346 vocem
688 1288 890 1343 solam.

546 1378 837 1443 Quoniam
861 1390 998 1429 vero
1020 1372 1357 1446 psalterium
1414 1374 1499 1426 est
1538 1372 1831 1444 quoddam
1867 1372 2075 1426 instru-

470 1469 737 1523 mentum
768 1464 1071 1529 musicum,
1103 1478 1206 1533 per
1235 1461 1391 1534 quod
1420 1460 1706 1515 cantilena
1736 1460 2076 1535 exprimitur

472 1555 818 1628 operatione
850 1568 1152 1618 manuum,
1186 1549 1520 1623 psalterium
1550 1565 1655 1622 pro
1684 1550 1839 1603 bona
1867 1566 2074 1620 opera-

467 1644 628 1701 tione
658 1641 912 1716 ponitur.
944 1640 1287 1695 Parabolam
1311 1655 1445 1693 vero
1461 1637 1596 1692 dicit
1626 1639 1775 1693 hanc
1792 1654 1967 1711 quam
1997 1638 2073 1692 fa«

469 1735 664 1788 cturus
692 1734 778 1786 est
802 1728 1263 1795 instructionem,
1295 1743 1364 1782 eo
1396 1726 1553 1799 quod
1582 1743 1701 1781 non
1731 1726 1834 1781 fiat
1863 1726 2072 1799 apertis

2182 570 2261 625 illi
2283 571 2499 625 habent
2547 570 2649 623 nui
2672 566 2950 641 conﬁdunt
2975 570 3029 621 in
3059 570 3253 623 virtute
3283 583 3380 621 sua
3412 566 3690 633 interiori,
3719 563 3785 621 id

2182 663 2266 713 est
2288 659 2381 731 qui
2413 658 2534 712 sine
2566 657 2663 712 Dei
2698 657 2884 729 gratia
2913 657 3278 711 sanctitatem
3301 672 3485 722 suam,
3518 672 3643 727 qua:
3675 670 3785 710 nec

2179 747 2354 804 etiam
2379 746 2647 802 sanctitas
2674 749 2757 800 est
2784 746 3048 811 dicenda,
3082 746 3153 800 ad
3169 746 3410 800 salutem
3432 761 3592 799 suam
3622 744 3782 799 sufﬁ-

2177 853 2305 891 cere
2338 826 2599 890 credunt.
2636 836 2715 889 De
2764 835 2970 907 quibus
2997 833 3128 889 alibi
3188 834 3487 889 Psalmista
3515 851 3528 889 :
3554 855 3582 885 ‹‹
3613 833 3784 904 Gigas

2176 941 2294 980 non
2342 924 2652 979 salvabitur
2682 924 2739 978 in
2786 924 3156 977 multitudine
3204 922 3427 977 virtutis
3456 932 3570 976 sum
3603 922 3780 993 (Psal.

2173 1031 2341 1081 xxxn,
2378 1014 2484 1085 t6).
2510 1034 2537 1061 »
2570 1014 2650 1068 Et
2680 1012 2759 1067 illi
2780 1013 2997 1067 habent
3034 1011 3400 1083 iniquitatem
3430 1013 3525 1084 qui
3550 1011 3785 1082 glorian-

2178 1109 2265 1156 tur
2286 1102 2473 1157 nonin
2500 1103 2636 1169 Deo,
2664 1102 2765 1156 sed
2790 1104 2843 1155 in
2860 1101 3523 1155 multitudinedivitiarum
3536 1117 3783 1169 suarum,

2174 1191 2453 1264 ponendo
2479 1190 2537 1245 in
2571 1190 2651 1245 eis
2694 1207 2857 1261 spem
2913 1191 3071 1262 quasi
3102 1202 3238 1244 vera
3265 1190 3419 1244 bona
3449 1194 3506 1245 et
3549 1206 3783 1246 summa

2176 1283 2383 1335 essent.
2410 1279 2562 1344 Quos
2591 1279 2949 1334 conﬁdentes
2971 1283 3027 1333 et
3060 1278 3373 1351 gloriantes
3404 1279 3558 1350 quod
3580 1279 3778 1350 hujus¢

2174 1369 2335 1425 modi
2362 1371 2512 1436 sunt,
2534 1369 2709 1438 frater
2738 1385 2843 1421 non
2875 1368 3106 1435 redimit,
3158 1367 3217 1422 id
3247 1371 3333 1423 est
3357 1367 3629 1435 Christus,
3681 1366 3781 1439 qui

2174 1458 2355 1513 frater
2410 1461 2497 1512 est
2562 1457 2827 1513 omnium
2882 1456 3193 1524 bonorum,
3255 1456 3559 1529 participes
3609 1458 3783 1511 erunt

2172 1545 2546 1601 beatitudinis
2558 1546 2697 1617 ejus.
2716 1546 2877 1600 Unde
2891 1549 3021 1617 post
3042 1546 3525 1601 resurrectionem
3546 1546 3616 1600 de
3640 1561 3781 1616 apo.

2173 1635 2329 1691 stolis
2376 1635 2551 1690 dixit:
2589 1637 2738 1701 «Ite,
2796 1635 3056 1689 nuntiate
3116 1634 3388 1690 fratribus
3448 1633 3613 1702 meis,
3665 1637 3779 1689 etc.

2174 1723 2403 1795 (Matth.
2416 1741 2604 1793 xxvni,
2625 1725 2713 1796 10)
2727 1742 2776 1793 ς»
2795 1725 2861 1779 Et
2873 1724 3010 1779 alibi
3027 1741 3039 1779 :
3057 1724 3430 1796 «Quicunque
3442 1724 3646 1779 fecerit
3671 1739 3771 1779 vo-

467 1821 675 1884 verbis,
709 1819 809 1875 sed
834 1817 993 1891 quasi
1035 1833 1139 1889 per
1167 1816 1444 1889 quasdam
1475 1814 1878 1870 similitudines
1901 1831 1913 1869 :
1943 1830 2074 1869 cum
2102 1812 2153 1873 B
2175 1814 2458 1869 luntatem
2476 1813 2657 1868 Patris
2680 1812 2953 1883 mei,ipse
2974 1829 3136 1867 meus
3152 1814 3351 1876 frater,
3376 1834 3402 1862 ››
3424 1815 3531 1867 etc.
3551 1812 3777 1885 (Matth.

467 1910 635 1985 ponit
654 1909 995 1964 calcaneum
1028 1921 1133 1978 pro
1159 1905 1331 1971 statu,
1365 1906 1421 1959 et
1450 1920 1582 1958 cum
1613 1903 1769 1971 dicit,
1794 1926 1821 1953 «
1849 1916 2077 1976 compa-

465 2001 628 2059 ratus
658 1999 744 2053 est
769 1994 1058 2068 jumentis
1105 1992 1274 2066 (Psal.
1298 2008 1482 2060 vam,
1514 1991 1668 2063 i3),»
1699 1995 1832 2058 etc.,
1882 1990 2079 2061 hujus-

467 2088 670 2144 modi:
707 2102 834 2158 qua:
889 2082 1065 2139 etiam
1098 2080 1374 2154 parabola
1404 2080 1716 2154 propositio
1743 2079 1967 2147 dicitur,
2001 2095 2068 2135 eo

466 2175 624 2249 quod
637 2175 712 2230 ad
725 2171 1149 2229 correctionem
1172 2169 1415 2225 aliorum
1429 2172 1789 2241 proponatur
1812 2186 1825 2223 :
1861 2172 1917 2223 et
1929 2184 2072 2240 quoe

464 2263 625 2321 niam
644 2280 710 2318 ex
726 2259 1058 2333 hujusmodi
1077 2257 1477 2324 locationibus,
1507 2273 1638 2311 cum
1664 2257 1918 2312 obscurae
1936 2258 2070 2325 sint,

468 2350 822 2426 quaestiones
850 2350 1074 2404 soleant
1130 2345 1419 2419 generari,
1468 2344 1620 2400 facta
1649 2345 2071 2410 exhortatione

464 2440 669 2513 incipit
694 2440 804 2495 hoc
863 2435 1020 2509 quod
1070 2434 1358 2507 promisit,
1409 2433 1513 2488 sic:
1558 2432 1701 2500 Dixi,
1730 2434 1929 2502 audite,
1960 2434 2071 2490 hoc

461 2528 676 2585 scilicet
698 2544 711 2583 :
749 2525 861 2582 Cur
874 2524 1066 2581 timebo
1096 2523 1245 2578 indie
1270 2522 1411 2577 mata
1430 2522 1458 2577 ?
1477 2521 1640 2587 Quod
1658 2525 1742 2576 est
1759 2537 1823 2576 ac
1838 2522 1880 2577 si
1894 2522 2064 2579 dicat:

459 2614 670 2673 Beatus
700 2616 794 2672 ille
826 2615 930 2688 qui
958 2630 1077 2669 non
1106 2611 1337 2668 timebit
1366 2611 1425 2667 in
1472 2610 1563 2666 die
1596 2611 1769 2677 mala,
1802 2610 1859 2665 id
1895 2615 1979 2666 est
2008 2612 2066 2667 in

461 2706 554 2762 die
570 2704 805 2777 judicii;
832 2719 959 2777 quas
972 2701 1081 2758 erit
1096 2701 1216 2757 dies
1233 2700 1405 2767 mala,
1426 2704 1707 2772 quantum
1721 2698 1795 2753 ad
1816 2699 2028 2771 impios
2048 2717 2063 2756 :

466 2795 588 2851 dies
619 2793 836 2849 scilicet
880 2789 1221 2848 calamitatis
1241 2792 1299 2843 et
1335 2788 1605 2843 miserias.
1642 2787 1805 2856 Quia,
1833 2788 1875 2843 si
1894 2788 2067 2844 fuerit

457 2886 514 2940 in
555 2882 639 2937 die
668 2883 813 2937 mata
834 2884 898 2936 ut
938 2879 1179 2934 timeam
1210 2876 1674 2944 damnationem,
1706 2894 1801 2931 cur
1827 2877 2015 2933 timebo
2034 2877 2064 2933 τ

452 2970 514 3027 id
544 2974 629 3027 est
662 2987 788 3044 quae
819 2985 989 3025 causa
1018 2968 1128 3024 erit
1156 2966 1326 3038 hujus
1378 2965 1645 3021 timoris?
1686 2965 1841 3020 Hanc
1867 2970 2060 3022 autem

454 3056 841 3135 quaestionem
873 3056 1077 3114 nonin
1112 3073 1170 3111 se
1187 3054 1452 3122 assumit,
1478 3070 1545 3109 eo
1580 3055 1812 3126 quodse
1852 3055 2059 3111 timere

453 3149 695 3217 dubitet,
728 3164 858 3203 cum
890 3144 1294 3215 timorishujus
1322 3159 1493 3198 causa
1522 3146 1749 3211 careat;
1782 3143 1882 3198 sed
1913 3144 2058 3199 utin

448 3239 534 3293 sui
559 3235 1077 3308 transfiguratione
1109 3234 1259 3288 hanc
1285 3232 1670 3305 quaestionem
1698 3233 2057 3303 propositam

443 3325 519 3382 ad
544 3325 857 3381 utilitatem
890 3322 1250 3378 audientium
1274 3321 1476 3377 solvat.
1520 3323 1578 3375 et
1616 3321 1821 3376 doceat
1843 3338 1940 3376 eos
1978 3323 2050 3377 ab

444 3413 752 3487 iniquitate
782 3427 1001 3478 cavere,
1035 3410 1151 3465 sic:
1186 3408 1330 3477 Dixi,
1405 3426 1502 3463 cur
1534 3408 1742 3463 timebo:
1802 3410 1957 3482 quod
1978 3410 2056 3466 sic

446 3501 601 3557 solvo
632 3518 645 3556 :
680 3500 814 3556 Ideo
847 3498 1064 3554 timebo
1096 3498 1156 3553 in
1191 3497 1283 3553 die
1318 3497 1492 3560 mala,
1534 3496 1579 3550 si
1609 3496 1858 3552 timuero
1898 3499 2055 3572 quod

442 3590 705 3663 iniquitas
734 3587 1085 3643 circumdabit
1113 3604 1214 3654 me,
1248 3586 1308 3641 id
1341 3587 1429 3640 est
1465 3585 1712 3640 multum
1757 3589 2055 3659 occupavit

444 3695 561 3735 me.
591 3677 756 3743 Quod
777 3678 862 3731 est
892 3675 1110 3731 dicere:
1144 3673 1741 3742 Quiaconsciusero,si
1762 3677 2051 3742 tumuero,

443 3766 587 3823 mihi
610 3766 857 3822 multam
884 3763 1250 3836 iniquitatem
1282 3763 1491 3820 inesse.
1511 3762 1775 3835 Iniquitas
1800 3764 1925 3820 dico
1948 3766 2054 3821 cat-

442 3856 595 3911 canei
621 3856 743 3922 mei,
763 3853 822 3909 id
843 3854 928 3909 est
946 3852 1264 3925 procedens
1285 3868 1353 3907 ex
1390 3850 1691 3906 affectione
1706 3868 1859 3921 mea,
1875 3869 2050 3926 quam

439 3943 654 4001 scilicet
682 3943 741 3998 in
778 3941 1080 3997 affectione
1138 3939 1433 4013 gesserim.
1489 3937 1868 3995 Aﬁ'ectionem
1913 3958 2048 3998 vero

444 4035 781 4088 calcaneum
814 4028 983 4097 dicit;
1016 4029 1172 4101 quod
1202 4044 1308 4101 per
1339 4044 1469 4083 eam
1489 4027 1718 4082 animus
1740 4029 2049 4100 cogitando

447 4119 731 4193 graditur,
763 4117 909 4172 sicut
956 4133 990 4171 a
1019 4132 1264 4186 corpore
1308 4116 1579 4169 calcaneo
1621 4114 1757 4170 itur.
1792 4117 1889 4171 Vel
1922 4118 1999 4172 sic
2031 4134 2045 4174 :

442 4206 736 4280 Iniquitas,
757 4204 908 4273 dico,
923 4203 1261 4277 prostratrix
1281 4203 1712 4270 catcaneimei,id
1731 4207 1815 4259 est
1826 4205 2047 4261 destru-

446 4295 589 4351 ctrix
600 4296 778 4350 status
800 4291 1120 4348 sanctitatis
1142 4307 1323 4359 mem;
1350 4308 1479 4363 quas
1510 4292 1723 4348 scilicet
1748 4310 2048 4366 nunquam

2088 3103 2135 3164 C

2175 1918 2271 1968 xu,
2292 1901 2399 1971 50).
2430 1901 2595 1966 Quod
2626 1904 2710 1955 est
2736 1900 2927 1955 dicere
2962 1917 2975 1955 :
3012 1900 3153 1956 Cum
3177 1901 3357 1955 frater
3377 1918 3483 1974 pro
3509 1900 3783 1955 omnibus

2174 2006 2371 2063 passus
2386 1990 2477 2058 sit,
2508 1989 3042 2044 utomnesredimat
3055 1988 3317 2062 passione
3344 2006 3467 2056 sua,
3492 1992 3779 2062 quantum

2174 2079 2246 2134 ad
2273 2095 2433 2133 suam
2465 2078 2740 2149 pietatem
2776 2094 2789 2132 :
2823 2080 3020 2133 tamen
3068 2094 3187 2133 non
3237 2078 3472 2133 redimit
3494 2094 3591 2133 eos
3632 2093 3780 2150 quos

2173 2183 2348 2239 supra
2369 2165 2504 2234 dixi,
2546 2169 2829 2238 quantum
2871 2165 2944 2221 ad
2976 2182 3177 2222 eorum
3203 2165 3606 2237 iniquitatem;
3640 2165 3780 2239 quia

2171 2256 2435 2311 nolentes
2446 2254 2497 2310 ei
2515 2254 2866 2309 conformari
2882 2255 3214 2326 repellunta
3232 2272 3290 2309 se
3305 2254 3777 2326 redemptionem

2172 2343 2239 2399 Et
2260 2361 2393 2399 cum
2424 2361 2542 2399 non
2556 2344 2921 2399 redimantur
2942 2360 2976 2398 a
3004 2343 3205 2408 fratre,
3226 2344 3450 2399 redimet
3475 2360 3574 2399 eos
3595 2346 3775 2412 homo,

2168 2433 2227 2489 id
2257 2436 2342 2489 est
2369 2433 2554 2488 Adam
2584 2436 2744 2488 vetus
2766 2433 2965 2500 homo,
2992 2432 3080 2487 cui
3112 2435 3244 2487 sunt
3263 2433 3634 2488 conformes?
3661 2434 3778 2490 Ne-

2169 2539 2481 2595 quaquam.
2520 2522 2619 2576 Vel
2651 2521 2728 2576 sic
2762 2538 2775 2575 :
2805 2521 3004 2576 Frater
3044 2522 3220 2577 homo
3267 2539 3385 2577 non
3416 2522 3649 2577 redimit
3672 2536 3778 2579 eos

2167 2609 2280 2678 hic,
2312 2610 2371 2665 id
2395 2614 2500 2677 est,
2550 2610 2801 2665 Christus
2843 2612 2939 2683 qui
2986 2611 3165 2666 frater
3195 2614 3391 2666 noster
3428 2614 3532 2679 est,
3566 2627 3774 2667 secun-

2168 2699 2306 2754 dum
2348 2700 2503 2771 quod
2534 2699 2732 2767 homo,
2768 2715 2885 2754 non
2928 2700 3165 2755 redimit
3202 2717 3300 2757 eos
3329 2700 3419 2755 hic
3450 2704 3637 2757 morte
3664 2717 3774 2757 sua

2168 2788 2238 2843 ab
2261 2788 2542 2859 injustitia
2576 2804 2798 2843 eorum.
2840 2789 3106 2843 Redimet
3137 2806 3274 2860 ergo
3315 2806 3413 2845 eos
3443 2789 3501 2843 in
3526 2789 3717 2843 futuro
3738 2789 3772 2844 τ

2182 2861 2199 2948 Ι
2387 2877 2642 2933 Minime.
2663 2877 2730 2931 Et
2746 2878 2853 2932 hoc
2866 2880 2951 2931 est
2976 2878 3132 2949 quod
3155 2878 3319 2932 dicit:
3348 2895 3476 2933 vere
3493 2895 3598 2932 non
3621 2879 3767 2933 redi-

2170 2973 2276 3020 met
2312 2984 2325 3035 ;
2362 2983 2500 3021 nam
2556 2983 2663 3019 non
2692 2965 2841 3020 dabit
2891 2967 2985 3021 ille
3022 2967 3203 3022 frater
3248 2967 3362 3022 Deo
3400 2968 3767 3040 placationem

2163 3055 2412 3123 suam,id
2434 3058 2519 3109 est
2548 3055 2934 3127 placationem
2962 3072 3163 3111 eorum
3189 3055 3247 3110 in
3260 3057 3472 3112 futuro.
3492 3056 3654 3121 Quod
3675 3060 3767 3113 est

2160 3143 2383 3200 dicere:
2418 3145 2542 3199 Non
2573 3144 2745 3200 faciet
2770 3160 2874 3216 pro
2900 3144 2981 3199 eis
3001 3145 3327 3201 orationem
3341 3148 3456 3201 Deo
3477 3146 3765 3218 Patri,per

2157 3249 2330 3305 quam
2355 3233 2477 3303 ejus
2502 3232 2648 3287 iram
2681 3234 2868 3306 placet
2888 3250 3063 3305 quam
3101 3234 3277 3288 habet
3304 3237 3507 3289 contra
3534 3248 3648 3289 eos.
3685 3233 3766 3289 Et

2160 3321 2252 3376 hic
2283 3338 2402 3376 non
2430 3321 2594 3376 dabit
2624 3320 2706 3376 eis
2740 3322 2981 3392 pretium
3011 3321 3377 3393 redemptionis
3406 3325 3599 3376 anima-
3624 3340 3761 3390 sua,

2154 3410 2214 3465 id
2256 3415 2342 3466 est
2366 3427 2590 3468 eorum.
2613 3410 2778 3475 Quod
2800 3414 2885 3465 est
2910 3410 3099 3466 dicere
3132 3428 3145 3466 :
3177 3412 3324 3467 Mors
3345 3412 3466 3483 ejus
3481 3428 3603 3484 quae
3624 3428 3759 3484 pre-

2155 3499 2302 3554 tium
2374 3498 2792 3571 redemptionis
2849 3498 3060 3554 animas
3107 3499 3418 3570 justorum,
3470 3516 3587 3556 non
3645 3499 3761 3556 erit

2158 3587 2410 3661 pretium
2458 3586 2878 3660 redemptionis
2934 3587 3147 3643 animas
3190 3589 3536 3660 injustorum
3567 3607 3581 3657 ;
3616 3590 3755 3662 quia

2152 3677 2453 3733 confidunt
2482 3679 2539 3732 et
2569 3677 2911 3748 gloriantur,
2946 3680 3008 3732 ut
3036 3693 3208 3748 supra
3234 3676 3498 3733 diximus.
3525 3678 3590 3732 Et
3619 3680 3759 3750 quia

2152 3764 2246 3820 ille
2274 3765 2570 3820 conﬁdens
2601 3767 2660 3819 et
2682 3764 2938 3835 glorians
2982 3781 3101 3820 non
3132 3765 3453 3820 redimetur
3481 3783 3515 3821 a
3549 3765 3756 3835 fratre,

2151 3852 2414 3907 laborabit
2450 3853 2545 3908 ille
2597 3851 2826 3919 misere,
2874 3852 2932 3908 in
2962 3856 3247 3909 aeternum
3304 3853 3645 3910 cruciandus
3695 3855 3756 3911 in

2148 3940 2362 3997 futuro.
2990 3952 2993 3955 '

2223 4031 2289 4084 Et
2317 4028 2475 4102 prius
2502 4028 2594 4083 hic
2622 4030 2830 4097 adhuc,
2862 4030 2921 4086 id
2948 4033 3033 4084 est
3061 4030 3482 4102 aliquantulum
3506 4047 3622 4086 non
3655 4032 3755 4088 diu

2150 4118 2299 4173 vivet
2320 4133 2616 4191 prospere,
2647 4119 2764 4174 vita
2803 4119 3049 4175 ducente
3088 4135 3222 4173 eum
3249 4119 3308 4173 in
3353 4119 3550 4186 ﬁnem,
3580 4120 3638 4175 id
3670 4124 3757 4176 est

2148 4206 2208 4261 in
2240 4208 2417 4261 vitam
2467 4207 2625 4261 illam
2667 4211 2967 4265 aeternam.
3013 4208 3178 4262 Juxta
3206 4207 3345 4262 illud
3377 4207 3703 4264 Salomonis
3735 4224 3750 4266 :

2156 4314 2189 4349 ‹‹
2246 4294 2602 4366 Prosperitas
2646 4297 2950 4351 stultorum
3018 4294 3325 4350 destructio
3380 4299 3465 4349 est
3520 4297 3751 4354 illorum

441 4384 553 4440 alio
583 4382 761 4438 modo
790 4398 873 4436 me
897 4384 1034 4436 tunc
1060 4380 1436 4447 circumdabit,
1470 4380 1580 4435 nisi
1608 4380 1703 4436 hic
1735 4383 2049 4438 sanctitatis
2074 4390 2127 4449 D
2149 4383 2338 4456 (Prov.
2372 4401 2411 4452 ι,
2442 4383 2552 4456 3'2).
2574 4404 2601 4432 »
2616 4384 2738 4439 Dixi
2764 4385 2919 4457 quod
2950 4384 3009 4439 in
3033 4384 3225 4438 futuro
3277 4383 3556 4439 laborabit.
3579 4386 3646 4440 Et
3658 4387 3753 4442 hic

443 4488 591 4528 meae
619 4473 834 4527 statum
870 4468 1148 4525 obruerit.
1174 4468 1319 4533 Quia
1348 4485 1452 4541 per
1476 4469 1811 4525 calcaneum
1842 4473 2047 4541 statur,

438 4577 546 4636 pro
574 4561 724 4616 statu
750 4560 1082 4615 calcaneum
1100 4558 1285 4630 ponit.
1309 4557 1499 4614 Status
1520 4562 1715 4615 autem
1735 4561 2051 4618 sanctitatis

443 4650 584 4706 nihil
616 4648 770 4704 aliud
800 4647 1023 4703 videtur
1048 4663 1166 4702 esse
1198 4664 1374 4719 quam
1392 4647 1450 4703 in
1474 4648 1774 4704 sanctitate
1793 4665 2051 4721 perseve-

440 4737 652 4795 rantia.
683 4737 782 4791 Vel
822 4735 933 4790 sic:
964 4734 1231 4808 Iniquitas
1276 4735 1401 4791 dico
1449 4736 1689 4792 catcanei
1712 4740 1837 4807 mei,
1871 4739 1931 4794 id
1962 4743 2048 4796 est

442 4823 881 4901 perseverantiae
904 4840 1069 4879 mete.
1092 4825 1171 4877 Ac
1192 4823 1238 4877 si
1259 4824 1479 4879 diceret
1503 4843 1515 4880 :
1549 4826 1673 4881 Non
1692 4843 1786 4881 me
1808 4828 2047 4884 circum-

442 4915 603 4972 dabit
632 4913 923 4986 iniquitas,
943 4911 1050 4967 nisi
1071 4911 1245 4967 fuerit
1275 4912 1566 4985 iniquitas,
1589 4915 1859 4983 calcanei,
1885 4916 1942 4971 id
1961 4920 2047 4972 est

436 5003 564 5060 talis
592 5002 652 5057 in
684 5017 799 5075 qua
825 5016 1191 5073 perseverem
1220 5017 1398 5073 usque
1422 5002 1482 5055 in
1498 5001 1698 5056 ﬁnem.
1734 5003 2044 5059 Calcaneus

434 5107 594 5159 vero,
625 5090 725 5163 qui
750 5089 939 5145 ﬁnalis
968 5094 1100 5162 pars
1131 5091 1217 5144 est
1235 5089 1510 5157 hominis,
1538 5106 1643 5161 pro
1668 5106 2041 5161 perseveran-

434 5180 515 5235 tia
543 5178 800 5251 ponitur,
834 5194 963 5250 quaa
985 5193 1164 5249 usque
1193 5176 1252 5232 in
1283 5177 1460 5232 ﬁnem
1490 5178 1771 5249 procedit.
1802 5179 1910 5234 Per
1929 5180 2040 5235 hoc

430 5278 623 5323 autem
673 5266 904 5321 instruit
938 5265 1009 5321 ab
1053 5265 1378 5337 iniquitatis
1435 5282 1557 5322 esse
1611 5268 2041 5339 perseverantia

427 5354 591 5412 valde
622 5353 966 5411 cavendum.
1014 5353 1261 5425 Exponit
1311 5356 1505 5409 autem
1560 5354 1657 5426 qui
1694 5354 1807 5409 sint
1837 5354 1917 5409 illi
1939 5356 2037 5428 qui

425 5444 679 5500 habeant
707 5442 1093 5515 iniquitatem,
1122 5445 1186 5498 ut
1214 5445 1636 5516 consequenter
1648 5444 1912 5499 ostendat
1938 5461 2036 5500 eos

2150 4488 2423 4544 prospere
2458 4472 2694 4544 degens,
2732 4488 2838 4525 non
2882 4471 3074 4526 viderit
3105 4472 3379 4525 interitum
3419 4474 3750 4530 considera-

2148 4560 2306 4616 tione
2337 4560 2619 4623 interiori,
2670 4559 2991 4626 interitum,
3033 4559 3294 4631 inquam,
3329 4576 3516 4627 suum,
3550 4578 3663 4633 quo
3690 4563 3749 4618 in

2146 4650 2338 4705 futuro
2366 4647 3047 4704 laborabit.0beaecabitur
3062 4647 3220 4702 enim
3243 4664 3316 4702 ne
3336 4648 3527 4705 videre
3553 4655 3748 4722 queat,

2146 4756 2267 4795 cum
2299 4737 2494 4792 viderit
2522 4737 2580 4790 in
2612 4738 2721 4792 hoc
2748 4736 2967 4791 mundo
2996 4737 3262 4807 sapientes
3284 4737 3440 4807 juste
3472 4738 3747 4807 viventes,

2144 4828 2449 4881 morientes.
2481 4823 2644 4889 Quod
2667 4828 2753 4879 est
2778 4824 2968 4878 dicere
2997 4841 3009 4879 :
3042 4824 3185 4879 Cum
3247 4841 3366 4880 non
3418 4826 3626 4882 viderit
3654 4828 3748 4884 hic

2144 4915 2431 4986 sapientes
2443 4916 2683 4985 propter
2704 4912 2987 4984 justitiam
3021 4929 3184 4967 suam
3208 4916 3455 4969 aeternos
3475 4915 3620 4982 fieri,
3647 4916 3749 4971 sed

2143 5003 2320 5057 etiam
2354 5001 2752 5071 sicutinjustos
2771 5004 2959 5056 morte
2981 5016 3260 5073 corporea
3290 5002 3473 5070 mori;
3501 5019 3618 5058 non
3646 5020 3751 5076 pu-

2141 5090 2288 5147 tabit
2309 5106 2367 5144 se
2387 5092 2625 5162 propter
2648 5080 3014 5161 iniquitatem
3032 5105 3193 5145 suam
3208 5089 3267 5144 in
3288 5089 3482 5146 futuro
3497 5090 3746 5148 damna-

2140 5181 2263 5233 tum
2283 5178 2369 5232 iri.
2390 5177 2546 5234 Sicut
2575 5177 2733 5232 enim
2756 5177 2814 5231 in
2845 5177 3220 5233 viviﬁcatione
3235 5178 3526 5248 justorum
3558 5181 3744 5238 Deum

2139 5267 2409 5340 opinatur
2424 5266 2808 5336 impotentem
2832 5268 2931 5320 aut
2949 5266 3362 5338 neglectorem,
3386 5267 3462 5322 sic
3478 5267 3653 5323 etiam
3680 5271 3742 5326 in

2137 5356 2222 5411 sui
2256 5353 2632 5410 damnatione
2650 5370 2784 5408 eum
2814 5354 3127 5409 arbitratur
3156 5354 3470 5410 invalidum
3497 5359 3595 5410 aut
3619 5375 3740 5414 non

2137 5444 2325 5502 ulcisci
2354 5446 2653 5499 curantem
2681 5460 2693 5498 :
2720 5446 2776 5498 et
2806 5444 3067 5515 quamvis
3086 5458 3201 5497 non
3233 5442 3422 5499 videat
3436 5446 3738 5515 interitum,

426 5536 535 5589 hac
565 5533 635 5587 de
669 5547 840 5587 causa
869 5531 1234 5589 damnandos
1264 5549 1406 5601 esse,
1440 5533 1504 5587 ut
1533 5530 1610 5586 sic
1641 5532 1931 5589 auditores
1960 5535 2031 5590 ab
2134 5535 2195 5591 in
2215 5533 2409 5590 futuro
2433 5536 2629 5587 tamen
2642 5531 2820 5598 simul,
2863 5530 2921 5586 id
2941 5536 3027 5586 est
3046 5531 3286 5587 interitu
3313 5536 3594 5607 perpetuo
3617 5553 3746 5609 per-

426 5636 495 5677 ea
525 5617 753 5693 penitus
773 5619 1109 5676 absterreat.
1136 5619 1259 5679 Dixi
1275 5621 1430 5695 quod
1446 5620 1705 5693 iniquitas
1724 5622 2029 5682 circumda-

2134 5624 2285 5682 ibunt
2314 5623 2503 5679 stultus
2531 5626 2579 5678 et
2603 5621 2905 5693 insipiens:
2963 5619 3175 5678 Stultus
3223 5620 3431 5679 dicitur
3483 5623 3578 5679 ille
3632 5624 3732 5700 qui
