3994 6042
234 350 342 410 849

1204 346 1561 410 EXPOSI’I‘IO
1597 352 1668 408 IN
1706 341 2042 410 PSALMOS.
2077 382 2146 395 —
2177 351 2354 408 PSAL
2390 344 2591 408 XLVIII

3445 346 3550 409 850

234 492 370 533 cum
394 475 611 550 aliquid
637 494 756 533 non
787 475 1038 549 ignorat,
1079 476 1219 533 illud
1240 480 1436 534 tamen
1449 495 1516 533 ex
1544 476 1846 550 negligen-
1871 474 2070 542 Abilis
2097 475 2664 548 factusestjumentis,
2696 472 3013 529 secundum
3042 472 3456 545 insipientiam,
3482 477 3549 528 ut

232 566 316 620 tia
338 565 752 621 dissimulat.Et
766 566 842 621 sic
861 565 1171 639 potestdici
1192 584 1307 621 non
1325 567 1622 634 videns,ad
1643 566 1848 621 utilita-

234 656 357 708 tem
377 655 590 710 scilicet
640 672 802 710 suam
836 673 952 711 non
985 655 1201 710 videns.
1234 655 1517 726 Insaniens,
1544 672 1676 711 vero
1701 655 1839 710 dici-

228 745 346 809 tur,
374 744 471 815 qui
511 743 739 816 penitus
769 745 1021 816 ignorat,
1055 745 1216 815 cujus
1250 745 1713 815 damnatiojusta
1736 746 1842 810 est,

229 835 518 902 quatenus
537 833 729 888 adhoc
758 851 829 887 ne
860 833 1156 904 ignoraret
1184 834 1379 888 labore
1408 851 1472 887 ex
1507 832 1740 904 pigritia
1756 832 1841 886 di-

228 919 473 975 miserit.
507 921 669 975 Unde
706 923 1050 993 Apostolus:
1087 944 1115 971 ‹‹
1150 923 1426 994 Ignorans
1481 920 1845 992 ignorabitur

229 1007 282 1078 (1
299 1007 430 1063 Cor.
455 1026 563 1076 XIV,
588 1012 697 1073 38).
734 1032 762 1059 »
818 1011 913 1064 Vel
936 1010 1050 1065 sic:
1078 1011 1212 1066 Dico
1231 1011 1384 1082 quod
1403 1010 1666 1063 laborabit
1713 1025 1727 1063 :
1786 1012 1846 1063 et

227 1112 365 1151 cum
387 1098 613 1153 hocsibi
631 1098 948 1170 continget,
978 1116 1085 1153 non
1117 1098 1315 1154 videbit
1342 1099 1399 1154 in
1430 1099 1622 1153 futuro
1656 1099 1843 1151 interi-

225 1191 347 1238 tum
405 1186 731 1258 sapientum
767 1204 930 1241 :cum
960 1191 1158 1242 tamen
1203 1186 1293 1241 hic
1329 1188 1522 1241 viderit
1580 1188 1842 1257 sapientes

227 1277 415 1329 morte
433 1291 712 1346 corporea
724 1276 1166 1332 morientes.Dico
1186 1276 1340 1347 quod
1355 1278 1611 1346 sapientes
1626 1273 1843 1328 videbit

225 1364 547 1429 morientes;
581 1367 639 1418 et
672 1381 791 1420 non
818 1367 1004 1420 solum
1038 1363 1142 1437 ipsi
1174 1364 1517 1431 morientur,
1542 1363 1642 1417 sed
1664 1362 1839 1417 simul

225 1466 367 1505 cum
395 1451 531 1522 ipsis
557 1452 926 1523 sapientibus,
953 1455 1141 1509 morte
1164 1453 1350 1509 carnis
1376 1452 1633 1523 insipiens
1646 1456 1694 1507 et
1708 1450 1839 1505 διαὶ.

228 1544 317 1593 tus
331 1540 609 1610 peribunt.
646 1540 812 1604 Quasi
843 1542 1060 1596 diceret
1092 1559 1104 1597 :
1142 1541 1201 1597 Si
1231 1545 1481 1597 mortem
1509 1540 1838 1612 sapientum

224 1632 469 1699 possent
496 1628 770 1701 effugere,
816 1634 955 1685 tunc
987 1632 1193 1685 saltem
1224 1629 1610 1702 qualicunque
1664 1627 1839 1683 modo

226 1718 380 1770 esset
406 1716 484 1771 eis
514 1718 834 1773 tolerabile.
865 1717 977 1773 Sed
1008 1736 1139 1774 eum
1155 1717 1631 1791 nequeantistam
1659 1715 1838 1770 etiam

1949 564 2420 621 irrationabiliter
2445 583 2503 620 se
2529 566 2785 619 haberet.
2819 564 2898 618 Ne
2924 579 3057 617 vero
3080 565 3379 636 putaretur
3396 562 3541 618 falso

1948 654 2523 727 comparatus,addit:
2546 655 2611 707 Et
2631 654 2737 707 hoc
2768 652 2941 707 modo
2969 654 3351 722 comparatus,
3386 651 3542 723 quod

1945 743 2132 798 similis
2156 745 2334 813 factus
2358 750 2430 797 est
2460 743 2586 810 illis,
2616 743 2672 796 in
2717 741 3045 814 insipientia
3073 757 3086 807 ;
3125 739 3235 794 dixi
3263 740 3419 812 quod
3449 739 3538 793 in-

1948 832 2218 903 sipientes
2247 836 2380 887 sunt
2407 835 2468 887 ut
2489 832 2756 902 jumenta
2776 832 2951 885 ethaec
2982 831 3071 885 via
3099 831 3349 900 ipsorum,
3371 828 3428 882 id
3459 830 3545 881 est

1944 922 2415 993 Iizecinsipientia
2433 939 2533 993 per
2574 938 2747 993 quam
2781 920 3055 975 incedunt
3105 917 3540 989 augmentando

1946 1010 2016 1064 de
2043 1010 2134 1064 die
2166 1010 2222 1064 in
2248 1011 2420 1064 diem:
2442 1010 2685 1081 ideoque
2700 1012 2783 1062 via
2802 1008 3025 1076 dicitur,
3065 1007 3173 1062 erit
3193 1009 3315 1077 ipsis
3329 1005 3548 1060 scanda-

1946 1097 2137 1165 lum,id
2153 1101 2421 1153 estcausa
2433 1099 2660 1153 scandal
2672 1096 2924 1163 i,seilicet
2944 1101 3176 1150 (eterna:
3211 1094 3538 1150 mortis.Vel

1944 1186 2053 1241 sic:
2083 1187 2399 1257 Dixi,positi
2416 1191 2548 1242 sunt
2565 1188 2621 1240 in
2641 1184 2946 1253 honore,id
2961 1184 3112 1237 estin
3132 1183 3542 1238 rationalitate.

1943 1275 2011 1329 Et
2029 1275 2149 1329 haec
2174 1276 2683 1346 rationalitas,quae
2702 1276 2783 1327 via
2807 1273 3059 1345 ipsorum
3084 1274 3231 1325 esset
3253 1270 3325 1325 ad
3344 1270 3540 1337 vitam,

1943 1363 2051 1417 nisi
2079 1381 2136 1418 se
2167 1364 2238 1418 ab
2277 1380 2345 1418 ea
2375 1364 2818 1435 distorquerent,
2842 1360 3117 1433 quoniam
3144 1376 3275 1414 eam
3305 1362 3540 1431 postpo-

1943 1455 2108 1521 nunt,
2134 1453 2241 1507 erit
2261 1452 2569 1506 scandalum
2600 1454 2739 1522 ipsis,
2774 1450 2832 1505 id
2852 1453 2937 1505 est
2963 1466 3133 1504 causa
3160 1448 3432 1503 scandali.
3456 1448 3545 1504 Di-

1942 1540 1996 1596 xi
2020 1541 2174 1613 quod
2204 1540 2387 1612 iniqui
2417 1542 2711 1611 comparati
2733 1544 2855 1593 sunt
2886 1538 3131 1593 iumentis
3176 1536 3233 1590 in
3266 1535 3542 1607 insipien-

1942 1630 2038 1684 tia.
2070 1630 2193 1685 Non
2221 1632 2415 1683 autem
2437 1629 2516 1684 eis
2553 1628 2795 1683 sufficiet
2825 1628 2980 1699 quod
3026 1625 3360 1696 insipientes
3412 1626 3546 1681 effe-

1941 1718 2015 1772 cti
2046 1722 2197 1785 sunt,
2230 1717 2327 1771 sed
2373 1720 2430 1771 et
2450 1724 2631 1788 postea
2656 1734 2831 1789 quam
2856 1716 3189 1787 insipientes
3222 1717 3375 1783 sunt,
3408 1732 3544 1769 com-

227 1805 499 1872 evadere,
527 1807 1053 1879 constantissimum
1108 1811 1192 1863 est
1217 1807 1296 1863 eis
1324 1807 1640 1861 maximum
1668 1803 1838 1859 mise-
1863 1809 1913 1867 B
1928 1807 2213 1877 placebunt
2242 1806 2365 1861 aliis
2396 1806 2796 1877 insipientibus
2822 1822 2924 1876 per
2949 1821 3007 1859 se
3032 1803 3195 1858 factis
3224 1804 3287 1858 in
3315 1820 3403 1857 ore
3428 1821 3544 1872 suo,

223 1892 450 1947 riarum
480 1896 773 1949 cumulum
801 1895 1129 1952 imminere.

301 1980 632 2037 Notandum
657 2001 793 2039 sane
824 1984 895 2038 de
918 1985 1207 2055 justorum
1237 1983 1328 2038 hic
1362 1982 1725 2055 impunitate,
1768 1981 1837 2035 de

226 2067 679 2143 iniquorumque
707 2072 923 2142 pariter
953 2071 1162 2128 idcirco
1202 2072 1294 2143 agi
1348 2071 1745 2132 damnatione,
1778 2073 1839 2124 ut

227 2160 289 2211 et
317 2156 524 2228 impios
570 2158 860 2229 justorum
899 2159 1257 2232 impunitatis
1301 2159 1624 2215 ostensione
1643 2158 1714 2213 ad
1740 2174 1836 2213 eo-

224 2246 798 2316 rumdemjustorum
840 2248 1313 2304 conformitatem
1366 2248 1638 2315 attrahat,
1673 2250 1729 2302 et
1758 2247 1839 2317 ip-

210 2350 325 2407 .sos
370 2332 579 2407 impios
626 2336 803 2391 futuri
862 2338 1128 2392 interitus
1171 2336 1626 2392 comminatione
1672 2353 1705 2391 a
1736 2353 1837 2393 sua

227 2424 660 2495 perseverantia
690 2425 1010 2498 iniquitatis
1038 2425 1675 2481 exterreat.Notandum
1692 2442 1834 2496 quo-

228 2528 342 2583 que
370 2511 440 2567 de
472 2512 683 2585 iniquis
712 2517 769 2568 et
798 2514 1167 2586 singulariter
1197 2518 1256 2569 et
1284 2514 1601 2586 pluraliter,
1624 2513 1835 2569 idcirco

228 2600 387 2672 quia,
413 2618 542 2656 cum
589 2602 647 2656 in
679 2602 760 2657 eis
788 2603 859 2657 sit
881 2620 1258 2674 personarum
1291 2603 1696 2674 multiplicitas,
1752 2605 1838 2657 est

227 2688 407 2743 etiam
448 2689 507 2743 in
568 2690 784 2745 eisdem
817 2691 1135 2763 iniquitatis
1170 2691 1375 2746 unitas.
1422 2690 1726 2763 Sequitur:
1759 2690 1836 2745 Et

225 2777 837 2849 relinquent,etc.Quod
857 2780 933 2834 sic
947 2780 1345 2835 continuatur:
1372 2779 1493 2834 Dixi
1520 2780 1673 2851 quod
1690 2781 1836 2850 peri-

230 2864 382 2932 bunt,
416 2868 475 2920 et
497 2867 792 2938 pereundo
826 2885 942 2922 non
970 2884 1163 2923 secum
1198 2868 1462 2923 deferent
1505 2868 1722 2923 divitias
1761 2868 1835 2922 ad

226 2969 431 3008 eorum
457 2956 747 3022 solatium,
782 2974 1029 3028 quarum
1063 2956 1609 3027 congregandarum
1663 2956 1836 3010 fuerit

225 3041 308 3096 eis
334 3060 508 3115 usque
540 3044 683 3099 adeo
710 3046 984 3113 studium,
1011 3046 1111 3100 sed
1141 3047 1443 3117 relinquent
1474 3045 1688 3098 divitias
1711 3062 1834 3099 suas

224 3130 600 3187 alienisznam
631 3133 735 3188 etsi
766 3134 892 3188 filiis
944 3135 1295 3206 relinquant,
1354 3133 1459 3205 ipsi
1504 3137 1699 3187 tamen
1732 3132 1831 3186 filii

223 3222 397 3273 erunt
426 3220 498 3275 ab
530 3221 737 3276 auxilio
779 3222 1120 3278 earumdem
1179 3224 1408 3295 patrum
1465 3220 1657 3275 alieni.
1707 3221 1831 3274 Non

222 3308 383 3363 enim
411 3309 491 3363 eis
515 3310 794 3367 beneficio
821 3311 1013 3383 aliquo
1053 3314 1329 3383 poterunt
1378 3310 1657 3376 auxiliari,
1701 3328 1833 3365 cum

226 3397 452 3452 meritis
480 3398 594 3453 suis
625 3399 987 3470 exigentibus
1011 3400 1227 3455 fuerint
1262 3399 1320 3453 in
1356 3403 1632 3471 perpetuo
1666 3399 1830 3459 dam-

219 3486 379 3554 nati;
414 3489 471 3540 et
499 3504 629 3542 cum
660 3488 764 3559 ipsi
805 3492 891 3544 tot
918 3489 1009 3543 hic
1027 3488 1233 3543 domus
1257 3486 1830 3557 amplissimasaedifi-

219 3574 657 3643 caverint,nulla
673 3581 797 3647 post
814 3582 1062 3632 mortem
1078 3577 1382 3632 domorum
1402 3575 1627 3630 illarum
1645 3574 1726 3628 eis
1745 3592 1832 3629 su-

219 3662 568 3733 pererit,sed
589 3664 827 3735 sepulcra
847 3665 1063 3719 illorum
1082 3665 1433 3719 eruntdomus
1449 3663 1665 3717 illorum
1684 3665 1739 3716 in
1754 3681 1826 3717 ae-

219 3751 516 3817 ternum,id
537 3755 623 3806 est
643 3753 897 3824 quandiu
912 3754 1160 3807 mundus
1182 3752 1285 3807 iste
1301 3752 1547 3807 durabit.
1574 3753 1636 3805 In
1651 3750 1832 3807 domi-

215 3836 326 3893 bus
345 3843 538 3894 autem
562 3842 766 3912 amplis
790 3843 1005 3896 nullam
1025 3841 1329 3896 utilitatem
1362 3841 1676 3908 habebunt,
1720 3839 1828 3895 nisi

214 3941 430 3981 vanam
452 3926 692 3996 famam;
714 3946 851 3983 nam
866 3929 1209 3983 tabernacula
1222 3944 1423 3994 eorum,
1446 3928 1502 3982 id
1526 3928 1828 3983 estdomus

215 4014 609 4088 illorum,quaa
634 4034 739 4072 nec
756 4017 930 4073 etiam
946 4017 1135 4072 domus
1157 4016 1415 4072 dicenda:
1439 4019 1591 4083 sunt,
1618 4016 1719 4071 sed
1750 4022 1829 4071 ta-

223 4102 668 4171 bernacula,cum
685 4104 757 4159 ad
777 4106 1015 4162 modum
1038 4104 1659 4160 tabernaculorumsint
1675 4108 1830 4159 tran-

219 4190 441 4260 sitoria,
473 4199 801 4250 vocaverunt
823 4195 1051 4251 nmnina
1084 4210 1185 4251 sua
1218 4195 1273 4247 in
1301 4195 1457 4248 terris
1500 4195 1627 4259 suis,
1662 4192 1717 4247 id
1745 4196 1829 4247 est

210 4296 391 4335 causa
420 4286 589 4337 erunt
617 4300 794 4355 quare
816 4282 1183 4338 solummodo
1198 4286 1475 4337 vocentur
1492 4298 1692 4336 eorum
1721 4298 1826 4337 no-

1939 1895 1996 1950 id
2028 1898 2112 1951 est
2141 1896 2199 1949 in
2226 1896 2589 1967 suggestione
2629 1895 2743 1950 oris
2788 1894 2891 1951 sui.
2925 1893 3090 1958 Quod
3147 1894 3232 1947 est
3283 1891 3471 1947 dicere
3526 1909 3539 1948 :

1940 1984 2265 2055 Suggerent
2291 1983 2412 2038 aliis
2443 2000 2562 2051 ore,
2596 2000 2713 2038 non
2741 1984 2926 2037 solum
2942 1981 3225 2051 exemplo,
3248 1979 3538 2035 confidere

1938 2072 1996 2127 in
2027 2072 2253 2140 virtute,
2283 2076 2341 2127 et
2368 2072 2426 2127 in
2452 2071 2659 2128 divitiis
2684 2070 2938 2144 gloriari,
2989 2069 3144 2142 quod
3192 2085 3419 2124 summa
3449 2069 3536 2123 in-

1936 2160 2201 2232 sipientia
2228 2165 2330 2215 est.
2357 2162 2425 2215 Et
2448 2161 2570 2215 haec
2619 2177 2821 2216 eorum
2858 2158 3145 2231 suggestio
3208 2156 3289 2211 eis
3335 2157 3540 2230 quibus

1936 2249 2036 2305 ﬁet
2064 2250 2463 2321 complacebit,
2497 2253 2554 2305 et
2574 2250 3113 2305 conformabuntur.

2011 2338 2294 2403 Quoniam
2319 2339 2494 2411 igitur
2512 2338 2848 2410 insipientes
2864 2338 3201 2409 utjumenta
3230 2336 3363 2391 facti
3383 2338 3537 2404 sunt,

1939 2430 1996 2481 et
2024 2426 2227 2481 aliisin
2267 2443 2366 2482 ore
2393 2443 2493 2481 suo
2516 2427 2977 2500 complacebunt,
3000 2428 3170 2498 positi
3197 2434 3342 2495 sunt,
3375 2425 3434 2480 id
3454 2427 3540 2479 est

1937 2518 2295 2588 ponenturin
2309 2516 2524 2586 inferno
2546 2519 2609 2570 ut
2629 2515 2745 2569 sint
2762 2517 2898 2569 sicut
2912 2532 3047 2582 oves,
3080 2515 3138 2570 id
3160 2520 3244 2572 est
3258 2515 3537 2570 devoren-

1935 2606 2030 2658 tur
2046 2605 2079 2657 a
2102 2606 2288 2659 morte
2311 2607 2587 2675 perpetua
2622 2604 2693 2658 ad
2726 2603 3159 2659 similitudinem
3178 2603 3392 2670 ovium,
3411 2619 3539 2673 quae

1936 2693 2135 2747 adhoc
2155 2696 2304 2747 nata:
2331 2697 2462 2747 sunt
2487 2697 2548 2746 ut
2566 2693 2933 2747 devorentur.
2954 2693 3031 2746 Ne
3050 2710 3182 2747 vero
3198 2693 3540 2763 putarentur

1935 2779 2013 2834 sic
2045 2780 2327 2847 devorari,
2357 2784 2419 2835 ut
2449 2799 2515 2835 ex
2545 2784 2667 2836 toto
2695 2781 2952 2852 perirent
2992 2781 3135 2835 sicut
3182 2797 3335 2846 oves,
3376 2782 3433 2832 et
3461 2778 3538 2832 sic

1933 2872 2134 2940 postea
2163 2869 2365 2923 mortis
2420 2872 2710 2923 tormenta
2763 2886 2881 2924 non
2942 2868 3242 2937 sentirent,
3313 2866 3474 2921 addit
3520 2884 3534 2922 :

1932 2972 2074 3009 mors
2098 2956 2335 3027 deposcet
2358 2974 2462 3022 eos,
2496 2957 2553 3010 id
2587 2961 2671 3011 est
2692 2957 2770 3012 ita
2799 2960 3100 3012 consumet
3149 2961 3210 3011 ut
3241 2960 3436 3011 tamen
3478 2956 3536 3009 in

1935 3047 2240 3099 tormentis
2261 3046 2485 3115 vivant;
2510 3047 2582 3101 ad
2614 3048 2854 3101 modum
2877 3048 3091 3115 herbae,
3125 3064 3251 3119 qua:
3276 3062 3408 3101 cum
3436 3045 3535 3100 de-

1934 3136 2421 3204 pascatur,tamen
2450 3139 2627 3190 restat
2649 3152 2662 3191 :
2684 3137 2791 3191 hoc
2813 3141 3007 3191 autem
3032 3136 3166 3191 dicit
3197 3137 3269 3190 ad
3295 3152 3537 3206 exagge-

1932 3221 2218 3276 rationem
2243 3223 2582 3278 calamitatis
2610 3240 2834 3279 eorum.
2879 3224 3071 3280 Melius
3096 3224 3253 3279 enim
3295 3227 3442 3278 esset
3470 3241 3538 3278 ex

1932 3312 2056 3365 toto
2078 3311 2247 3378 mori,
2281 3329 2456 3384 quam
2494 3312 2741 3384 depasci.
2772 3313 2908 3368 Dico
2936 3313 3087 3385 quod
3107 3312 3539 3384 depascentura

1933 3402 2141 3454 morte.
2177 3400 2242 3453 Et
2264 3404 2327 3454 ut
2346 3400 2530 3473 magis
2561 3402 2815 3467 doleant,
2834 3402 2986 3471 iusti,
3021 3401 3226 3473 quibus
3244 3400 3334 3456 hic
3354 3398 3539 3455 domi-

1932 3490 2166 3553 nantur,
2191 3492 2247 3542 et
2271 3505 2414 3560 quos
2437 3488 2723 3561 afﬂigunt,
2766 3490 3192 3546 dominabuntur
3241 3507 3443 3555 eorum,
3477 3488 3536 3544 id

1931 3576 2375 3645 estjudicabunt
2396 3594 2525 3633 eos:
2558 3580 2612 3631 in
2642 3581 2929 3645 matutino,
2958 3578 3016 3632 id
3046 3582 3131 3632 est
3156 3579 3214 3632 in
3248 3577 3535 3633 matutina

1928 3664 2369 3719 resurrectione.
2399 3667 2567 3719 Juxta
2590 3666 2730 3720 illud
2762 3683 2775 3720 :
2810 3689 2837 3716 «
2865 3667 3209 3720 Judicabunt
3229 3666 3409 3719 sancti
3436 3682 3535 3719 na-

1926 3752 2136 3817 tiones,
2185 3756 2242 3807 et
2273 3753 2729 3808 dominabuntur
2758 3755 2981 3826 populis
3008 3754 3161 3824 (Sap.
3194 3770 3275 3816 ιιι,
3304 3755 3374 3815 8/.
3404 3770 3434 3803 »
3458 3750 3532 3804 Et

1928 3841 2189 3895 auxilium
2219 3859 2398 3895 eorum
2425 3841 2756 3913 iniquorum
2790 3843 2845 3894 in
2870 3842 3079 3911 inferno
3110 3841 3429 3913 positorum
3448 3855 3532 3903 ve-

1929 3934 2169 3997 terascet,
2202 3930 2259 3985 id
2291 3934 2375 3985 est
2404 3930 2649 3997 deficiet,
2675 3930 2750 3985 ad
2779 3929 3215 3984 similitudinem
3244 3928 3413 3983 vestis
3438 3943 3531 3980 ve-

1927 4018 2064 4072 teris
2080 4035 2207 4090 quae
2230 4017 2612 4083 deficit.Quod
2630 4022 2714 4073 est
2730 4018 2918 4073 dicere
2939 4035 2951 4072 :
2972 4019 3095 4073 Non
3109 4017 3184 4072 ibi
3207 4016 3525 4071 amicorum

1928 4123 2163 4162 suorum
2184 4107 2529 4162 obtinebunt
2552 4107 2812 4161 auxilium
2833 4123 2846 4161 :
2870 4106 2977 4161 hoc
2996 4109 3188 4160 autem
3204 4105 3358 4177 quod
3378 4107 3531 4158 auxi-

1929 4193 2059 4248 lium
2090 4195 2713 4266 veterascet,procedeta
2742 4195 3127 4266 gloriaeorum,
3152 4192 3209 4247 id
3228 4195 3314 4248 est
3344 4192 3527 4264 gloria

1928 4283 2207 4354 superbia:
2226 4301 2396 4356 quam
2414 4284 2505 4339 hic
2522 4285 2735 4339 habent
2758 4284 2866 4338 erit
2883 4283 3018 4339 inde
3034 4282 3322 4338 causa.Vel
3339 4281 3523 4335 aliter:

213 4370 380 4426 mina
407 4388 421 4439 ;
456 4374 515 4425 et
546 4388 660 4426 non
684 4371 743 4425 in
772 4371 1105 4444 longinquis
1130 4370 1318 4438 terris,
1352 4371 1451 4425 sed
1478 4373 1705 4424 tantum
1762 4371 1822 4426 in
1849 4384 1900 4441 1)
1922 4370 2392 4443 Auxilium,quod
2415 4375 2910 4444 nuncexspectant
2928 4389 2961 4426 a
2991 4371 3176 4443 gloria
3205 4386 3428 4437 eorum,
3465 4369 3522 4423 in

212 4459 385 4514 terris
405 4458 537 4513 suis.
572 4458 802 4514 Dicetur
1055 4459 1249 4514 enim:
1285 4459 1413 4514 Haec
1464 4458 1670 4513 domus
1715 4457 1823 4514 fuit

213 4546 658 4615 0ctaviani,ha3c
670 4551 863 4602 autem
879 4547 1161 4618 Pompeii,
1185 4551 1243 4602 et
1278 4548 1348 4602 de
1371 4547 1590 4602 caeteris
1620 4546 1817 4601 simili-

208 4638 304 4691 ter
332 4653 345 4689 :
380 4638 439 4690 et
462 4636 570 4690 hoc
591 4637 646 4689 in
664 4637 921 4706 progenie
959 4635 1227 4707 praesenti
1261 4642 1311 4690 et
1322 4636 1582 4706 progenie
1603 4635 1814 4705 futura,

205 4724 269 4781 id
301 4729 385 4779 est
416 4724 474 4779 in
510 4724 703 4779 multis
734 4724 1134 4796 progeniebus.
1177 4724 1339 4788 Quod
1363 4741 1496 4783 vero
1511 4723 1768 4796 sequitur
1800 4741 1813 4780 :

208 4820 261 4868 et
291 4814 607 4881 homo,etc.,
631 4830 800 4868 causa
822 4816 906 4869 est
933 4829 1109 4885 quare
1135 4813 1399 4867 laborabit
1421 4813 1669 4885 iniquus,
1698 4813 1775 4869 sic
1799 4830 1812 4870 :

207 4902 337 4959 Dixi
351 4902 748 4975 quodiniqnus
762 4901 1113 4970 laborabit,et
1137 4901 1363 4969 merito;
1382 4901 1517 4973 quia
1534 4903 1652 4973 ipse
1664 4904 1818 4959 homo

208 4990 269 5046 id
304 4993 391 5046 est
418 4991 515 5063 qui
543 4994 667 5046 erat
691 4992 963 5046 humana:
997 4992 1218 5045 naturae
1252 4993 1309 5045 et
1335 4989 1573 5044 deberet
1604 4992 1818 5046 habere

207 5097 269 5135 se
298 5082 361 5134 ut
380 5079 1005 5143 homo,rationabiliter
1022 5079 1378 5147 scilicet,non
1403 5084 1465 5133 ut
1481 5078 1817 5150 jumentum

204 5166 681 5225 irrationabiliter
704 5186 853 5236 ;cum
886 5168 944 5222 in
968 5167 1167 5221 honore
1185 5167 1401 5238 positus
1451 5174 1598 5233 esset,
1644 5168 1703 5223 id
1734 5172 1819 5224 est

204 5258 395 5314 factus
418 5257 713 5313 rationalis
754 5257 821 5312 ad
848 5254 1286 5312 similitudinem
1314 5256 1436 5323 Dei,
1460 5257 1613 5328 quod
1640 5256 1820 5312 hono-

205 5346 391 5404 rabile
422 5345 596 5400 nimis
619 5347 706 5402 est
746 5362 758 5400 :
803 5362 908 5398 non
939 5342 1221 5410 intellexit,
1250 5343 1309 5397 id
1360 5348 1445 5399 est
1497 5344 1817 5418 intelligere

207 5452 330 5493 non
362 5435 625 5503 curavit;
675 5451 807 5489 cum
838 5450 904 5488 ex
966 5432 1192 5487 ratione
1246 5434 1436 5502 posset
1489 5432 1815 5506 intelligero

211 5522 516 5580 interitum
546 5539 736 5588 suum,
770 5538 1017 5595 eumque
1046 5520 1195 5575 bene
1233 5520 1474 5577 vivendo
1518 5520 1770 5593 effugere
1800 5540 1813 5581 :

214 5611 321 5672 sed
378 5618 712 5692 comparatus
768 5617 842 5671 est
881 5610 1166 5686 jumentis,
1244 5607 1304 5669 id
1369 5611 1455 5669 est
1517 5624 1818 5686 compara-

1921 4459 2149 4515 inferno
2163 4460 2243 4515 eis
2263 4460 2459 4533 positis
2479 4460 2723 4515 deficiet.
2749 4460 2885 4515 Dico
2900 4459 3052 4532 quod
3084 4476 3222 4513 mors
3242 4458 3320 4513 sic
3338 4458 3523 4529 depas-

1918 4556 1998 4604 cet
2023 4566 2125 4617 eos,
2169 4551 2227 4603 et
2273 4564 2390 4603 non
2417 4549 2775 4604 redimentur
2821 4566 2855 4603 a
2909 4548 3106 4603 fratre.
3148 4547 3525 4602 Verumtamen

1919 4637 2179 4710 quamvis
2210 4636 2407 4691 videar
2435 4636 2698 4691 similiter
2725 4636 2913 4709 perire
2945 4639 3135 4692 etnon
3154 4635 3522 4703 redimi,cum

1917 4726 2010 4781 hic
2040 4724 2309 4780 omnibus
2331 4724 2575 4779 miseriis
2608 4726 2958 4797 subjaceam,
2987 4724 3131 4779 Deus
3160 4724 3377 4779 redimet
3408 4726 3525 4777 ani-

1917 4832 2062 4868 mam
2091 4832 2261 4869 meam
2293 4813 2355 4867 de
2378 4831 2564 4881 manu,
2587 4813 2646 4868 id
2666 4817 2751 4869 est
2780 4814 2850 4869 de
2868 4816 3148 4887 potestate
3170 4812 3523 4883 inferi.Quod

1921 4906 2005 4957 est
2036 4902 2252 4959 dicere:
2280 4902 2746 4966 Quamviscarnis
2766 4906 3018 4959 mortem
3045 4901 3304 4968 subeam,
3322 4903 3519 4955 tamen

1920 5008 2079 5047 mors
2119 4990 2350 5047 Domini
2380 4991 2702 5064 redemptio
2737 5007 2869 5046 mea
2888 4989 3015 5057 erit,
3039 4986 3521 5043 neinferuumin-

1919 5082 2167 5146 troeam,
2192 5096 2321 5135 cum
2345 5080 2453 5136 hoc
2481 5080 2553 5135 sit
2582 5080 2737 5152 quod
2763 5077 3045 5150 acceperit
3071 5093 3185 5143 me,
3218 5076 3275 5130 id
3309 5079 3394 5130 est
3417 5075 3520 5130 hu-

1921 5169 2262 5223 manitatem
2297 5186 2488 5224 meam
2521 5173 2583 5223 ut
2610 5184 2705 5223 me
2725 5167 3054 5223 redimeret.
3078 5167 3184 5220 Per
3202 5165 3313 5220 hoc
3325 5167 3521 5220 autem

1918 5256 2109 5312 innuit
2138 5258 2290 5330 quod
2313 5258 2579 5313 similiter
2609 5256 2751 5311 alios
2787 5255 2891 5311 sibi
2919 5253 3249 5309 conformes
3280 5252 3517 5309 redimet.

1918 5347 1986 5401 Et
2014 5345 2143 5401 ideo
2172 5345 2305 5418 quia
2330 5345 2491 5417 impii
2531 5346 2933 5415 depascentur,
2996 5345 3054 5398 et
3082 5343 3278 5399 anima
3307 5359 3438 5397 mea
3465 5346 3525 5398 et

1918 5434 2062 5489 mihi
2092 5435 2481 5489 conformium
2512 5432 2855 5500 redimetur,
2876 5434 2960 5498 tu,
2981 5431 3135 5503 juste
3161 5432 3420 5506 quilibet,
3450 5449 3526 5487 ne

1918 5524 2357 5579 timuerisillum
2391 5525 2488 5596 qui
2512 5522 2855 5591 simpliciter
2883 5524 2969 5576 est
3007 5522 3181 5594 homo,
3214 5536 3322 5577 nec
3351 5520 3527 5575 etiam

1923 5610 2237 5680 deiﬁcatus,
2270 5609 2536 5685 iniquum
2563 5606 2806 5683 scilicet,
2838 5626 2970 5668 cum
2984 5609 3140 5672 dives
3152 5612 3336 5671 factus
3358 5606 3534 5667 fuerit
