4008 6030
448 416 544 480 831

1055 421 1112 478 s.
1156 404 1499 480 BRUNONIS
1537 406 2168 478 CARTHUSIANORUM
2207 406 2673 477 lNSTITUTORIS
2715 412 2869 476 ore.
2922 417 3098 475 PARS
3136 380 3159 474 i

3659 422 3767 478 852

446 539 567 612 ipse
597 540 796 609 homo,
839 542 896 596 et
924 542 1131 614 potens
1164 544 1235 598 ad
1265 544 1645 615 afﬂigendum
1678 547 1755 599 te.
1806 542 1883 597 Et
1931 559 2049 596 cum
2073 553 2127 612 Α
2155 541 2549 614 peccatoribus
2564 558 2677 597 non
2699 559 2818 597 esse
2862 540 3141 606 ostendit,
3162 538 3341 613 utipsi
3362 539 3440 595 sic
3460 545 3766 614 apeccato,

443 631 797 701 multiplicata
821 632 989 702 fuerit
1018 632 1106 687 hic
1130 633 1303 703 gloria
1340 634 1396 688 id
1452 636 1540 688 est
1605 632 1938 688 excellentia
1966 633 2056 686 do-

446 737 563 773 mus
588 721 1001 792 ejus,quoniam
1021 739 1135 776 non
1154 724 1311 777 omni
1326 726 1589 794 tempore
1609 723 2051 776 durabunthazc.

518 808 628 864 Sed
650 827 767 862 cum
786 810 1215 865 lzomoz'ntericrit
1243 815 1429 867 morte
1476 811 1750 883 corporis,
1772 819 2055 865 nonsumet

447 900 644 964 omnia,
677 898 1205 955 ideslnonhabebit
1229 900 1443 972 aliquid
1703 900 2052 967 divitiarum,

446 987 600 1041 unde
627 990 829 1042 contra
858 991 913 1042 te
944 988 1001 1042 in
1024 989 1216 1043 futuro
1262 989 1575 1061 superbiat.
1632 989 1819 1062 Neque
1854 990 2057 1044 descen-

440 1076 527 1129 det
557 1094 675 1130 cum
705 1095 760 1131 eo
787 1078 845 1132 in
879 1079 1155 1147 infernum
1207 1079 1379 1148 gloria
1430 1079 1618 1134 domus
1667 1080 1799 1148 ejus,
1856 1079 1915 1133 in
1942 1096 2056 1150 qua

444 1165 721 1237 gloriatur
751 1171 805 1220 et
831 1168 1107 1237 superbit.
1143 1169 1209 1221 Et
1237 1185 1367 1223 vere
1395 1186 1498 1223 non
1519 1175 1685 1222 sumet
1712 1167 2052 1239 aliquid,ne-

441 1272 551 1327 que
579 1256 920 1310 exaltabitur
946 1256 1131 1327 gloria
1167 1258 1374 1312 domus
1397 1258 1535 1328 ejus:
1558 1261 1683 1330 quia
1708 1259 1895 1311 animo
1916 1258 2051 1329 ejus,

442 1342 499 1398 id
531 1347 615 1398 est
645 1345 977 1399 sensualitas
1010 1347 1134 1417 ejus
1191 1346 1534 1415 benedicetur,
1574 1348 1631 1402 id
1663 1349 1747 1401 est
1787 1346 2055 1401 exaltabi-

440 1435 536 1486 tur
562 1434 788 1486 tantum
821 1435 873 1486 in
898 1435 1008 1489 vita
1037 1436 1218 1506 ipsius.
1254 1434 1419 1498 Quod
1450 1439 1534 1491 est
1562 1436 1749 1491 dicere
1776 1455 1789 1506 ;
1822 1437 1963 1491 Vere
1995 1436 2052 1490 in

437 1520 630 1575 futuro
657 1538 771 1576 non
795 1523 1159 1590 exaltabitur,
1201 1524 1339 1595 quia
1400 1528 1625 1580 tantum
1666 1526 1725 1580 in
1787 1527 1893 1580 hac
1939 1526 2055 1580 vita

440 1610 779 1664 sensualitas
809 1612 931 1682 ejus
961 1612 1310 1667 exaltabitur
1340 1613 1397 1667 in
1431 1615 1772 1670 omnimoda
1797 1616 2055 1669 volunta-

438 1701 517 1753 te.
553 1698 808 1753 Ostensio
838 1700 997 1770 quasi
1023 1717 1055 1754 a
1086 1702 1453 1773 repetitione.
1485 1705 1690 1758 Anima
1740 1705 1869 1775 ejus,
1904 1704 2052 1770 dico,

440 1787 683 1843 dicentis
709 1787 813 1841 sibi
840 1805 852 1843 :
889 1789 1134 1844 Bcnefac
1152 1791 1363 1846 animae
1395 1795 1507 1847 tuae
1534 1793 1590 1847 in
1611 1794 1771 1848 omni
1792 1794 2053 1847 volunta-

2156 631 2259 686 etsi
2274 648 2387 686 non
2404 632 2839 695 amorc,saltem
2857 630 3063 685 timore
3080 629 3611 685 retrahantur.ldeo
3626 647 3765 685 vero

2155 720 2292 775 istos
2308 720 2621 775 introducit
2645 720 2958 791 Propheta,
2978 722 3039 773 ut
3052 719 3160 773 hoc
3175 718 3328 790 quod
3346 718 3437 772 hic
3453 719 3768 791 propheta-

2156 812 2251 863 tur
2264 809 2816 865 tantorumvirorum
2832 808 3161 863 testimonio
3175 808 3359 879 magis
3373 807 3768 863 sitconﬁrma-

2154 900 2302 953 tum.

2226 987 2371 1042 Deus
2382 986 2619 1041 Deorum
2649 989 2915 1043 Dominus
2936 987 3139 1043 locutus
3163 993 3309 1053 est,et
3324 988 3529 1040 vocavit
3545 992 3763 1041 terram.

2157 1076 2326 1141 Quasi
2366 1077 2557 1132 dicat:
2588 1079 2685 1131 Ille
2726 1077 2821 1149 qui
2856 1077 3133 1131 Dominus
3164 1076 3318 1130 estin
3354 1077 3766 1143 rebus,et,cum

2155 1166 2433 1221 Dominus
2462 1166 2554 1234 sit,
2589 1170 2935 1238 potestatem
2970 1166 3144 1221 habet
3190 1183 3291 1220 sua
3321 1182 3422 1238 pro
3456 1166 3631 1220 modo
3661 1181 3764 1221 suo

2155 1253 2501 1310 immutandi
2530 1259 2586 1309 et
2617 1255 2961 1326 disponendi
2991 1272 3005 1323 ;
3038 1257 3095 1309 et
3139 1255 3235 1326 qui
3267 1256 3413 1309 Deus
3444 1258 3547 1322 est,
3592 1254 3651 1309 id
3684 1259 3771 1310 est

2155 1346 2380 1399 creator
2405 1343 2694 1412 omnium,
2752 1344 2998 1416 ideoque
3030 1342 3088 1398 in
3122 1344 3392 1399 omnibus
3421 1343 3763 1412 credendus,

2155 1436 2212 1486 et
2234 1449 2349 1486 non
2375 1433 2500 1487 talis
2523 1435 2670 1488 Deus
2697 1433 2792 1505 qui
2808 1433 2877 1488 ab
2905 1433 3016 1510 alio
3042 1433 3336 1488 deiﬁcatus
3364 1433 3456 1501 sit,
3488 1431 3768 1505 quemad-

2155 1520 2394 1575 modum
2428 1522 2592 1576 multi
2617 1521 2812 1576 ﬁdeles
2843 1521 3080 1591 perfecti
3110 1539 3124 1591 ;
3157 1522 3256 1576 sed
3280 1521 3425 1575 Deus
3447 1520 3687 1587 deorum,
3708 1520 3767 1576 id

2155 1612 2239 1663 est
2262 1610 2567 1681 spirituum
2600 1610 2938 1677 cmlestium,
2973 1613 3031 1664 et
3072 1610 3625 1682 perfectissimorum
3655 1612 3763 1664 ho-

2156 1700 2379 1754 minum
2401 1719 2414 1767 ;
2440 1701 2536 1772 qui
2559 1700 2687 1755 ideo
2712 1700 2789 1754 dii
2809 1700 3077 1754 dicuntur
3098 1700 3232 1771 quia
3257 1700 3378 1770 ejus
3406 1704 3539 1755 sunt
3565 1699 3769 1754 divini-

2155 1788 2285 1843 tatis
2308 1790 2643 1861 participes:
2680 1791 2785 1845 Iste
2817 1789 2961 1842 Deus
2985 1788 3184 1842 locutus
3216 1797 3309 1856 est,
3337 1788 3393 1843 id
3422 1792 3505 1842 est
3535 1792 3767 1859 tempo-

439 1877 517 1931 te.
552 1876 694 1931 Nam
711 1894 831 1930 cum
865 1877 1179 1948 bene/eceris
1200 1882 1265 1947 ei,
1291 1882 1625 1950 conﬁtebitur
1678 1883 1802 1949 tibi,
1859 1882 1915 1935 id
1972 1884 2056 1936 est
2079 1902 2127 1959 Β
2153 1895 2215 1931 re
2244 1877 2619 1948 plenitudinis
2649 1894 2753 1950 per
2784 1878 2986 1931 Filium
3021 1878 3234 1949 populo
3286 1894 3387 1932 suo
3446 1878 3718 1947 loquetur
3750 1893 3766 1943 ;

437 1964 698 2019 laudabit
724 1968 777 2019 te
806 1965 1012 2037 aliquis
1036 1967 1278 2023 dicendo
1308 1971 1363 2023 te
1385 1971 1632 2041 probum
1661 1974 1717 2025 et
1751 1970 2049 2041 dapsilem.

439 2053 755 2124 Sequitur:
792 2053 1080 2124 Introibit,
1125 2060 1235 2111 etc.
1280 2058 1446 2122 Quod
1497 2060 1574 2114 sic
1632 2059 2048 2113 continuatur:

435 2144 522 2197 Ita
552 2143 703 2196 dicet
732 2144 960 2215 iniquus
986 2162 1205 2213 secum,
1238 2147 1447 2202 scilicet
1479 2149 1839 2218 conﬁtebitur,
1859 2151 2055 2217 etc.,ct

438 2232 762 2287 benefaciet
784 2232 992 2287 anima:
1038 2252 1171 2289 sure.
1201 2237 1267 2289 Et
1300 2239 1495 2291 tamen
1526 2238 1787 2308 quamvis
1825 2237 1917 2291 hic
1947 2237 2053 2293 sibi

439 2319 786 2387 benefaciat,
818 2321 1065 2376 introibit
1095 2341 1259 2395 usque
1308 2326 1361 2377 in
1386 2328 1660 2395 progenies
1686 2333 1907 2397 patrum
1937 2344 2056 2380 suo-

440 2424 588 2476 rum,
640 2408 699 2463 id
755 2412 839 2462 est
882 2427 1060 2482 usque
1111 2411 1168 2465 in
1222 2412 1518 2467 inferum:
1560 2430 1673 2486 quo
1706 2413 2055 2469 introierunt

431 2498 716 2569 progenies
740 2497 989 2579 aliorum
1021 2498 1374 2570 iniquorum,
1409 2518 1655 2571 quorum
1686 2501 1835 2556 ﬁlius
1881 2504 1965 2556 est.
1994 2502 2054 2556 in

442 2585 683 2642 malitia.
716 2585 815 2639 Vel
848 2586 924 2640 sic
960 2587 1189 2659 :Usque
1222 2588 1279 2642 in
1306 2589 1597 2645 infernum
1652 2607 1765 2662 quo
1826 2589 2057 2645 introie-

446 2676 584 2728 runt
612 2673 825 2728 diaboli
853 2679 1045 2746 patres
1088 2693 1291 2731 eorum
1346 2694 1451 2749 per
1482 2679 1809 2751 superbiam
1840 2695 2002 2732 suam
2038 2695 2051 2732 :

447 2761 544 2834 qui
568 2761 837 2817 dicuntur
879 2766 1184 2834 progenies,
1214 2764 1271 2819 id
1304 2771 1388 2820 est
1417 2767 1723 2838 gignentes
1775 2784 1909 2821 eum
1944 2766 2058 2821 ini-

445 2867 626 2922 quum
653 2850 712 2905 in
740 2850 1101 2907 inﬁdelitate.
1135 2854 1201 2907 Et
1232 2857 1540 2926 postquam
1585 2858 1867 2923 introierit,
1895 2873 2058 2927 usque

442 2940 499 2993 in
529 2946 789 2995 reternum
815 2958 921 2993 non
950 2942 1148 2996 videbit
1175 2941 1372 3008 lumen,
1407 2943 1464 2998 id
1503 2946 1589 2997 est
1622 2944 1720 2998 Dei
1773 2944 2057 3016 cognitio-

444 3046 602 3084 nem.
636 3030 703 3083 Et
733 3029 862 3084 ideo
885 3031 1148 3099 introibit,
1183 3034 1241 3085 et
1280 3049 1394 3084 .non
1439 3032 1660 3099 videbit,
1720 3032 1855 3104 quia
1906 3034 2059 3086 homo

2155 1965 2385 2036 quijam
2406 1966 2594 2036 sapius
2634 1969 2806 2019 antea
2841 1982 2942 2036 per
2966 1966 3196 2019 oracula
3228 1965 3643 2035 prophetarum
3676 1966 3769 2017 est

2154 2055 2563 2109 locutus.Unde
2581 2055 2877 2127 Apostolus
2901 2072 2917 2107 :
2952 2054 3285 2109 «Multifarie
3306 2054 3613 2125 multisque
3643 2069 3771 2108 mo-

2156 2143 2243 2198 dis
2262 2144 2399 2198 olim
2426 2142 3163 2214 DeusloquensPatribusin
3188 2142 3503 2215 prophetis,
3527 2141 3769 2197 novissi-

2156 2249 2251 2286 me
2279 2234 2498 2287 locutus
2521 2237 2606 2287 est
2633 2232 2798 2287 nobis
2830 2232 2887 2285 in
2916 2231 3054 2286 Filio
3078 2231 3272 2302 (Hebr.
3293 2249 3330 2298 ι,
3370 2232 3478 2303 1).»
3510 2231 3578 2285 Et
3608 2233 3771 2301 post-

2157 2339 2332 2394 quam
2360 2322 2531 2376 fuerit
2549 2339 2651 2394 per
2667 2321 2870 2375 Filium
2887 2322 3126 2386 locutus,
3144 2323 3351 2375 vocavit
3366 2326 3563 2376 terram
3586 2338 3618 2373 a
3644 2320 3773 2373 solis

2154 2417 2274 2464 ortu
2294 2427 2452 2483 usque
2467 2409 2536 2464 ad
2549 2409 2875 2476 occasum,id
2889 2412 2973 2463 est
2987 2409 3214 2464 vocabit
3230 2409 3301 2485 ad
3314 2408 3489 2463 ﬁdem
3507 2424 3611 2478 per
3624 2423 3775 2479 pra:-

2157 2498 2437 2553 dicatores
2450 2500 2519 2554 de
2534 2499 2802 2553 omnibus
2813 2498 3232 2553 habitatoribus
3246 2497 3616 2564 terra},asolis
3634 2498 3772 2550 ortu

2157 2589 2420 2659 usquead
2444 2606 2727 2643 occasum.
2764 2588 2904 2643 Cum
2923 2592 3117 2643 autem
3353 2587 3775 2657 subsequenter

2156 2692 2376 2747 ponere
2404 2677 2793 2749 deberctquid
2828 2679 3115 2749 loquetur,
3149 2675 3466 2748 interponit
3515 2672 3669 2745 quod
3697 2689 3771 2727 ex

2157 2765 2368 2820 Judmis
2407 2767 2806 2833 nascetur,’vel
2829 2784 2862 2820 a
2896 2765 3106 2820 Iudaeis
3144 2764 3377 2837 incipiet
3404 2762 3771 2817 vocationem

2160 2870 2323 2908 suam
2348 2871 2361 2909 :
2394 2857 2456 2908 ut
2482 2854 3002 2921 Judaeosinﬁdeles,
3037 2854 3135 2925 qui
3159 2869 3293 2907 eum
3314 2850 3575 2923 negaturi
3598 2854 3774 2904 erant

2161 2961 2282 2999 esse
2312 2944 2513 3011 Deum,
2540 2942 2877 2997 auctoritate
2910 2960 3010 2996 sua
3032 2942 3340 3008 convictos,
3401 2940 3473 2994 ad
3527 2939 3770 2994 audien-

2164 3032 2304 3087 dum
2336 3050 2462 3104 quae
2494 3034 2786 3087 locuturus
2816 3035 2921 3098 est,
2951 3032 3009 3084 et
3043 3029 3477 3102 obsequendum
3532 3027 3763 3085 invitet.

441 3135 561 3171 cum
593 3120 648 3172 in
675 3118 870 3172 honore
902 3126 1047 3187 esset,
1085 3122 1191 3174 etc.
1227 3120 1343 3175 Hoc
1378 3124 1573 3176 autem
1605 3123 1666 3175 ut
1693 3122 1953 3191 superius
1972 3139 2063 3176 ex-
2086 3162 2133 3221 Ο
2163 3121 2485 3193 Interponit
2510 3121 2684 3175 etiam
2721 3120 2917 3190 ignem
2978 3121 3033 3171 in
3062 3125 3334 3189 conspectu
3384 3118 3500 3188 ejus
3538 3132 3772 3170 exarsu-

444 3207 682 3279 ponitur
715 3224 727 3260 :
759 3207 915 3278 quod
936 3208 1066 3263 ideo
1108 3208 1344 3280 repetit,
1376 3212 1439 3263 ut
1471 3226 1600 3263 eum
1622 3210 2061 3281 ajumentorum
2089 3205 2133 3221 ν
2163 3227 2315 3277 rum,
2354 3212 2410 3263 et
2432 3212 2838 3279 tempestatem
2871 3210 2923 3260 in
2952 3209 3175 3262 circuitu
3204 3208 3320 3277 ejus
3337 3222 3457 3260 esse
3488 3205 3772 3259 futuram.

445 3294 819 3350 similitudine
845 3296 1119 3353 retrahat.

957 3385 1023 3437 IN
1059 3384 1287 3439 PSALM
1297 3386 1391 3441 [ΞΜ
1411 3386 1580 3440 XLIX.

515 3470 733 3526 Titulus
746 3472 1169 3543 quadragesimi
1196 3474 1354 3528 noni:
1374 3474 1622 3529 Psalmus
1641 3475 2063 3549 AsopiuAsaph,

451 3558 658 3628 Eman,
692 3558 896 3627 Etban,
926 3560 1201 3629 Yditbun,
1239 3566 1487 3634 quatuor
1528 3564 1923 3620 modulatores
1951 3565 2070 3619 fue-

449 3652 589 3704 runt
622 3666 635 3705 :
670 3649 1242 3721 quimodulatoribus
1273 3651 1397 3706 aliis
1432 3655 1739 3725 praeerant,
1765 3654 1861 3726 qui
1894 3653 2069 3708 David

450 3739 709 3794 Psalmos
745 3738 1212 3794 modulabantur.
1267 3740 1365 3795 Hic
1421 3745 1615 3796 autem
1675 3759 1794 3796 non
1847 3743 2072 3798 videtur

448 3827 637 3900 Asaph
668 3844 774 3883 vox
802 3827 924 3881 hzec
957 3827 1229 3900 apposita
1259 3829 1333 3883 ad
1361 3831 1682 3902 quamlibet
1704 3831 1955 3887 historiae
2002 3833 2068 3886 ﬁ-

453 3934 679 3989 guram,
714 3916 815 3969 sed
860 3920 1097 3988 propter
1130 3917 1217 3970 sui
1270 3916 1832 3990 interpretationem.
1880 3920 2071 3991 Asaph

455 4004 613 4059 enim
634 4004 774 4059 illud
806 4004 959 4059 idem
992 4005 1142 4075 quod
1179 4008 1238 4059 et
1268 4004 1577 4078 Synagoga
1606 4006 2019 4079 interpretatur
2051 4026 2066 4077 ;

454 4090 812 4163 Congregatio
839 4091 1141 4147 videlicet:
1170 4091 1417 4163 ideoque
1439 4093 1533 4148 hic
1555 4095 1790 4166 ponitur
1804 4096 2065 4167 psalmus,

455 4178 515 4233 id
540 4182 626 4233 est
647 4181 920 4232 tractatus
943 4178 1046 4233 iste
1073 4183 1158 4234 est
1208 4181 1421 4252 Asaph,
1463 4180 1523 4235 id
1554 4185 1639 4236 est
1664 4185 2065 4255 congregatio-

2164 3299 2231 3352 Et
2262 3314 2394 3351 eum
2419 3298 2647 3365 ccelum,
2683 3295 2738 3351 id
2772 3300 2855 3351 est
2878 3297 3187 3369 apostolos,
3230 3299 3286 3350 et
3316 3297 3553 3361 terram,
3588 3292 3643 3346 id
3688 3295 3779 3347 est

2167 3387 2489 3442 mediocres
2518 3386 2733 3454 ﬁdeles,
2787 3403 2821 3440 a
2864 3386 3172 3456 perdendis
3202 3387 3625 3456 separaturum.
3662 3381 3776 3446 Qui

2168 3476 2344 3531 etiam
2371 3475 2613 3548 apostoli
2636 3475 3063 3529 annuntiabunt
3091 3474 3234 3541 aliis,
3269 3472 3365 3545 qui
3406 3475 3564 3527 terra
3583 3473 3777 3538 erunt,

2178 3563 2460 3636 justitiam
2489 3564 2609 3635 ejus
2643 3562 2734 3617 Dei
2768 3579 2780 3617 :
2806 3566 2868 3616 ut
2899 3579 3030 3617 cum
3059 3563 3168 3616 hoc
3198 3564 3359 3616 tanto
3391 3564 3525 3614 ante
3556 3562 3784 3631 tempo-

2170 3668 2232 3706 re
2258 3652 2635 3723 prophetizet,
2670 3651 2897 3706 Judaeos
2951 3651 3278 3705 incredulos
3317 3648 3391 3703 ad
3421 3647 3780 3704 audiendum

2171 3744 2229 3795 et
2259 3740 2648 3795 obediendum
2693 3740 2915 3795 Christo
2975 3745 3032 3794 et
3080 3738 3369 3811 discipulis
3400 3738 3523 3809 ejus
3555 3736 3778 3791 incitet.

2170 3830 2523 3884 Adhortatur
2555 3846 2784 3901 quoque
2819 3828 2971 3900 ipsos
3005 3829 3176 3883 caelos
3212 3828 3285 3882 ad
3318 3828 3419 3882 Dei
3450 3826 3649 3880 ﬁdeles
3695 3825 3785 3879 fu-

2171 3921 2329 3973 turos
2358 3918 2765 3989 przedicatione
2800 3935 2899 3972 sua
2930 3916 3429 3989 congregandum,
3486 3917 3548 3969 ut
3574 3914 3782 3968 innuat

2164 4011 2452 4083 quantam
2472 4008 2620 4079 jam,
2649 4011 2813 4062 tanto
2849 4009 2982 4061 ante
3014 4010 3278 4078 tempore
3309 3990 3574 4071 existens,
3608 4003 3777 4074 huju-

2170 4113 2259 4150 sce
2291 4096 2372 4150 rei
2406 4096 2616 4151 habeat
2643 4095 3379 4163 affectionem,eteamdcm
3406 4092 3776 4149 aﬁ'ectionem

2169 4185 2372 4240 doceat
2404 4184 2527 4239 aliis
2556 4185 2884 4243 habendam
2919 4201 3059 4239 esse.
3090 4185 3205 4238 Hoc
3245 4186 3466 4251 notato,
3511 4181 3583 4237 ad
3604 4182 3779 4236 verba

457 4266 547 4320 nis
560 4266 817 4320 ﬁdelium
833 4268 966 4320 ante
980 4266 1292 4321 adventum
1314 4267 1859 4326 Cbrsiti.Sciendum
1872 4277 2068 4329 autem
2166 4272 2298 4328 libri
2329 4273 2654 4328 redeamus.
2690 4272 2978 4344 Sequitur.
3003 4272 3093 4327 Ex
3119 4270 3254 4327 Sion
3280 4268 3777 4343 species,etc.Quod

457 4354 858 4409 collectionem
880 4355 1038 4410 illam
1074 4359 1208 4409 ante
1232 4355 1543 4412 adventum
1568 4358 2065 4426 Cbristi,nonideo
2168 4362 2246 4418 sic
2268 4364 2637 4419 continuatur
2668 4381 2681 4418 :
2712 4363 2847 4418 Dico
2880 4363 3035 4435 quod
3092 4363 3360 4434 loquetur
3407 4378 3508 4434 per
3568 4358 3776 4414 Filium

459 4443 675 4498 dictam
689 4441 1355 4517 esseSynagogam,idest
1370 4448 2068 4522 congregationem,quod
2092 4457 2143 4516 D
2166 4451 2550 4509 incarnatum.
2586 4454 2653 4507 Et
2672 4454 2859 4524 species
2890 4453 3088 4507 decoris
3116 4454 3233 4523 ejus
3258 4450 3358 4505 ﬁlii
3384 4449 3657 4522 procedet
3714 4465 3780 4503 ex

461 4531 535 4587 ad
556 4531 980 4587 irrationabiles
1018 4536 1077 4588 et
1106 4536 1334 4589 coactos
1361 4535 1610 4605 pertinet
1636 4554 1650 4606 ;
1711 4537 1845 4609 quia
1902 4539 2067 4594 multi
2166 4540 2324 4609 Sion,
2364 4541 2423 4596 id
2453 4546 2538 4596 est
2568 4541 2686 4612 ipse
2715 4541 3001 4613 speciosus
3033 4541 3091 4595 in
3125 4538 3485 4607 innocentia,
3519 4540 3577 4592 et
3602 4537 3776 4593 deco-

462 4638 825 4690 eorum,cum
848 4621 1616 4693 perfectissimiessent,dicti
1639 4628 1771 4679 sunt
1802 4626 2064 4695 Ecclesia,
2168 4646 2262 4685 rus
2282 4630 2341 4684 in
2374 4629 2641 4685 omnibus
2684 4628 3004 4697 virtutibus,
3068 4631 3333 4683 nascetur
3383 4644 3449 4681 ex
3481 4625 3647 4697 plebe
3678 4626 3777 4680 Ju-

458 4708 521 4766 id
547 4714 632 4765 est
653 4711 985 4766 convocatio
1014 4728 1026 4765 :
1061 4711 1215 4783 quod
1242 4711 1313 4766 ad
1338 4712 1708 4768 rationabiles
1734 4715 2068 4787 pertinet,et
2168 4718 2331 4774 daica
2357 4734 2369 4772 :
2403 4734 2529 4789 quae
2550 4717 2884 4789 designatur
2909 4734 3013 4788 per
3048 4717 3207 4783 Sion,
3241 4732 3367 4789 quas
3396 4714 3571 4769 turris
3600 4716 3686 4769 est
3715 4712 3777 4769 in

460 4818 581 4857 non
614 4804 861 4867 coactos,
892 4800 990 4872 qui
1032 4802 1153 4855 sola
1175 4803 1590 4858 convocatione
1621 4804 1930 4873 accedunt;
1969 4806 2069 4860 sed

462 4890 779 4947 secundum
809 4890 1123 4945 maximam
1152 4892 1400 4963 partem,
1434 4892 1531 4964 qui
1564 4910 1682 4949 non
1713 4894 1937 4951 ratione
1969 4913 2071 4951 sua

459 5000 557 5039 eos
584 4983 828 5039 ducente
853 4982 926 5037 ad
946 4982 1051 5037 hoc
1082 4983 1196 5055 legi
1223 4982 1651 5053 deserviebant,
1705 4986 1804 5042 sed
1859 4986 2067 5042 timore

458 5087 667 5144 pinnas,
698 5088 861 5126 more
893 5072 1371 5127 irrationabilium
1399 5073 1759 5139 animalium,
1789 5093 1917 5147 qua:
1948 5092 2064 5131 non

459 5161 685 5216 ratione
708 5177 775 5215 ea
797 5159 1061 5227 ducente,
1087 5159 1186 5215 sed
1215 5160 1267 5215 vi
1307 5160 1365 5215 in
1396 5178 1577 5215 unum
1607 5167 2058 5235 congregantur.

459 5249 909 5305 Introducuntur
937 5252 1132 5303 autem
1147 5248 1206 5303 in
1224 5250 1332 5304 hoc
1355 5251 1575 5321 psalmo
1602 5250 1799 5305 ﬁdeles
1816 5255 1948 5306 ante
1963 5251 2063 5306 ad-

458 5341 695 5394 ventum
713 5337 917 5393 Christi
950 5337 1272 5406 existentes,
1300 5338 1554 5393 dicentes
1574 5340 1754 5394 Deum
1785 5339 1881 5411 qui
1895 5356 2065 5411 super

454 5428 769 5501 prophetas
798 5430 931 5483 ante
953 5428 1174 5482 locutus
1202 5428 1411 5494 fuerat,
1434 5444 1539 5499 per
1562 5428 1768 5483 Filium
1791 5446 1956 5483 suum
1981 5429 2065 5484 in-

455 5520 758 5572 carnatum
783 5516 1001 5571 mundo
1014 5516 1361 5572 locuturum.
1387 5517 1453 5570 Et
1468 5516 1755 5572 sacriﬁciis
1786 5517 2065 5590 legalibus

456 5620 587 5678 quae
616 5603 1023 5661 tantummodo
1050 5604 1282 5678 signum
1312 5622 1474 5663 novas
1527 5604 1671 5678 legis
1729 5606 2066 5665 exstiterant

453 5691 778 5766 exinanitis,
813 5692 1152 5753 sacriﬁcium
1175 5694 1360 5753 laudis
1371 5694 1796 5772 institutarum;
1830 5696 2064 5774 quodin

2165 4807 2484 4864 Judzea.Vel
2501 4806 2579 4861 sic
2601 4823 2614 4861 :
2636 4806 2770 4862 Dico
2785 4807 2940 4879 quod
2956 4807 3180 4862 vocabit
3192 4822 3430 4861 omnem
3450 4808 3696 4871 terram;
3719 4806 3779 4858 et

2169 4895 2383 4967 species
2414 4895 2635 4951 decoris
2667 4896 2789 4967 ejus
2819 4895 2942 4964 Dei,
2975 4896 3033 4950 id
3065 4898 3151 4951 est
3190 4894 3598 4968 praedicatores
3627 4892 3773 4963 ejus,

2168 4984 2406 5055 speciosi
2437 4983 2495 5037 in
2524 4983 2858 5038 innocentia
2888 4985 2947 5038 et
2971 4983 3168 5039 decori
3192 4983 3251 5038 in
3281 4981 3604 5048 virtutibus,
3635 4996 3774 5053 pro-

2167 5074 2374 5128 cedent
2402 5090 2467 5127 ex
2496 5074 2706 5145 populo
2732 5072 2991 5127 Judaico.
3024 5073 3123 5128 Vel
3154 5071 3233 5127 sic
3261 5088 3274 5127 :
3307 5071 3625 5126 Advocabit
3653 5071 3773 5123 ter-

2166 5178 2313 5216 ram.
2347 5160 2423 5215 Et
2461 5162 2660 5232 species
2675 5161 2873 5216 decoris
2888 5163 3005 5233 ejus
3034 5164 3206 5216 terra;
3251 5160 3486 5233 incipiet
3521 5177 3585 5213 ex
3610 5157 3772 5227 Sion,

2166 5250 2226 5306 id
2259 5254 2342 5306 est
2370 5250 2541 5323 primi
2573 5250 2811 5321 speciosi
2839 5253 2897 5305 et
2924 5250 3116 5306 decori
3148 5254 3314 5305 terra!
3349 5266 3494 5322 quos
3524 5247 3643 5320 ipse
3670 5263 3773 5301 vo-

2165 5339 2336 5407 cabit,
2365 5343 2536 5394 erunt
2560 5340 2631 5394 de
2658 5340 2795 5396 Sion
2842 5357 2855 5394 :
2893 5339 3137 5395 Ecclesia
3185 5339 3400 5395 scilicet
3456 5335 3777 5410 primitivo-

2163 5431 2401 5485 rum.Iu
2428 5429 2538 5485 hoc
2590 5432 2786 5484 autem
2816 5428 3043 5484 Iudaeos
3096 5429 3407 5485 benevolos
3453 5425 3647 5482 reddit
3698 5423 3775 5480 ad

2164 5535 2297 5574 eum
2330 5518 2704 5587 audiendum,
2739 5534 2871 5573 cum
2904 5535 2971 5573 ex
2998 5518 3079 5573 eis
3109 5517 3266 5574 nasci
3307 5517 3647 5589 dignaturus
3700 5512 3776 5570 sit

2164 5612 2222 5667 et
2251 5626 2319 5666 ex
2342 5608 2423 5666 eis
2442 5608 2803 5666 vocationem
2832 5625 2995 5665 suam
3027 5609 3375 5682 incepturus.

2235 5697 2360 5757 Dixi
2387 5695 2544 5774 quod
2568 5698 2723 5756 Deus
2742 5696 3009 5773 loquetur
3026 5696 3368 5774 perFilium,
3386 5697 3444 5754 et
3464 5694 3584 5772 ipse
3597 5690 3775 5755 Filius
