4008 6030
290 320 394 381 853

1268 317 1623 381 EXPOSITIO
1660 325 1731 381 IN
1769 320 2104 419 PSALMOS.
2135 357 2204 368 —
2234 322 2429 387 PSAL.
2469 324 2624 384 XLIX

3509 329 3613 386 834

289 442 691 500 Deusexistens
709 460 839 501 cum
852 447 1039 502 Patre.
1056 446 1124 502 Et
1143 447 1458 503 secundum
1478 447 1896 503 hocinvisibilis
1921 448 1978 509 Α
2010 449 2250 505 lentiam
2279 457 2484 505 sanctos
2503 450 2635 521 ejus,
2669 448 2727 503 id
2756 449 2841 502 est
2863 447 2990 503 illos
3011 464 3153 520 quos
3180 448 3514 504 accedentes
3537 452 3611 506 ad

287 533 497 599 veniet,
534 550 648 588 non
679 536 957 604 localiter,
979 537 1080 591 sed
1106 536 1167 591 in
1195 536 1463 591 notitiam
1486 537 1790 593 hominum
1815 556 1897 592 ve-

285 624 717 693 nietmani/‘este,
750 623 807 677 id
834 627 919 678 est
965 625 1302 679 manifestus
1332 628 1390 679 et
1419 626 1650 680 vusibilis
1694 643 1894 680 secun-

287 710 427 765 dum
455 712 608 783 quod
625 713 822 767 homo.
847 713 980 768 Dico
996 712 1140 767 Deus
1159 719 1216 768 et
1235 731 1351 768 non
1374 730 1604 768 recens:
1629 714 1726 768 sed
1752 714 1896 768 Deus

282 807 481 868 noster,
514 817 687 873 quem
738 819 842 856 nos
868 806 924 856 et
944 806 1136 873 patres
1164 802 1342 856 nostri
1373 802 1895 875 coluimus.Etipse

279 888 432 944 Deus
462 907 566 943 non
590 890 761 945 silebit
785 908 843 945 se
871 908 991 945 esse
1018 893 1222 945 Deum.
1257 892 1416 955 Quod
1447 894 1532 945 est
1559 891 1746 945 dicere
1783 909 1794 945 :
1830 893 1896 945 Et

280 994 419 1032 voce
456 981 513 1032 et
542 994 714 1050 opere
746 996 803 1034 se
835 980 1101 1034 ostendet
1147 997 1269 1034 esse
1320 982 1524 1046 Deum,
1574 980 1893 1034 secundum

281 1067 439 1138 quod
472 1066 527 1120 in
557 1067 866 1137 Evangelio
897 1068 1110 1141 legitur
1134 1085 1145 1123 :
1172 1091 1199 1118 «
1228 1070 1344 1139 Ego
1364 1068 1421 1122 in
1447 1070 1614 1122 Patre
1645 1072 1701 1123 et
1728 1070 1897 1122 Pater

283 1154 344 1209 in
378 1172 471 1210 me
502 1158 586 1210 est
627 1156 810 1228 (Joan,
852 1174 960 1223 xiv,
1017 1159 1124 1228 lO).
1172 1179 1199 1206 ››
1247 1157 1366 1212 Dixi
1417 1157 1551 1228 quia
1595 1156 1806 1224 veniet,
1840 1160 1897 1211 et

284 1248 593 1316 postquam
623 1246 863 1312 venerit,
897 1248 1033 1315 ignis
1058 1248 1114 1299 in
1151 1251 1424 1316 conspectu
1445 1246 1556 1314 eius
1575 1246 1894 1311 exardescet,

284 1330 343 1387 id
371 1335 456 1387 est
480 1332 669 1387 fervor
697 1332 1016 1388 dilectionis
1041 1334 1530 1407 augmentatibur,
1553 1335 1627 1389 ad
1656 1334 1896 1389 modum

285 1418 437 1492 ignis
451 1421 900 1489 exardesccntis;
932 1422 988 1476 in
1012 1422 1493 1495 conspicientibus
1511 1439 1645 1476 eum
1663 1421 1896 1493 speciali

284 1511 538 1579 aspectu,
571 1508 629 1562 in
662 1509 923 1564 ﬁdelibus
952 1509 1183 1564 scilicet.
1217 1509 1292 1563 Et
1317 1516 1594 1581 tempestas
1619 1509 1816 1575 valida,
1840 1508 1898 1562 id

284 1600 370 1652 est
419 1597 719 1652 excaecatio
750 1598 1297 1653 vehementissima:
1333 1616 1460 1670 quae
1518 1597 1646 1653 ideo
1691 1598 1898 1653 dicitur

282 1687 616 1757 tempestas,
646 1686 780 1758 quia
792 1703 890 1741 eos
915 1687 984 1741 ad
1007 1687 1249 1741 modum
1266 1687 1622 1759 tempestatis
1643 1686 1893 1756 dejiciet,

1999 556 2058 593 se
2092 540 2202 594 ﬁde
2233 540 2626 594 sanctiﬁcaliit.
2688 538 3048 593 Determinat
3087 556 3220 593 vero
3263 540 3358 611 qui
3384 540 3499 594 sint
3526 540 3607 595 illi

1998 626 2117 682 sic:
2157 627 2382 683 Sanctus
2409 629 2532 682 dico
2565 628 2691 681 illos
2719 627 2926 681 scilicet
2971 628 3067 698 qui
3099 627 3376 696 ordinant,
3415 628 3473 683 id
3523 631 3608 683 est

1997 715 2092 786 qui
2125 717 2477 771 ordinabunt
2505 723 2892 783 testamentum,
2932 715 2991 768 id
3038 718 3122 769 est
3162 716 3352 786 legem
3396 733 3602 771 novam

1997 805 2138 873 ejus,
2170 822 2324 876 super
2343 806 2603 873 sacriﬁcia
2636 804 2775 875 legis
2802 803 3029 859 veteris.
3067 803 3231 867 Quod
3258 808 3344 858 est
3370 804 3558 859 dicere
3587 822 3601 861 :

1996 892 2270 947 sacriﬁcia
2298 894 2649 964 reputabant
2679 892 3047 957 inl‘eriora,id
3070 896 3155 946 est
3182 893 3528 963 indigniora;
3549 895 3605 946 et

1996 982 2406 1036 testamentum
2448 982 2725 1053 superius,
2745 982 2797 1035 id
2822 986 2908 1036 est
2924 980 3213 1052 dignius:a
3229 981 3604 1036 similitudine

1994 1069 2143 1122 illius
2174 1070 2269 1140 qui
2303 1070 2530 1124 ordinat
2557 1071 2807 1141 lapidem
2839 1069 3297 1141 superlapidcm,
3318 1074 3374 1124 et
3398 1073 3605 1125 caetera

1998 1155 2152 1211 talia.
2178 1156 2586 1211 Exhortatione
2627 1157 2985 1226 interposita,
3017 1156 3169 1210 redit
3210 1156 3282 1210 ad
3309 1157 3417 1211 hoc
3448 1156 3603 1229 quod

1997 1243 2331 1316 incceperat,
2357 1245 2481 1299 sic‘:
2508 1245 2643 1300 [ιίου
2692 1246 2846 1317 quod
2871 1245 3145 1298 advocavit
3165 1245 3368 1312 coelum,
3416 1248 3473 1299 et
3502 1262 3606 1316 per

1998 1333 2203 1386 coelum
2243 1340 2439 1388 terram
2466 1351 2481 1398 ;
2515 1336 2571 1388 et
2596 1333 2701 1404 ipsi
2728 1334 2842 1386 creti
2872 1333 3270 1386 annuntiubunt
3298 1333 3431 1403 ipsis
3463 1350 3605 1405 quos

1998 1421 2284 1476 vocabunt
2303 1422 2575 1493 justitiam
2624 1423 2756 1494 ejus,
2804 1422 2960 1494 quod
3005 1422 3123 1492 ipse
3156 1422 3342 1492 justus
3382 1426 3485 1480 est.
3539 1424 3606 1477 Et

1996 1512 2242 1581 quoniam
2268 1510 2386 1582 ipse
2414 1510 2508 1583 qui
2538 1510 2704 1579 Deus,
2740 1514 2825 1565 est
2851 1510 3029 1564 Judex
3048 1517 3120 1563 est
3152 1528 3165 1563 :
3195 1510 3350 1582 quod
3392 1513 3478 1565 est
3519 1509 3605 1565 di-

1998 1616 2147 1666 cere,
2194 1602 2258 1653 ut
2297 1599 2422 1655 illos
2467 1617 2500 1654 a
2538 1600 2786 1671 peccatis
2828 1602 3132 1666 exterreat,
3177 1600 3607 1654 annuntiabunt

1998 1702 2130 1739 cum
2150 1687 2373 1756 justum
2401 1705 2520 1742 esse
2550 1688 2943 1759 Judiccm,qui
2969 1688 3025 1740 in
3056 1688 3247 1741 futuro
3282 1692 3510 1757 peccata
3528 1688 3605 1740 ul-

279 1777 338 1828 et
369 1791 473 1845 per
502 1774 697 1829 illicita
721 1774 924 1847 rapiet.
954 1775 1072 1829 Erit
1106 1777 1160 1828 in
1188 1777 1416 1829 circuitu
1438 1776 1578 1845 ejus,
1615 1775 1673 1829 id
1694 1778 1800 1842 est,
1834 1776 1895 1829 in
1924 1762 1974 1821 Β
1997 1776 2255 1829 ciscetur.
2288 1776 2385 1830 Vel
2411 1777 2523 1831 hoc
2552 1779 2739 1831 totum
2769 1777 2839 1831 ab
2863 1777 2958 1830 illo
2984 1776 3110 1830 loco
3142 1776 3241 1830 ubi
3267 1776 3406 1829 dicit
3431 1775 3607 1831 .Deus

282 1862 630 1929 infidelibus,
673 1863 769 1934 qui
821 1863 1178 1936 neglexerint
1216 1863 1268 1918 ei
1304 1863 1787 1935 appropinquare.
1830 1865 1897 1917 Et

284 1954 455 2005 erunt
485 1953 541 2005 in
572 1953 800 2006 circuitu
836 1953 970 2024 ejus,
1002 1952 1059 2008 id
1095 1956 1199 2020 est,
1250 1953 1307 2007 in
1354 1953 1719 2024 elongatione
1753 1951 1892 2022 ejus.

281 2038 384 2093 Vel
413 2038 491 2094 sic
522 2057 534 2093 ε
564 2040 750 2095 valida
780 2028 1110 2113 tempestas,
1140 2042 1197 2096 id
1226 2045 1312 2097 est
1342 2041 1663 2107 excaecatio,
1697 2041 1805 2095 erit
1836 2041 1895 2094 in

285 2128 810 2199 conspicientibus:
851 2146 969 2185 non
996 2130 1053 2184 in
1087 2130 1406 2198 divinitate,
1445 2130 1545 2184 sed
1586 2131 1641 2183 in
1671 2130 1899 2184 circuitu

285 2216 420 2286 ejus,
444 2216 504 2271 id
538 2221 619 2272 est
664 2217 724 2271 in
771 2218 1136 2273 humanitate
1180 2219 1568 2273 solummodo.
1612 2217 1777 2282 Quod
1815 2222 1901 2272 est

289 2306 479 2361 dicere
510 2324 522 2360 :
554 2306 614 2362 in
648 2308 759 2362 illis
800 2315 1072 2379 tempestas
1110 2311 1227 2375 erit,
1268 2309 1364 2380 qui
1401 2325 1535 2363 eum
1576 2306 1898 2378 simplicem

285 2394 589 2450 hominem
619 2413 740 2452 esse
774 2397 1185 2469 opinabuntur.
1211 2397 1547 2452 Humanitas
1570 2401 1763 2451 autem
1796 2413 1900 2468 per

284 2483 723 2540 similitudinem
755 2485 1021 2540 circuitus
1050 2487 1275 2541 dicitur.
1296 2487 1417 2542 Non
1451 2486 1607 2558 quod
1640 2485 1696 2539 in
1731 2502 1790 2539 se
1813 2485 1897 2540 di-

281 2572 579 2627 vinitatem
608 2574 866 2629 localiter
890 2575 1369 2646 comprehendat,
1412 2575 1513 2629 sed
1558 2574 1713 2647 quod
1744 2574 1801 2628 in
1830 2590 1899 2628 ea

284 2663 503 2716 occulte
530 2666 586 2717 et
615 2663 988 2733 spiritualiter
1016 2663 1139 2734 ipsa
1170 2663 1437 2719 divinitas
1480 2663 1719 2720 habitet.
1753 2662 1896 2717 Cum

282 2749 440 2804 enim
473 2750 624 2805 intra
649 2768 775 2806 rem
808 2751 1061 2823 aliquam
1099 2751 1445 2819 habitamus,
1479 2752 1683 2806 eadem
1710 2767 1772 2804 re
1795 2749 1901 2803 cir-

283 2839 942 2903 cumdamur.Quoniam
962 2843 1158 2894 autem
1189 2840 1428 2905 dixerat,
1450 2840 1657 2894 vocabit
1679 2846 1894 2905 terram,

284 2928 344 2980 et
368 2944 486 2982 non
530 2931 888 2999 exposuerat,
929 2946 1001 2982 ne
1056 2928 1164 2983 hoc
1214 2928 1583 2999 ignoraretur
1624 2926 1892 2983 ostendit.

284 3014 421 3104 Dico
453 3016 606 3087 quod
629 3017 852 3071 vocabit
884 3020 1100 3071 terram
1130 3034 1143 3071 :
1179 3020 1238 3071 et
1270 3018 1378 3072 hoc
1413 3017 1609 3084 modo,
1638 3016 1852 3104 scilicet
1880 3031 1892 3104 ξ
1918 3044 1966 3104 C

281 3102 442 3175 prius
483 3104 782 3173 advocabit,
834 3105 892 3159 id
931 3107 1017 3159 est
1046 3105 1118 3160 ad
1149 3106 1324 3160 ﬁdem
1354 3105 1578 3161 vocabit
1604 3105 1807 3170 calum,
1840 3103 1900 3157 id

287 3194 373 3245 est
421 3193 730 3263 apostolos,
774 3192 870 3265 qui
921 3193 1272 3248 sublimitate
1300 3193 1574 3248 virtutum
1632 3193 1900 3247 dicuntur

290 3280 522 3335 cmlum.

359 3369 438 3422 Ne
471 3386 603 3424 vero
626 3373 927 3443 putaretur
958 3370 1225 3426 amittere
1260 3370 1638 3440 divinitatem,
1661 3373 1899 3443 propter

286 3462 642 3529 assumptam
671 3459 1114 3522 humanitatem,
1135 3460 1295 3514 addit
1326 3460 1597 3513 desursum
1630 3460 1893 3513 existens.

287 3547 348 3599 In
369 3546 597 3601 sublimi
626 3547 839 3602 scilicet
855 3548 1182 3619 aequalitate
1205 3547 1516 3601 divinitatis
1541 3564 1672 3602 cum
1690 3549 1855 3602 Patre
1880 3564 1894 3601 :

285 3651 351 3689 ac
382 3635 425 3688 si
459 3634 538 3689 sic
569 3634 783 3689 diceret
815 3653 827 3690 :
860 3636 1127 3700 Quamvis
1165 3637 1342 3691 homo
1377 3637 1448 3690 sit
1481 3636 1819 3690 manifestus
1842 3638 1899 3689 et

286 3722 541 3791 visibilis,
567 3726 622 3777 et
653 3724 1058 3780 humanavoce
1086 3741 1294 3779 vocans
1326 3728 1384 3779 et
1410 3726 1678 3795 loquens;
1700 3727 1897 3777 tamen

285 3810 563 3866 desursum
591 3814 718 3866 erit.
754 3814 862 3867 Per
878 3814 986 3867 hoc
1016 3815 1209 3867 autem
1229 3813 1559 3867 Iudaeorum
1591 3812 1897 3883 perﬁdiam

286 3903 599 3971 expugnat,
614 3900 710 3973 qui
735 3917 867 3955 eum
886 3901 1186 3955 hominem
1212 3901 1549 3972 simpliciter
1581 3918 1702 3955 esse
1731 3918 1900 3954 men-

286 3988 528 4043 tiuntur.
554 3974 570 4059 I
760 3989 923 4043 Unde
950 3989 1071 4059 ipse
1102 3992 1343 4043 testatur
1375 4006 1388 4043 :
1428 4011 1455 4038 «
1485 3989 1595 4044 Vos
1626 3989 1697 4043 de
1728 3988 1901 4042 deor-

286 4093 413 4131 sum
447 4077 598 4144 estis,
628 4093 736 4148 ego
779 4077 848 4132 de
889 4077 1150 4150 supernis
1178 4093 1304 4131 sum
1334 4077 1521 4147 (Joan.
1558 4093 1674 4143 vm,
1708 4079 1824 4143 23).
1869 4097 1897 4125 »

286 4165 408 4220 Dixi
441 4165 596 4236 quod
618 4165 774 4236 prius
804 4165 986 4219 cretum
1012 4165 1329 4219 advocabit.
1350 4164 1426 4218 Et
1458 4182 1560 4236 per
1581 4166 1786 4220 coelum
1806 4165 1901 4219 ad-

285 4253 512 4308 vocabit
543 4260 758 4319 terram,
789 4252 846 4307 id
872 4256 957 4307 est
986 4252 1127 4306 alios
1150 4253 1349 4307 fideles
1394 4253 1490 4324 qui
1528 4255 1697 4307 erunt
1742 4256 1900 4308 terra

1995 1866 2271 1935 manifeste
2300 1868 2486 1932 veniet,
2514 1882 2689 1936 usque
2718 1865 2793 1919 ad
2816 1864 2948 1918 audi
2972 1864 3219 1934 populus,
3253 1864 3323 1917 de
3354 1864 3604 1918 secundo

1998 1955 2248 2009 adventu
2297 1954 2411 2025 legi
2464 1957 2674 2025 potest,
2722 1953 2792 2008 de
2839 1970 2951 2025 quo
3002 1952 3129 2006 ideo
3174 1952 3491 2023 interponit
3520 1956 3602 2018 ut,

1998 2060 2128 2097 cum
2162 2043 2348 2114 ipsum
2396 2043 2619 2111 Filium,
2668 2059 2837 2114 quem
2882 2043 3218 2112 loquentem
3257 2043 3376 2096 vult
3424 2041 3604 2096 intro-

2000 2131 2229 2199 ducere,
2262 2131 2575 2186 terribilem
2595 2132 2852 2186 Judicem
2882 2131 2941 2185 in
2973 2130 3223 2186 secundo
3247 2132 3493 2185 adventu
3512 2130 3608 2184 ad-

1999 2223 2305 2274 venturum
2338 2220 2675 2287 ostenderit,
2710 2220 3035 2275 incredulos
3060 2219 3133 2273 ad
3154 2218 3531 2287 audiendum,
3550 2222 3607 2273 et

2001 2307 2081 2361 illi
2102 2308 2514 2375 obediendum,
2547 2309 2756 2362 timore
2778 2309 2982 2362 saltem
3008 2307 3256 2378 instiget.
3282 2307 3426 2362 Deus
3439 2311 3608 2362 mani-

1997 2397 2148 2467 feste,
2183 2400 2290 2451 etc.
2321 2396 2485 2461 Quod
2526 2397 2603 2451 sic
2647 2396 3016 2451 continuatur
3050 2413 3062 2450 :
3103 2396 3223 2451 Dixi
3272 2397 3427 2468 quod
3458 2399 3607 2451 Deus

2000 2503 2105 2559 per
2136 2486 2339 2540 Filium
2367 2487 2635 2557 loquetur
2666 2488 2723 2539 et
2752 2485 2977 2540 vocabit
3006 2488 3245 2552 terram,
3278 2490 3336 2540 et
3361 2486 3515 2557 quod
3546 2503 3609 2540 ea:

1997 2574 2129 2629 Sion
2158 2577 2257 2629 erit
2279 2576 2468 2645 species
2495 2574 2694 2628 decoris
2715 2574 2846 2644 ejus.
2872 2575 2940 2627 Et
2968 2573 3087 2645 ipse
3120 2573 3287 2628 Filius
3318 2574 3438 2646 qui,
3473 2592 3606 2629 cum

1998 2663 2232 2717 humilis
2264 2663 2393 2730 erit,
2436 2679 2552 2717 non
2597 2662 2899 2734 apparebit
2936 2662 3245 2715 incredulis
3281 2679 3401 2717 esse
3437 2664 3603 2729 Deus,

1998 2752 2278 2820 mani/este
2306 2753 2475 2806 veniet
2516 2751 2589 2805 ad
2624 2751 2905 2821 judicium
2938 2751 2996 2803 in
3027 2750 3241 2812 futuro,
3273 2750 3330 2804 id
3362 2754 3447 2804 est
3475 2767 3607 2805 cum

1998 2842 2283 2912 potestate
2314 2844 2371 2894 et
2402 2840 2723 2910 majestate.
2756 2839 2820 2892 Et
2850 2838 2928 2892 sic
2954 2838 3256 2909 apparebit
3286 2854 3406 2892 esse
3436 2840 3602 2906 Deus,

1999 2929 2313 2983 secundum
2346 2928 2501 2999 quod
2527 2928 2584 2980 in
2616 2926 2922 2997 Evangelio
2954 2926 3163 2997 legitur
3186 2943 3198 2980 :
3221 2948 3250 2976 ‹‹
3278 2927 3433 2981 Tunc
3449 2927 3605 2982 vide-

1997 3017 2142 3071 bunt
2184 3017 2385 3070 Filium
2422 3015 2673 3070 hominis
2701 3015 3032 3069 venientem
3062 3015 3120 3068 in
3154 3015 3306 3069 nube
3337 3032 3467 3069 cum
3502 3031 3604 3085 po-

1999 3108 2203 3159 testate
2243 3122 2460 3176 magna
2485 3107 2542 3158 et
2572 3103 2875 3174 majestate
2906 3103 3062 3176 (Luc.
3098 3120 3208 3170 xxx,
3250 3106 3358 3163 27).
3408 3125 3436 3153 »
3470 3104 3604 3159 Dico

2001 3194 2155 3268 quod
2183 3195 2327 3247 Deus
2358 3192 2526 3247 Filius
2555 3194 2745 3251 veniet.
2780 3192 2876 3263 qui
2907 3209 3025 3247 non
3070 3195 3155 3245 est
3193 3209 3393 3246 recens
3438 3194 3603 3260 Deus,

1999 3283 2098 3337 sed
2127 3282 2272 3337 Deus
2297 3289 2469 3335 noster
2499 3297 2673 3353 quem
2706 3281 2963 3335 colimus.
2999 3281 3065 3334 Et
3094 3279 3213 3351 ipse
3243 3281 3477 3335 veniens
3502 3298 3607 3334 non

1997 3371 2172 3426 silebit
2199 3389 2233 3425 a
2257 3370 2529 3436 vindicta,
2553 3370 2698 3423 sicut
2729 3369 2787 3423 in
2814 3369 2994 3440 priori
3025 3370 3294 3423 adventu.
3328 3369 3493 3432 Quod
3523 3374 3607 3424 est

1999 3459 2188 3513 dicere
2210 3475 2223 3513 :
2246 3458 2546 3512 ulciscetur
2571 3456 2628 3511 in
2657 3473 2754 3511 eos
2784 3473 3067 3528 apparens
3090 3456 3148 3510 in
3172 3456 3607 3529 majestate,qui

2001 3548 2298 3618 negligent
2324 3563 2456 3600 eum
2474 3546 2799 3600 venientem
2823 3546 2975 3616 prius
2992 3546 3048 3599 in
3069 3545 3143 3598 hu
3156 3544 3605 3614 militate.Expo-

2000 3635 2158 3689 nitur
2186 3638 2381 3688 autem
2404 3633 2698 3704 quomodo
2732 3633 3055 3699 ulciscetur,
3084 3633 3319 3686 siczvcre
3350 3649 3457 3684 non
3485 3630 3604 3685 silc;

2003 3724 2110 3787 bit;
2153 3725 2286 3791 ignis
2314 3721 2469 3775 enim
2512 3720 2880 3775 clementaris
2914 3719 3207 3773 exardescet
3242 3720 3299 3773 in
3330 3724 3604 3788 conspectu

1998 3812 2131 3881 ejus,
2174 3810 2230 3863 id
2270 3814 2356 3864 est
2394 3809 2452 3862 iu
2498 3808 2805 3879 praesentia
2849 3807 2990 3877 ejus.
3040 3807 3371 3861 Notandum
3411 3809 3604 3860 autem

1999 3899 2155 3971 quod
2186 3898 2339 3969 ignis
2386 3898 2488 3951 iste
2537 3912 2653 3950 non
2701 3895 2811 3949 erit
2858 3896 2952 3949 ille
2998 3894 3148 3965 ignis
3190 3897 3440 3948 aeternus
3491 3910 3604 3964 quo

1999 3990 2199 4058 postea
2230 3985 2391 4058 impii
2419 3985 2539 4039 sine
2570 3985 2686 4038 ﬁne
2705 3983 3128 4055 torquebuntur
3149 3982 3176 4037 ‘2
3199 3981 3311 4037 Sed
3332 3985 3393 4035 ut
3404 3982 3605 4036 beatus

2001 4077 2200 4130 Petrus
2223 4075 2497 4140 afﬁrmat,
2525 4072 2634 4127 erit
2653 4092 2685 4125 <‹
2714 4074 2776 4126 In
2798 4071 3214 4126 resurrectione
3239 4073 3606 4125 mortuorum

2001 4164 2104 4219 iste
2127 4163 2294 4235 ignis,
2318 4165 2549 4217 tantum
2582 4160 2901 4216 altitudinis
2926 4160 3074 4214 aeris
3089 4163 3412 4230 attengens,
3429 4175 3609 4229 quan-

1998 4256 2124 4307 tum
2156 4252 2350 4307 diluvii
2390 4250 2692 4305 inundatio
2736 4248 3071 4304 conscendit
3097 4247 3183 4314 (II
3209 4248 3361 4305 Petr.
3396 4263 3477 4314 ιιι,
3513 4248 3604 4301 10-

288 4341 335 4412 ej
348 4359 429 4408 us,
464 4358 590 4397 com
600 4342 833 4413 pluendi
874 4341 1137 4396 doctrina
1179 4340 1437 4413 ipsorum
1464 4343 1894 4412 apostolorum;
1920 4325 1972 4385 D
2002 4345 2113 4409 1'2);
2148 4363 2175 4390 »
2196 4357 2309 4413 quo
2340 4340 2473 4411 igne
2498 4338 2685 4394 omnis
2715 4338 2861 4392 aeris
2891 4338 3115 4392 fasditas
3145 4336 3484 4409 expiabitur;
3504 4351 3608 4406 per

286 4429 432 4485 sicut
462 4434 616 4485 terra
646 4447 679 4485 a
703 4429 894 4502 pluvia
921 4428 1042 4483 coeli
1074 4429 1444 4499 compluitur,
1474 4433 1539 4483 ut
1568 4445 1673 4500 per
1695 4431 1804 4485 hoc
1826 4431 1899 4484 sit

284 4518 720 4575 fertilis.Volens
746 4535 846 4590 per
870 4518 1060 4588 ipsum
1082 4518 1287 4571 coelum
1310 4517 1635 4573 discernere
1659 4535 1692 4573 a
1710 4535 1899 4575 massa

286 4608 647 4679 perditorum
687 4607 963 4680 populum
1008 4623 1196 4671 suum,
1244 4606 1303 4660 id
1343 4610 1428 4661 est
1463 4611 1677 4661 terram
1710 4626 1893 4663 suam.

287 4696 453 4761 Quod
483 4699 567 4750 est
593 4695 779 4750 dicere
814 4712 825 4749 :
861 4696 970 4749 Per
1006 4695 1213 4749 caelum
1226 4694 1351 4765 jam
1370 4697 1900 4763 vocatum,vocabit

286 4788 346 4841 et
376 4789 593 4840 terram
623 4785 695 4840 ad
724 4785 920 4851 ﬁdem,
953 4787 1014 4839 ut
1043 4787 1270 4856 separet
1295 4802 1425 4839 eam
1452 4802 1486 4839 a
1516 4785 1787 4854 perditis:
1841 4790 1897 4841 et

286 4874 333 4929 si
358 4891 475 4929 non
503 4891 537 4928 a
568 4872 996 4929 conversatione
1018 4873 1378 4944 perditorum
1405 4873 1463 4927 in
1481 4874 1771 4945 przesenti,
1795 4875 1899 4929 sal-

286 4967 408 5020 tem
440 4981 473 5019 a
501 4963 907 5018 conformitate
924 4977 1126 5017 eorum
1148 4965 1205 5016 et
1233 4961 1293 5016 in
1317 4962 1509 5015 futuro
1541 4979 1574 5016 a
1593 4962 1900 5032 praesentia

286 5068 539 5126 quoque.

360 5140 629 5212 Sequitur
658 5140 978 5196 exhortatio
1010 5140 1084 5196 ad
1116 5139 1305 5211 ipsum
1341 5139 1569 5206 malum,
1605 5156 1730 5211 quas
1768 5139 1896 5194 talis

290 5234 402 5286 est:
426 5230 562 5284 Dico
591 5229 745 5301 quod
777 5247 882 5301 per
916 5247 1031 5296 vos,
1072 5245 1105 5283 o
1136 5228 1657 5290 coelum,advocabit
1680 5235 1895 5298 terram;

291 5321 349 5374 et
372 5317 647 5390 quoniam
667 5318 777 5373 hoc
792 5320 904 5372 tale
930 5317 1091 5373 vobis
1121 5317 1456 5387 mjungetur
1482 5316 1758 5384 ofﬁcium,
1780 5317 1902 5371 dili-

292 5422 436 5479 gens
464 5406 596 5461 huic
626 5405 813 5461 olﬁcio
846 5405 1113 5462 adhibete
1143 5405 1415 5460 studium.
1441 5404 1665 5460 Scilicet
1690 5405 1899 5477 praedi-

292 5496 522 5552 catione
551 5498 739 5551 vestra
753 5499 1103 5568 congregate
1133 5494 1191 5549 in
1211 5494 1489 5549 unitatem
1520 5494 1654 5550 ﬁdei
1678 5511 1691 5549 :
1719 5496 1900 5552 ethoc

294 5585 393 5661 illi,
425 5584 487 5642 id
511 5591 588 5642 est
625 5584 698 5643 ad
730 5585 1018 5642 honorem
1048 5584 1191 5659 ejus,
1223 5599 1342 5642 non
1383 5584 1456 5642 ad
1493 5583 1664 5643 vestri
1707 5585 1893 5643 extol-

1999 4447 2172 4502 quem
2199 4430 2395 4500 ignem
2426 4428 2684 4483 ﬁdelium
2703 4443 2947 4497 corpora
2962 4429 3020 4480 et
3035 4426 3245 4480 anima:
3274 4424 3441 4480 simul
3463 4441 3605 4479 con-

1993 4517 2389 4590 junctaz,sicut
2418 4517 2591 4571 modo
2625 4519 2776 4582 sunt,
2800 4515 3098 4569 velocitate
3128 4531 3355 4569 summa
3371 4513 3491 4568 sine
3513 4515 3607 4567 183-

1997 4609 2157 4663 sione
2184 4607 2459 4679 qualibet,
2510 4605 2756 4660 Domino
2789 4604 3014 4659 obviam
3047 4603 3107 4657 in
3138 4621 3274 4658 aera
3302 4606 3606 4659 occurrent

1998 4696 2382 4767 adjudicium.
2402 4694 2564 4749 Unde
2583 4695 2789 4748 Paulus
2802 4692 2855 4766 (1
2876 4692 3031 4747 Thes.
3051 4709 3128 4755 1v,
3147 4693 3606 4765 l7):«Rapiemur

1998 4785 2226 4841 obviam
2266 4783 2510 4838 Domino
2542 4782 2601 4836 in
2632 4799 2786 4848 aera,
2822 4804 2850 4830 »
2878 4781 3043 4854 impii
3074 4798 3206 4836 vero
3236 4784 3605 4851 peccatorum

1999 4875 2151 4930 mole
2164 4873 2404 4945 gravati,
2430 4873 2678 4927 multum
2696 4870 2947 4925 lmsionis
2966 4871 3023 4924 in
3040 4887 3099 4924 se
3127 4870 3399 4935 ferentes,
3416 4873 3601 4924 trans-

1998 4962 2162 5019 ibunt
2190 4962 2263 5017 ad
2282 4961 2588 5033 judicium,
2633 4961 2691 5015 in
2736 4959 2938 5015 aeterni
2992 4957 3255 5030 protinus
3286 4957 3436 5029 ignis
3469 4958 3602 5013 mit-

1998 5052 2156 5107 tendi
2174 5050 2509 5105 cruciatum.
2531 5048 2800 5120 Sequitur
2833 5064 2846 5102 :
2873 5048 3089 5101 Etcum
3118 5045 3357 5115 ignisibi
3378 5046 3603 5103 futurus

1998 5143 2089 5205 sit,
2112 5148 2160 5195 et
2191 5142 2253 5195 in
2288 5142 2515 5194 circuitu
2545 5138 2677 5209 ejus,
2706 5137 2765 5190 id
2785 5136 3036 5190 estcirca
3055 5151 3187 5188 eum
3220 5135 3498 5204 localiter,
3516 5138 3606 5191 vel

1999 5233 2055 5285 in
2092 5231 2349 5295 circuitu,
2376 5227 2438 5282 id
2468 5230 2552 5281 est
2573 5226 2630 5279 in
2651 5224 2931 5296 elongatis
2961 5223 3031 5278 ab
3062 5240 3130 5278 eo
3161 5222 3222 5277 in
3252 5222 3442 5294 impiis
3463 5223 3607 5279 scili-

2001 5318 2226 5387 cet,erit
2251 5323 2521 5387 tempestas
2534 5314 2935 5387 valida,vent_us
2945 5312 3609 5387 vehementissimus,sci-

2000 5385 2129 5463 licet
2151 5385 2457 5461 multitudo
2489 5404 2828 5475 angelorum
2850 5385 2867 5472 Ι
3057 5400 3468 5472 malignorum.
3500 5399 3609 5464 Qui

2001 5496 2269 5553 dicuntur
2294 5496 2603 5565 tempestas
2649 5508 2753 5563 per
2799 5489 3262 5558 similitudinem,
3302 5488 3437 5560 quia
3464 5489 3612 5544 sicut

2004 5586 2338 5659 tempestas,
2370 5581 2430 5639 id
2467 5584 2552 5639 est
2581 5584 2801 5656 ventus,
2835 5578 2881 5637 si
2907 5596 3091 5654 grana
3120 5580 3179 5637 et
3215 5579 3409 5654 paleas
3442 5577 3618 5641 mista
