3994 6042
272 312 381 374 857

1262 296 1623 364 Exposmo
1661 304 1730 360 IN
1768 301 2108 362 PSALMOS.
2138 334 2209 348 —
2236 288 2430 362 PSAL.
2472 303 2623 360 XLIX

3490 313 3595 371 858

280 437 468 494 xerim
501 434 606 493 :Si
626 430 1139 505 esuriero,nunquid
1178 432 1509 488 manducabo
1551 447 1737 487 carnes
1768 436 1886 485 tau-
1917 434 2223 495 Atrorsum
2254 446 2538 497 sermones,
2576 446 2713 484 meos
2752 428 2813 484 id
2861 431 2947 485 est
2974 429 3271 504 neglexisti
3310 438 3599 510 praecepta

283 545 467 584 rerum
486 531 581 581 aut
598 525 916 595 sanguinem
938 523 1209 577 hircorum
1231 522 1426 593 potabo
1449 522 1478 575 ?
1498 537 1887 593 nequaquam.

285 617 455 681 Quod
481 619 566 671 est
594 614 781 670 dicere
812 630 825 667 :
858 613 983 668 Non
1014 615 1098 666 est
1121 628 1350 667 necesse
1370 615 1433 665 ut
1452 614 1505 665 te
1527 628 1798 665 moneam
1821 609 1895 664 ad

280 706 410 761 hinc
459 703 756 760 offerenda
790 700 951 756 mihi.
996 701 1114 771 Ego
1160 716 1411 772 namque
1446 716 1564 754 non
1606 699 1893 754 manduco

283 811 476 849 carnes
505 800 805 859 taurorum,
836 806 1023 863 neque
1068 792 1204 862 poto
1258 791 1570 859 sanguinem
1603 790 1891 843 hircorum.

357 885 668 954 Postquam
693 879 944 936 ostendit
964 880 1086 933 haec
1102 877 1377 932 sacriﬁcia
1398 895 1455 932 se
1480 879 1653 945 nolle,
1669 877 1741 931 ad
1757 876 1896 931 illud

279 972 443 1048 quod
473 970 578 1025 sibi
606 971 794 1043 placet
824 965 1168 1023 sacrificium
1199 965 1572 1034 invitat,cum
1595 965 1752 1029 dicit,
1783 964 1895 1018 Im-

279 1060 426 1116 mola
453 1059 702 1126 Deo,etc.
727 1057 891 1122 Quod
913 1056 991 1112 sic
1016 1055 1388 1110 continuatur
1411 1073 1425 1110 :
1456 1054 1577 1111 Dixi
1619 1054 1774 1126 quod
1808 1070 1896 1109 sa-

279 1148 502 1206 criﬁcia
529 1148 599 1204 de
646 1146 835 1201 vitulis
875 1148 934 1200 et
972 1144 1142 1199 hircis
1179 1160 1298 1198 non
1342 1160 1477 1198 curo
1512 1147 1573 1198 ut
1608 1142 1895 1209 immoles,

280 1238 389 1294 sed
426 1237 617 1309 potius
646 1235 861 1290 immola
893 1234 1037 1289 mihi
1078 1235 1196 1289 Deo
1247 1233 1575 1302 sacriﬁcium
1617 1230 1807 1298 laudis,
1839 1230 1897 1285 id

282 1330 374 1383 est
402 1327 511 1382 hoc
535 1323 897 1391 sacriﬁcium,
926 1325 988 1377 ut
1010 1338 1107 1376 me
1149 1322 1346 1377 laudes
1389 1323 1447 1376 et
1490 1320 1792 1375 affectione
1840 1322 1899 1374 et

280 1415 444 1471 bona
456 1412 812 1487 operatione,
837 1414 895 1467 et
910 1411 1089 1466 etiam
1106 1427 1269 1479 voce;
1298 1410 1473 1465 ethoc
1493 1426 1721 1482 quoque
1743 1407 1897 1480 quod

285 1520 387 1559 me
415 1502 692 1569 laudabis,
728 1519 845 1556 non
873 1502 1037 1572 putes
1073 1516 1107 1554 a
1143 1502 1200 1553 te
1231 1498 1469 1565 habere,
1513 1498 1614 1552 sed
1660 1505 1711 1552 et
1744 1496 1899 1550 redde

285 1591 435 1647 mihi
492 1591 769 1646 Altissimo
799 1596 921 1644 vota
953 1595 1066 1655 tua,
1120 1587 1181 1642 id
1221 1590 1305 1642 est
1347 1585 1623 1642 sacriﬁcia
1673 1585 1893 1653 laudis;

291 1679 449 1752 quod
478 1682 565 1734 est
589 1677 776 1733 dicere
799 1695 810 1732 :
832 1679 1055 1748 Reputa
1074 1677 1231 1748 quod
1252 1693 1359 1748 ego
1379 1676 1482 1731 tibi
1512 1677 1620 1731 hoc
1646 1676 1816 1741 dabo,
1836 1676 1899 1728 ut

1992 535 2125 574 mea
2153 519 2304 573 male
2328 517 2586 574 vivendo.

2066 607 2325 663 Ostendit
2356 609 2552 662 autem
2586 624 2690 679 per
2721 611 2914 680 partes
2944 609 3236 681 quomodo
3254 612 3593 683 projecerit:

1993 696 2070 752 sic
2100 714 2112 751 :
2140 698 2283 752 Vere
2304 697 2585 768 projecisti
2607 715 2866 753 sermones
2896 716 3034 753 meos
3056 716 3074 763 ;
3116 716 3223 770 ego
3263 701 3419 755 enim
3451 720 3597 774 prae-

1994 786 2117 857 cepi
2145 803 2263 841 non
2294 785 2494 853 furari,
2528 789 2585 841 et
2614 789 2673 841 tu
2699 790 2747 841 si
2770 788 2979 842 videbas
2994 788 3197 857 furem,
3222 790 3466 844 currebas
3480 808 3600 845 cum

1995 892 2073 943 eo,
2106 874 2163 930 id
2194 879 2279 930 est
2305 876 2571 930 celeriter
2602 876 3003 931 consentiebas
3027 877 3079 931 ei
3112 878 3199 932 vel
3226 882 3353 934 actu
3387 882 3473 936 vel
3521 897 3604 936 as-

1995 981 2183 1020 sensu.
2220 964 2288 1017 Et
2318 980 2425 1035 ego
2456 964 2570 1019 dixi
2603 981 2719 1019 non
2751 982 2872 1020 esse
2904 965 3445 1035 adulterandum,et
3468 972 3531 1023 tu
3556 969 3603 1023 si

1994 1051 2227 1106 videbas
2255 1052 2539 1107 adulteria
2566 1057 2913 1120 exercentes,
2937 1072 3057 1108 cum
3077 1054 3212 1127 ipsis
3237 1056 3489 1113 adulteris
3498 1075 3603 1128 p0-

1996 1141 2153 1195 nebas
2164 1143 2466 1210 portionem
2486 1144 2664 1209 tuam,
2682 1140 2741 1195 id
2762 1144 2847 1196 est
2885 1142 3386 1213 participationem
3417 1149 3599 1201 tuam.

1998 1226 2162 1292 Quod
2176 1232 2261 1282 est
2281 1228 2471 1283 dicere
2488 1246 2500 1283 :
2517 1229 2805 1301 Particeps
2818 1230 2994 1285 flebas
3015 1231 3279 1287 adulterii
3302 1250 3433 1288 cum
3447 1233 3602 1305 ipsis,

1995 1319 2084 1372 vel
2115 1320 2243 1371 actu
2258 1319 2345 1372 vel
2376 1334 2689 1386 consensu;
2716 1318 2963 1390 praecepi
2996 1319 3174 1374 etiam
3199 1337 3315 1376 non
3335 1339 3455 1377 esse
3482 1322 3605 1377 bla-

1997 1407 2444 1478 sphemandum,
2469 1409 2525 1461 et
2554 1424 2608 1460 os
2634 1414 2784 1460 tuum
2806 1408 3097 1462 abundavit
3112 1409 3325 1465 malitia
3349 1411 3607 1483 blasphe-

1997 1495 2248 1550 miarum
2279 1496 2337 1549 in
2357 1494 2708 1566 proximum.
2729 1494 2912 1549 Statui
2927 1514 3155 1569 quoque
3176 1514 3293 1551 non
3316 1514 3436 1552 esse
3460 1498 3608 1553 deci-

1996 1584 2275 1656 piendum
2289 1584 2620 1655 proximum
2642 1584 2699 1639 in
2717 1585 2931 1652 dolo,et
2948 1585 3138 1655 lingua
3154 1592 3246 1640 tua
3259 1588 3608 1644 concinnabat

1996 1674 2222 1740 dolos,id
2243 1677 2326 1728 est
2339 1674 2742 1728 concordando
2766 1677 2823 1728 et
2839 1674 3268 1730 commiscendo
3282 1675 3603 1745 veritatem,

290 1770 337 1825 si
373 1768 515 1823 mihi
546 1767 848 1834 sacriﬁces,
883 1770 940 1821 et
966 1766 1108 1820 mihi
1138 1766 1244 1819 ista
1287 1768 1419 1819 vota
1455 1764 1662 1819 reddas
1693 1781 1757 1819 ex
1798 1763 1896 1817 de-
1919 1759 1970 1817 B
1996 1766 2060 1816 ut
2089 1762 2273 1833 magis
2298 1761 2898 1832 falleret,proferebat
2920 1762 3081 1816 dolos
3100 1763 3403 1819 adversum
3420 1765 3609 1836 proxi-

289 1856 436 1924 bito,
470 1873 588 1912 non
615 1856 833 1912 donare
865 1859 922 1910 te
953 1855 1153 1909 credas
1182 1871 1248 1909 ex
1268 1853 1440 1909 dono.
1471 1853 1606 1908 Vota
1631 1852 1899 1908 dicuntur

285 1946 387 2018 huj
399 1946 624 2001 usmodi
654 1944 1112 2017 sacrificia,quod
1133 1960 1165 1998 a
1187 1942 1449 1997 ﬁdelibus
1470 1942 1529 1996 in
1552 1942 1897 2013 baptismate

287 2037 409 2093 Deo
440 2039 740 2091 voventur.
758 2036 826 2089 Et
853 2034 898 2089 si
925 2033 1250 2103 sacriﬁcium
1277 2031 1450 2085 laudis
1483 2031 1893 2099 immolaveris,

286 2127 475 2180 invoca
503 2142 586 2179 me
616 2125 1016 2179 Liberatorem
1036 2124 1099 2178 in
1124 2123 1211 2178 die
1248 2120 1630 2186 tribulationis,
1654 2120 1710 2175 id
1728 2124 1813 2174 est
1836 2120 1896 2175 in

286 2217 551 2270 extrema
572 2212 665 2267 die
682 2213 763 2267 tui
782 2212 994 2279 obitus,
1012 2211 1244 2282 quando
1266 2212 1567 2265 occurrent
1590 2208 1695 2263 tibi
1731 2208 1896 2280 spiri-

285 2305 389 2358 tus»
407 2300 674 2373 maligni,
708 2301 965 2356 volentes
992 2303 1045 2354 te
1071 2301 1131 2353 in
1158 2298 1555 2354 tribulationes
1575 2297 1857 2352 deducere
1881 2314 1895 2365 ;

285 2396 337 2447 et
369 2408 558 2446 eruam
588 2392 645 2444 te
678 2389 750 2445 ab
782 2388 939 2444 omni
983 2388 1392 2456 tribulatione;
1424 2394 1474 2441 et
1510 2386 1644 2440 inde
1682 2389 1896 2453 erutus,

284 2479 667 2549 honoriﬁcabis
697 2495 797 2546 me,
824 2477 882 2531 id
904 2480 989 2532 est
1020 2475 1279 2531 laudabis
1296 2475 1354 2529 in
1381 2478 1685 2540 aeternum,
1703 2473 1763 2527 in
1783 2474 1902 2545 glo-

285 2569 378 2624 ria
410 2571 689 2640 perpetua
727 2566 1086 2622 constitutus.
1120 2563 1513 2634 Honoriﬁcabis
1542 2562 1754 2617 scilicet
1783 2578 1900 2615 non

289 2657 568 2723 voce,sed
591 2655 914 2712 affectione.
937 2653 1222 2719 Quoniam
1243 2656 1438 2708 autem
1458 2652 1679 2707 dixerat
1698 2651 1904 2706 immo-

286 2746 533 2802 landum
567 2763 687 2800 esse
732 2746 850 2800 Deo
880 2744 1208 2812 sacriﬁcium
1238 2742 1427 2809 laudis,
1461 2759 1533 2796 ne
1564 2743 1905 2813 putarentur

286 2836 401 2891 hoc
432 2834 773 2890 sacriﬁcium
796 2850 957 2905 posse
970 2835 1297 2905 peccatores
1323 2831 1652 2896 immolare,
1673 2829 1901 2902 quilau-

292 2923 436 2979 dare
470 2923 737 2979 videntur
767 2938 902 2976 eum
925 2937 1061 2976 voce
1086 2920 1385 2975 exteriori:
1402 2919 1557 2991 quod
1574 2936 1691 2974 non
1714 2921 1797 2973 est
1820 2917 1903 2972 di-

289 3012 541 3068 cendum
552 3029 672 3066 esse
701 2994 717 3080 I
886 3011 1167 3073 laus,cum
1181 3008 1581 3064 discordentin
1601 3007 1904 3062 affectione

291 3103 353 3156 et
365 3099 819 3171 opere,ostendit
834 3097 1015 3152 ﬁdelis
1031 3097 1221 3169 Asaph
1234 3114 1301 3152 ex
1322 3097 1444 3167 ipso
1461 3095 1798 3151 auctoritate
1818 3094 1902 3149 di-

290 3189 816 3261 vina,peccatorem
836 3187 988 3241 nulla
1013 3186 1260 3241 utilitate
1283 3201 1384 3240 sua
1400 3184 1500 3241 Dei
1515 3184 1745 3239 laudem
1768 3200 1903 3239 voce

298 3275 489 3330 solum
521 3274 885 3341 annuntiare,
916 3273 993 3329 sic
1027 3291 1039 3328 :
1071 3273 1193 3330 Dixi
1225 3276 1409 3329 Deum
1433 3274 1772 3346 praecepisse
1795 3274 1904 3330 im-

298 3363 642 3419 molandum
663 3380 783 3418 esse
806 3363 1137 3432 sacriﬁcium
1164 3363 1354 3430 laudis,
1373 3366 1429 3418 et
1447 3380 1606 3433 voce,
1635 3367 1691 3418 et
1708 3380 1904 3435 opere,

300 3454 361 3508 et
385 3451 706 3507 affectione.
729 3451 1081 3507 Sacriﬁcium
1107 3452 1216 3507 hoc
1246 3452 1415 3507 offert
1430 3452 1637 3523 justus,
1656 3451 1909 3507 maxima

295 3539 545 3595 utilitate
576 3557 712 3604 sua;
748 3542 1027 3611 peccaturi
1052 3546 1231 3594 autem
1268 3556 1386 3617 non
1420 3538 1723 3611 poenitenti
1767 3539 1908 3593 dixit

295 3629 445 3685 Deus
471 3645 575 3702 per
593 3627 999 3699 Scripturas,et
1012 3628 1149 3683 dicit
1166 3628 1344 3683 etiam
1363 3644 1467 3699 per
1478 3628 1685 3682 Filium
1698 3644 1865 3682 suum
1890 3643 1903 3681 :

300 3717 483 3786 Quare
515 3724 573 3772 tu
592 3734 811 3772 enarras
829 3717 1072 3788 justitias
1105 3734 1266 3784 meas,
1309 3715 1368 3771 id
1404 3718 1489 3771 est
1515 3733 1630 3787 qua
1666 3715 1907 3771 utilitate

300 3823 540 3862 enarras
569 3806 695 3861 aliis
716 3809 1005 3879 prazcepta
1025 3822 1176 3875 mea,
1209 3821 1336 3877 quin
1357 3805 1514 3876 justa
1539 3804 1707 3859 sunt?
1737 3810 1785 3858 et
1797 3819 1910 3876 qua

297 3893 548 3950 utilitate
582 3898 683 3949 tua
711 3896 935 3950 assumis
966 3900 1334 3949 testamentum
1374 3910 1570 3961 meum,
1609 3893 1671 3948 id
1708 3896 1792 3947 est
1826 3894 1909 3948 le-

299 4000 441 4057 gem
470 4000 665 4039 meam
688 4000 789 4055 per
806 4001 865 4039 os
882 3990 1031 4038 tuum
1056 3983 1348 4055 loquendo
1370 3986 1583 4050 tecum,
1599 3986 1657 4037 et
1675 3998 1768 4037 me
1790 3983 1913 4037 sola

299 4089 439 4130 voce
472 4073 807 4128 laudando?
839 4074 997 4130 nulla
1024 4072 1268 4128 utilitate
1299 4075 1399 4127 tua
1434 4072 1544 4127 hoc
1575 4071 1715 4143 agis.
1746 4071 1911 4136 Quod

302 4165 391 4219 est
422 4161 611 4221 dicere
637 4179 649 4217 :
672 4163 861 4217 Justus
883 4160 1137 4217 maxima
1166 4160 1410 4216 utilitate
1438 4178 1538 4216 sua
1564 4162 1745 4216 Deum
1775 4178 1911 4216 voce

301 4250 522 4317 laudat,
556 4267 687 4305 cum
718 4250 779 4306 in
806 4249 924 4305 vita
960 4266 1082 4305 non
1111 4248 1413 4321 discrepet,
1432 4252 1699 4320 peccator
1716 4252 1911 4305 autem

1996 1866 2181 1904 mum.
2202 1850 2336 1904 Dico
2358 1850 2513 1922 quod
2534 1867 2588 1904 os
2611 1856 2759 1903 tuum
2782 1849 3075 1904 abundavit
3105 1851 3311 1905 malitia
3339 1853 3602 1924 blasphe-

1997 1940 2249 1996 miarum
2283 1938 2342 1992 in
2374 1938 2724 2009 proximum,
2756 1942 2809 1993 et
2848 1940 2956 1993 hoc
2989 1956 3107 1994 non
3147 1942 3327 1996 semel
3352 1944 3602 2011 tantum,

1996 2029 2098 2084 sed
2127 2027 2329 2095 sedens,
2358 2026 2418 2081 id
2448 2030 2534 2081 est
2554 2026 2871 2081 immobilis
2894 2030 2951 2081 et
2972 2045 3344 2099 perseverans
3361 2031 3604 2102 loqueba-

1996 2120 2069 2171 ris
2086 2117 2335 2170 adversus
2358 2116 2590 2186 fratrem
2608 2119 2771 2169 tuum
2791 2116 3074 2171 malitiam
3092 2118 3602 2190 blasphemiarum.

1998 2207 2067 2260 Et
2095 2204 2229 2278 quia
2247 2205 2427 2259 frater
2459 2203 2908 2275 potestintelligi
2941 2205 3256 2277 aequivoce,
3288 2206 3502 2262 scilicet
3521 2209 3607 2262 vel

1997 2295 2177 2350 frater
2195 2280 2509 2348 secundum
2528 2310 2711 2365 genus
2725 2295 2973 2362 tantum,
2988 2295 3075 2349 vel
3097 2295 3275 2350 etiam
3291 2296 3606 2352 secundum

1996 2384 2287 2450 fidem,vel
2301 2382 2532 2453 insuper
2543 2382 2857 2436 secundum
2872 2382 2948 2436 im
2957 2382 3611 2454 pietatem,determinat

2001 2472 2072 2527 de
2104 2488 2217 2545 quo
2250 2471 2429 2525 fratre
2456 2470 2551 2525 hic
2572 2473 2726 2540 agat,
2746 2486 2877 2525 cum
2897 2471 3089 2525 addit:
3115 2472 3271 2540 Dico,
3301 2473 3611 2528 sedensad-

2000 2578 2176 2615 versus
2199 2561 2427 2630 fratrem
2456 2559 2774 2630 loquebaris,
2801 2561 2877 2627 et,
2906 2558 2965 2613 id
2990 2561 3076 2613 est
3105 2560 3338 2629 scilicet,
3361 2561 3609 2616 adversus

2000 2650 2173 2719 ﬁlium
2194 2651 2383 2703 matris
2414 2654 2519 2703 tuae
2550 2646 2812 2702 Ecclesiae
2826 2648 3062 2718 ponebas
3082 2649 3411 2704 scandalum.
3443 2651 3610 2715 Quod

2003 2741 2090 2794 est
2122 2738 2314 2793 dicere
2349 2754 2361 2791 :
2396 2736 2453 2792 Si
2485 2752 2779 2809 peccasses
2817 2740 3021 2792 contra
3049 2736 3290 2793 fratrem
3322 2738 3485 2793 illum
3511 2737 3611 2811 qui

2004 2827 2193 2881 solum
2229 2827 2408 2881 frater
2439 2829 2525 2897 est
2560 2825 2621 2879 in
2648 2841 2882 2895 genere,
2909 2826 2996 2879 vel
3044 2825 3312 2881 adversus
3349 2844 3484 2881 eum
3512 2828 3609 2898 qui

2002 2916 2182 2970 frater
2198 2918 2282 2970 est
2302 2915 2360 2968 in
2380 2914 2699 2985 impietate,
2713 2913 2847 2968 licet
2867 2915 3087 2968 malum
3102 2917 3267 2982 esset,
3282 2932 3399 2971 non
3412 2919 3608 2971 tamen

2005 3004 2147 3059 adeo
2163 3001 2705 3059 essetintolerabile.
2740 3000 2853 3055 Sed
2875 3002 3031 3073 quod
3051 3004 3232 3057 multo
3255 3004 3483 3075 gravius
3503 3008 3607 3073 est,

2005 3091 2427 3147 scandalizabas
2457 3089 2680 3145 malitia
2711 3090 3201 3161 blasphemiarum
3224 3109 3357 3146 eum
3377 3091 3475 3164 qui
3494 3093 3610 3149 fra-

2005 3185 2093 3237 ter
2113 3184 2242 3236 tuus
2260 3182 2384 3235 erat
2406 3179 2723 3234 secundum
2746 3179 3030 3234 unitatem
3049 3181 3608 3255 EcclesiaeJdeoque,

2007 3271 2142 3344 quia
2171 3270 2248 3325 sic
2264 3286 2522 3324 sermones
2553 3285 2693 3326 meos
2712 3271 2994 3340 projecisti
3020 3274 3078 3325 et
3106 3271 3300 3325 multis
3329 3271 3452 3326 aliis
3483 3288 3611 3327 mo-

2008 3360 2114 3427 dis,
2148 3360 2304 3413 nulla
2336 3357 2578 3413 utilitate
2613 3360 2711 3413 tua
2743 3358 2941 3413 laudas
2970 3375 3083 3426 me,
3104 3359 3428 3415 enarranda
3462 3360 3613 3432 ipsos

1998 3449 2185 3521 justos
2196 3464 2513 3503 sermones.
2534 3447 2669 3502 Dico
2693 3448 2848 3520 quod
2866 3449 2914 3500 si
2930 3447 3135 3501 videbas
3149 3448 3348 3518 furem,
3368 3450 3615 3505 currebas

2006 3555 2125 3593 cum
2149 3554 2226 3601 eo,
2260 3539 2318 3590 et
2346 3540 2556 3591 caetera
2585 3535 2797 3590 similia
2834 3536 3103 3603 faciebas,
3147 3540 3205 3591 et
3239 3554 3439 3593 verum
3472 3541 3557 3593 est
3596 3554 3611 3594 :

2006 3628 2116 3680 haec
2142 3624 2342 3680 omnia
2367 3625 2554 3694 fecisti
2582 3639 2801 3689 revera,
2816 3630 2865 3678 et
2886 3641 2994 3695 ego
3019 3626 3187 3692 tacui,
3212 3625 3272 3679 id
3294 3629 3379 3680 est
3396 3644 3510 3682 non
3530 3644 3618 3682 re-

2009 3713 2212 3785 dargui
2242 3716 2320 3781 te,
2353 3712 2688 3768 damnando
2715 3712 2977 3783 protinus
3006 3728 3111 3783 pro
3154 3713 3242 3767 his
3272 3714 3611 3769 commissis.

2010 3804 2079 3858 Et
2104 3803 2238 3875 quia
2260 3803 2424 3864 tacui,
2457 3818 2490 3855 0
2523 3802 2720 3871 inique,
2749 3802 3063 3854 existimasti
3084 3800 3223 3872 quod
3239 3818 3324 3854 ero
3337 3803 3421 3855 tui
3430 3802 3617 3856 similis

2009 3890 2423 3948 consentiendo
2446 3886 2738 3960 iniquitati
2770 3891 2903 3956 tute,
2935 3905 3054 3943 non
3082 3888 3620 3960 puniendo.Velini-

2009 3999 2108 4054 que
2133 3981 2321 4051 potest
2346 3977 2459 4049 legi
2489 3975 2911 4043 adverbialiter,
2940 3976 3018 4031 sic
3053 3994 3066 4031 :
3096 3977 3233 4049 quia
3254 3978 3418 4045 tacui,
3437 3980 3616 4033 existi~

2008 4071 2169 4124 musti
2186 4068 2326 4141 quod
2343 4083 2428 4121 ero
2443 4065 2740 4127 tuisimilis,
2762 4082 2879 4121 non
2902 4065 3228 4121 ulciscendo
3251 4065 3617 4139 iniquitatem

2009 4164 2194 4226 tuam,
2219 4162 2275 4213 et
2295 4157 2405 4211 hoc
2435 4157 2614 4227 inique
2642 4156 2974 4222 existimasti,
3004 4154 3063 4209 id
3094 4158 3181 4210 est
3208 4172 3327 4211 non
3358 4156 3466 4210 fuit
3484 4173 3619 4211 vera

2012 4245 2356 4305 existimatio
2387 4248 2487 4300 tua
2521 4261 2532 4297 :
2570 4260 2705 4298 nam
2721 4260 2827 4315 ego
2844 4261 3070 4314 arguam
3093 4243 3215 4299 tein
3229 4244 3616 4311 futuro,dam-

302 4342 369 4395 ut
387 4338 826 4412 ipsaDominica
842 4337 1181 4393 auctoritate
1203 4337 1746 4405 convincitur,nulla
1762 4337 1910 4392 utili-
1933 4339 1985 4398 D
2012 4335 2248 4392 natione
2286 4337 2406 4402 tua,
2438 4332 2601 4412 et_si_c
2625 4348 2855 4400 arguam
2888 4330 3043 4402 quod
3079 4337 3315 4385 statuam
3356 4336 3405 4386 te
3433 4337 3620 4386 contra

300 4431 423 4484 tate
446 4445 548 4483 sua
568 4429 749 4483 Deum
764 4444 898 4483 voce
918 4427 1133 4495 laudat,
1165 4443 1294 4481 cum
1322 4427 1411 4481 vel
1441 4442 1638 4481 secum
1673 4428 1758 4481 vel
1790 4426 1915 4482 aliis

302 4515 406 4573 Dei
438 4516 669 4571 laudem
710 4516 1037 4571 annuntiat.
1072 4514 1331 4571 Ostendit
1360 4518 1556 4570 autem
1586 4514 1645 4569 in
1668 4531 1916 4586 persona

299 4604 481 4678 ipsius
506 4605 628 4672 Dei,
662 4621 837 4678 quare
868 4604 941 4660 sit
969 4620 1066 4660 eas
1089 4604 1325 4659 laudare
1350 4603 1577 4664 inutile.
1615 4604 1691 4658 sic
1720 4620 1733 4659 :
1775 4604 1911 4659 Dico

301 4694 459 4767 quod
485 4695 960 4764 enarrasjustitias
977 4709 1117 4747 meas
1153 4692 1278 4747 aliis
1299 4708 1457 4761 voce,
1476 4698 1526 4747 et
1554 4694 1775 4747 assumis
1808 4707 1916 4762 per

299 4798 358 4837 os
389 4787 559 4849 tuum,
584 4798 725 4854 quas
742 4781 995 4853 justitias
1019 4780 1157 4852 justi
1188 4784 1464 4837 enarrant
1494 4796 1669 4854 Opere
1712 4783 1769 4836 et
1811 4796 1912 4852 pa-

298 4870 534 4937 tienter,
554 4869 795 4926 ferendo
819 4869 1181 4942 disciplinam
1206 4886 1422 4937 meam,
1442 4869 1641 4925 etideo
1657 4869 1792 4943 ipsis
1803 4869 1912 4925 uti-

298 4959 384 5015 les
408 4962 559 5013 sunt.
594 4959 682 5015 Tu
707 4976 825 5014 vero
852 4976 947 5015 eas
977 4975 1255 5013 enarrans
1295 4962 1353 5013 et
1397 4975 1693 5014 assumens
1734 4958 1911 5028 odisti,

300 5050 361 5103 et
381 5048 567 5103 adhuc
598 5047 731 5103 odio
762 5048 941 5105 habes
968 5047 1326 5119 disciplinam.
1362 5046 1528 5111 Quod
1550 5051 1636 5102 est
1680 5046 1870 5104 dicere
1896 5064 1910 5104 :

299 5134 359 5191 Si
392 5135 701 5208 aliquando
719 5140 776 5193 te
787 5136 1001 5209 pietate
1032 5139 1294 5209 paterna,
1309 5140 1547 5207 propter
1562 5140 1800 5209 peccata
1818 5140 1917 5191 tua

299 5224 668 5295 corrigenda,
703 5224 1003 5298 disciplina
1054 5223 1495 5280 tribulationum
1542 5225 1764 5296 afﬂigo,
1796 5240 1914 5279 non

301 5329 435 5369 eam
455 5312 740 5384 patienter
762 5318 820 5369 et
846 5330 976 5369 cum
995 5313 1299 5369 dilectione
1324 5312 1475 5381 fers;
1509 5313 1608 5368 sed
1627 5312 1761 5368 odio
1784 5329 1915 5368 eam

300 5402 592 5471 habendo,
609 5418 739 5458 cum
760 5403 931 5458 taedio
957 5406 1016 5459 et
1037 5419 1334 5459 murmure
1356 5401 1636 5457 inutiliter
1650 5402 1913 5462 sustines.

304 5491 375 5553 Et
403 5507 522 5550 non
552 5492 741 5550 solum
769 5491 927 5550 odisti
952 5491 1307 5568 disciplinam,
1340 5490 1441 5550 sed
1465 5490 1813 5565 etprojecisti
1830 5509 1911 5551 re-

2009 4426 2205 4497 faciem
2227 4430 2399 4490 tuam,
2434 4405 2450 4491 I
2618 4422 2725 4475 hoc
2742 4424 2937 4475 autem
2958 4436 3063 4493 per
3081 4419 3519 4476 similitudinem
3540 4420 3625 4477 di-

1992 4515 2178 4583 _citur,
2194 4511 2356 4585 quasi
2371 4511 2614 4582 poneret
2638 4526 2651 4563 :
2675 4508 2834 4564 Adeo
2852 4508 3156 4588 manifeste
3178 4526 3423 4580 arguam,
3441 4509 3617 4583 quod,

2013 4602 2169 4669 velis,
2192 4600 2358 4667 nolis,
2374 4597 2582 4653 faciam
2597 4600 2653 4651 te
2680 4612 3026 4668 cognoscere
3048 4596 3412 4669 iniquitatem
3434 4602 3618 4667 tuam,

2014 4707 2189 4765 quam
2212 4688 2387 4744 modo
2405 4701 2753 4757 cognoscere
2780 4685 3053 4757 negligis;
3074 4685 3493 4743 asimilitudine
3515 4688 3619 4743 ali-

2013 4780 2193 4851 cujus,
2211 4775 2389 4850 qui,si
2418 4782 2607 4831 contra
2637 4775 2833 4844 faciem
2853 4773 3087 4830 cuilibet
3101 4775 3387 4842 statuitur,
3402 4792 3619 4847 cogno-

2012 4869 2115 4926 scit
2155 4884 2308 4923 eum.
2342 4864 2673 4920 Notandum
2711 4862 2869 4935 quod
2895 4863 3005 4918 hoc
3047 4863 3117 4918 de
3156 4866 3457 4933 peccatore
3488 4863 3618 4920 ideo

2012 4955 2352 5031 interponit,
2384 4957 2448 5009 ut
2473 4951 2743 5009 terrendo
2773 4968 2907 5008 eum
2938 4969 2972 5006 a
3001 4954 3234 5023 peccato
3260 4951 3539 5022 retrahat,
3563 4954 3623 5009 et

2014 5047 2087 5104 ad
2110 5042 2514 5120 paenitentiam
2545 5042 2814 5098 adducat.

2086 5138 2397 5206 Postquam
2421 5149 2556 5188 vero
2590 5133 2919 5202 peccatores
2958 5126 3253 5196 exterruit,
3297 5127 3371 5184 ad
3408 5126 3621 5187 intelli‘

2014 5224 2271 5297 gendum
2299 5222 2455 5294 quod
2480 5217 2828 5275 sacrificium
2852 5216 3057 5271 facturi
3087 5216 3222 5284 sint,
3246 5216 3623 5283 invitat,utin

2014 5313 2218 5368 ultimo
2250 5312 2514 5376 instruat,
2549 5308 2627 5362 sic
2660 5322 2673 5359 :
2704 5307 2838 5363 Dixi
2869 5302 3024 5379 quod
3054 5306 3212 5361 nulla
3240 5304 3483 5361 utilitate
3505 5308 3629 5363 sola

2012 5419 2149 5458 voce
2172 5402 2440 5475 peccator
2455 5415 2549 5454 me
2568 5398 2728 5451 hono
2738 5397 2950 5453 rificat.
2968 5394 3119 5466 Ergo
3140 5411 3262 5467 vos,
3283 5396 3627 5468 peccatores,

2012 5494 2108 5569 qui
2134 5488 2312 5551 modo
2333 5482 2710 5546 obliviscimini
2736 5485 2949 5553 Deum,
2964 5496 3062 5541 me
3090 5482 3323 5555 scilicet,
3349 5496 3471 5539 non
3497 5482 3632 5553 obe-
