4008 6030
424 327 531 387 839

1026 332 1084 387 s.
1124 314 1463 387 BBUNONlS
1505 312 2137 386 CARTHUSIANORUM
2170 314 2639 386 INSTITUTORIS
2685 320 2841 399 ore,
2883 328 3060 387 esas
3099 330 3141 387 1.

3638 332 3748 393 860

430 452 642 512 diendo
674 456 973 531 praeceptis
998 455 1163 524 meis,
1195 455 1503 525 intelligite,
1528 455 1584 510 id
1610 458 1695 510 est
1725 453 2031 526 diligenter
2050 461 2104 520 Α
2126 455 2247 507 tam
2281 454 2504 509 Nathan
2540 456 2855 527 correptus,
2894 457 2972 523 et,
3014 456 3084 510 de
3133 456 3369 527 peccato
3428 456 3753 530 paenitens,

427 544 705 618 percipite
736 546 859 600 haec
891 562 1018 616 quze
1048 544 1181 613 dixi,
1214 548 1277 599 ut
1303 561 1418 599 non
1448 545 1568 599 sola
1593 560 1727 598 voce
1749 541 2029 597 enarretis

424 634 676 705 justitias
697 651 876 700 meas,
893 651 1079 705 neque
1105 632 1417 704 projiciatis
1434 649 1729 687 sermones
1753 648 1912 686 meos
1942 647 2031 685 re-
2086 640 2093 647 ‘

430 726 683 778 trorsum
719 740 731 777 :
766 742 849 789 ne,
888 723 929 777 si
962 738 1079 777 non
1126 721 1539 789 intellexeritis,
1573 721 1805 793 quando,
1842 720 1899 773 id
1950 722 2035 774 est

432 811 955 882 aliquando,rapiat
980 828 1077 865 vos
1105 812 1250 865 Deus
1278 810 1350 864 ad
1381 810 1717 876 vindictam,
1746 826 1852 881 ego
1886 808 2032 862 scili-

433 903 542 966 cet,
573 907 620 953 et
643 904 777 953 tunc
807 917 911 954 non
935 901 1003 952 sit
1034 901 1127 971 qui
1149 900 1345 969 eripiat
1380 915 1478 952 vos
1521 898 1591 953 de
1634 898 2031 953 damnatione.

431 989 510 1043 Ac
541 989 583 1042 si
607 994 850 1060 poneret
877 1006 888 1043 :
925 989 1066 1043 Cum
1098 988 1356 1042 diabolus
1387 987 1694 1059 aliquando
1714 987 1786 1042 ad
1816 988 2036 1040 malum

432 1093 634 1150 rapere
666 1096 764 1133 vos
793 1078 1077 1145 intendat,
1110 1077 1289 1148 eripio
1318 1094 1426 1148 ego
1457 1093 1554 1131 vos
1586 1093 1599 1130 :
1635 1077 1733 1130 sed
1750 1076 1794 1130 si
1817 1093 1925 1147 ego
1946 1093 2039 1130 ra-

434 1183 813 1239 puero,nemo
829 1167 1040 1239 poterit
1059 1184 1156 1221 vos
1172 1165 1709 1238 eripere.Quoniam
1725 1169 1917 1219 autem
1942 1180 2039 1219 eos

433 1256 502 1310 de
527 1257 771 1327 peccatis
797 1260 1170 1323 exterruerat,
1204 1259 1439 1327 possent
1469 1272 1727 1327 quaerere
1755 1272 1769 1310 ε
1795 1254 2037 1318 Quando

432 1344 667 1416 quidem
681 1361 951 1400 enarrare
959 1345 1207 1417 justitias
1224 1348 1371 1413 tuas,
1400 1345 1476 1398 sic
1503 1347 1565 1398 ut
1591 1360 1889 1399 sermones
1912 1346 2039 1396 tuos

429 1435 1076 1507 projiciamus,tibinon
1102 1436 1306 1505 placet,
1334 1434 1473 1505 quid
1508 1450 1769 1504 agamus,
1807 1448 1911 1486 nos
1949 1430 2037 1485 in-
2090 1450 2095 1457 α

431 1526 607 1589 strue,
641 1522 741 1577 Cui
769 1523 1031 1593 petitioni
1058 1523 1134 1576 sic
1180 1522 1492 1592 respondet
1531 1539 1542 1575 :
1574 1522 1695 1576 Dixi
1733 1520 1871 1592 quid
1920 1535 2037 1574 non

430 1613 581 1666 valet
609 1612 687 1666 sic
717 1629 990 1667 enarrare
1012 1611 1264 1682 justitias
1295 1628 1475 1679 meas,
1503 1628 1632 1665 cum
1664 1611 1774 1664 hoc
1802 1626 1921 1664 non
1968 1609 2041 1663 sit

432 1700 504 1754 ad
535 1700 819 1755 honorem
841 1717 1036 1755 meum
1061 1718 1074 1767 ;
1106 1700 1205 1754 sed
1222 1700 1553 1767 sacriﬁcium
1581 1698 1753 1752 laudis
1780 1697 2038 1765 honoriﬁ-

2136 543 2287 597 hunc
2320 544 2603 615 psalmum
2637 544 2911 599 condidit.
2940 546 3002 599 In
3031 561 3143 615 quo
3170 546 3354 600 Deum
3409 546 3756 601 vehementi

2138 632 2439 688 affectione
2467 634 2536 687 de
2567 633 2783 705 peccati
2826 633 2909 687 sui
2947 633 3311 690 remisssione
3344 638 3490 703 orat,
3534 638 3592 689 et
3621 635 3756 707 ejus

2134 722 2596 777 benevolentiam
2627 723 2685 777 in
2934 722 3139 778 ultimo
3171 727 3379 795 captat.
3413 723 3549 779 Orat
3568 727 3752 781 etiam

2138 809 2208 864 de
2241 810 2501 864 omnium
2536 810 2907 881 iniquitatum
2940 827 3175 865 suarum
3207 811 3569 866 remissione.
3601 814 3759 867 Pro-

2139 898 2318 951 mittit
2342 915 2569 970 quoque
2592 899 2777 953 sibiex
2810 898 3160 954 conﬁdentia
3188 900 3393 955 divina:
3421 901 3753 956 clementiae

2140 990 2198 1039 et
2223 987 2519 1057 potentias,
2552 1005 2610 1042 se
2642 1005 2744 1060 per
2782 988 2961 1043 ﬁdem
3007 988 3319 1044 Dominicas
3366 990 3647 1061 passionis
3694 992 3757 1045 et

2138 1075 2408 1146 baptismi
2440 1076 2616 1132 futuri
2648 1077 3050 1133 mundandum
3091 1096 3231 1146 esse,
3264 1096 3477 1151 rogans
3503 1083 3584 1147 ut,
3617 1095 3754 1133 cum

2140 1166 2452 1220 mundatus
2467 1167 2659 1234 fuerit,
2686 1184 2801 1222 non
2822 1168 3123 1240 permittat
3146 1186 3279 1224 eum
3313 1171 3459 1225 Deus
3499 1170 3571 1225 ad
3618 1185 3757 1240 pec-

2140 1259 2266 1309 cata
2288 1257 2515 1312 reverti.
2541 1257 2803 1312 Ostendit
2824 1261 3145 1329 quoque,ut
3160 1258 3344 1330 magis
3356 1258 3457 1314 Dei
3494 1260 3756 1313 clemen-

2139 1343 2283 1399 tiam
2307 1344 2379 1398 ad
2405 1345 2857 1411 condonandum
2887 1349 3137 1415 moveat,
3158 1347 3334 1419 quod,
3358 1348 3403 1402 si
3425 1349 3576 1403 Deus
3596 1348 3650 1401 ei
3669 1347 3756 1401 in-

2143 1434 2397 1501 dulserit,
2416 1435 2580 1489 multi
2609 1438 2938 1506 peccatores
2963 1436 3083 1506 ejus
3109 1437 3372 1508 exemplo
3405 1436 3756 1508 pcenitentes

2143 1523 2215 1578 ad
2242 1540 2375 1577 eum
2395 1527 2824 1582 convertentur.
2845 1526 3200 1596 Excusatque
3224 1541 3281 1579 se
3303 1525 3433 1580 ideo
3475 1525 3758 1581 sacriﬁcia

2141 1612 2352 1682 legalia
2382 1630 2498 1666 non
2532 1612 2761 1679 offerre,
2787 1614 2923 1684 quia
2943 1613 3047 1667 scit
3079 1615 3257 1667 Deum
3290 1613 3369 1667 eis
3381 1616 3618 1684 peccata
3635 1630 3754 1668 non

2144 1700 2496 1756 condonare.
2532 1701 2797 1756 Ostendit
2828 1702 3062 1773 insuper
3092 1702 3248 1773 quod
3276 1719 3380 1774 per
3408 1701 3753 1756 sacriﬁcium

432 1788 574 1842 eabit
604 1806 701 1856 me,
736 1789 794 1843 id
833 1793 918 1843 est
945 1790 1055 1843 hoc
1085 1790 1193 1842 erit
1223 1788 1295 1843 ad
1324 1789 1613 1843 honorem
1638 1804 1856 1852 meum,
1882 1785 2037 1857 quod
2064 1794 2114 1852 B
2144 1788 2374 1860 spiritus
2414 1790 2803 1857 eontribulati,
2845 1791 3001 1861 quod
3040 1793 3155 1846 Deo
3208 1790 3603 1861 gratissimum
3645 1794 3753 1857 est,

430 1879 627 1933 laudet
654 1882 712 1931 et
735 1894 893 1943 voce,
915 1881 972 1931 et
992 1894 1187 1948 opere,
1213 1877 1591 1931 etaﬂ‘cctione
1623 1893 1636 1930 :
1666 1882 1715 1929 et
1745 1874 1935 1941 illie,id
1954 1876 2040 1927 est

433 1967 494 2021 in
524 1967 621 2021 illo
649 1967 925 2021 sacriﬁcio
958 1966 1067 2020 erit
1116 1968 1231 2033 iter,
1264 1983 1366 2037 quo
1399 1965 1605 2019 itinere
1652 1963 1922 2018 ostendam
1961 1963 2042 2016 illi

435 2056 531 2128 qui
564 2058 671 2111 hoc
707 2056 911 2127 egerit,
951 2055 1188 2109 salutare
1230 2055 1357 2122 Dei,
1420 2054 1479 2108 id
1529 2057 1613 2108 est
1663 2052 2041 2107 salvationem

436 2160 609 2216 quam
641 2147 786 2199 Deus
808 2144 966 2199 dabit
991 2144 1104 2199 suis
1129 2144 1188 2198 in
1220 2144 1433 2198 futuro.
1467 2145 1543 2196 Ac
1592 2142 1637 2197 si
1667 2143 1818 2197 dicat
1851 2158 1864 2195 :
1900 2140 2041 2195 Insi-

439 2236 591 2287 stere
604 2233 777 2287 debet
790 2232 1179 2304 unusquisque
1194 2232 1267 2287 ad
1294 2233 1617 2301 sacriﬁcium
1637 2231 1841 2294 laudis;
1887 2229 2042 2301 quod

441 2322 550 2377 erit
566 2322 690 2389 iter,
719 2321 779 2375 id
808 2326 893 2377 est
918 2321 1010 2376 via
1039 2338 1144 2393 per
1170 2338 1345 2393 quam
1376 2321 1471 2375 ille
1502 2321 1598 2392 qui
1632 2319 1926 2386 institerit,
1959 2318 2041 2372 vi-

441 2411 600 2466 debit
619 2411 994 2466 salvationem
1019 2427 1194 2483 quam
1223 2413 1372 2465 Deus
1397 2410 1557 2464 dabit
1589 2410 1702 2464 suis
1739 2409 1797 2463 in
1824 2409 2039 2475 futuro,

444 2515 552 2571 ego
584 2499 814 2553 scilicet.
843 2499 940 2554 Vel
978 2499 1056 2553 sic
1090 2501 1278 2571 potest
1304 2515 1499 2553 versus
1550 2497 1653 2552 iste
1696 2495 2040 2563 continuari,

442 2592 505 2642 ut
536 2587 811 2659 expositio
846 2605 962 2642 non
980 2592 1235 2641 mutetur
1253 2604 1266 2642 :
1287 2588 1436 2658 Ergo
1459 2586 1555 2658 qui
1576 2585 1855 2639 inutiliter
1881 2601 2045 2639 enar-

442 2676 581 2732 ratis
609 2677 729 2731 sola
756 2693 892 2732 voce
925 2676 1175 2747 justitias
1212 2693 1391 2744 meas,
1439 2675 1713 2745 intelligite
1743 2674 1867 2728 haec
1917 2690 2044 2745 qum

442 2766 601 2822 vobis
633 2768 821 2822 dicam
848 2768 1199 2836 :sacriﬁcium
1218 2767 1391 2822 laudis
1410 2766 1695 2833 honoriﬁca
1707 2766 1777 2819 bit
1807 2783 1908 2832 me,
1933 2768 2041 2818 etc.

969 2856 1038 2910 ΙΝ
1087 2855 1410 2911 PSALMUM
1451 2855 1510 2909 L.

512 2946 723 3002 Psalmi
752 2945 945 3001 titulus
976 2944 1443 3019 quinquagesimi
1479 2962 1491 2999 :
1525 2943 1593 2998 In
1621 2945 1781 3014 ﬁnem
1805 2943 2046 3015 psalmus

440 3033 640 3105 David,
670 3055 789 3093 cum
809 3038 951 3091 venit
981 3035 1051 3089 ad
1088 3054 1207 3090 eum
1242 3035 1470 3090 Natlian
1510 3036 1788 3106 propheta,
1834 3033 2045 3105 quando

442 3126 661 3180 intravit
681 3126 751 3180 ad
783 3125 1059 3193 Bersabee,
1107 3125 1263 3197 quod
1301 3124 1377 3179 sic
1423 3123 1747 3196 exponitur.
1800 3124 2115 3211 PsalmusC

440 3213 545 3270 iste
573 3216 972 3270 attribuendus
1003 3216 1089 3268 est
1133 3213 1317 3269 David
1353 3213 1673 3285 prophetas,
1717 3211 2045 3283 respicienti

442 3303 499 3357 in
525 3305 706 3373 ﬁnem,
740 3304 798 3357 id
831 3307 916 3358 est
945 3304 1003 3357 in
1051 3302 1361 3369 Christum,
1401 3302 1579 3356 ﬁnem
1621 3301 1939 3371 prophetiae
1990 3301 2049 3353 et

438 3392 602 3463 legis,
624 3409 729 3464 per
750 3392 909 3462 cujus
927 3391 1336 3445 misericordias
1353 3393 1410 3444 et
1430 3389 1711 3461 passionis
1737 3389 1913 3443 ﬁdem
1941 3404 2045 3459 pu-

439 3481 526 3534 tat
548 3497 607 3536 se
651 3481 722 3535 de
759 3480 1076 3535 homicidio
1118 3483 1175 3534 et
1214 3479 1518 3545 adulterio,
1548 3479 1703 3550 quod
1735 3477 2043 3544 commisit,

443 3584 564 3622 esse
591 3568 927 3624 salvandum
957 3586 969 3623 :
1000 3569 1183 3623 factus
1222 3568 1324 3623 iste
1368 3568 1624 3639 psalmus
1658 3583 1789 3621 cum
1831 3567 1940 3621 hoc
1978 3565 2048 3621 sit

418 3656 603 3729 quod
630 3660 771 3711 venit
806 3657 877 3710 ad
915 3675 1033 3711 eum
1073 3656 1298 3711 Nat/ian
1321 3656 1601 3727 propheta.
1655 3654 1794 3709 Cum
1833 3654 1894 3709 in
1940 3656 2049 3709 hoc

442 3744 569 3801 loco
596 3745 877 3800 causative
908 3746 1172 3817 ponitur;
1203 3762 1268 3799 ac
1301 3744 1345 3799 si
1371 3744 1620 3799 diceret:
1652 3743 1833 3798 Causa
1870 3760 2048 3815 quare

443 3851 598 3891 nunc
610 3838 895 3908 psalmum
910 3852 1037 3892 com
1044 3834 1523 3907 poneret,exstitit
1535 3833 1756 3887 Nathan
1768 3833 2051 3905 propheta

441 3925 678 3980 veniens
707 3925 781 3980 ad
812 3942 966 3979 eum.
995 3924 1139 3988 Quia
1167 3940 1301 3978 vero
1330 3924 1403 3977 ad
1430 3940 1565 3978 eum
1583 3922 2053 3977 multotiesvene—

440 4018 551 4081 rat,
575 4032 647 4068 ne
679 4014 1045 4085 ignoraretur
1073 4013 1131 4066 in
1159 4029 1271 4083 quo
1296 4012 1544 4066 adventu
1586 4011 1705 4084 ipse
1743 4028 1913 4067 cansa
1943 4011 2052 4066 fuit

441 4103 612 4175 hujus
642 4104 868 4175 psalmi,
899 4102 1255 4157 determinat
1280 4103 1391 4157 hoc
1420 4118 1553 4156 cum
1606 4101 1767 4156 addit
1802 4118 1814 4155 :
1840 4100 2051 4173 quando

446 4191 668 4245 intravit
711 4192 781 4246 ad
822 4190 1101 4245 Bersabee.
1138 4189 1363 4255 Quando
1407 4189 1499 4243 hic
1543 4188 1894 4243 causativum
1926 4190 2049 4256 est;

447 4281 607 4354 quasi
635 4283 878 4353 poneret
903 4297 915 4334 :
948 4278 1087 4335 Cum
1111 4280 1259 4334 venit
1284 4278 1354 4333 ad
1381 4295 1501 4334 eum
1543 4277 1767 4333 Nat/ian
1791 4279 2052 4350 propheta

2142 1881 2377 1950 peccata
2402 1879 2824 1933 condonantur.
2845 1879 3010 1943 Quod
3037 1879 3377 1934 sacrificium
3398 1879 3531 1951 quia
3552 1878 3757 1949 przevi-

2144 1966 2240 2021 det
2270 1968 2329 2021 in
2356 1967 2602 2022 Ecclesia
2628 1968 2911 2036 futurum,
2941 1971 3067 2023 orat
3106 1986 3171 2023 ex
3224 1967 3525 2022 affectione
3575 1967 3759 2022 nimia

2143 2072 2249 2127 pro
2281 2073 2368 2123 ea,
2405 2060 2467 2110 ut
2497 2074 2626 2111 eam
2656 2058 2802 2111 Deus
2825 2056 3079 2128 benigne
3106 2057 3435 2125 constituat,
3469 2074 3595 2128 quae
3624 2074 3760 2111 con-

2144 2147 2341 2201 stituta
2365 2146 2611 2219 seipsam
2645 2164 2817 2220 super
2849 2147 3030 2201 altare
3066 2147 3201 2201 ﬁdei
3234 2149 3351 2202 Deo
3389 2147 3755 2202 sacriﬁcabit.

2214 2235 2542 2289 Notandum
2566 2238 2762 2292 autem
2790 2235 2965 2306 quod,
3012 2236 3085 2290 ad
3124 2235 3434 2290 utilitatem
3465 2239 3755 2303 nostram,

2146 2323 2322 2381 David
2349 2323 2586 2380 offensio
2614 2327 2672 2379 et
2698 2324 3038 2396 ptenitentia
3068 2327 3125 2379 et
3146 2324 3406 2379 remissio
3433 2325 3503 2379 de
3517 2329 3757 2398 peccato

2146 2428 2247 2466 suo
2277 2412 2443 2466 nobis
2473 2414 2839 2485 proponitur,
2870 2416 2931 2467 ut
2959 2430 3090 2467 cum
3111 2416 3337 2468 tantum
3353 2413 3558 2480 virum,
3577 2430 3760 2485 usque

2147 2502 2292 2556 adeo
2312 2501 2368 2555 in
2404 2502 2706 2557 sanctitate
2728 2503 3179 2575 provectum,sic
3208 2502 3459 2574 graviter
3487 2502 3760 2557 cecidisse

2146 2589 2477 2657 viderimus,
2498 2608 2603 2646 nos
2628 2608 3035 2664 usquequaque
3074 2591 3310 2660 debiles,
3340 2592 3664 2646 nullatenus
3694 2591 3759 2645 in

2148 2680 2315 2734 nobis
2330 2679 2601 2733 ﬁduciam
2631 2680 2932 2745 habentes,
2958 2696 3153 2734 casum
3172 2697 3403 2752 semper
3422 2680 3758 2747 timeamus,

2149 2772 2206 2822 et
2220 2769 2557 2823 omnimodo
2572 2768 2957 2823 caveamus.Si
2971 2772 3166 2823 autem
3179 2769 3252 2823 ad
3267 2769 3505 2823 modum
3520 2769 3762 2839 ejus,vel

2149 2859 2332 2913 multo
2358 2858 2532 2911 etiam
2557 2858 2784 2929 gravius
2805 2857 3202 2925 ceciderimus,
3237 2859 3358 2929 ejus
3387 2859 3649 2930 exemplo
3679 2857 3759 2911 ad

2148 2946 2548 3019 ptenitentiam
2570 2946 2811 3014 reducti,
2838 2962 2943 3017 pro
2966 2950 3201 3018 peccato
3234 2949 3429 3001 nostro
3452 2945 3666 3011 ﬂendo,
3696 2948 3762 2999 et

2149 3036 2419 3092 omnibus
2449 3036 2637 3090 modis
2667 3038 2784 3091 Deo
2819 3036 3145 3090 satisfacere
3188 3035 3529 3106 satagendo,
3563 3035 3634 3088 de
3660 3051 3758 3088 re-

2147 3125 2443 3193 missione,
2472 3142 2604 3179 cum
2640 3125 2941 3179 affectione
2969 3124 3284 3178 immodica
3309 3140 3560 3190 oremus,
3593 3125 3651 3177 et
3676 3122 3760 3177 sic

2149 3216 2377 3269 veniam
2403 3230 2846 3285 consequemur.
2877 3214 2942 3266 In
2971 3213 3078 3267 hac
3097 3212 3337 3266 historia
3367 3212 3552 3284 figura
3570 3210 3760 3266 conti-

2151 3307 2340 3371 netur,
2369 3320 2519 3374 quas,
2552 3302 2784 3357 tametsi
2815 3301 2888 3356 ad
2918 3302 3088 3372 hujus
3132 3300 3522 3355 intentionem
3549 3301 3760 3371 psalmi

2150 3409 2267 3447 non
2294 3391 2519 3446 videtur
2545 3391 2811 3458 attinere,
2846 3407 2963 3446 non
2995 3394 3193 3444 tamen
3243 3388 3486 3443 dicenda
3530 3392 3615 3443 est
3662 3405 3763 3443 au-

2151 3480 2432 3536 dientium
2462 3480 2707 3534 utilitate
2739 3496 2966 3548 carere;
2999 3495 3125 3550 quae
3157 3478 3343 3549 ﬁgura
3370 3478 3492 3532 haec
3517 3494 3637 3532 esse
3669 3477 3758 3532 di-

2152 3569 2337 3625 citur:
2376 3571 2484 3623 Per
2525 3568 2703 3624 David
2739 3568 2835 3640 qui
2882 3584 3048 3622 manu
3080 3567 3237 3637 fortis
3277 3570 3336 3621 et
3378 3566 3749 3621 desiderabitis

2150 3657 2582 3728 interpretatur,
2616 3657 2895 3713 Dominus
2917 3658 3075 3711 Jesus
3106 3654 3203 3727 qui
3229 3658 3431 3710 contra
3462 3654 3759 3709 diabolum

2153 3746 2379 3817 agendo
2396 3746 2632 3801 viriliter
2646 3762 2824 3799 manu
2840 3745 3004 3799 fortis
3026 3743 3256 3809 exstitit,
3284 3746 3342 3797 et
3375 3746 3511 3797 ante
3532 3746 3761 3813 tempus

2153 3835 2525 3908 plenitudinis
2552 3852 2587 3889 a
2607 3834 2873 3888 fidelibus
2900 3834 3044 3889 veris
3065 3832 3421 3887 desideratus
3446 3831 3571 3898 fuit,
3592 3830 3761 3885 intel-

2152 3923 2370 3995 ligitur,
2404 3922 2499 3996 qui
2533 3922 2603 3977 de
2631 3922 2795 3989 solio,
2831 3922 3045 3976 scilicet
3069 3922 3140 3976 de
3191 3919 3601 3974 misericordiae
3643 3936 3759 3973 suae

2155 4014 2529 4081 sublimitate,
2563 4014 2934 4069 considerans
2963 4010 3222 4067 Ecclesiae
3269 4011 3339 4065 de
3378 4009 3650 4081 baptismi
3676 4011 3759 4064 la-

2153 4120 2319 4158 vacro
2333 4103 2674 4175 prodeuntis
2688 4101 3176 4175 pulchritudinem
3190 4099 3507 4154 sanctitatis
3520 4102 3576 4153 et
3597 4098 3763 4153 inno-

2155 4192 2379 4259 centiae,
2409 4191 2734 4263 concupivit
2755 4189 3051 4254 eam.Quze
3076 4190 3322 4244 Ecclesia
3346 4204 3450 4259 per
3480 4187 3757 4241 Bersabee

2154 4281 2548 4354 ﬁgurabatur;
2601 4297 2728 4351 qua:
2762 4286 2958 4350 puteus
3004 4279 3263 4333 satietatis
3321 4277 3754 4347 interpretatur.

448 4368 523 4424 ad
542 4368 947 4440 corrigendum
970 4385 1100 4423 eum
1113 4369 1273 4439 jussu
1294 4366 1524 4422 Domini
1549 4384 1561 4422 :
1582 4367 2051 4439 quandoquidem
2077 4374 2131 4434 D
2156 4369 2404 4425 Ecclesia
2446 4385 2698 4440 namque
2735 4371 2821 4423 est
2870 4370 3074 4439 puteus
3123 4366 3399 4421 doctrinae
3445 4363 3758 4419 Dominicas

448 4455 572 4528 ipse
588 4457 764 4512 David
786 4459 1007 4511 intravit
1032 4457 1102 4511 ad
1131 4454 1410 4524 Bersabee,
1440 4460 1498 4510 et
1524 4455 1813 4510 commisit
1836 4456 2053 4510 adulte-

447 4544 625 4601 rium.
643 4544 783 4600 Cum
799 4544 935 4600 dicit
954 4548 1175 4600 intravit
1191 4546 1261 4599 ad
1277 4545 1553 4611 Bersabee,
1567 4561 1691 4599 rem
1709 4547 1939 4616 turpem
1957 4561 2051 4599 oc-

451 4634 601 4688 culte
614 4633 846 4700 indicat,
870 4650 974 4688 nec
990 4634 1243 4706 eportuit
1256 4634 1511 4707 apertius
1526 4633 1657 4700 dici,
1672 4638 1802 4687 cum
1815 4632 2054 4688 historia

453 4724 594 4779 nota
611 4721 704 4776 sit.
730 4721 866 4786 Quae
900 4722 1139 4778 historia
1165 4723 1414 4778 breviter
1438 4723 1776 4794 attingenda
1801 4724 2053 4793 est,pro-

450 4814 581 4885 pter
598 4809 771 4882 ipsius
783 4810 1051 4882 ﬁguram.
1068 4811 1300 4882 Legitur
1312 4811 1547 4883 quidem
1565 4811 1741 4866 David
1758 4811 1826 4865 de
1846 4811 2053 4867 solario

451 4916 553 4956 suo
582 4900 858 4955 Bersabee
881 4899 1027 4955 Urite
1047 4917 1285 4955 uxorem
1313 4900 1385 4955 de
1412 4900 1636 4955 lavacro
1669 4900 2055 4972 prodeuntem

456 4988 757 5062 aspexisse,
809 4989 1045 5061 ejusque
1109 4989 1599 5061 pulchritudinem
1668 4988 2055 5060 concupivisse

456 5076 549 5152 (II
567 5078 701 5149 Reg.
716 5080 810 5150 ιι).
835 5077 959 5141 Qua
976 5078 1035 5132 iu
1056 5066 1337 5134 adulterio
1357 5079 1609 5151 cognita,
1630 5078 1905 5150 quoniam
1924 5093 2054 5132 eam

454 5171 695 5240 propter
730 5166 1053 5235 infamiam,
1097 5167 1305 5223 marito
1332 5167 1661 5239 superstite,
1692 5168 1752 5220 in
1786 5166 2056 5237 conjugio

456 5256 707 5311 retinere
728 5273 845 5311 non
863 5259 1109 5328 poterat,
1129 5257 1401 5312 eumdem
1424 5256 1697 5311 maritum
1717 5256 1836 5326 ejus
1862 5255 2058 5309 Uriam

457 5345 856 5401 fraudulenter
876 5345 1008 5400 fecit
1030 5344 1295 5413 interﬁci,
1324 5349 1381 5400 et
1399 5344 1477 5399 sic
1500 5361 1629 5400 eam
1658 5344 1765 5399 sibi
1786 5343 2056 5415 conjugio

459 5433 772 5504 conjunxit.
798 5433 1085 5489 Caeterum
1117 5434 1270 5505 quia,
1295 5451 1376 5498 se,
1410 5434 1480 5489 de
1508 5435 1741 5504 peccato
1776 5435 1939 5487 tanto
1970 5447 2058 5487 se-

459 5533 595 5576 cure
622 5521 861 5590 habens,
889 5524 1006 5577 Deo
1038 5538 1141 5593 per
1169 5522 1571 5594 paenitentiam
1597 5524 1656 5577 et
1684 5520 2059 5577 afﬂictionem

462 5607 788 5671 satisfacere
816 5611 1166 5685 negligebat,
1190 5611 1353 5685 jussu
1378 5611 1675 5671 Dominico
1699 5628 1805 5687 per
1817 5612 2065 5687 prophe-

2157 4459 2431 4529 dogmate
2449 4456 2881 4523 satiatus,Juxta
2902 4456 3058 4528 quod
3087 4455 3145 4509 in
3181 4453 3484 4526 Evangelia
3504 4453 3716 4525 legitur
3741 4468 3755 4507 :

2159 4570 2186 4599 (ι
2220 4547 2338 4611 Qui,
2355 4546 2538 4602 credit
2562 4545 2621 4599 in
2649 4562 2765 4613 me,
2807 4544 3053 4599 ﬂumina
3084 4544 3155 4598 de
3185 4546 3385 4598 ventre
3417 4543 3540 4613 ejus
3577 4543 3759 4595 ﬂuent

2156 4652 2318 4708 aqua)
2350 4636 2484 4690 viva:
2518 4634 2699 4705 (Joan.
2740 4650 2836 4701 v11,
2869 4633 2980 4705 38).
3028 4654 3056 4683 »
3114 4633 3185 4687 Ut
3233 4632 3409 4703 igitur
3452 4630 3759 4685 Ecclesium

2157 4723 2409 4781 Christus
2430 4739 2700 4795 sponsam
2724 4722 2831 4776 sibi
2851 4722 3252 4793 conjungeret,
3273 4720 3589 4787 diabolum,
3604 4719 3761 4790 cujus

2157 4830 2366 4886 sponsa
2385 4813 2593 4879 fuerat,
2615 4810 2675 4865 in
2706 4810 3045 4865 inﬁdelitate
3067 4809 3480 4882 posita,morte
3503 4825 3604 4863 sua
3641 4823 3760 4862 non

2157 4903 2471 4958 secundum
2502 4899 2836 4967 essentiam,
2853 4900 2953 4955 sed
2973 4897 3289 4954 secundum
3315 4897 3637 4969 potentiam
3659 4913 3761 4968 pe-

2158 4991 2349 5057 remit,
2384 4994 2445 5045 ut
2491 4990 2549 5043 in
2599 5005 2667 5044 eo
2709 4987 2976 5043 videlicet
3004 4990 3245 5060 propter
3284 4987 3423 5041 Adae
3460 4989 3761 5057 peccatum

2160 5081 2381 5134 nullum
2411 5078 2649 5132 ulterius
2680 5079 2983 5149 usurparet
3007 5075 3338 5147 imperium.
3373 5074 3537 5139 Quod
3566 5090 3765 5145 pecca-

2162 5173 2286 5223 tum
2313 5185 2417 5240 per
2445 5167 2619 5239 ipsius
2650 5165 2853 5220 Christi
2891 5165 3003 5219 fuit
3038 5164 3433 5219 obedientiam
3483 5164 3761 5233 deletum,

2163 5258 2257 5331 qui
2289 5256 2548 5311 diabolus
2573 5271 2675 5327 per
2695 5254 2892 5309 Uriam
2910 5254 3189 5308 Bersabee
3207 5270 3504 5325 sponsum,
3522 5269 3553 5307 a
3586 5252 3766 5308 David

2162 5343 3015 5417 interfectum,priesignabatur
3039 5360 3052 5411 ;
3084 5343 3180 5414 qui
3208 5342 3307 5397 lux
3335 5359 3448 5396 mea
3469 5341 3770 5397 Deiinter-

2161 5436 2438 5506 pretatur,
2464 5432 2725 5487 diabolus
2760 5447 3010 5502 namque
3049 5433 3203 5484 recte
3239 5429 3330 5483 lux
3354 5446 3468 5483 mea
3498 5428 3605 5483 Dei
3625 5426 3766 5484 dici-

2161 5521 2395 5587 tur.Qui
2431 5521 2501 5576 de
2535 5524 2754 5577 naturae
2796 5535 2911 5575 suae
2952 5518 3302 5575 lucidissima
3340 5518 3528 5591 specie
3566 5533 3767 5590 super-

2164 5611 2345 5684 biens,
2378 5626 2494 5669 non
2516 5627 2576 5669 se
2596 5608 2893 5668 humiliter
2917 5624 3057 5684 erga
3071 5609 3253 5667 Deum
3277 5610 3339 5667 ut
3363 5610 3625 5667 creatura
3643 5608 3771 5685 ejus
