3994 6042
284 341 398 413 861

1327 348 1680 410 EXPOSITIO
1719 352 1789 408 IN
1825 332 2158 409 PSALMOS.
2200 383 2269 393 —
2306 350 2498 409 pst.
2542 348 2582 407 L

3502 350 3612 412 862

272 477 511 545 habuit,
546 476 645 533 sed
676 494 791 533 non
822 492 979 546 voce,
1028 474 1147 532 imo
1181 478 1528 549 arrogantiae
1562 496 1676 534 sua:
1707 476 1900 550 cogni-
1926 483 1981 542 Α
2002 477 2100 532 Vel
2129 477 2206 532 sic
2233 478 2480 550 amplius
2503 478 2624 531 lava
2654 494 2736 532 me
2760 493 2933 549 quam
2958 476 3135 532 sciam
3162 480 3218 533 te
3245 493 3609 550 rogare,non

275 566 473 631 tione,
502 584 697 623 secum
729 568 808 623 ait
864 584 876 622 :
935 568 1050 626 Lux
1083 587 1214 626 mea
1233 572 1318 625 est
1346 569 1437 624 lux
1466 568 1587 624 Dei.
1623 567 1787 632 Quod
1818 570 1902 621 est

278 656 515 711 dicere:
537 656 825 721 Quoniam
851 676 884 713 a
906 660 1022 714 Deo
1049 658 1415 715 lucidissima:
1448 661 1670 712 naturae
1699 656 1899 723 existo,

275 763 411 802 non
440 750 504 802 ut
522 751 874 815 creaturam,
907 750 1009 804 sed
1038 752 1102 804 ut
1149 751 1332 805 Deum
1364 765 1458 828 me
1489 748 1738 813 habebo,
1794 747 1903 800 hac

276 835 448 890 enim
477 852 610 891 mea
638 838 803 891 tanta
834 839 977 904 luce,
1004 854 1100 893 me
1122 839 1305 893 Deum
1328 854 1449 892 esse
1466 836 1900 906 comprobatur,

277 924 426 995 quia
456 924 742 992 diabolus,
775 942 891 980 non
924 942 1060 981 voce
1092 926 1191 981 sed
1222 925 1524 981 aﬂectionc
1553 924 1755 978 dixisse
1778 941 1903 995 per-

272 1012 553 1068 hibetur:
577 1037 604 1064 «
632 1015 853 1069 Ponam
874 1015 1071 1069 sedem
1089 1032 1282 1070 meam
1311 1015 1384 1069 ad
1404 1013 1739 1085 aquilonem
1764 1012 1897 1089 (Isa.

276 1104 559 1169 x1v,l4),»
580 1102 738 1157 idest
764 1103 825 1158 in
853 1104 1067 1175 frigore
1098 1104 1420 1159 dilectionis
1448 1102 1805 1170 Altissimi,ct
1824 1102 1900 1156 sic

278 1189 527 1245 «similis
548 1208 645 1246 ero
663 1192 939 1247 altissimo
955 1192 1199 1265 (Ibid.).»
1217 1195 1296 1247 Ac
1312 1192 1355 1246 si
1380 1192 1597 1247 diceret
1619 1209 1631 1246 :
1670 1190 1724 1246 Si
1756 1192 1898 1246 dile-

278 1279 496 1334 ctionis
525 1280 647 1351 ejus
671 1280 806 1353 igne
831 1281 1179 1348 fervens,me
1210 1283 1274 1336 ut
1292 1284 1617 1336 creaturam
1644 1280 1751 1351 ipsi
1773 1281 1901 1335 sub-

280 1367 516 1435 didero,
550 1368 683 1423 licet
711 1369 1089 1425 lucidissimus
1119 1369 1384 1437 existens,
1432 1371 1629 1424 tamen
1658 1369 1710 1424 ei
1736 1369 1897 1425 dissi-

280 1456 463 1521 milis,
493 1473 624 1513 cum
655 1458 774 1529 ipse
789 1459 968 1522 Deus,
1001 1475 1109 1530 ego
1141 1475 1277 1514 vero
1299 1458 1423 1529 ejus
1439 1461 1705 1514 creatura
1725 1474 1897 1530 repu-

278 1546 492 1615 tabor;
525 1547 624 1601 sed
641 1546 851 1602 sedebo
872 1548 930 1602 in
958 1547 1249 1621 aquilone,
1282 1547 1340 1602 id
1368 1550 1453 1602 est
1484 1547 1539 1601 in
1575 1547 1789 1619 frigore
1815 1547 1899 1603 di-

278 1633 554 1691 lectionis
582 1636 703 1706 ejus
756 1636 1138 1703 immorabor,
1172 1652 1277 1691 nec
1308 1635 1356 1690 ei
1405 1635 1663 1691 subditus
1689 1652 1809 1703 ero,
1843 1638 1902 1690 et

275 1725 474 1779 similis
503 1726 667 1793 eiero,
691 1725 748 1779 id
780 1728 865 1779 est
885 1742 1017 1779 cum
1050 1728 1227 1781 tanta;
1254 1724 1394 1780 lucis
1420 1725 1550 1791 sim,
1587 1727 1736 1780 Deus
1757 1725 1902 1780 sicut

276 1813 410 1886 ipse
432 1813 821 1869 existimabor.
853 1814 1185 1868 Notandum
1213 1831 1372 1881 sane,
1403 1831 1520 1868 non
1543 1813 1897 1885 ignominio-

277 1919 418 1957 sum
449 1919 592 1970 esse,
612 1902 657 1956 si
689 1918 793 1973 per
819 1904 1097 1958 Bersabee
1138 1903 1462 1957 adulteram
1496 1903 1742 1958 Ecclesia
1771 1921 1898 1975 quae

277 2007 501 2063 sponsa
530 1990 735 2045 Christi
761 1991 921 2063 virgo
949 1995 1035 2046 est
1077 1994 1133 2046 et
1164 1994 1359 2059 easta;
1421 2008 1526 2064 per
1558 1991 1736 2046 David
1764 2008 1898 2047 vero

276 2082 655 2151 peccatorem
710 2079 961 2135 Christus
1030 2098 1064 2135 a
1114 2083 1349 2152 peccato
1426 2080 1747 2149 immunis;
1795 2098 1899 2153 per

275 2169 485 2224 Uriam
516 2185 745 2241 quoque
776 2169 1149 2224 innocentem
1172 2172 1230 2224 et
1260 2169 1469 2240 injuste
1517 2172 1889 2241 peremptum

277 2256 552 2313 diabolus
594 2273 811 2312 nocens
843 2261 899 2313 et
920 2258 1072 2328 juste
1130 2257 1228 2312 Dei
1261 2260 1450 2313 morte
1491 2258 1895 2330 interemptus,

272 2345 462 2400 fuerit
485 2346 762 2418 figuratus
790 2363 802 2401 :
828 2363 945 2402 non
980 2345 1136 2401 enim
1196 2346 1381 2417 magis
1439 2345 1896 2418 ignominiosum

274 2437 374 2490 est
403 2451 577 2506 quam
605 2434 759 2506 quod
791 2451 941 2506 saepe
974 2434 1187 2489 diaboli
1215 2451 1432 2490 nomen
1458 2434 1663 2488 litteris
1688 2434 1893 2502 aureis,

276 2522 391 2578 Dei
422 2526 616 2577 autem
645 2540 862 2578 nomen
890 2528 1235 2590 atramento,
1269 2523 1327 2579 id
1370 2526 1457 2579 est
1504 2524 1696 2579 colore
1728 2524 1894 2596 nigro

274 2612 653 2677 describitur,
687 2613 965 2685 quoniam
997 2629 1103 2667 nec
1129 2612 1439 2667 atramenti
1468 2612 1652 2667 vilitas
1677 2612 1890 2685 aliquid

275 2703 406 2757 Deo
434 2700 602 2755 offert
627 2702 943 2768 dedecoris,
978 2719 1083 2756 nec
1126 2702 1250 2756 auri
1301 2701 1622 2773 pretiositas
1664 2702 1893 2757 diabolo

275 2789 570 2863 quidlibet
589 2791 825 2846 honoris
856 2790 1135 2846 attribuit.

615 2878 869 2935 Miserere
918 2882 1042 2948 mei,
1097 2880 1262 2946 Deus,
1321 2880 1607 2935 secundum
1643 2897 1895 2950 magnam

274 2967 708 3023 misericordiam
763 2976 929 3023 tuam.
984 2969 1149 3033 Quod
1196 2971 1283 3024 est
1337 2968 1528 3024 dicere
1589 2986 1602 3024 :
1658 2969 1799 3024 Cum
1832 2972 1896 3023 tu

272 3056 433 3111 Deus
471 3055 565 3124 sis,
588 3060 647 3112 et
670 3057 754 3111 tui
784 3058 857 3112 sit
908 3057 1189 3125 misereri,
1227 3061 1469 3113 miserere
1496 3060 1619 3113 mei.
1666 3059 1733 3112 Et
1777 3075 1894 3113 non

275 3160 516 3217 parum,
553 3146 654 3201 sed
679 3147 751 3201 ad
783 3148 1023 3202 modum
1056 3164 1285 3219 magna:
1317 3147 1728 3203 misericordias
1760 3151 1893 3215 tuae;

276 3236 372 3303 ut,
404 3250 536 3289 cum
583 3235 796 3290 scilicet
825 3252 1040 3308 magna
1097 3237 1168 3291 sit
1221 3236 1617 3292 misericordia
1669 3241 1787 3304 tua,
1840 3240 1898 3291 et

275 3326 590 3396 peccatum
622 3341 819 3380 meum
851 3341 1154 3398 magnum,
1202 3327 1520 3382 secundum
1571 3327 1727 3398 quod
1769 3343 1896 3381 ma-

276 3428 404 3485 gna
428 3416 513 3466 est
543 3413 934 3469 misericordia
962 3418 1061 3469 tua
1100 3417 1341 3471 miserere
1364 3416 1491 3483 mei,
1516 3417 1674 3486 cujus
1694 3432 1895 3487 pecca-

274 3503 411 3555 tum
446 3517 726 3573 magnum
748 3505 851 3560 est.
883 3502 959 3557 Et
986 3506 1230 3559 miserere
1260 3507 1366 3559 mei
1391 3503 1678 3558 secundum
1712 3505 1893 3558 multi-

280 3588 527 3645 tudinem
548 3592 952 3646 miserationum
981 3599 1216 3661 tuarum,
1244 3593 1304 3649 id
1337 3597 1423 3649 est
1447 3594 1763 3648 secundum
1795 3594 1914 3649 be?

280 3678 495 3733 neﬁcia
522 3679 931 3735 misericordia:
964 3684 1099 3748 tum,
1151 3699 1278 3755 quae
1325 3684 1509 3737 multa
1556 3685 1707 3748 sunt,
1768 3700 1896 3755 qua:

281 3767 571 3823 beneﬁcia
599 3767 1002 3825 miserationes
1034 3771 1322 3825 dicuntur.
1357 3771 1521 3835 Quod
1552 3775 1637 3826 est
1661 3772 1850 3826 dicere
1879 3788 1892 3826 :

281 3854 415 3911 Non
441 3856 625 3911 solum
659 3858 733 3912 ad
764 3875 1099 3914 mensuram
1130 3859 1551 3931 magnitudinis
1576 3860 1877 3916 misericor

287 3942 400 3998 diu:
426 3946 539 4000 tuae
571 3962 694 4013 oro,
725 3948 789 4001 ut
818 3947 1040 4018 peccati
1072 3948 1188 4002 mei
1218 3947 1607 4020 magnitudini
1632 3948 1878 4005 miserea

286 4032 389 4101 ris,
417 4033 518 4088 sed
567 4033 639 4089 ad
684 4052 1021 4091 mensuram
1076 4036 1464 4092 multitudinis
1493 4039 1901 4094 miserationum

292 4127 531 4190 tuarum,
565 4126 650 4189 ut,
680 4140 811 4179 cum
855 4125 1068 4180 scilicet
1112 4127 1310 4181 multm
1356 4126 1469 4181 sint
1500 4126 1902 4183 miserationes

292 4211 428 4277 tute,
462 4210 785 4268 miserearis
814 4214 957 4269 mihi
982 4231 1087 4287 per
1114 4214 1284 4287 ipsas,
1317 4216 1413 4288 qui
1461 4217 1646 4271 multa
1694 4217 1902 4273 delicta

290 4315 398 4371 per
414 4301 690 4357 Bersabee
707 4303 991 4359 commisi.
1012 4304 1245 4360 Peccavi
1266 4322 1519 4377 namque
1537 4306 1595 4360 in
1615 4306 1898 4362 adulterio

289 4388 520 4461 peccavi
552 4388 609 4443 in
631 4390 965 4458 homicidio,
995 4393 1224 4464 peccavi
1251 4397 1309 4448 et
1336 4393 1396 4448 in
1418 4394 1774 4467 negligentia
1793 4396 1895 4465 tui,

230 4500 237 4503 -
292 4480 352 4532 et
376 4477 435 4533 in
461 4477 572 4534 hoc
602 4479 758 4552 quod
809 4481 1089 4537 Bersabee
1143 4486 1454 4537 nocentem
1487 4482 1617 4537 feci.
1651 4485 1760 4539 Per
1791 4484 1899 4538 hoc

291 4566 450 4639 quod
489 4568 589 4623 Dei
626 4585 906 4641 magnam
955 4587 1075 4625 esse
1136 4569 1591 4627 misericordiam
1633 4572 1791 4640 dicit,
1843 4577 1902 4628 et

291 4655 505 4711 multas
524 4672 644 4713 esse
671 4658 1071 4714 miserationes
1095 4661 1238 4731 ejus,
1268 4659 1569 4733 innuitque
1615 4678 1899 4734 magnum

292 4758 413 4798 esse
433 4749 733 4814 peccatum
753 4763 919 4801 suum
933 4749 990 4802 et
1004 4747 1900 4820 multiplex,benevolentiamDei

292 4837 568 4907 captat,se
582 4836 900 4891 accusando
917 4838 1165 4891 etDeum
1184 4836 1902 4909 magniﬁcando.Ostendit

292 4921 558 4978 autemin
578 4941 691 4996 quo
712 4924 797 4979 sui
823 4924 1185 4992 misereatur,
1218 4942 1350 4981 cum
1363 4925 1628 4994 addit,sic
1647 4926 1857 4982 scilicet
1879 4946 1896 4981 :

289 5009 575 5067 Miserere:
597 5012 726 5068 Dele
742 5015 1080 5085 iniquitatem
1100 5014 1359 5083 meam,id
1376 5019 1460 5070 est
1472 5016 1599 5071 dele
1619 5034 1652 5071 a
1671 5033 1896 5072 memo-

291 5099 379 5155 ria
399 5102 498 5156 tua
520 5101 888 5174 iniquitatem
909 5119 1126 5171 meam,
1154 5107 1219 5158 ut
1246 5119 1363 5158 non
1392 5104 1617 5176 punias;
1643 5106 1730 5160 vel
1762 5104 1839 5159 sic
1874 5123 1887 5161 :

291 5187 484 5245 deleab
507 5189 703 5245 anima
732 5207 865 5246 mea
895 5192 1181 5246 maculam
1216 5191 1534 5265 iniquitatis
1548 5194 1789 5250 meae.Et
1819 5193 1897 5249 sic

291 5276 431 5348 dele,
455 5278 666 5335 scilicet
683 5280 803 5334 lava
827 5298 907 5335 me
918 5281 1278 5352 abiniquitate
1296 5299 1431 5348 mea,
1466 5283 1693 5354 amplius
1719 5299 1895 5354 quam

294 5366 365 5422 de
380 5366 1293 5441 aliisiniquitatibuslaveris.Acsi
1322 5370 1494 5439 dicat,
1531 5371 1602 5426 de
1631 5371 1756 5426 aliis
1783 5372 1894 5427 ini-

292 5454 606 5529 quitatibus
634 5473 730 5512 me
753 5457 879 5529 jam
904 5457 1241 5530 lavisti,quze
1256 5476 1373 5514 non
1403 5462 1526 5514 tam
1549 5461 1758 5531 amplae
1772 5459 1894 5517 fue-

291 5548 449 5613 runt,
480 5545 582 5601 sed
609 5561 741 5603 cum
792 5547 901 5602 ista
928 5547 1001 5603 sit
1039 5548 1288 5622 amplior
1316 5566 1495 5623 quam
1541 5549 1653 5605 illae
1686 5556 1892 5625 essent,

294 5634 563 5713 ampliori
590 5652 732 5714 egeo
752 5637 1058 5698 lavatione.
1088 5639 1340 5716 Ideoque
1368 5639 1595 5717 amplius
1636 5657 1720 5700 me
1749 5641 1895 5706 lava.

1922 4360 1974 4421 D

2003 567 2160 621 enim
2187 570 2242 621 te
2281 570 2508 621 tantum
2539 582 2749 637 rogare
2778 565 2892 621 scio
2911 583 3016 620 nec
3044 583 3295 637 possum,
3326 570 3609 639 quantum

2004 657 2253 727 oportet.
2288 656 2356 709 Et
2384 672 2501 711 non
2531 672 2738 727 parum
2770 655 2911 721 lava,
2933 654 3243 709 sedmunda
3267 672 3347 708 me
3371 672 3436 709 ex
3465 659 3607 723 toto,

2002 761 2106 816 per
2136 761 2415 815 magnam
2448 743 2909 799 misericordiam
2934 746 3123 800 tuam.
3155 744 3203 798 A
3226 751 3443 814 peccato
3474 761 3606 810 meo,

2002 837 2299 905 peccatum
2323 834 2476 888 idem
2493 836 2579 887 est
2605 834 2761 905 quod
2780 832 3166 905 iniquitas,ch
3184 836 3481 903 peccatum
3508 850 3609 905 po-

1999 925 2111 976 test
2153 922 2395 994 intelligi
2446 921 2908 992 concupiscentia
2958 924 3131 988 mala,
3180 922 3451 994 iniquitas
3478 938 3609 976 vero

2001 1013 2157 1066 actus
2190 1011 2332 1081 ipse.
2365 1010 2598 1066 Gravius
2625 1011 2786 1065 enim
2819 1010 3043 1066 videtur
3084 1014 3286 1066 notare
3314 1010 3605 1083 iniquitas,

1999 1117 2175 1172 quam
2216 1103 2534 1170 peccatum.

2072 1188 2214 1253 Quia
2238 1206 2297 1243 se
2324 1189 2593 1243 mundari
2620 1192 2902 1257 oraverat,
2931 1189 3203 1262 supponit
3230 1206 3463 1244 causam
3494 1205 3608 1262 qua

1998 1279 2270 1334 mundari
2300 1279 2529 1345 debeat,
2561 1279 2637 1333 sic
2675 1296 2688 1334 :
2735 1296 2858 1347 oro,
2887 1281 3085 1333 munda
3112 1297 3213 1347 me,
3238 1282 3294 1333 et
3320 1279 3604 1334 mundare

2000 1366 2463 1433 debes.Quonzam
2477 1367 2692 1439 ego,qui
2710 1371 2763 1422 te
2783 1372 2969 1435 oro,et
2992 1368 3086 1440 qui
3102 1368 3604 1439 peccavi,cognosco

2000 1457 2331 1528 iniquitatem
2343 1474 2534 1525 meam,
2558 1456 2613 1511 id
2638 1460 2722 1511 est
2744 1474 2861 1512 non
2876 1474 2970 1511 me
2999 1458 3137 1512 latet
3158 1457 3430 1529 iniquitas
3451 1474 3601 1512 mea.

1999 1546 2068 1599 Et
2090 1563 2207 1600 non
2235 1546 2309 1600 ad
2332 1546 2543 1600 horam
2578 1562 2882 1617 cognosco,
2918 1546 3017 1600 sed
3049 1554 3098 1601 et
3111 1552 3383 1617 peccatum
3410 1563 3603 1613 meum,

1999 1634 2057 1690 id
2085 1638 2169 1689 est
2199 1634 2472 1706 iniquitas
2503 1652 2652 1702 mea,
2677 1643 2750 1689 est
2777 1653 2977 1706 semper
3015 1642 3198 1689 contra
3221 1654 3320 1703 me,
3355 1636 3411 1690 id
3440 1635 3604 1689 estin

1999 1726 2309 1795 conspectu
2337 1741 2468 1778 meo
2500 1724 2782 1789 interiori,
2808 1725 2963 1795 quod
2996 1724 3280 1778 estdicere
3317 1741 3329 1778 :
3364 1724 3606 1795 Semper

1999 1812 2211 1882 aspicio
2245 1813 2421 1867 oculis
2470 1812 2841 1867 interioribus
2872 1816 3168 1883 peccatum
3205 1829 3402 1867 meum
3443 1815 3504 1866 ut
3534 1813 3604 1866 de

1999 1900 2094 1954 illo
2127 1917 2384 1971 gemam,
2403 1917 2436 1954 a
2454 1899 2825 1955 similitudine
2850 1901 2932 1955 rei
2960 1905 3162 1955 contra
3186 1904 3481 1971 aspectum
3510 1900 3607 1954 ali-

1999 1988 2156 2058 cujus
2183 1988 2403 2060 positze,
2428 2006 2602 2060 quam
2630 2005 2858 2060 semper
2887 1989 3184 2061 compicit.
3219 1990 3285 2044 Et
3308 1989 3415 2043 hoc
3447 1990 3605 2043 estac

1997 2078 2043 2132 si
2073 2078 2151 2133 sic
2178 2082 2422 2149 poneret
2446 2096 2459 2133 :
2482 2078 2753 2134 Mundare
2777 2096 2870 2133 me
2900 2079 3074 2133 debes
3091 2096 3158 2132 ex
3184 2077 3601 2147 misericordia;

1997 2184 2170 2236 nam,
2218 2184 2349 2222 cum
2403 2167 2579 2223 sciam
2617 2172 2851 2239 peccata
2906 2168 3105 2223 omnia
3153 2166 3475 2221 criminalia
3518 2166 3606 2221 vel

1997 2273 2031 2311 a
2053 2258 2191 2324 Deo,
2226 2258 2313 2311 vel
2348 2257 2418 2311 ab
2452 2275 2519 2313 eo
2550 2257 2645 2330 qui
2670 2258 2986 2313 committit
3012 2274 3131 2312 esse
3158 2256 3472 2329 punienda,
3490 2272 3610 2310 non

1999 2345 2284 2417 dedignor
2303 2345 2673 2418 iniquitatem
2694 2362 2890 2401 meam
2914 2362 3281 2417 cognoscere,
3315 2345 3416 2399 sed
3436 2344 3495 2398 in
3522 2343 3606 2398 in-

1996 2435 2192 2490 teriori
2224 2451 2349 2490 meo
2376 2451 2605 2507 semper
2630 2452 2760 2490 eam
2790 2435 3217 2506 conspiciendo,
3265 2433 3441 2506 punio
3469 2448 3601 2488 eam

1995 2522 2216 2600 gemitu
2246 2527 2302 2578 et
2324 2524 2612 2596 lacrymis,
2646 2528 2704 2579 et
2730 2524 2954 2579 assidua
3000 2522 3343 2596 paenitentia
3389 2525 3447 2576 et
3476 2538 3604 2577 ora-

1994 2614 2175 2668 tione.
2197 2614 2311 2669 lloc
2342 2617 2536 2669 autem
2564 2616 2751 2668 totum
2785 2618 2871 2668 est
2903 2631 2967 2669 ac
2995 2614 3038 2669 si
3071 2612 3319 2668 breviter
3350 2612 3600 2667 diceret:

1992 2703 2268 2758 Mundare
2292 2720 2387 2757 me
2415 2703 2607 2770 debes,
2626 2719 2731 2757 nec
2759 2703 2996 2757 ulterius
3022 2702 3397 2774 punire,cum
3417 2700 3602 2771 justus

1996 2791 2088 2846 sis.
2132 2792 2276 2846 Nam
2303 2808 2410 2862 ego
2444 2792 2570 2862 jam
2606 2791 2666 2845 in
2699 2808 2793 2846 me
2848 2792 3188 2863 frequenter
3234 2789 3601 2861 iniquitatem

1995 2899 2189 2937 meam
2238 2882 2435 2954 punio.
2471 2883 2586 2937 Hoc
2617 2886 2867 2949 ostenso,
2901 2882 3058 2954 quod
3092 2899 3159 2937 ex
3191 2898 3406 2952 magna
3438 2881 3604 2935 mise-

1994 2970 2243 3025 ricordia
2269 2970 2443 3025 debet
2471 2971 2591 3041 ejus
2650 2972 2797 3025 Deus
2836 2971 3120 3040 misereri,
3161 2973 3217 3024 et
3243 2987 3311 3024 ex
3356 2968 3600 3040 justitia,

1995 3060 2130 3131 quia
2147 3060 2271 3130 jam
2297 3060 2356 3113 in
2387 3076 2445 3113 se
2476 3059 2846 3132 iniquitatem
2869 3076 3033 3113 suam
3063 3058 3283 3131 puniat,
3308 3057 3605 3129 subjungit

1997 3166 2225 3222 quoque
2239 3149 2389 3220 quod
2424 3167 2490 3204 ex
2512 3148 2774 3221 potentia
2806 3149 2976 3203 debet
3007 3166 3140 3203 eum
3159 3147 3602 3214 mundare,cum

1996 3238 2118 3310 ipse
2148 3239 2298 3295 solus
2325 3237 2602 3293 immunis
2623 3255 2656 3293 a
2687 3241 2927 3309 peccato
2962 3240 3020 3292 et
3045 3238 3233 3309 justus
3262 3235 3440 3308 possit
3469 3253 3602 3309 pec-

1996 3332 2123 3383 cata
2143 3328 2475 3383 condonare
2494 3344 2506 3382 :
2524 3327 3017 3394 oro,miserere,ut
3030 3326 3394 3398 iniquitatem
3410 3340 3603 3380 meam

1997 3417 2208 3485 deleas,
2238 3420 2295 3472 et
2313 3418 2421 3473 hac
2439 3418 2647 3472 ﬁducia
2662 3434 2785 3484 oro,
2807 3417 3164 3489 quiapeccavi
3193 3417 3294 3472 tibi
3308 3415 3410 3471 soli
3417 3415 3604 3481 .Quod

1997 3509 2083 3561 est
2108 3506 2296 3561 dicere
2330 3524 2343 3562 :
2379 3505 2522 3569 Quia
2552 3522 2682 3560 cum
2700 3505 2804 3560 tibi
2844 3505 3223 3577 peccaverim,
3252 3509 3315 3560 tu
3372 3504 3500 3560 talis
3543 3520 3603 3559 es

1999 3595 2095 3666 qui
2125 3595 2457 3649 condonare
2489 3597 2675 3665 potes,
2709 3611 2847 3649 nam
2876 3596 3028 3649 solus
3057 3612 3135 3661 es,
3165 3594 3225 3649 id
3246 3598 3331 3648 est
3350 3594 3601 3665 singula-

1997 3683 2076 3737 ris
2104 3683 2399 3755 potentiaz,
2429 3683 2527 3755 qui
2577 3686 2813 3755 peccata
2841 3687 3005 3755 potes
3044 3683 3366 3753 indulgere.
3418 3683 3599 3736 Nemo

1998 3789 2251 3843 namque
2279 3772 2530 3825 mundus
2562 3788 2596 3825 a
2623 3771 2812 3839 sorde,
2837 3771 2943 3825 nisi
2971 3775 3058 3825 tu:
3092 3770 3337 3841 ideoque
3365 3771 3516 3825 solus
3545 3787 3605 3823 cs

1999 3865 2204 3934 potens
2235 3861 2305 3915 ad
2336 3860 2758 3931 indulgendum
2795 3878 2811 3915 :
2853 3859 2981 3914 ideo
3014 3875 3262 3930 quoque,
3295 3873 3419 3925 oro,
3448 3859 3601 3911 mise-

2000 3966 2137 4018 rere,
2163 3949 2297 4021 quia
2326 3950 2527 4003 malum
2554 3950 2667 4019 feci
2692 3966 2869 4003 coram
2909 3956 2975 4015 te,
3002 3947 3059 4002 id
3094 3950 3179 4002 est
3213 3947 3291 4001 sic
3314 3950 3377 4001 ut
3407 3951 3461 4001 te
3483 3963 3602 4002 non

1999 4039 2203 4106 lateat,
2231 4038 2331 4093 sed
2360 4038 2432 4092 sit
2452 4054 2649 4093 coram
2671 4041 2752 4105 te,
2787 4037 2841 4092 id
2876 4040 2960 4092 est
2992 4037 3052 4091 in
3080 4041 3390 4108 conspectu
3417 4038 3516 4090 tuo
3539 4038 3605 4091 ut

2000 4127 2212 4184 videas.
2246 4129 2325 4182 Ac
2371 4127 2414 4182 si
2449 4129 2693 4199 poneret
2726 4144 2739 4181 :
2773 4126 2831 4181 Si
2862 4126 3226 4199 iniquitatem
3266 4140 3462 4180 meam
3503 4122 3604 4179 sci-

2000 4234 2132 4273 rem
2158 4218 2217 4271 te
2246 4217 2451 4284 latere,
2710 4232 3041 4271 excusarem
3072 4214 3267 4286 utique
3297 4231 3392 4269 me
3419 4232 3433 4283 ;
3488 4229 3605 4268 non

2002 4310 2065 4361 ut
2094 4305 2362 4361 misertus
2381 4322 2530 4360 esses
2551 4321 2808 4363 orarem.
2850 4304 2962 4359 Sed
2990 4303 3125 4376 quia
3153 4307 3231 4371 te,
3292 4302 3491 4359 omnia
3520 4301 3603 4357 vi-

2002 4395 2260 4461 dentem,
2288 4394 2402 4450 scio
2428 4398 2727 4467 peccatum
2760 4410 2959 4448 meum
2984 4409 3103 4448 non
3122 4392 3472 4459 latere,nolo
3501 4406 3597 4445 me

2000 4483 2283 4539 inutiliter
2312 4499 2599 4550 excusare,
2624 4482 2724 4537 sed
2753 4481 3072 4550 humiliter,
3106 4497 3231 4549 oro,
3252 4484 3514 4538 miserere.
3541 4481 3603 4536 In

1999 4572 2109 4628 hoc
2130 4576 2325 4628 autem
2348 4571 2504 4644 quod
2534 4574 2717 4626 Deum
2748 4571 3050 4642 singularis
3072 4588 3193 4625 esse
3215 4570 3490 4643 potentiae
3523 4569 3605 4625 di-

2000 4661 2094 4728 cit,
2128 4663 2186 4716 et
2215 4661 2414 4715 omnia
2431 4659 2641 4728 videre,
2667 4660 2916 4715 multum
2947 4676 3081 4715 eum
3105 4660 3453 4715 benevolum
3475 4659 3602 4714 red-

2002 4750 2121 4806 dit:
2154 4750 2439 4827 Quoniam
2467 4751 2662 4805 autem
2692 4748 2914 4805 dixerat
2945 4766 2957 4803 :
2991 4749 3116 4803 Tibi
3148 4749 3249 4803 soli
3254 4751 3493 4820 peccavi,
3527 4765 3602 4803 ne

2002 4841 2154 4894 male
2184 4839 2441 4893 notando
2464 4837 2587 4906 soli,
2620 4838 3075 4911 intelligeremus
3105 4837 3183 4892 sic
3205 4854 3338 4892 eum
3359 4838 3501 4892 velle
3518 4835 3605 4891 di-

2001 4945 2130 4984 cere
2151 4932 2214 4983 ut
2243 4928 2430 4982 solum
2453 4932 2658 4983 contra
2684 4930 2864 4982 Deum
2900 4929 3206 5000 peccasset,
3232 4929 3290 4980 et
3319 4942 3438 4980 non
3464 4941 3607 4980 con-

1998 5021 2090 5073 tra
2114 5018 2330 5084 Uriam,
2363 5035 2537 5092 quem
2568 5018 2779 5089 injuste
2813 5018 3120 5082 occiderat,
3149 5018 3207 5069 et
3241 5015 3318 5070 sic
3354 5014 3607 5070 mendax

1998 5107 2306 5174 videretur,
2337 5107 2690 5163 determinat
2736 5106 2982 5179 qualiter
3010 5104 3295 5176 intelligat
3324 5103 3448 5172 soli,
3481 5104 3557 5159 sic
3588 5120 3602 5160 :

1998 5196 2121 5252 Dixi
2147 5198 2244 5251 tibi
2266 5196 2383 5263 soli,
2418 5199 2477 5251 et
2499 5197 2577 5252 sic
2610 5195 2735 5250 dico
2766 5195 2884 5258 soli,
2918 5193 3073 5265 quod
3103 5209 3163 5246 es
3188 5193 3339 5247 solus
3359 5199 3419 5246 ut
3436 5194 3609 5264 justi-

1996 5285 2167 5355 ﬁceris
2184 5289 2239 5341 in
2268 5286 2593 5341 sermonibus
2625 5286 2751 5353 tuis,
2786 5284 2845 5339 id
2895 5285 2980 5337 est
2998 5298 3169 5337 verax
3194 5281 3503 5337 iuveniaris
3543 5282 3605 5339 in

2000 5376 2269 5430 omnibus
2314 5392 2441 5446 qua:
2473 5391 2577 5446 per
2605 5375 2919 5446 prephetas
2978 5372 3201 5427 locutus
3238 5388 3319 5440 es,
3374 5374 3433 5425 et
3476 5387 3608 5441 quas

2002 5464 2177 5520 etiam
2206 5480 2310 5536 per
2340 5463 2546 5518 Filium
2576 5463 2855 5533 loqueris.
2890 5460 3055 5516 Unde
3082 5461 3373 5532 apostolus
3408 5477 3425 5513 :
3454 5481 3481 5509 «
3512 5459 3612 5514 Est

2004 5556 2199 5611 autem
2229 5554 2377 5608 Deus
2402 5569 2593 5615 verax,
2639 5554 2838 5610 omnis
2886 5552 3082 5607 autem
3125 5549 3305 5608 homo
3363 5546 3616 5604 mendax

2010 5642 2188 5719 (Rom.
2208 5657 2293 5715 In,
2310 5642 2432 5711 4).»
2458 5640 2536 5699 Et
2564 5637 2644 5698 sic
2674 5644 2867 5704 etiam
2887 5638 3038 5698 solus
3080 5655 3165 5710 es,
3193 5643 3259 5701 ut
3287 5637 3470 5699 vincas
3497 5652 3621 5694 cum
