4008 6030
414 313 517 369 863

1020 312 1077 370 S.
1118 310 1463 371 BRUNONIS
1505 301 2139 371 CARTHUSIANORUM
2174 307 2642 367 INSTITUTORIS
2683 304 2837 366 OPP.
2879 302 3058 364 PARS
3096 309 3118 362 Ι

3619 300 3728 363 864

398 436 685 508 judicaris,
720 436 778 494 id
805 439 889 493 est
919 440 980 493 ut
1008 439 1238 496 bonitas
1260 444 1359 496 tua
1372 441 1561 496 vincat
1578 443 1636 494 et
1661 438 2015 510 superexcel-
2039 442 2095 502 Α
2118 437 2251 510 quia
2269 439 2452 504 vincis,
2480 454 2612 493 cum
2644 435 2765 492 sine
2796 435 3005 510 merito
3042 433 3234 506 aliquo
3255 433 3378 489 hmo
3391 432 3463 489 ad
3478 435 3732 487 salutem

410 525 494 582 lat
521 526 839 581 bonitatem
865 528 1612 601 omnium,quotiescunquc
1628 529 1734 582 ﬁta
1759 526 2015 583 conside-

409 614 933 685 rationejustorum
951 616 1237 686 judicium
1258 618 1411 672 inter
1426 617 1748 672 bonitatem
1775 617 2019 681 tuam,et

412 701 566 756 inter
582 703 901 757 bonitatem
925 705 1168 760 aliorum
1192 705 1677 769 honorum.Quod
1704 704 2015 758 estdicere:

414 790 872 863 Quotiescunque
931 794 1127 849 ﬁdeles
1155 796 1237 849 tui
1294 797 1673 867 compensant
1698 793 2020 848 bonitatem

410 880 573 933 tuam
604 883 662 933 et
691 880 958 949 aliorum,
1016 886 1113 937 tua
1160 900 1392 955 semper
1427 882 1669 938 excellit.
1731 882 1892 936 Unde
1959 881 2018 935 in

412 966 720 1039 Evangelio
745 985 757 1022 :
794 989 822 1021 α
852 970 1032 1025 Nemo
1060 972 1246 1026 bonus
1271 971 1378 1025 nisi
1428 972 1579 1026 solus
1636 972 1785 1025 Deus
1812 969 2014 1038 (Marc.

409 1072 563 1123 xvm,
596 1056 703 1128 i9).
730 1078 756 1106 »
788 1056 1050 1113 Ostendit
1076 1064 1267 1114 autem
1302 1060 1453 1113 unde
1486 1060 1662 1132 possit
1677 1057 2019 1129 videriquod

409 1144 530 1216 ipse
568 1145 774 1215 vincat,
807 1164 938 1201 cum
970 1148 1129 1203 addit
1164 1165 1176 1202 :
1205 1147 1345 1203 Ecce
1376 1151 1518 1202 enim
1543 1151 1599 1201 in
1626 1147 2016 1219 iniquitatibus,

413 1234 521 1286 etc.
552 1231 717 1296 Quod
745 1234 822 1289 sic
851 1235 1220 1291 continuatur
1250 1253 1262 1290 :
1302 1236 1436 1291 Dico
1491 1235 1665 1290 vincis
1703 1253 1822 1289 cum
1858 1233 2016 1305 judi-

411 1322 549 1375 caris
571 1338 605 1375 a
629 1321 914 1391 ﬁdelibus,
946 1327 1003 1379 et
1035 1341 1234 1379 verum
1262 1328 1366 1378 est.

483 1407 623 1464 Ecce
662 1414 809 1467 enim
840 1412 897 1466 in
930 1412 1201 1483 praesenti
1229 1417 1334 1479 est,
1368 1413 1522 1467 unde
1550 1412 1726 1485 possit
1753 1412 1862 1467 hoc
1888 1426 2019 1482 per-

414 1497 547 1569 cipi,
571 1501 725 1570 quod
747 1502 912 1554 vincis
933 1504 990 1555 et
1018 1518 1109 1555 me
1125 1504 1182 1555 et
1197 1518 1402 1555 omnes
1423 1501 1480 1555 in
1502 1502 1758 1555 humano
1782 1516 2015 1571 genere.

412 1584 559 1641 Nam
584 1604 715 1642 cum
746 1591 806 1642 tu
836 1588 909 1643 sis
940 1589 1218 1643 immunis
1247 1608 1280 1644 a
1310 1590 1576 1661 peccatis,
1610 1606 1719 1661 ego
1743 1591 1797 1642 in
1830 1590 2021 1660 iniqui-

415 1676 612 1729 tatibus
638 1675 1012 1747 originalibus
1025 1686 1302 1748 conceptus
1320 1696 1467 1743 sum;
1502 1677 1656 1749 quod
1679 1681 1763 1731 est
1780 1677 1967 1731 dicere
2003 1692 2015 1729 :

2119 508 2311 582 meam
2346 527 2485 581 mihi
2521 526 2811 594 revelasti;
3032 526 3090 578 et
3118 523 3254 579 inde
3277 522 3461 578 adhuc
3485 524 3733 593 apparet

2121 615 2276 687 quod
2299 616 2475 669 vincis
2510 613 3081 685 bonitate,quoniam
3107 628 3345 682 asperges
3370 628 3450 665 me
3501 611 3728 681 Itysopo,

2119 705 2178 759 id
2205 708 2290 758 est
2313 705 2484 759 facies
2506 721 2599 758 me
2612 704 2863 758 similem
2887 702 2968 756 illi
2993 701 3091 773 qui
3112 701 3434 772 aspergitur
3453 700 3671 771 hysopo
3708 715 3727 769 ;

2120 800 2167 848 et
2198 794 2276 848 sic
2306 794 2478 848 facies
2506 810 2598 849 me
2627 793 2879 847 similem
2914 790 3070 863 quod
3096 789 3412 844 mundabor.
3445 788 3611 853 Quod
3636 791 3727 842 est

2120 883 2312 938 dicere
2346 901 2359 938 :
2392 883 2701 938 mundabis
2732 899 2826 936 me
2862 898 2965 955 per
2991 879 3381 951 aspersionem
3431 877 3732 949 sanguinis

2121 972 2449 1044 Cbristi,qui
2467 972 2813 1043 eritsparsus
2837 972 3107 1043 hySSOpo,
3131 968 3285 1023 idest
3303 968 3362 1022 in
3375 967 3727 1022 humilitate.

2121 1060 2285 1124 Quod
2317 1060 2375 1115 in
2396 1061 2572 1115 veteri
2603 1061 2728 1130 lege
2756 1058 3255 1131 praeﬁgurabatur.
3291 1056 3434 1110 Cum
3467 1054 3621 1108 enim
3644 1054 3730 1108 le-

2118 1167 2320 1222 prosus
2373 1166 2503 1203 cum
2534 1149 2802 1204 fasciculo
2852 1146 3083 1220 hyssopi
3136 1145 3414 1217 sanguine
3461 1142 3728 1198 sacriﬁcii

2121 1239 2555 1309 aspergebatur,
2587 1255 2620 1293 a
2644 1238 2806 1309 lepra
2835 1236 3225 1290 mundabatur
3256 1233 3444 1305 (Levit.
3497 1250 3604 1299 xw,
3649 1231 3728 1303 6).

2122 1328 2230 1381 Per
2249 1327 2560 1398 hyssopum
2586 1328 2782 1380 autem
2804 1341 2930 1396 qua:
2970 1323 3203 1378 humilis
3232 1325 3317 1377 est
3343 1321 3545 1388 herba,
3575 1324 3633 1375 et
3665 1319 3729 1375 in

2120 1414 2365 1487 petrosis
2388 1413 2525 1470 locis
2552 1413 2818 1481 existens,
2846 1416 2905 1467 et
2934 1411 3007 1467 ad
3037 1410 3329 1483 pulmonis
3347 1412 3607 1465 tumores
3630 1407 3668 1462 d
3696 1424 3728 1463 e

2121 1503 2461 1574 primendos
2477 1503 2693 1569 valens,
2712 1500 3007 1555 humilitas
3025 1498 3249 1567 Christi,
3266 1497 3358 1570 qui
3379 1501 3541 1569 petra
3556 1495 3730 1551 ﬁrma

2122 1595 2207 1646 est
2254 1590 2749 1662 praesignabatur;
2778 1588 2873 1661 qui
2906 1586 3199 1643 diabolica:
3222 1584 3497 1657 potentia:
3530 1587 3727 1638 tumo-

2121 1697 2268 1744 rem,
2301 1696 2405 1751 per
2440 1678 2523 1732 sui
2547 1678 2689 1733 sacri
2715 1676 3010 1749 sanguinis
3047 1674 3386 1730 effusionem
3426 1662 3725 1744 depressit,

413 1762 533 1832 Ego
553 1762 797 1819 existens
824 1765 978 1836 prius
996 1768 1049 1819 in
1071 1767 1449 1837 iniquitatibus
1470 1765 1866 1836 originalibus,
1894 1782 2017 1818 con-
2050 1764 2102 1822 B
2124 1772 2181 1822 et
2209 1771 2578 1838 peccatorum
2609 1766 2837 1838 generis
2864 1764 3105 1820 humani
3138 1766 3359 1834 lepram
3394 1758 3727 1816 exinanivit.

413 1858 589 1921 ceptus
630 1870 747 1906 sum
769 1869 803 1907 a
830 1857 1013 1908 matre
1040 1872 1190 1911 mea.
1211 1858 1289 1909 Ac
1321 1855 1364 1908 si
1394 1855 1544 1908 dicat
1576 1872 1588 1908 :
1631 1856 1958 1925 Antequam
1988 1871 2019 1906 α

412 1947 584 1995 matre
601 1942 1091 2013 conciperer,cum
1115 1944 1299 1998 adhuc
1314 1945 1371 1997 in
1387 1943 1596 1998 lumbis
1614 1943 1791 2015 patris
1814 1958 2018 2010 essem,

410 2027 533 2101 jam
552 2031 608 2084 in
620 2032 1006 2103 iniquitatibus
1022 2032 1593 2104 originalibuseram.
1610 2032 1773 2086 Unde
1785 2033 2023 2101 Aposto-

414 2121 628 2174 stolus:
664 2142 691 2169 ‹‹
723 2121 940 2175 Morsin
969 2138 1173 2175 omnes
1202 2121 1534 2191 pertransiit
1565 2120 1744 2189 (Ram.
1767 2137 1820 2187 v,
1848 2124 1953 2187 12).
1989 2139 2017 2168 ››

416 2204 477 2261 id
508 2211 588 2261 est
614 2212 910 2279 peccatum
931 2209 1231 2280 originale,
1249 2226 1353 2281 per
1373 2210 1527 2281 quod
1551 2209 1623 2263 ad
1646 2212 1897 2263 mortem
1922 2224 2018 2261 ve-

414 2295 591 2363 nitur,
651 2296 759 2351 nisi
788 2297 1135 2367 baptismate
1185 2302 1482 2369 purgetur.
1516 2298 1640 2352 Non
1667 2297 1853 2352 scium
1884 2298 2018 2351 ante

416 2384 860 2455 conceptionem
890 2385 971 2439 fui
999 2387 1054 2439 in
1086 2387 1461 2457 iniquitatibus
1493 2385 1887 2457 originalibus,
1917 2384 2018 2439 sed

418 2478 469 2525 et
492 2490 575 2526 me
592 2476 824 2544 concepit
872 2488 1043 2528 mater
1095 2493 1232 2542 mea,
1265 2477 1327 2529 in
1346 2478 1598 2546 peccatis,
1632 2475 1692 2529 id
1718 2480 1801 2529 est
1829 2477 1881 2527 in
1908 2475 2016 2529 ini-

417 2562 709 2634 quitatibus
731 2562 1123 2635 originalibus,
1151 2565 1209 2618 id
1240 2568 1325 2619 est
1355 2565 1454 2619 sed
1486 2567 1543 2619 et
1571 2564 1630 2618 in
1673 2564 1795 2636 ipsa
1824 2579 2023 2618 conce-

418 2649 617 2719 ptione
648 2650 728 2705 fui
761 2653 815 2704 in
838 2651 971 2722 ipsis
999 2653 1372 2724 iniquitatibus
1388 2652 1785 2725 originalibus.
1820 2653 1887 2706 Et
1915 2652 2026 2707 hoc

419 2740 606 2793 totum
640 2742 723 2793 est
755 2756 820 2794 ac
850 2741 895 2794 si
925 2741 1175 2796 breviter
1202 2745 1445 2813 poneret
1478 2759 1490 2795 :
1524 2743 1587 2795 In
1616 2742 1726 2796 hoc
1757 2744 1814 2795 et
1844 2757 1937 2795 me
1968 2742 2026 2794 et

419 2842 622 2883 omnes
645 2828 932 2884 humanos
954 2829 1150 2897 vincis,
1178 2831 1311 2902 quia
1341 2835 1401 2885 tu
1422 2847 1652 2901 semper
1672 2830 1953 2885 immunis
1967 2845 2025 2882 es

417 2932 452 2970 a
467 2920 723 2989 peccato,
755 2933 862 2989 ego
893 2934 1027 2973 vero
1049 2922 1106 2973 et
1133 2935 1334 2973 omnes
1356 2918 1621 2985 humani,
1651 2922 1709 2972 et
1734 2920 1867 2972 ante
1894 2933 2027 2971 con-

419 3005 769 3078 ceptionem,
806 3009 863 3061 et
892 3007 950 3062 in
978 3008 1101 3079 ipsa
1117 3008 1496 3081 conceptione
1527 3008 1901 3080 iniquitatibus
1917 3004 2027 3060 ori-

414 3093 1135 3166 ginalibus'aggravamur.
1171 3098 1323 3151 Bene
1353 3096 1589 3168 quidem
1614 3096 1780 3167 ponit
1811 3093 2022 3166 iniqui-

417 3184 565 3236 tates
589 3184 904 3254 pluraliter.
934 3185 1316 3257 Multipliciter
1347 3183 1506 3239 enim
1532 3184 1716 3238 Adam
1749 3182 2021 3253 peccavit,

420 3270 633 3326 scilicet
662 3272 1064 3341 delectatione,
1101 3276 1159 3328 et
1188 3278 1338 3339 actu,
1358 3277 1416 3328 et
1435 3274 1762 3344 exemplum
1792 3288 2028 3344 peccan-

418 3357 475 3413 di
507 3359 632 3413 aliis
663 3358 1139 3432 derelinquendo.
1170 3362 1238 3415 Et
1268 3378 1399 3416 vere
1425 3361 1602 3415 vincis
1633 3377 1838 3415 omnes
1866 3359 2028 3415 boni-

418 3449 558 3502 tate.
588 3446 729 3502 Ecce
757 3449 913 3503 enim
946 3449 1003 3503 in
1033 3449 1302 3520 praesenti
1356 3453 1442 3505 est
1491 3449 1642 3504 unde
1694 3450 1802 3504 hoc
1851 3448 2029 3521 possit

417 3534 618 3603 videri,
644 3536 801 3608 quod
820 3537 1098 3603 bonitate,
1132 3540 1190 3592 et
1221 3555 1314 3592 me
1338 3541 1395 3593 et
1427 3554 1629 3593 omnes
1658 3538 1855 3593 vincis.

491 3625 636 3679 Nam
663 3629 725 3681 tu
751 3626 980 3681 dileristi
1008 3630 1299 3695 veritatem,
1327 3627 1385 3682 id
1403 3631 1491 3683 est
1514 3645 1713 3683 veram
1744 3629 2026 3701 poeniten-

417 3713 563 3770 tiam
594 3718 651 3770 et
680 3716 1073 3789 cognitionem
1119 3735 1314 3773 meam
1346 3718 1416 3772 de
1460 3722 1715 3790 peccato.
1754 3717 1917 3782 Quod
1943 3719 2028 3771 est

422 3803 612 3858 dicere
645 3821 658 3859 :
693 3804 837 3860 Cum
864 3823 970 3878 ego
1004 3806 1368 3879 negligenter
1398 3823 1491 3861 me
1524 3807 1764 3874 habens,
1797 3806 1866 3861 de
1892 3821 2025 3876 pec-

419 3897 547 3949 cato
579 3911 712 3950 meo
742 3896 1143 3967 paenitentiam
1174 3897 1306 3951 odio
1364 3898 1664 3963 haberem,
1726 3899 1787 3949 tu
1842 3895 2025 3967 piissi-

422 3997 552 4036 mus
584 3981 816 4036 dilexisti
836 3985 1130 4051 veritatem,
1162 3983 1222 4038 id
1271 3987 1357 4038 est
1402 3988 1465 4038 ut
1513 4000 1708 4038 veram
1738 3983 2023 4053 pmniten-

420 4070 565 4126 tiam
594 4088 852 4142 agerem,
891 4076 949 4126 et
978 4073 1051 4127 ad
1080 4074 1229 4127 hanc
1278 4090 1372 4128 me
1406 4090 1509 4145 per
1538 4073 1883 4145 prophetam
1915 4072 2023 4126 Na-

421 4159 564 4214 than
590 4161 973 4215 commovisti.
1006 4163 1115 4216 Per
1139 4161 1295 4233 quod
1336 4164 1577 4233 apparet
1604 4160 1758 4232 quod
1789 4177 1882 4215 me
1920 4161 2025 4217 bo-

422 4248 603 4303 nitate
630 4250 813 4303 vincis.
843 4249 989 4304 Nam
1029 4266 1159 4305 cum
1192 4267 1299 4322 ego
1359 4253 1563 4307 contra
1614 4250 2024 4322 memetipsum

420 4335 634 4409 impius
658 4354 861 4406 essem,
892 4338 950 4393 in
983 4338 1298 4410 iniquitatis
1333 4356 1477 4394 mea:
1525 4339 1933 4408 obstinatione,
1966 4312 2100 4395 tuD

421 4425 550 4498 pius
578 4426 836 4483 exstitisti
858 4426 916 4481 in
956 4428 1309 4499 poenitentiae
1336 4428 1757 4483 admonitione.

496 4515 564 4569 Et
582 4515 640 4569 in
670 4516 778 4571 hoc
801 4516 977 4572 etiam
1017 4518 1428 4588 comprobatur
1454 4517 1612 4588 quod
1642 4516 1820 4573 vincis
1868 4516 2031 4572 boni-

424 4606 565 4671 tate,
608 4605 762 4676 quod
789 4604 951 4672 mihi,
986 4606 1083 4676 qui
1115 4623 1230 4661 non
1264 4623 1726 4679 promerueram,
1777 4611 1836 4662 et
1884 4606 2029 4661 adeo

426 4692 677 4766 graviter
701 4710 930 4749 casurus
950 4696 1471 4765 eram,mani/estati
1484 4694 1682 4767 spiritu
1695 4695 2030 4768 prophetico

426 4783 625 4837 incerta
643 4789 692 4837 et
707 4782 910 4839 occulta
931 4784 1203 4856 mysteria
1222 4786 1495 4855 sapientiae
1522 4791 1644 4850 tua,
1696 4783 1754 4838 id
1795 4787 1880 4838 est
1909 4783 2033 4839 Filii

422 4870 507 4927 tui
535 4888 549 4940 ;
584 4872 737 4944 quod
764 4875 849 4928 est
879 4871 1067 4928 dicere
1103 4889 1115 4927 :
1151 4873 1429 4928 Revelasti
1456 4872 1598 4928 mihi
1637 4871 1851 4943 Spiritu
1900 4890 2031 4928 san-

428 4964 518 5016 cto
550 4961 826 5031 mysteria
850 4961 1264 5017 incarnationis
1294 4965 1351 5016 et
1376 4961 1656 5032 passionis
1688 4961 1809 5015 Filii
1844 4961 1945 5028 tui,
1976 4964 2035 5017 et

427 5048 583 5121 quod
608 5049 895 5105 mundum
926 5053 1114 5105 morte
1141 5066 1242 5105 sua
1294 5053 1664 5123 reparaturus
1703 5053 1871 5118 esset,
1906 5067 2032 5121 qua:

424 5133 647 5192 incerta
676 5137 870 5193 multis
901 5141 1051 5206 sunt,
1077 5137 1194 5211 qui,
1219 5138 1447 5192 tametsi
1465 5154 1499 5192 a
1524 5138 1820 5209 prophetis
1836 5137 2032 5193 audie-

422 5229 582 5294 runt,
614 5241 732 5283 non
764 5229 959 5283 tamen
990 5228 1198 5283 horum
1221 5227 1479 5299 plenarie
1512 5243 1618 5298 per
1647 5226 1925 5297 Spiritum
1971 5226 2035 5281 ﬁ-

424 5316 560 5372 dem
589 5316 828 5384 habent,
851 5319 909 5372 et
937 5311 1158 5373 acculta
1187 5320 1321 5371 sunt
1346 5316 1542 5371 multis
1573 5316 1670 5387 qui
1697 5315 1841 5370 nihil
1871 5315 2035 5388 peni-

422 5407 515 5461 tus
545 5404 679 5459 inde
710 5406 1016 5461 audierunt
1043 5423 1057 5475 ;
1092 5422 1155 5460 ac
1210 5405 1255 5460 si
1284 5405 1500 5460 diceret
1533 5422 1546 5459 :
1594 5404 1665 5458 Ut
1717 5421 1821 5477 per
1852 5404 2029 5460 ﬁdem

420 5493 636 5551 horum
667 5494 1078 5566 mysteriorum
1107 5496 1354 5550 salvarer
1385 5512 1419 5549 a
1446 5495 1680 5565 peccato
1737 5492 2025 5566 originali,

423 5580 677 5660 gratuita
689 5581 903 5655 pietate
926 5581 1041 5640 ista
1051 5581 1194 5640 mihi
1212 5581 1783 5643 manifestastiﬂnde
1804 5584 2028 5641 constat

2196 1856 2305 1908 Per
2333 1855 2493 1925 cujus
2513 1853 3065 1919 humilitatisﬁdem,
3088 1850 3374 1926 promittit
3398 1868 3456 1905 se
3482 1847 3661 1904 David
3694 1863 3729 1901 a

2122 1946 2356 2013 peccato
2390 1960 2491 1998 suo
2519 1943 2809 2010 mundari,
2841 1960 2972 1997 cum
3001 1943 3137 1997 dicit
3167 1959 3180 1997 :
3205 1941 3469 2012 Asperges
3490 1955 3574 1994 me
3603 1938 3730 2006 hys-

2120 2049 2263 2102 sopo,
2296 2032 2353 2087 id
2384 2035 2470 2086 est
2489 2050 2582 2087 me
2602 2032 2848 2087 similem
2873 2018 3046 2086 facies
3077 2029 3429 2102 leproso,qui
3447 2026 3734 2098 sanguine

2122 2121 2445 2191 aspergitur
2466 2138 2569 2193 per
2596 2122 2927 2193 hyssopum.
2958 2122 3026 2174 Et
3056 2119 3289 2191 exponit
3320 2115 3612 2191 quomodo
3644 2114 3733 2169 fa-

2125 2210 2236 2263 ciet
2251 2209 2519 2277 similem,
2552 2226 2684 2264 cum
2706 2209 2867 2264 addit
2891 2208 3023 2275 et,id
3038 2212 3124 2263 est
3142 2207 3374 2273 scilicet,
3407 2203 3732 2270 mundabor,

2122 2296 2183 2352 id
2213 2301 2297 2351 est
2339 2297 2399 2351 in
2432 2298 2539 2353 hoc
2570 2298 2743 2352 facies
2773 2297 3023 2353 similem
3058 2313 3070 2351 :
3105 2296 3261 2368 quod
3302 2295 3447 2349 sicut
3474 2294 3736 2363 leprosus

2118 2386 2213 2441 ille
2236 2387 2293 2442 in
2315 2403 2556 2459 corpore
2574 2386 2994 2452 mundatur,sic
3007 2390 3063 2442 et
3073 2403 3180 2458 ego
3208 2401 3311 2457 per
3323 2384 3497 2439 ﬁdem
3514 2398 3737 2453 asper--

2121 2476 2294 2530 sionis
2312 2475 2607 2547 sanguinis
2621 2475 2827 2529 Christi
2844 2474 2904 2529 in
2930 2474 3257 2529 humilitate
3279 2490 3312 2527 a
3334 2476 3565 2543 peccato
3594 2486 3734 2525 meo

2122 2564 2183 2622 in
2213 2564 2410 2619 anima
2425 2565 2965 2631 mundabor,etnon
2985 2564 3169 2618 solum
3188 2579 3292 2634 per
3317 2562 3489 2616 ﬁdem
3520 2559 3740 2633 passio-

2124 2653 2212 2707 nis
2226 2654 2433 2708 Christi
2469 2654 2818 2720 mundabor,
2850 2654 2951 2707 sed
2981 2651 3159 2708 etiam
3198 2652 3394 2706 lavabis
3423 2667 3524 2717 me,
3556 2648 3613 2703 id
3645 2650 3738 2701 est

2125 2743 2433 2797 mundabis
2464 2760 2557 2796 me
2590 2745 2662 2797 ab
2691 2742 2812 2813 ipso
2846 2744 3099 2814 peccato,
3144 2741 3202 2795 in
3231 2741 3342 2796 ﬁde
3368 2736 3736 2809 baptismatis

2127 2831 2345 2886 Christo
2372 2831 2776 2886 dedicandum.
2801 2832 2868 2885 Et
2881 2847 2988 2901 ego
3014 2833 3166 2884 totus
3186 2829 3242 2883 in
3274 2829 3386 2883 ﬁde
3413 2826 3734 2897 baptisma-

2126 2920 2502 2988 tis,tlealbabor
2528 2920 2585 2974 in
2609 2919 2803 2974 anima
2822 2936 2977 2989 super
2996 2921 3189 2972 nivem.
3210 2916 3374 2981 Quod
3393 2920 3477 2970 est
3491 2915 3678 2969 dicere
3716 2930 3730 2967 :

2124 3009 2715 3080 Majoremcandorcm
2724 3007 2997 3061 virtutum
3014 3006 3073 3060 in
3091 3006 3286 3061 anima
3299 3005 3733 3074 habebo,quam

2125 3096 2197 3153 sit
2216 3097 2432 3151 candor
2446 3096 2588 3150 nivis
2604 3113 2703 3150 suo
2723 3094 2918 3150 modo.
2950 3094 3094 3157 Quia
3107 3094 3389 3165 majorem
3411 3091 3731 3147 candorem

2126 3185 2183 3241 in
2203 3184 2536 3255 corporibus
2574 3183 2832 3238 invenire
2856 3200 2973 3237 non
2994 3183 3200 3254 potuit,
3226 3182 3296 3236 de
3319 3180 3461 3235 nivis
3480 3178 3733 3233 candore

2127 3273 2626 3343 comparationem
2645 3272 2798 3326 fecit.
2829 3272 2897 3325 Et
2918 3271 3053 3325 inde
3075 3271 3250 3325 etiam
3281 3271 3542 3341 apparet,
3574 3266 3733 3339 quod

2128 3363 2386 3417 bonitate
2412 3361 2751 3433 vincis,quia
2771 3360 2986 3414 auditui
3008 3377 3118 3414 meo
3149 3359 3430 3425 interiori,
3465 3357 3620 3413 idest
3641 3355 3731 3409 in-

2125 3450 2377 3505 tellectui
2408 3466 2537 3504 meo
2558 3450 2704 3504 dabis
2718 3449 2979 3518 gaudium
2994 3447 3347 3504 remissionis
3358 3446 3575 3518 peccati
3593 3444 3729 3499 mei.

2131 3539 2295 3604 Quod
2328 3542 2413 3593 est
2434 3538 2660 3594 dicere:
2698 3554 2850 3592 nunc
2877 3538 3113 3610 quidem
3161 3536 3469 3592 contristor
3499 3534 3570 3589 de
3599 3550 3731 3606 pec-

2129 3627 2239 3683 cati
2271 3627 2387 3682 mei
2417 3626 2810 3699 oppressione,
2854 3626 2962 3681 erit
2991 3629 3184 3681 autem
3242 3623 3473 3697 quando
3522 3621 3732 3678 intelli-

2129 3734 2267 3789 gam
2290 3716 2685 3771 misericordia
2714 3720 2813 3770 tua
2831 3714 3084 3770 deletum
3110 3714 3316 3782 esse,id
3335 3716 3419 3768 est
3431 3729 3534 3784 per
3549 3710 3730 3784 paeni-

2128 3805 2370 3860 tentiam
2402 3822 2579 3879 quam
2611 3821 2742 3877 ago,
2796 3807 2854 3858 et
2882 3804 2958 3857 sic
2989 3804 3265 3875 gaudium
3293 3802 3432 3857 mihi
3463 3801 3626 3856 dabis
3660 3800 3729 3855 de

2127 3894 2389 3965 ejusdem
2415 3893 2632 3965 peccati
2660 3892 3021 3955 remissione,
3050 3892 3133 3947 vel
3166 3891 3326 3947 dabis
3345 3891 3621 3964 gaudium
3644 3889 3731 3945 in-

2126 3982 2322 4037 teriori
2356 3982 2595 4049 auditui,
2624 3981 2693 4036 de
2710 3982 2820 4037 hoc
2840 3981 2994 4053 quod
3016 3996 3146 4052 ego,
3176 3980 3272 4052 qui
3287 3980 3460 4035 modo
3487 3982 3729 4051 propter

2126 4075 2361 4145 peccata
2392 4087 2603 4125 arcana
2628 4072 2726 4124 tua
2757 4070 3059 4140 concipere
3091 4085 3336 4140 nequeo,
3374 4067 3725 4140 quandoque

2124 4160 2462 4216 remissione
2485 4158 2839 4231 percepta,id
2859 4162 2944 4212 est
2963 4157 3240 4229 plenarie,
3257 4173 3467 4212 arcana
3486 4156 3581 4210 illa
3597 4172 3732 4210 con-

2128 4250 2360 4321 cipiam.
2388 4248 2464 4303 Et
2494 4247 2553 4302 in
2584 4247 2776 4302 futuro
2807 4247 2968 4301 dabis
3006 4246 3246 4301 laetitiam
3295 4244 3540 4317 praemii,
3594 4259 3724 4299 cum

2130 4340 2404 4411 mihi,per
2420 4337 2665 4409 gratiam
2674 4336 3139 4407 justiﬁcato,vitze
3155 4339 3387 4391 aeterna:
3402 4334 3610 4390 reddes
3630 4351 3721 4389 re-

2128 4426 2525 4483 tributionem.
2554 4426 2619 4479 Et
2631 4441 2733 4496 per
2760 4426 2867 4479 hoc
2894 4423 3067 4478 etiam
3083 4423 3262 4478 vincis
3290 4422 3730 4495 bonitate,quod
3755 4477 3772 4489 ,

2129 4514 2467 4572 exsultabant
2495 4531 2606 4568 ossa
2637 4530 2769 4567 mea
2792 4513 3095 4580 humiliata,
3124 4512 3185 4567 id
3210 4515 3295 4567 est
3323 4511 3496 4566 facies
3513 4528 3606 4566 me
3629 4529 3724 4566 ex-

2131 4606 2345 4661 sultare
2374 4604 2445 4657 de
2477 4602 2692 4657 ossibus
2717 4600 2877 4669 meis,
2911 4601 2981 4655 de
2996 4601 3218 4656 ratione
3235 4600 3529 4668 scilicet,et
3544 4600 3726 4655 libero

2132 4693 2452 4759 arbitrio,et
2471 4691 2791 4756 virtutibus;
2807 4708 2933 4763 quae
2949 4707 3079 4745 cum
3093 4690 3268 4746 modo
3286 4688 3519 4761 sintqer
3538 4705 3734 4761 pecca—

2132 4786 2255 4838 tum
2284 4780 2620 4848 humiliatzn,
2639 4779 2984 4851 quandoque
3006 4796 3199 4834 rursus
3214 4782 3497 4850 eruntper
3515 4778 3733 4849 peccati

2133 4866 2535 4927 remissionem
2553 4873 2609 4924 et
2616 4868 2853 4940 justitiae
2868 4885 3012 4923 mea:
3025 4868 3445 4923 restitutionem
3460 4868 3722 4923 exaltattn

2206 4958 2607 5014 Benevolentia
2626 4957 2725 5012 Dei
2756 4961 2982 5028 captata
3006 4974 3110 5029 per
3137 4956 3408 5012 bonitatis
3429 4956 3550 5028 ejus
3570 4973 3730 5011 com-

2135 5048 2588 5115 mendationem,
2625 5048 2699 5102 ad
2729 5047 3052 5102 orationem
3084 5064 3247 5102 suam
3277 5063 3532 5118 congrue
3559 5045 3727 5115 redit,

2134 5137 2211 5193 sic
2237 5156 2249 5191 :
2276 5137 2509 5191 Ostendi
2540 5136 2882 5191 multimode
2901 5136 3055 5209 quod
3081 5136 3337 5191 bonitate
3355 5135 3551 5190 vincis.
3573 5134 3726 5200 Quo-

2132 5227 2290 5281 niam
2304 5225 2481 5297 igitur
2495 5225 2639 5280 adeo
2651 5226 2838 5281 bonus
2855 5243 2934 5292 es,
2948 5212 3123 5279 averte
3147 5226 3364 5295 faciem,
3380 5224 3438 5279 id
3453 5227 3539 5280 est
3554 5223 3734 5279 consi-

2142 5315 2502 5370 derationem
2527 5321 2693 5382 tuam,
2726 5317 2987 5385 apeccatis
3010 5315 3156 5381 meis,
3189 5330 3317 5386 quae
3333 5330 3435 5385 per
3454 5313 3733 5369 Bersabee

2130 5404 2393 5460 commisi
2446 5403 2571 5459 Non
2597 5402 2673 5459 sic
2702 5403 2826 5459 dico
2864 5410 3058 5471 averte,
3091 5405 3291 5458 utnon
3322 5402 3537 5470 videas,
3571 5400 3730 5475 quod

2128 5492 2478 5565 impossibile
2511 5494 2595 5548 est
2619 5510 2633 5561 ;
2656 5493 2757 5548 sed
2777 5492 2854 5548 sic
2884 5499 3078 5561 averte,
3110 5508 3183 5546 ne
3204 5492 3429 5563 punias.
3449 5493 3723 5546 Avertere

2127 5583 2324 5658 faciem
2354 5599 2388 5640 α
2424 5583 2642 5641 Peccatis
2671 5580 2936 5653 dimissis,
2964 5580 3027 5639 id
3066 5584 3151 5641 est
3180 5597 3300 5639 non
3325 5580 3403 5640 sic
3438 5579 3630 5639 videre
3661 5581 3727 5640 ut
