3994 6042
235 290 347 360 863

1274 288 1632 356 EXPOSITIO
1663 290 1735 354 IN
1771 288 2108 356 PSALMOS.
2144 322 2218 340 --
2253 290 2455 355 PSAL.
2494 282 2539 353 L

233 418 585 497 puniantur:
613 413 911 477 advertere
931 431 1068 476 vero
1092 416 1288 491 faciem
1319 416 1593 491 peccatis,
1616 417 1696 474 sic
1715 434 1851 474 con-
1878 419 1933 479 Α
1966 416 2176 475 ultimo
2194 433 2427 491 quoque
2441 416 2511 474 de
2523 416 2691 473 Patre
2709 429 2839 472 cum
2857 413 3152 492 subjungit
3167 435 3180 476 :
3193 410 3566 493 Spir-impria;

238 510 499 566 siderare
532 512 595 565 ut
619 509 954 581 puniantur.
978 507 1268 573 Quoniam
1296 511 1493 563 autem
1523 508 1584 562 in
1614 507 1756 563 facie
1774 506 1854 561 vi«

240 612 340 655 sus
360 603 465 666 est,
496 598 675 653 facies
706 614 811 669 pro
843 597 1309 652 consideratione
1338 596 1597 668 ponitur.
1625 596 1747 650 Non
1764 611 1854 650 so-

240 689 549 745 lummodo
581 688 716 743 vera
745 705 778 741 a
792 689 1028 759 peccatis
1063 703 1167 758 per
1206 688 1487 741 Bersabee
1514 684 1853 751 commissis,

243 795 374 846 oro,
407 778 615 833 faciem
646 780 887 842 avertas,
917 777 1015 831 sed
1048 783 1097 830 et
1137 793 1316 829 omnes
1345 777 1651 847 iniquitates
1689 788 1854 841 meas,

244 884 623 941 quascunque
654 865 941 932 commisi,
969 865 1099 932 dele,
1135 863 1213 918 sic
1241 864 1441 919 utnon
1471 862 1677 934 punias
1730 862 1861 926 Qui-

242 958 354 1013 bus
387 955 608 1023 deletis,
660 971 762 1009 cor
803 953 1064 1009 mundum
1103 971 1221 1007 crea
1264 956 1318 1007 in
1360 970 1460 1017 me,
1492 952 1657 1014 Deus,
1684 951 1743 1005 id
1774 955 1860 1005 est

242 1047 364 1101 tale
403 1061 503 1101 cor
527 1044 684 1117 quod
715 1043 877 1099 omni
904 1059 1101 1098 errore
1131 1042 1417 1096 mundum
1449 1040 1541 1107 sit,
1571 1057 1675 1112 per
1703 1039 1860 1111 quod

241 1138 349 1191 tua
380 1135 655 1207 mysteria
681 1135 904 1188 valeam
943 1132 1095 1186 intra
1116 1147 1211 1186 me
1231 1129 1636 1201 contemplari.
1659 1128 1735 1183 Et
1750 1130 1856 1199 spi-

242 1227 415 1279 ritum
445 1231 666 1290 rectum,
694 1223 753 1278 id
785 1225 870 1277 est
898 1221 1099 1276 Filium
1132 1224 1318 1287 tuum,
1354 1237 1457 1293 per
1482 1235 1657 1291 quem
1684 1234 1858 1272 omne

244 1313 407 1387 quod
434 1315 656 1368 rectum
688 1315 774 1367 est
789 1310 1059 1373 efficitur,
1080 1311 1305 1377 innova,
1328 1309 1386 1363 id
1409 1312 1514 1375 est,
1535 1307 1761 1363 noviter
1777 1306 1861 1361 in-

242 1403 513 1459 habitare
551 1403 642 1457 fac
682 1404 738 1456 in
785 1401 1072 1455 visceribus
1097 1401 1244 1453 meis.
1288 1398 1453 1463 Quod
1497 1402 1583 1453 est
1621 1397 1810 1452 dicere
1841 1412 1856 1452 :

245 1488 549 1563 Sapientia
576 1494 696 1556 tua,
714 1489 773 1544 id
801 1492 885 1544 est
906 1488 1075 1543 Filius
1097 1490 1228 1543 tuus
1250 1491 1421 1542 antea
1442 1503 1617 1559 quam
1633 1487 1710 1540 sic
1728 1502 1858 1557 gra-

240 1580 396 1635 viter
428 1595 755 1652 peccarem,
783 1579 1101 1633 secundum
1134 1577 1334 1649 gratias
1364 1573 1858 1652 operatione-{rip

244 1670 451 1726 anima
472 1686 605 1724 mea
624 1668 985 1735 inhabitavit,
1019 1647 1196 1739 quam
1214 1683 1355 1721 ame
1378 1666 1667 1736 peccando
1691 1649 1707 1735 I

1960 508 2148 579 cipali,
2172 512 2283 563 etc.
2320 508 2376 562 Si
2406 508 2563 562 enim
2593 507 2663 563 de
2681 508 2851 561 Patre
2870 507 3026 578 prius
3047 513 3333 580 ageretur,
3365 511 3438 567 ab
3457 510 3560 567 ali-

1958 613 2072 669 quo
2090 597 2329 652 forsitan
2346 614 2591 652 erroneo
2612 598 2781 652 Pater
2800 599 3077 653 excellere
3089 599 3290 655 Filium
3312 606 3367 655 et
3385 599 3564 673 Spiri-i

1956 688 2083 740 tum
2119 686 2405 757 dignitate
2446 688 2802 755 crederetur,
2835 704 2966 741 cum
3014 690 3183 743 Pater
3228 691 3564 763 principalis

1959 772 2208 829 dicatur.
2246 775 2405 830 Nunc
2433 779 2631 830 autem
2664 777 2798 848 quia
2828 777 2898 831 de
2927 777 3135 831 eodem
3175 780 3247 833 ad
3292 780 3565 835 ultimum

1958 866 2166 935 agitur,
2185 882 2317 920 cum
2341 866 2629 920 minorem
2652 882 2769 920 non
2800 882 2921 920 esse
2947 870 3190 934 constet,
3215 868 3567 938 parilitatem

1960 955 2222 1009 obtinere
2266 972 2637 1027 nequaquam
2668 956 3000 1027 ambigitur.
3035 958 3369 1015 Notandum
3405 974 3566 1027 sane,

1959 1060 2076 1098 non
2109 1043 2591 1099 inconvenienter
2632 1045 2863 1099 Patrem
2914 1048 2971 1099 et
3012 1045 3237 1113 Filium,
3285 1047 3567 1119 Spiritum

1959 1133 2301 1205 nuncupari.
2339 1132 2543 1187 Omnis
2574 1149 2829 1204 namque
2849 1134 3169 1189 substantia
3196 1136 3565 1209 incorporea,

1958 1225 2111 1275 recte
2151 1221 2393 1293 Spiritus
2445 1223 2789 1295 appellatur.
2832 1225 3001 1278 Pater
3046 1227 3241 1281 autem
3284 1229 3343 1282 et
3374 1226 3564 1296 Filius,

1958 1310 2276 1365 substantia
2305 1310 2655 1381 incorporea
2682 1315 2836 1366 sunt.

2031 1401 2343 1471 Postquam
2358 1400 2612 1455 ostendit
2625 1401 2779 1471 quod
2790 1443 2803 1467 ,
2814 1418 2915 1473 per
2927 1402 3385 1461 misericordiam
3399 1410 3457 1461 et
3468 1424 3567 1479 ρος

1960 1487 2203 1542 tentiam
2232 1491 2290 1543 et
2324 1488 2649 1544 bonitatem
2674 1489 2795 1557 Dei,
2829 1491 3046 1546 debent
3067 1492 3187 1563 ejus
3218 1498 3452 1564 peccata
3482 1514 3570 1553 re-

1962 1577 2113 1632 mitti
2128 1580 2190 1632 ut
2206 1577 2435 1632 veniam
2452 1577 2614 1632 citius
2636 1578 2929 1649 impetret,
2945 1582 3100 1653 quod
3112 1585 3488 1640 commodum
3501 1604 3570 1643 ex

1961 1666 2046 1720 sui
2067 1666 2232 1721 venia
2248 1670 2583 1721 secuturum
2613 1667 2705 1734 sit,
2728 1667 2981 1722 ostendit
2995 1669 3073 1723 sic
3096 1687 3110 1725 :
3135 1671 3301 1726 Oravi
3324 1674 3573 1732 miserere

244 1758 461 1831 repuli.
487 1757 670 1822 Quam
700 1772 803 1812 oro
833 1760 896 1810 ut
922 1771 1118 1810 rursus
1149 1754 1208 1809 in
1242 1770 1336 1809 me
1368 1753 1544 1809 facias
1575 1753 1858 1807 habitare.
1888 1751 1939 1809 B
1961 1758 2019 1809 et
2037 1758 2346 1826 iniquitates
2370 1755 2501 1823 dele,
2532 1759 2590 1810 et
2619 1772 2710 1811 cor
2739 1758 3015 1812 mumdum
3046 1775 3164 1814 crca
3182 1763 3239 1814 in
3258 1778 3360 1828 me,
3385 1766 3444 1817 et
3460 1763 3574 1821 alia

243 1848 446 1904 lnnuit
462 1850 700 1921 propter
719 1845 857 1918 quid
877 1847 1024 1911 orat,
1047 1847 1108 1897 ut
1125 1843 1450 1909 innovetur,
1474 1843 1533 1897 id
1551 1845 1635 1898 est
1659 1841 1867 1896 reddas

243 1941 349 1993 tur
359 1937 463 1992 sibi
482 1935 733 2008 spiritus,
753 1934 810 1989 id
827 1938 911 1989 est
926 1933 1116 1999 Filius,
1131 1949 1264 1987 cum
1296 1932 1617 2005 interponit
1637 1938 1856 1985 rectum.

247 2026 429 2093 Quasi
461 2025 696 2091 diceret,
718 2027 956 2097 prepter
984 2024 1092 2077 hoc
1118 2021 1332 2076 scilicet
1362 2023 1425 2076 ut
1454 2036 1585 2075 cum
1608 2018 1728 2089 ipse
1746 2017 1859 2090 spi-

241 2116 396 2172 ritus
416 2118 604 2170 rectus
631 2113 725 2181 sit,
756 2129 849 2168 me
882 2129 1114 2185 quoque
1153 2113 1378 2165 rectum
1420 2125 1479 2164 1n
1523 2108 1859 2181 operatione

240 2205 447 2271 faciat,
473 2203 570 2275 qui
596 2218 689 2257 me
708 2200 1100 2257 arectitudine
1119 2199 1410 2272 peccando
1425 2198 1675 2253 distorsi.
1696 2199 1863 2250 lnno-

242 2309 388 2349 vare
416 2292 574 2361 dicit,
608 2307 727 2347 non
750 2295 1034 2363 quantum
1066 2290 1139 2345 ad
1173 2288 1434 2343 essentiaa
1449 2287 1682 2359 spiritus
1696 2301 1864 2340 reno-

240 2380 569 2449 vationem,
601 2397 732 2435 cum
764 2378 1138 2434 immutabilis
1179 2378 1253 2433 sit
1292 2394 1305 2431 :
1349 2376 1449 2431 sed
1479 2378 1762 2448 quantum
1790 2373 1865 2429 ad

240 2470 540 2526 bonorum
568 2485 812 2540 operum
842 2468 1297 2541 reparationem,
1317 2483 1444 2538 quia
1465 2465 1524 2519 in
1553 2481 1621 2519 eo
1640 2464 1864 2519 defece-

241 2563 389 2614 rant
424 2576 437 2615 :
477 2559 638 2632 quasi
670 2558 888 2611 diceret
919 2573 932 2611 :
975 2556 1162 2610 Redde
1194 2556 1329 2609 mihi
1359 2557 1609 2625 spiritum
1641 2559 1863 2619 rectum,

242 2663 360 2719 per
381 2648 541 2718 cujus
560 2645 984 2700 inhabitantem
1008 2644 1256 2715 gratiam
1292 2646 1644 2698 renoventur
1662 2641 1720 2695 in
1739 2641 1863 2695 ani-

244 2752 353 2791 ma
381 2734 712 2790 affectiones
726 2734 915 2801 bona,
939 2749 1066 2805 quas
1080 2731 1435 2799 defecerunt,
1460 2731 1667 2803 quibus
1692 2729 1862 2783 affec-

241 2823 508 2881 tionibus
541 2838 720 2894 opera
761 2823 915 2877 bona
940 2820 1496 2886 exerceam,viscera
1523 2836 1627 2892 pro
1667 2818 1865 2873 anima

241 2912 446 2987 ponit:
473 2913 608 2986 quia
624 2911 774 2966 circa
794 2910 1009 2966 viscera
1029 2908 1393 2981 potissimum
1416 2908 1611 2963 anima
1631 2908 1857 2978 regnat.

327 3002 393 3057 Et
414 3006 719 3075 postquam
738 3000 1005 3072 spiritum
1029 3001 1252 3053 rectum
1272 2996 1414 3051 mihi
1435 2995 1774 3063 reddideris,
1795 3012 1862 3050 ne

237 3092 508 3165 proficias
535 3107 666 3144 mea
692 3090 835 3160 facie
871 3095 985 3151 tua,
1017 3087 1076 3142 id
1106 3090 1194 3141 est
1217 3102 1290 3141 ne
1322 3084 1625 3157 permittas
1656 3087 1718 3139 ut
1749 3100 1856 3155 ego

240 3197 360 3254 per
371 3179 894 3252 peccatumiterum
917 3192 1012 3231 me
1035 3175 1337 3249 projiciam
1360 3173 1751 3228 arectitudine
1771 3173 1857 3228 fa-

242 3271 361 3327 ciei
391 3274 525 3338 tuae,
572 3270 630 3325 id
671 3270 755 3322 est
786 3266 931 3333 Filii,
965 3267 1062 3338 qui
1094 3264 1269 3321 facies
1314 3263 1496 3319 Patris
1528 3262 1755 3328 dicitur,
1788 3276 1858 3316 eo

241 3360 411 3433 quod
432 3375 535 3431 per
555 3359 675 3429 ejus
709 3355 1099 3411 obedientiam
1124 3370 1229 3409 nos
1259 3352 1443 3408 Patris
1469 3350 1863 3405 misericordia

242 3451 319 3505 ut
348 3449 702 3503 salvaremur
729 3443 976 3517 aspexit;
1011 3443 1154 3498 sicut
1190 3457 1294 3513 per
1339 3440 1523 3494 visum
1558 3439 1656 3511 qui
1682 3442 1767 3494 est
1797 3438 1860 3493 in

239 3537 419 3604 facie,
453 3534 658 3607 aliquis
691 3533 909 3606 aspicit.
934 3531 1011 3587 Et
1039 3548 1104 3585 ne
1128 3531 1347 3601 auferas
1389 3546 1421 3582 a
1460 3546 1563 3592 me,
1586 3528 1645 3582 id
1674 3531 1760 3583 est
1790 3544 1863 3582 ne

241 3625 554 3701 permittas
574 3624 821 3696 amplius
840 3620 1052 3676 auferri
1076 3636 1216 3675 ame
1233 3635 1338 3689 per
1349 3620 1675 3689 peccatum,
1693 3615 1865 3687 Spiri-

241 3721 369 3771 tum
396 3720 638 3768 sanctum
670 3719 841 3773 tuum,
856 3710 916 3765 id
941 3712 1026 3765 est
1046 3707 1469 3763 inhabitantem
1490 3722 1595 3778 per
1615 3704 1864 3775 gratiam

244 3803 498 3877 Spiritus
524 3802 629 3870 tui,
664 3803 722 3856 et
750 3800 898 3855 illius
930 3798 1146 3853 scilicet
1191 3812 1475 3868 personae,
1522 3810 1650 3867 quae
1693 3794 1862 3863 vulgo

156 3946 163 3949 _
246 3891 500 3964 Spiritus
525 3889 888 3961 dicitur,quaa
903 3886 1079 3942 etiam
1102 3902 1136 3941 a
1157 3887 1325 3940 Patre
1347 3885 1405 3938 et
1420 3883 1558 3938 Filio
1581 3880 1861 3954 procedit;

247 3979 421 4044 Quod
447 3980 532 4034 est
559 3994 624 4033 ac
654 3976 700 4031 si
733 3976 885 4031 dicat
908 3992 921 4030 :
941 3976 1047 4029 Fac
1065 3975 1123 4028 in
1150 3990 1244 4027 me
1267 3973 1606 4027 constanter
1636 3969 1865 4024 inhabi-

247 4072 380 4124 tare
411 4066 661 4139 gratiam
683 4064 927 4137 Spiritus
948 4063 1241 4134 paracleti.
1278 4062 1345 4115 Et
1376 4060 1454 4114 sic
1482 4077 1496 4111 τ
1526 4058 1707 4113 Redde
1734 4059 1871 4112 mihi

251 4156 505 4212 letitiam
532 4154 783 4209 salutaris
808 4155 909 4219 tui,
932 4151 991 4206 id
1012 4154 1096 4205 est
1125 4150 1249 4204 Filii
1281 4149 1364 4204 tui
1391 4149 1490 4221 qui
1528 4147 1732 4203 mundi
1750 4146 1870 4201 Sal-

250 4247 421 4301 vator
445 4243 584 4311 erit;
620 4258 685 4297 ac
715 4242 760 4296 si
789 4241 1006 4295 diceret
1036 4256 1049 4294 :
1085 4240 1328 4309 Propter
1359 4236 1578 4309 peccati
1598 4235 1713 4291 mei
1731 4251 1864 4306 gra-

1962 1843 2138 1897 etiam
2171 1845 2354 1898 multa
2396 1844 2616 1915 rogavi,
2664 1861 2792 1915 quae
2846 1845 2891 1899 si
2934 1845 2995 1901 in
3036 1863 3131 1902 me
3170 1852 3568 1922 compleveris,

1962 1934 2226 2005 exemplo
2249 1949 2381 1988 meo
2405 1932 2595 1987 docebo
2619 1935 2852 2006 iniquos,
2877 1934 2937 1990 id
2967 1939 3051 1991 est
3083 1937 3223 1993 alios
3251 1939 3572 1998 criminali-

1962 2026 2053 2076 ter
2082 2024 2391 2092 peccantes
2420 2023 2535 2076 vias
2560 2028 2697 2089 tuas,
2739 2022 2799 2078 id
2834 2027 2920 2078 est
2965 2025 3423 2085 misericordiam
3465 2047 3572 2104 per

1960 2128 2136 2182 quam
2154 2114 2390 2183 peccata
2403 2110 2546 2165 mihi
2559 2110 2891 2167 indulseris:
2909 2115 2967 2167 et
2974 2113 2990 2183 j
3002 2114 3253 2171 ustitiam
3267 2134 3372 2190 per
3393 2126 3572 2191 quam

1962 2216 2057 2254 me
2070 2199 2196 2269 jam
2214 2199 2595 2271 justiﬁcatum
2614 2199 2801 2271 magis
2818 2200 3372 2277 justiﬁcaveris,quaa
3406 2207 3575 2263 miSe-

1964 2285 2217 2341 ricordia
2247 2290 2305 2340 et
2327 2285 2553 2358 justitia
2579 2286 2847 2342 dicuntur
2878 2291 2976 2343 viae
3010 2297 3135 2358 tua,
3165 2308 3233 2347 eo
3276 2295 3431 2365 quod
3468 2302 3577 2369 per

1963 2377 2115 2448 ipsas
2143 2376 2217 2430 ad
2241 2378 2298 2430 te
2326 2376 2575 2442 venitur,
2601 2375 2759 2447 quod
2788 2380 2874 2431 est
2897 2377 3118 2435 dicere:
3144 2381 3201 2435 Si
3219 2397 3323 2452 per
3348 2384 3574 2441 miSeri-

1965 2463 2224 2519 cordiam
2252 2463 2397 2531 mihi
2429 2462 2753 2531 indulseris,
2799 2467 2857 2519 et
2886 2466 3307 2537 justiticaveris,
3340 2474 3399 2527 et
3442 2477 3574 2547 post

1965 2570 2061 2607 me
2080 2552 2462 2622 juslificatum
2480 2551 2552 2606 ad
2571 2552 2857 2623 majorem
2871 2554 3157 2624 justitiam
3177 2560 3573 2631 perjustitiam

1965 2643 2125 2694 tuam
2160 2639 2505 2711 proVexeris,
2549 2642 2814 2713 exemplo
2866 2641 3211 2701 innocentiae
3246 2650 3305 2702 et
3334 2649 3573 2720 justitim

1965 2733 2250 2784 mercato
2278 2729 2450 2796 datae,
2494 2729 2937 2785 misericordem
2982 2748 3103 2787 esse
3150 2739 3205 2789 te
3260 2738 3319 2791 et
3349 2738 3573 2807 justum

1966 2818 2275 2874 ostendam
2298 2818 2422 2872 aliis
2443 2817 2711 2872 similiter
2736 2820 3125 2889 peccantibus.
3142 2820 3219 2875 Et
3233 2825 3468 2894 impii,id
3487 2831 3575 2884 est

1964 2907 2230 2962 similiter
2254 2906 2399 2961 sicut
2419 2921 2525 2977 ego
2550 2909 2878 2975 peccantes,
2905 2908 2976 2961 ad
2993 2915 3041 2962 te
3064 2918 3450 2981 convertentur,
3471 2932 3574 2986 per

1960 2994 2387 3068 paenitentiam,
2409 2996 2674 3064 exemplo
2700 3010 2837 3049 meo
2856 2996 3109 3052 adducti.
3139 2999 3209 3053 Ut
3238 3004 3433 3058 autem
3461 3004 3575 3061 hoc

1958 3084 2032 3139 sit
2055 3083 2209 3155 quod
2239 3082 2402 3154 impii
2434 3083 2701 3154 exemplo
2738 3092 2871 3160 meo
2871 3085 2984 3160 id
3003 3088 3060 3139 te
3086 3093 3515 3160 convertantur,
3535 3109 3570 3149 ο

1957 3174 2126 3239 Deus,
2145 3171 2203 3225 id
2220 3174 2305 3227 est
2320 3170 2558 3226 Creator
2572 3187 2734 3225 meus
2748 3175 2804 3226 et
2831 3155 2850 3243 I
3031 3176 3178 3229 Deus
3202 3178 3388 3233 salutis
3416 3155 3569 3252 meas,

1958 3262 2019 3317 id
2044 3264 2131 3315 est
2160 3261 2398 3316 Creator
2427 3260 2766 3315 salvationis
2791 3278 2958 3330 meae,
2994 3281 3120 3335 quae
3152 3266 3295 3322 mihi
3325 3271 3573 3327 salutem

1961 3350 2247 3416 restitues,
2272 3366 2449 3420 quam
2469 3350 2768 3422 peccando
2793 3352 2959 3406 amisi
2996 3372 3009 3407 :
3032 3352 3226 3410 Libera
3255 3373 3339 3413 me
3356 3359 3421 3415 de
3446 3378 3573 3415 san-

1959 3442 2232 3513 guinibus,
2264 3439 2324 3494 id
2353 3443 2437 3494 est
2468 3439 2539 3494 de
2579 3439 2828 3510 peccatis
2858 3441 3023 3509 meis,
3048 3444 3330 3503 adulterio
3362 3449 3576 3509 scilicet

1964 3532 2022 3588 et
2045 3530 2379 3597 homicidio,
2400 3547 2505 3602 per
2523 3531 2805 3586 Bersabee
2832 3534 3161 3604 commisso,
3190 3556 3318 3610 qua:
3344 3542 3575 3614 sangui-

1966 3638 2067 3676 nes
2097 3620 2383 3684 dicuntur,
2415 3635 2483 3672 eo
2517 3619 2672 3689 quod
2705 3636 2772 3673 ex
2797 3621 2979 3676 nimio
3010 3626 3303 3696 sanguinis
3327 3629 3573 3686 humore

1964 3710 2368 3782 processerunt
2397 3707 2484 3760 vel
2536 3706 2601 3759 de
2640 3709 3010 3776 sanguinibus,
3047 3710 3107 3765 id
3148 3717 3235 3767 est
3272 3714 3342 3767 de
3379 3719 3575 3774 multis

1965 3796 2254 3852 mortibus
2287 3810 2431 3865 quas
2456 3797 2727 3864 operatus
2757 3812 2905 3849 sum.
2938 3798 3203 3853 Interfeci
3230 3818 3484 3875 namque
3510 3806 3571 3863 in

1967 3900 2208 3957 corpore
2235 3883 2432 3938 Uriam
2454 3881 2852 3937 innocentem.
2885 3885 3151 3940 Interfeci
3182 3888 3359 3945 etiam
3388 3896 3482 3948 me
3511 3894 3572 3950 in

1966 3973 2183 4039 anima,
2227 3970 2574 4026 adulterium
2624 3971 2967 4026 exercendo.
3029 3975 3298 4032 Interfeci
3343 3996 3574 4054 quoque

1967 4062 2266 4128 Bersabee,
2290 4076 2421 4114 eam
2441 4059 2515 4114 ad
2534 4059 2804 4114 adulterii
2831 4076 3174 4119 consensum
3194 4066 3571 4138 impellendo.

1968 4154 2047 4207 De
2079 4150 2285 4223 quibus
2307 4148 2578 4204 omnibus
2604 4148 2892 4203 mortibus
2912 4167 2995 4205 me
3015 4152 3199 4221 libera,
3215 4154 3572 4229 indulgendo

1967 4240 2302 4304 clementer,
2318 4254 2391 4291 ne
2406 4253 2509 4308 per
2530 4254 2626 4292 eas
2640 4237 2713 4291 ad
2732 4241 2983 4294 mortem
3001 4243 3219 4311 trahar,
3233 4247 3573 4305 cruciandus

249 4333 517 4401 vitatem,
551 4328 856 4385 Salvatoris
904 4326 1028 4383 Filii
1076 4327 1160 4381 tui
1207 4326 1372 4381 amisi
1417 4324 1698 4395 laetitiam.
1737 4322 1865 4378 Scio
1888 4330 1941 4390 D
1967 4326 2321 4400 perenniter.
2349 4325 2595 4395 Sanguis
2619 4326 2855 4397 quidem
2887 4344 2993 4399 pro
3024 4334 3214 4385 morte
3242 4334 3572 4404 ροηίιιιι-,εο

252 4437 512 4493 namque
539 4420 674 4493 quia
704 4419 763 4473 in
797 4417 919 4489 ejus
948 4417 1264 4471 adventum
1297 4414 1441 4469 nihil
1472 4412 1732 4467 utilitatis
1762 4412 1864 4466 ha-

253 4511 430 4576 bebo,
456 4510 562 4564 nisi
582 4508 674 4563 hic
686 4506 905 4579 peccati
920 4504 1325 4560 remissionem
1340 4520 1445 4575 per
1460 4500 1866 4573 paenitentiam

254 4598 501 4669 adeptus
511 4595 884 4663 fuero;unde,
909 4608 1135 4667 precor,
1157 4590 1416 4663 indulge,
1433 4593 1491 4644 et
1511 4588 1865 4644 siclaztitiam

255 4687 565 4743 Salvatoris
589 4686 813 4741 venturi
834 4685 974 4740 mihi
994 4683 1171 4739 redde
1188 4699 1199 4737 :
1218 4684 1286 4737 Et
1301 4681 1360 4736 in
1387 4680 1484 4735 illa
1507 4678 1707 4734 laetitia
1738 4694 1863 4732 con-

253 4778 415 4848 ﬁrma
450 4794 565 4845 me,
590 4776 650 4831 id
681 4778 765 4831 est
800 4790 1166 4846 perseverare
1195 4788 1290 4827 me
1327 4771 1438 4837 fac,
1471 4785 1545 4823 ne
1572 4766 1863 4838 peccando

254 4866 634 4922 criminaliter
663 4880 859 4920 rursus
889 4879 959 4918 ea
982 4877 1232 4917 caream.
1259 4860 1425 4916 Dico:
1443 4858 1506 4911 In
1536 4873 1605 4911 ea
1631 4872 1725 4909 me
1746 4872 1868 4909 con-

260 4956 442 5024 ﬁrma,
461 4958 519 5010 et
537 4956 647 5011 hoc
672 4954 881 5027 Spiritu
895 4950 1207 5022 principali,
1228 4948 1285 5004 id
1305 4952 1389 5003 est
1410 4964 1513 5019 per
1547 4948 1601 4999 te
1632 4945 1866 4999 Patrem

256 5042 314 5097 in
333 5058 427 5097 me
446 5042 767 5114 specialiter
786 5038 1170 5095 habitantem.
1198 5038 1368 5090 Pater
1399 5036 1594 5089 autem
1622 5031 1867 5105 Spiritus

258 5132 594 5205 principalis
618 5132 847 5198 dicitur,
863 5146 980 5184 non
996 5127 1149 5200 quod
1182 5126 1320 5180 Filio
1334 5128 1393 5180 et
1408 5123 1645 5197 Spiritui
1668 5124 1867 5177 sancto

260 5221 633 5294 principetur,
666 5224 724 5275 et
756 5219 837 5275 eis
866 5217 1055 5289 major
1087 5215 1326 5281 existat;
1359 5213 1458 5269 sed
1486 5211 1763 5284 quoniam
1795 5208 1869 5264 ab

261 5327 329 5367 eo
348 5310 721 5367 ineﬂ‘abiliter
734 5308 992 5382 gignitur
1006 5303 1578 5375 Filius,proceditque
1602 5299 1867 5374 Spiritus.

260 5400 413 5454 Bene
436 5398 670 5472 quidem
702 5399 759 5454 in
790 5395 990 5471 primis
1019 5394 1140 5465 agit
1174 5394 1245 5448 de
1278 5389 1723 5458 Filio;ubidicit.
1745 5388 1871 5459 Spi-

263 5490 425 5543 ritum
458 5494 658 5543 rcctum
707 5490 923 5552 innova,
977 5487 1086 5540 etc.
1120 5482 1325 5538 Postea
1370 5496 1504 5535 vero
1546 5479 1618 5534 de
1656 5476 1874 5550 Spiritu

267 5581 485 5649 sancto,
511 5593 641 5633 cum
668 5576 833 5651 ponit
867 5591 879 5630 ε
912 5573 1177 5647 Spiritum
1205 5576 1445 5628 sanctum
1472 5574 1647 5636 tuum,
1668 5570 1777 5623 etc.
1809 5569 1874 5626 1n

1966 4416 2122 4489 quod
2147 4416 2205 4469 in
2235 4414 2639 4470 interiectione
2660 4415 2844 4471 soleat
2886 4433 3038 4488 saepe
3067 4420 3300 4491 sanguis
3329 4423 3570 4482 eﬂ'undi.

1966 4505 2128 4562 Unde
2154 4505 2438 4577 propheta
2462 4520 2474 4557 :
2502 4525 2529 4553 «
2548 4502 2604 4557 Si
2634 4519 2752 4558 non
2786 4506 3218 4564 annuntiaveris
3242 4510 3441 4585 iniquo
3463 4515 3573 4571 ini-

1965 4595 2245 4668 quitatem
2280 4609 2464 4657 suam,
2493 4592 2836 4663 sanguinem
2865 4594 3009 4665 ejus,
3037 4616 3065 4645 »
3101 4597 3159 4651 id
3186 4602 3269 4653 est
3299 4607 3572 4674 mortem,

1966 4706 1995 4735 «
2027 4684 2098 4739 de
2124 4685 2413 4737 manutua
2434 4681 2723 4751 requiram
2744 4680 2962 4751 (Ezcc/i.
3001 4702 3081 4754 ιιι,
3112 4690 3218 4758 15).
3253 4709 3281 4738 ››
3307 4691 3375 4745 Et
3397 4693 3443 4746 si
3476 4710 3571 4749 me

1965 4773 2028 4827 de
2053 4770 2400 4844 sanguinibus
2420 4770 2770 4838 liberaveris,
2788 4788 2905 4827 non
2935 4775 3120 4830 solum
3147 4780 3409 4850 exemplo
3436 4797 3569 4838 meo

1967 4864 2174 4933 iniquos
2194 4858 2519 4926 docebo,sed
2548 4864 2597 4911 et
2616 4858 2801 4930 lingua
2824 4879 2942 4916 mea
2973 4864 3261 4919 exsultabit
3282 4867 3571 4936 justitiam

1970 4954 2137 5008 tuam,
2162 4946 2220 5001 id
2241 4948 2326 5001 est
2340 4947 2691 5002 exsultanter
2714 4951 3057 5005 annuntiabit
3080 4956 3133 5005 te
3161 4968 3283 5009 esse
3300 4955 3516 5025 justum
3553 4975 3568 5015 :

1968 5033 2065 5107 qui
2093 5049 2187 5088 me
2213 5032 2647 5104 justificaveris;
2674 5036 2760 5090 vel
2797 5036 2895 5104 sic,
2929 5039 3276 5095 annuntiabit
3306 5042 3434 5098 aliis
3459 5044 3571 5101 ini-

1969 5121 2092 5195 quis
2096 5123 2376 5192 justitiam
2409 5128 2759 5194 tuam,quam
2792 5123 2934 5178 mihi
2977 5126 3223 5195 dederis,
3258 5133 3320 5184 ut
3361 5136 3416 5187 et
3466 5133 3573 5205 ipsi

1971 5210 2046 5266 ad
2066 5212 2121 5265 te
2138 5211 2393 5265 conversi
2406 5211 3119 5281 justiﬁcentur.Promittit
3138 5232 3271 5273 vero
3291 5218 3399 5273 hoc
3419 5224 3577 5292 quod

1974 5300 2177 5366 oravit,
2196 5316 2255 5353 se
2278 5298 2513 5369 adipisci
2540 5315 2604 5353 ex
2627 5298 2833 5354 divinas
2859 5299 3269 5361 misericordia:
3286 5309 3581 5366 confiden-

1976 5387 2074 5455 tia,
2093 5388 2219 5443 etin
2232 5388 2342 5441 hoc
2358 5402 2589 5459 quoque
2606 5389 2839 5443 veniam
2855 5393 3112 5444 meretur
3135 5408 3148 5446 :
3175 5394 3332 5466 quod
3361 5412 3479 5449 non
3504 5398 3580 5454 de

1977 5475 2397 5532 Deiclementia
2417 5473 2653 5539 difﬁdit,
2674 5478 2784 5535 sed
2798 5474 3167 5536 conﬁdentia:
3185 5482 3291 5537 sibi
3312 5498 3473 5548 spem
3496 5487 3582 5539 at-

1977 5564 2197 5621 tribuit.
2225 5562 2344 5618 Dixi
2370 5563 2527 5635 quod
2552 5559 2599 5615 si
2636 5560 3004 5632 liberaveris,
3031 5568 3186 5638 quod
3224 5570 3425 5640 lingua
3459 5587 3594 5629 mea
