3994 6042
446 287 554 360 867
1052 291 1114 361 S.
1154 295 1503 360 BRUNONIS
1543 292 2183 361 CARTHUSIANORUN
2215 295 2684 363 INSTITUTOBIS
2725 294 2881 359 OPP.
2920 293 3100 361 PARS
3137 295 3162 359 Ῑ
3666 298 3781 366 888

438 421 724 502 justitiam
752 426 914 482 tuam
934 423 1394 484 annuntiabit.et
1409 422 1552 480 sicut
1572 440 1640 480 ex
1655 419 2051 480 misericordia
2080 422 2136 486 Α
2160 422 2299 494 lem,
2332 422 2395 483 id
2413 426 2500 484 est
2528 422 2587 483 in
2623 423 2871 483 Ecclesia
2903 441 2972 482 ex
3007 425 3254 500 utroque
3296 421 3509 501 papula
3557 427 3784 486 consti-

442 522 543 575 tua
562 534 681 575 esse
707 515 1130 587 conﬁdo,quod
1157 532 1251 570 me
1286 514 1573 581 liberabis,
1600 516 1658 568 et
1689 530 1793 585 per
1832 512 1947 569 mei
1977 512 2044 566 li-
2156 517 2395 584 tuenda,
2434 534 2563 589 quae
2595 516 2953 574 Hierusalem
2998 516 3128 585 erit,
3164 517 3224 573 id
3254 520 3341 573 est
3378 518 3558 575 videns
3572 537 3781 592 pacem

441 606 1088 672 berationem,Domine,
1121 605 1268 660 labia
1283 621 1400 660 mea
1428 604 1817 676 aperies,idest
1837 604 2051 659 idonea
2153 611 2434 662 aeternam
2465 608 2692 679 spe,vel
2707 606 2905 663 videns
2923 606 3200 678 pacemin
3224 624 3435 675 se,non
3458 609 3780 667 inimicans

439 700 614 755 facies
626 695 1064 753 adlaudaudum
1080 695 1366 765 justitiam
1398 698 1590 762 tuam;
1619 709 1683 747 ac
1715 693 1760 747 si
1789 691 2004 747 diceret
2033 708 2046 747 :
2149 696 2268 750 Deo
2301 699 2452 751 male
2472 697 2840 768 agendo,sed
2859 713 2989 751 cum
3018 712 3087 751 eo
3120 713 3324 770 pacem
3354 697 3591 767 habens,
3612 699 3778 755 bene

441 790 591 845 Dum
613 804 729 843 non
752 785 1061 841 mundatus
1083 802 1115 838 a
1138 784 1382 855 peccatis
1404 784 1696 849 exstitere,
1712 782 1957 837 idoneus
1977 781 2050 837 ad
2149 784 2413 841 vivendo.
2449 787 2621 857 Ergo,
2649 785 3070 858 D0mine,quia
3097 787 3208 841 hoc
3238 785 3577 842 sacriﬁcium
3605 788 3777 843 futu-

437 881 497 934 te
522 876 878 932 laudandum
902 876 1227 929 nullatenus
1241 890 1361 940 ero,
1384 876 1441 927 et
1455 873 1532 927 sic
1539 872 1844 943 jure’labia
1860 873 2051 926 clausa
2148 890 2279 929 rum
2306 878 2390 929 est
2418 873 2476 929 in
2506 874 2644 930 Sion
2672 877 2730 929 et
2758 874 2818 930 in
2839 868 3214 943 Hierusalem,
3251 876 3470 947 benigne
3495 877 3775 947 facSion,

438 968 687 1024 habebo.
712 967 878 1020 «Non
893 964 1049 1021 enim
1064 963 1553 1035 estspeciosalaus
1576 962 1635 1017 in
1663 979 1763 1017 ore
1790 964 2050 1032 peccato-
2148 963 2207 1018 id
2238 967 2323 1018 est
2353 965 2514 1036 large
2540 963 2824 1019 beneﬁcia
2841 964 2893 1019 ei
2918 963 3217 1036 impende,
3243 964 3605 1022 sublimando
3624 983 3776 1022 eam

438 1055 930 1129 ris(Eccli.xv,9).
967 1054 1120 1107 »Ast
1156 1053 1252 1107 ubi
1295 1069 1390 1106 me
1438 1069 1470 1107 a
1518 1051 1764 1123 peccatis
1807 1050 2050 1105 munda—
2146 1051 2205 1107 in
2242 1052 2579 1108 innocentia
2610 1056 2668 1108 et
2691 1053 3017 1121 sanctitate,
3042 1057 3099 1108 et
3129 1070 3247 1109 non
3289 1056 3525 1127 propter
3547 1055 3775 1111 merita

438 1146 605 1211 veris,
620 1162 751 1199 mox
770 1144 1044 1198 idoneum
1063 1141 1503 1197 adlaudandum
1517 1143 1693 1205 te,me
1714 1139 2044 1205 constitues,
2148 1157 2269 1209 sua,
2294 1159 2423 1214 quae
2456 1143 2615 1197 nulla
2638 1142 2899 1198 suntzsed
2924 1144 2979 1196 in
2998 1143 3131 1197 bona
3157 1143 3427 1197 voluntate
3447 1150 3560 1211 tua,
3589 1144 3650 1202 id
3680 1148 3779 1200 est

436 1239 495 1294 et
524 1236 601 1291 sic
631 1235 775 1289 tabia
804 1252 921 1289 mea
951 1235 1168 1304 aperias,
1199 1231 1258 1286 id
1280 1235 1366 1285 est
1383 1232 1477 1302 jus
1513 1234 1568 1286 te
1595 1229 1872 1285 laudandi
1903 1228 2046 1284 mihi
2146 1248 2251 1303 per
2263 1232 2575 1304 gratuitam
2589 1234 2946 1287 voluntatem
2966 1234 3362 1304 tuam,qumex
3378 1232 3636 1290 bonitate
3656 1235 3780 1291 mi-

434 1325 774 1382 concedens.
806 1323 882 1377 Et
911 1325 1220 1394 postquam
1244 1321 1541 1392 aperueris
1574 1320 1736 1385 labia,
1785 1336 1840 1373 os
1871 1336 2047 1373 meum
2146 1321 2471 1376 sericordiae
2491 1324 2602 1376 tuae
2627 1322 2940 1394 procedet:
2958 1328 3019 1375 ut
3043 1321 3375 1390 cedi/iocatur
3404 1323 3476 1377 ab
3505 1322 3627 1395 ipsa
3665 1341 3778 1381 vo-

435 1415 779 1472 anmmtiabit
807 1413 1023 1469 laudem
1054 1419 1222 1477 tuam,
1252 1412 1311 1466 id
1341 1410 1700 1465 estlaudabit
1727 1409 2048 1464 misericor—
2146 1410 2366 1464 luntate
2394 1413 2489 1465 tua
2503 1412 2653 1463 muri
2668 1410 3139 1482 Ilierusalem,qui
3156 1411 3426 1466 destructi
3443 1411 3772 1468 fueruntin

435 1505 590 1561 diam
618 1506 676 1558 et
697 1502 984 1573 justitiam
1006 1505 1187 1557 tuam.
1207 1499 1494 1565 Quoniam
1509 1500 1653 1554 adeo
1680 1498 2046 1569 ingemuerat
2144 1499 2352 1565 Adam,
2380 1498 2620 1554 virtutes
2650 1500 2917 1555 videlicet
2960 1503 3017 1555 et
3061 1500 3415 1567 innocentia,
3444 1501 3652 1572 quibus
3689 1503 3777 1559 ad

435 1595 506 1650 de
521 1596 752 1665 peccato
771 1595 827 1645 et
853 1593 1118 1646 oraverat
1140 1607 1243 1662 pro
1258 1606 1347 1655 eo,
1372 1590 1561 1661 posset
1586 1587 1790 1659 aliquis
1808 1586 1994 1642 dicere
2027 1603 2040 1642 :
2146 1589 2383 1643 modum
2401 1606 2705 1645 murorum
2737 1589 3092 1644 Hierusalem
3108 1588 3608 1645 munietur.Muros
3628 1591 3778 1647 Hie-

435 1681 622 1747 Quare
638 1681 696 1735 in
718 1683 944 1735 tantum
968 1678 1195 1751 gemis?
1220 1678 1343 1732 Noli
1382 1677 1744 1749 gemere,sed
1770 1675 2045 1731 sacriﬁcia
2072 1741 2117 1751 _
2142 1678 2393 1731 rusalem
2427 1676 2563 1732 dicit
2592 1694 2698 1748 per
2729 1677 3185 1745 similitudinem,
3211 1678 3371 1749 quasi
3394 1678 3608 1734 diceret
3626 1680 3778 1735 Hie-

430 1741 640 1843 legalia
663 1772 776 1825 Deo
808 1768 952 1823 offer
969 1741 1076 1839 pro
1095 1741 1440 1839 peccatis,et
1461 1765 1538 1819 sic
1568 1741 1922 1819 liberaberis.
1955 1765 2043 1819 Ad
2070 1741 2121 1800 Β
2140 1768 2391 1821 rusalem
2420 1783 2547 1838 quin
2577 1741 2890 1821 constituta
2918 1767 3028 1822 fuit
3057 1784 3125 1822 ex
3164 1741 3385 1840 angelis
3413 1771 3470 1823 et
3495 1769 3770 1824 homini-

432 1859 587 1933 quod
614 1857 1036 1913 excludendum
1068 1856 1147 1911 sic
1175 1855 1619 1911 addit:Necesse
1636 1856 1720 1908 est
1733 1858 1795 1908 ut
1810 1870 2040 1924 gemam
2138 1855 2265 1919 bus,
2298 1858 2353 1909 et
2384 1859 2583 1926 postea
2603 1872 2706 1926 per
2732 1855 2915 1910 Adam
2944 1860 3226 1928 quantum
3257 1856 3330 1910 ad
3361 1856 3625 1912 homines
3646 1859 3772 1913 de-

430 1951 490 2004 et
519 1965 682 2004 orem
716 1964 729 2002 :
760 1964 867 2001 nec
897 1946 1035 2001 utile
1062 1946 1297 2018 quidem
1327 1946 1412 1999 est
1443 1947 1506 1998 ut
1534 1942 1808 1998 sacriﬁcia
1834 1942 2044 2013 legalia
2140 1945 2660 2014 structa,quantum
2674 1943 2747 1998 ad
2763 1944 3768 2015 angelosautemsemperinviolata,

431 2037 693 2103 offeram,
754 2052 881 2107 quae
931 2052 1037 2106 ego
1079 2051 1199 2090 non
1248 2033 1509 2089 offeram.
1561 2030 1827 2098 Quoniam
1867 2034 1915 2085 si
1948 2048 2040 2085 vo-
2140 2032 3013 2103 restituetur,quandohomines
3032 2033 3155 2104 ejus
3178 2032 3550 2089 restituentur
3567 2035 3769 2092 cives.

431 2125 619 2181 luisses
668 2126 1010 2193 sacriﬁcium,
1065 2121 1111 2177 si
1164 2122 1575 2177 intellexissem
1634 2125 1690 2175 te
1742 2120 1887 2174 velle
1944 2136 2041 2174 me
2140 2120 2590 2176 Asimilitudine
2610 2120 2873 2187 civitatis,
2896 2121 3056 2192 cujus
3078 2122 3229 2177 muri
3254 2122 3314 2177 in
3336 2124 3498 2194 parte
3523 2124 3770 2179 destru-

427 2214 635 2269 oﬁ'erre
684 2213 868 2284 legale
935 2210 1303 2278 sacriﬁcium,
1358 2210 1612 2265 dedissem
1652 2210 1777 2280 jam
1834 2210 2037 2280 utique,
2140 2210 2214 2265 cti
2243 2209 2934 2277 resediﬁcantur.Tunc,id
2955 2214 3039 2266 est
3056 2200 3362 2284 postquam
3382 2212 3776 2270 asdiﬁcaveris

427 2303 489 2359 id
536 2306 619 2358 est
665 2304 859 2367 certe;
899 2305 958 2356 tu
992 2319 1099 2355 non
1139 2300 1478 2355 delectaberis
1503 2299 1837 2364 holocaustis,
1869 2297 1928 2352 id
1957 2300 2043 2352 est
2142 2299 2279 2354 Sion
2307 2303 2364 2354 et
2398 2299 2773 2367 Hierusalem,
2816 2301 3130 2371 acceptabis,
3168 2299 3229 2355 id
3267 2303 3353 2355 est
3400 2303 3776 2375 acceptabile

425 2390 718 2448 sacriﬁciis
743 2389 1041 2461 legalibus.
1072 2388 1404 2444 Notandum
1438 2391 1655 2455 autem,
1707 2389 1888 2442 Deum
1932 2386 2037 2440 ho-
2139 2388 2398 2455 habebis,
2454 2390 2777 2458 sacriﬁcium
2818 2389 3050 2460 justitia.u
3100 2388 3489 2461 signiﬁcatum
3531 2391 3773 2448 scilicet

424 2480 695 2537 locaustis
726 2478 1161 2550 quodammodo
1184 2478 1535 2532 delectatum
1554 2476 1725 2531 fuisse
1757 2476 1816 2529 in
1845 2474 2037 2530 Veteri
2140 2492 2258 2531 non
2292 2476 2644 2547 signiﬁcans,
2662 2477 2818 2549 quod
2841 2476 2943 2532 tibi
2967 2477 3445 2533 offereturaSion
3478 2484 3535 2534 et
3555 2480 3779 2535 Hieru-

423 2566 1091 2639 Testamento.Alioquin
1118 2565 1276 2620 enim
1308 2564 1469 2619 irrite
1501 2564 1627 2619 ﬁeri
1665 2581 1766 2637 per
1810 2565 2035 2635 Moysen
2139 2566 2338 2620 salem.
2362 2565 2707 2635 Sacriﬁcium
2731 2567 2856 2623 dico
2890 2566 3136 2622 existens
3155 2584 3509 2636 revera,non
3538 2569 3777 2640 signiﬁ-

425 2657 812 2731 praacepisset.
846 2656 1248 2711 Delectabatur
1277 2671 1407 2709 vero
1440 2652 1809 2719 holocaustis,
1854 2655 1918 2707 ut
1946 2669 2037 2707 sa-

427 2747 777 2803 criﬁciorum
808 2744 866 2799 in
899 2761 1044 2799 nova
1081 2745 1207 2815 lege
1238 2744 1565 2798 futurorum
1600 2742 1767 2813 signa
1797 2743 1987 2796 essent
2019 2757 2032 2795 :

427 2841 486 2892 et
514 2836 670 2908 quod
691 2833 1064 2906 spiritualiter
1082 2833 1507 2888 intellectorum
1523 2831 1803 2887 debilium
1823 2830 2028 2886 intelli-

426 2925 627 2998 gentia
643 2941 847 2996 capere
873 2940 992 2978 non
1020 2925 1267 2993 poterat,
1290 2938 1395 2993 per
1424 2921 1699 2994 legalium
1718 2910 2035 2975 sacriﬁcio-

2137 2654 2314 2709 cative
2344 2656 2630 2710 oblationes
2658 2662 2707 2710 et
2749 2656 3077 2719 holocausta,
3120 2656 3179 2711 id
3224 2659 3311 2712 est
3349 2659 3503 2730 quod
3531 2658 3769 2714 sacriﬁ-

2137 2742 2290 2797 cium
2302 2743 2688 2815 signiﬁcatum
2703 2760 2806 2815 per
2821 2745 3111 2799 oblationes
3122 2752 3171 2799 et
3189 2745 3500 2801 holocaussa
3515 2748 3765 2819 legalia.

2137 2831 2353 2887 Revera
2380 2832 2687 2888 dicendum
2706 2836 2792 2888 est
2811 2834 3025 2889 oblatio
3047 2836 3105 2889 et
3131 2835 3555 2891 holocaustum.
3581 2835 3771 2892 Obla-

2134 2918 2322 2975 tiones
2352 2937 2487 2975 vero
2520 2924 2578 2975 et
2592 2921 2930 2977 holocausta
2945 2922 3324 2995 legalia,ideo
3348 2923 3426 2978 sic
3456 2925 3763 2980 vocaban-

424 3031 557 3069 rum
589 3014 906 3085 imaginem
942 3014 1230 3083 utcunque
1257 3013 1505 3078 notaret,
1533 3028 1606 3064 ne
1637 3028 1671 3065 a
1700 3009 1811 3064 ﬁde
1834 3008 2033 3081 gratias
2064 3028 2110 3087 ρ
2136 3012 2248 3075 tur,
2284 3009 2418 3082 quia
2448 3010 2572 3065 haec
2601 3011 2769 3083 signa
2792 3014 2958 3066 erant
2985 3028 3251 3066 verarum
3283 3012 3660 3080 oblationum,
3691 3017 3768 3069 et

424 3103 631 3158 futurae
660 3103 851 3157 aliena
884 3100 1114 3172 penitus
1155 3098 1441 3154 existeret.
1477 3099 1602 3153 Non
1643 3098 2035 3153 delectabatur

425 3197 620 3253 autem
648 3189 1015 3254 holocaustis,
1048 3191 1109 3243 ut
1140 3205 1243 3259 per
1269 3205 1337 3242 ea
1354 3191 1588 3260 peccata
1601 3186 2034 3254 condonaret,si

426 3279 840 3335 sacriﬁciorum
856 3277 928 3331 ab
951 3276 1029 3329 eis
1046 3275 1503 3347 signiﬁcatorum
1522 3274 1666 3328 ﬁdes
1688 3274 1937 3328 abesset.
1951 3273 2037 3327 Id-

427 3384 608 3438 eoque
638 3366 775 3421 dicit
800 3381 917 3419 non
938 3363 1275 3418 delectuberis
1294 3362 1633 3429 holocaustis,
1650 3361 1727 3415 sic
1750 3360 1961 3416 scilicet
1974 3363 2035 3415 ut

424 3472 530 3527 per
561 3471 629 3510 ea
670 3456 903 3525 peccata
941 3452 1254 3527 condones.
1301 3451 1631 3505 Notandum
1665 3467 1823 3517 sane,
1858 3449 2034 3505 David

426 3560 557 3599 cum
580 3543 683 3597 sub
700 3544 827 3613 lege
851 3540 1026 3595 veteri
1048 3542 1213 3605 esset,
1239 3539 1296 3593 in
1330 3556 1443 3611 qua
1470 3540 1805 3594 holocausta
1834 3538 2032 3610 praeci-

424 3631 732 3706 piebantur
762 3629 977 3697 offerri,
1010 3644 1077 3683 ea
1096 3646 1211 3683 non
1234 3628 1527 3694 obtulisse,
1560 3631 1618 3683 et
1666 3629 1775 3683 hoc
1818 3643 1935 3682 non
1966 3644 2033 3682 ex

424 3719 801 3793 negligentia,
823 3718 922 3773 sed
936 3716 1463 3772 adinstructionem
1488 3716 1749 3772 ﬁdelium
1772 3716 1874 3771 sub
1892 3716 2030 3772 Novi

418 3808 770 3866 Testamenti
790 3806 1314 3878 gratiafuturorum
1329 3806 1671 3860 dimississe:
1695 3809 1895 3860 utcum
1903 3805 2029 3875 jam

421 3901 535 3956 ﬁde
561 3899 647 3954 vir
660 3894 1155 3953 NoviTestamenti
1174 3898 1342 3961 esset,
1381 3894 1645 3948 ﬁdelibus
1681 3893 1740 3948 in
1763 3894 1901 3949 Novi
1923 3894 2026 3949 Te-

421 3987 697 4045 stamenti
728 3991 992 4057 tempore
1024 3984 1231 4038 futuris
1259 3984 1551 4045 innueret,
1587 3984 1658 4038 ab
1690 3982 1800 4037 illis
1828 3983 2025 4053 hujus-

421 4077 581 4133 modi
596 4074 872 4130 sacriﬁcia
887 4089 1007 4127 esse
1025 4073 1350 4126 nullatenus
1364 4071 1690 4138 offerenda;
1717 4089 1843 4143 qua:
1864 4072 2027 4126 adve-

421 4164 714 4219 nientibus
743 4176 946 4215 eorum
969 4160 1223 4230 signatis,
1240 4163 1406 4213 erant
1430 4159 1659 4231 penitus
1675 4159 2021 4214 evacuanda.

422 4256 555 4311 Post
583 4253 692 4306 hoc
723 4249 1029 4305 ostendere
1057 4246 1325 4315 intendit,
1371 4248 1527 4318 quod
1568 4248 1912 4303 sacriﬁcium
1952 4248 2024 4303 ad

2133 3098 2601 3153 holocaustorum
2631 3099 2982 3156 futurorum.
3031 3100 3275 3172 Exponit
3313 3104 3507 3156 autem
3552 3103 3765 3173 ipsum

2135 3188 2465 3257 sacriﬁcium
2482 3189 2748 3258 justitiae,
2765 3188 2845 3243 sic
2874 3208 2887 3244 :
2914 3188 3048 3245 Dico
3068 3190 3223 3262 quod
3239 3190 3530 3261 acceptabis
3542 3193 3767 3260 sacri/i-

2135 3275 2283 3330 cium
2310 3278 2544 3346 justiiiw
2564 3277 2718 3348 quod
2737 3276 2914 3333 oﬁere
2925 3280 3017 3332 tur
3036 3278 3139 3333 tibi
3169 3294 3204 3331 a
3233 3276 3369 3333 Sion
3398 3281 3455 3333 et
3479 3278 3762 3335 Hierusa-

2134 3364 2274 3418 lem.
2299 3367 2367 3418 Et
2387 3382 2517 3420 vere
2544 3367 2866 3435 sacri/icium
2883 3365 3111 3436 justitioe
3136 3365 3237 3421 tibi
3267 3366 3535 3434 oﬁ'erent,
3567 3367 3626 3422 id
3656 3372 3766 3424 est

2136 3453 2248 3507 tale
2278 3454 2643 3521 sacriﬁcium,
2689 3455 2845 3527 quod
2882 3454 3109 3523 justum
3150 3454 3224 3509 sit
3245 3470 3348 3525 pro
3379 3455 3765 3527 indulgentia

2135 3545 2503 3612 peccatorum
2531 3542 2747 3597 offerri.
2772 3543 2917 3597 Nam
2950 3550 3074 3598 tunc
3106 3545 3391 3614 imponent,
3420 3544 3479 3599 id
3498 3547 3585 3599 est
3610 3544 3765 3599 oﬂ'e-

2132 3633 2265 3683 rent
2293 3647 2351 3685 se
2382 3631 2591 3697 vitulos,
2626 3631 2685 3685 id
2720 3633 2807 3686 est
2836 3649 2895 3686 se
2921 3631 3202 3686 sacriﬁcia
3231 3647 3379 3686 nova
3400 3648 3506 3703 per
3533 3632 3763 3703 baptis-

2132 3735 2297 3773 mum
2329 3736 2341 3773 :
2376 3719 2519 3773 sicut
2547 3719 2707 3773 vituli
2731 3720 2974 3791 juvenes
3006 3722 3063 3773 et
3086 3719 3218 3774 novi
3247 3724 3379 3775 sunt
3406 3738 3419 3774 :
3444 3724 3503 3774 et
3534 3721 3642 3774 hoc
3661 3720 3763 3777 fa-

2131 3806 2283 3862 cient
2306 3824 2462 3879 super
2479 3807 2648 3862 altare
2673 3815 2845 3875 tuum,
2880 3808 2937 3862 id
2969 3812 3055 3864 est
3082 3824 3255 3879 super
3282 3808 3458 3863 ﬁdem
3490 3809 3754 3879 fundati,

2129 3912 2258 3967 quae
2291 3896 2471 3950 altare
2504 3895 2734 3963 dicitur,
2768 3913 2835 3951 eo
2867 3897 3025 3968 quod
3050 3913 3224 3968 super
3257 3913 3388 3952 eam
3420 3897 3621 3953 omnia
3649 3916 3754 3954 sa-

2127 3982 2341 4038 criﬁcia
2366 3986 2483 4040 Deo
2510 3984 2883 4057 acceptabilia
2915 3984 3255 4040 offeruntur.

2656 4074 2725 4128 IN
2756 4073 3079 4129 PSALMUM
3118 4075 3202 4129 LI.

2197 4162 2412 4216 Titulus
2428 4160 2892 4234 quinquagesimi
2926 4162 3099 4234 primi
3133 4179 3145 4216 :
3175 4161 3245 4216 In
3266 4163 3427 4232 ﬁnem
3448 4163 3751 4220 intellectus

2127 4250 2328 4315 David,
2360 4268 2479 4305 cum
2508 4252 2726 4305 venisset
2758 4249 2939 4304 Doech
2982 4250 3268 4317 Idumazus,
3308 4258 3359 4305 et
3392 4256 3747 4308 annuntiavit

420 4343 659 4416 peccata
679 4336 1034 4394 remittenda
1054 4336 1329 4390 idoneum
1358 4315 1579 4391 esistat.
1615 4336 1672 4391 Si
1712 4337 1846 4401 dixi,
1871 4338 2028 4408 quod
2051 4315 2102 4373 D
2125 4338 2281 4408 Saul,
2313 4345 2361 4393 et
2380 4339 2515 4392 dixit
2539 4340 2589 4393 ei
2617 4356 2634 4392 :
2675 4338 2833 4393 Venit
2861 4340 3050 4395 David
3078 4342 3133 4394 in
3162 4315 3379 4394 domum
3402 4339 3745 4398 Abimelech.

420 4430 740 4487 holocaustis
772 4444 878 4481 non
909 4424 1266 4491 delectaberis,
1299 4441 1331 4478 ο
1371 4426 1540 4492 Deus,
1570 4426 1670 4479 sed
1704 4427 2026 4494 sacriﬁcium

420 4519 525 4576 tibi
554 4518 667 4573 Deo
695 4518 992 4585 acceptum
1016 4530 1119 4584 pro
1148 4512 1389 4585 peccatis
1417 4517 1502 4568 est
1524 4515 1739 4584 spiritus
1760 4514 2028 4568 contribu-

420 4609 579 4673 latus,
608 4605 666 4660 id
697 4607 783 4659 est
813 4602 1010 4657 anima
1040 4600 1333 4656 doloribus
1362 4604 1420 4655 et
1447 4602 1758 4673 gemitibus
1789 4601 2024 4669 afﬂicta,

629 4696 687 4748 et
717 4708 832 4746 non
864 4707 1070 4762 parum
1102 4689 1505 4755 contribulata,
1529 4706 1561 4744 ο
1591 4692 1758 4745 Deus.
1788 4690 1901 4745 Sed
1921 4708 2028 4745 non

418 4787 683 4858 despicies,
700 4782 759 4837 id
779 4784 864 4835 est
882 4778 1233 4850 acceptabile
1260 4777 1501 4833 habebis
1537 4794 1631 4832 cor
1656 4782 1948 4834 contritam
1978 4788 2027 4835 et

417 4876 782 4938 humiliatum,
815 4869 874 4923 id
900 4870 985 4923 est
1017 4867 1279 4922 animam
1310 4867 1475 4921 valde
1505 4868 1838 4935 contritam,
1869 4872 1926 4924 et
1958 4886 2025 4924 ex

414 4970 537 5023 toto
556 4958 919 5024 afflictam,in
940 4973 1035 5013 om
1045 4955 1281 5011 nimoda
1293 4955 2024 5014 satisfactione.Providens

415 5058 609 5111 autem
644 5048 934 5121 Propheta
962 5043 1296 5116 hujusmodi
1329 5043 1672 5099 sacriﬁcium
1693 5045 1751 5099 in
1774 5046 2024 5102 Ecclesia

417 5140 729 5219 primitiva,
749 5140 806 5191 et
824 5136 882 5189 in
907 5133 1152 5188 Ecclesia
1173 5149 1239 5185 ex
1261 5132 1491 5199 Iudaeis,
1513 5135 1570 5186 et
1589 5133 1859 5204 gentibus
1889 5152 2021 5190 ροη-

413 5228 724 5290 stituenda,
739 5223 968 5297 penitus
998 5238 1117 5276 esse
1150 5221 1429 5286 futurum,
1460 5236 1563 5291 pro
1600 5225 1839 5292 utraque
1872 5228 2016 5278 om,

412 5322 504 5378 Sic
525 5315 677 5373 :Dixi
703 5312 856 5386 quod
870 5308 1209 5365 sacriﬁcium
1236 5308 1586 5379 acceptabile
1618 5309 1734 5363 Deo
1777 5311 1880 5375 est,
1912 5313 2018 5381 spi-

408 5414 544 5466 ritus
573 5401 978 5466 contribulatus,
997 5398 1155 5470 quod
1180 5396 1522 5453 sacriﬁcium
1540 5396 1652 5452 scio
1678 5401 1736 5452 et
1761 5396 1820 5451 in
1855 5398 2014 5467 Sion,

408 5496 468 5549 id
489 5496 575 5548 est
606 5491 665 5544 in
698 5487 945 5543 Ecclesia
970 5485 1261 5559 primitiva
1280 5485 1562 5555 futurum,
1597 5503 1747 5558 quae,
1773 5489 2017 5545 terrenis

408 5578 705 5654 neglectis,
737 5574 987 5631 coelestia
1016 5573 1503 5645 contemplabitur
1530 5590 1543 5630 :
1570 5577 1627 5629 et
1664 5573 1722 5629 in
1756 5574 2012 5634 Hierusa-

2127 4429 2189 4481 ln
2221 4428 2328 4481 hoc
2357 4427 2520 4482 titulo
2542 4427 2615 4482 ad
2629 4426 2878 4498 ﬁguram
2905 4427 3329 4498 designandam
3347 4429 3748 4486 introducitur

2126 4515 2387 4582 historia,
2414 4533 2542 4588 quae
2573 4516 2700 4571 talis
2730 4518 2816 4571 est
2839 4533 2852 4571 :
2875 4516 3053 4571 David
3069 4516 3253 4572 Saulis
3270 4518 3745 4588 persecutionem

2127 4604 2353 4676 fugiens
2366 4605 2618 4677 quadam
2632 4604 2723 4660 die
2736 4605 2795 4659 in
2808 4605 3144 4660 Abimelech
3165 4607 3478 4662 sacerdotis
3491 4608 3746 4663 domum

2125 4694 2304 4763 venit,
2322 4693 2514 4765 ibique
2547 4710 2726 4765 panes
2747 4694 3210 4765 propositionum
3241 4696 3497 4750 comedit
3527 4695 3581 4758 (Ι
3595 4695 3743 4765 Reg.

2126 4782 2472 4847 xx1).Videns
2503 4785 2697 4837 autem
2726 4783 2834 4837 hoc
2864 4783 3104 4855 quidam
3123 4784 3745 4857 Doechldumzeus,qui

2126 4875 2314 4926 custos
2345 4873 2471 4925 erat
2500 4870 3010 4938 mulorumSaulis,
3045 4871 3238 4927 eidem
3266 4871 3423 4927 Sauli
3447 4873 3747 4929 nuntiavit

2126 4959 2355 5015 dicens:
2398 4960 2554 5015 Venit
2579 4958 2760 5013 David
2782 4961 2838 5012 in
2861 4958 3083 5014 domum
3112 4959 3444 5015 Abimelech.
3471 4961 3578 5026 Qui
3597 4961 3744 5019 Saul

2123 5048 2182 5102 in
2211 5047 2546 5102 Abimelech
2576 5046 2659 5102 ira
2682 5048 3171 5119 commotus,quia
3185 5047 3450 5104 videlicet
3478 5049 3656 5105 David
3676 5050 3741 5107 in

2124 5136 2364 5191 domum
2397 5152 2561 5190 suam
2587 5139 2934 5207 susceperat,
2965 5153 3099 5191 cum
3130 5153 3261 5191 cum
3309 5138 3471 5192 omni
3513 5137 3745 5195 familia

2122 5224 2388 5296 peremit.
2418 5225 2627 5294 Figura
2669 5224 2906 5296 quidem
2936 5225 3107 5296 hujus
3136 5224 3390 5280 historia:
3428 5226 3553 5280 talis
3593 5231 3683 5280 est
3720 5245 3736 5283 :

2120 5329 2225 5384 per
2254 5313 2445 5367 Doech
2472 5312 2817 5379 Idumaeum,
2872 5312 2970 5384 qui
2994 5319 3166 5367 motus
3193 5321 3429 5368 terrenus
3456 5314 3536 5368 vel
3557 5322 3741 5369 motus

2116 5402 2435 5471 sanguineus
2485 5400 2924 5472 interpretatur,
2943 5401 3291 5457 Antichistus
3315 5401 3594 5473 signatur,
3630 5404 3737 5475 qui

2116 5490 2263 5544 bene
2286 5491 2476 5544 motus
2499 5492 2760 5544 terrenus
2788 5490 2875 5544 vel
2906 5489 3253 5562 sanguineus
3269 5507 3373 5561 per
3397 5490 3729 5561 emphasim

2121 5578 2346 5647 dicitur,
2381 5594 2449 5635 eo
2481 5579 2637 5651 quod
2664 5595 2903 5635 omnem
2930 5582 3147 5636 terram
3176 5597 3209 5636 a
3235 5579 3519 5637 Deicultu
3538 5581 3613 5638 ad
3633 5584 3725 5639 sui
