3994 6042
427 265 530 333 871

1044 266 1107 331 s.
1144 262 1492 327 BRUNONIS
1530 250 2163 327 CARTHUSIANORUM
2194 248 2669 326 iusmuroms
2709 262 2866 326 OPP.
2904 261 3076 326 mss
3113 260 3140 323 ι

3654 234 3781 326 δή

433 400 614 467 tatem,
642 389 834 452 innuit
864 390 1331 468 quodinterdum
1359 406 1393 446 a
1420 389 1647 446 ratione
1670 387 1953 463 monitus,
1976 389 2041 445 ut
2063 390 2119 452 Α
2148 385 2358 446 divitiis
2388 389 2603 454 multis,
2632 385 2753 463 Ego
2795 392 2974 445 autem
3008 385 3217 461 speravi
3259 383 3318 443 in
3371 382 3757 444 misericordia

429 482 580 543 bene
597 485 951 558 loqueretur,
965 483 1115 538 bene
1137 481 1295 553 loqui
1316 480 1549 552 sprevit,
1572 482 1629 535 et
1651 481 1804 535 male
1819 480 2041 535 locutus

430 577 667 631 est.Non
689 576 874 629 solum
915 588 1050 627 vero
1072 571 1305 625 dilexisti
1331 569 1531 641 iniqua
1545 570 1718 624 verba
1739 573 1797 624 et
1815 585 2038 640 aspera,

431 665 532 720 sed
547 663 720 719 etiam
738 662 967 715 dilexisti
994 660 1150 714 verba
1163 659 1628 729 praecipitationis,
1662 658 1720 711 id
1741 660 1827 711 est
1845 657 2044 712 omnia

430 754 606 809 verba
634 767 739 823 per
763 766 889 822 quas
923 764 1116 821 posses
1149 746 1351 800 fideles
1375 745 1436 799 in
1466 762 1727 800 errorem
1756 747 1939 801 cultus
1961 744 2045 801 tui

430 840 811 915 praecipitare,
833 838 1047 893 scilicet
1067 840 1124 891 et
1146 834 1431 890 minantia
1446 836 1621 889 verba
1632 835 2041 904 etblanda.Tu,

429 932 579 998 dico,
605 928 850 984 existens
870 927 1052 996 lingua
1080 924 1281 985 dolosa,
1305 923 1636 995 emphatice
1673 924 1891 979 dictum
1917 926 2037 980 est:

429 1018 586 1093 quod
612 1022 695 1073 est
722 1017 945 1071 dicere:
982 1013 1240 1069 Existens
1272 1013 1505 1067 dolosus
1534 1012 1593 1066 in
1619 1012 1836 1085 lingua,
1870 1016 1931 1067 ut
1961 1012 2043 1068 di-

429 1124 523 1164 cas
550 1111 609 1161 te
639 1109 843 1168 Deum,
873 1119 1005 1157 cum
1035 1101 1340 1156 hominem
1366 1104 1422 1155 te
1448 1117 1569 1155 esse
1601 1100 1908 1172 intelligas.
1924 1102 2040 1158 Hoc

429 1197 868 1259 autem-totum,
920 1190 1077 1264 quod
1132 1206 1296 1244 more
1352 1189 1694 1261 prophetico
1744 1192 2038 1261 praeterito

426 1286 683 1360 ponitur,
715 1283 908 1337 future
938 1278 1385 1351 intelligendum
1430 1280 1533 1332 est.
1568 1277 1691 1333 Dixi
1723 1279 1877 1350 quod
1906 1278 2035 1333 dile-

425 1375 553 1429 xisti
577 1372 843 1427 malitiam
873 1372 980 1423 etc.

498 1463 565 1516 Et
574 1468 855 1533 propterea
867 1458 1014 1513 Deus
1031 1457 1260 1511 destruet
1301 1462 1348 1511 te
1359 1459 1415 1511 in
1432 1454 1595 1529 ﬁnem
1611 1457 2034 1526 destructionis,

426 1550 488 1607 id
516 1553 601 1605 est
621 1548 882 1613 omnino,
911 1547 996 1600 vel
1027 1545 1258 1599 destruet
1289 1552 1336 1600 te
1358 1549 1695 1618 promotum
1746 1547 1805 1601 in
1834 1548 2033 1613 finem,

425 1640 485 1696 id
516 1642 601 1694 est
621 1638 679 1692 in
708 1636 1132 1710 perfectionem
1161 1634 1398 1689 malitiae
1430 1651 1443 1690 :
1501 1635 1659 1707 quod
1691 1638 1777 1689 est
1803 1636 1991 1690 dicere
2019 1653 2031 1691 :

425 1731 735 1800 postquam
764 1724 960 1780 venies
987 1723 1060 1777 ad
1079 1724 1279 1791 finem,
1304 1721 1364 1777 id
1391 1726 1476 1777 est
1504 1723 1577 1778 ad
1605 1724 1900 1779 cumulum
1917 1741 2038 1779 ma-
2063 1710 2113 1769 Β

423 1816 582 1883 Ιίῐίω,
614 1812 927 1870 destrueris
958 1829 991 1867 a
1013 1813 1130 1867 Deo
1167 1827 1180 1866 :
1213 1814 1273 1865 et
1300 1812 1410 1866 hoc
1440 1812 1638 1879 modo,
1674 1812 1886 1868 scilicet
1906 1813 2038 1868 evel-

425 1903 496 1961 let
523 1912 571 1959 te
600 1906 747 1960 Deus
775 1903 838 1957 de
868 1900 1208 1958 tabernaculo
1252 1907 1362 1967 tuo,
1388 1900 1449 1955 id
1471 1903 1557 1955 est
1578 1901 1648 1956 de
1668 1902 1776 1956 hac
1801 1902 1935 1970 vita,
1978 1905 2037 1957 et

423 1993 686 2066 potentia
717 1996 835 2058 tua,
881 2007 1009 2062 qua;
1040 1989 1375 2044 transitoria
1423 1988 1534 2044 erit
1579 1993 1643 2044 ut
1691 1991 2034 2046 tabernacu-

423 2083 568 2148 lum,
602 2080 739 2136 etin
772 2095 885 2151 qua
917 2079 1144 2134 diabolo
1175 2078 1477 2145 militabis,
1518 2085 1568 2133 et
1595 2080 1875 2150 emigrabit
1902 2080 2036 2147 te,id

425 2172 512 2225 est
540 2169 831 2240 emigrare
886 2166 1057 2221 faciet
1108 2167 1179 2222 de
1209 2167 1319 2221 hoc
1350 2167 1727 2223 tabernaculo
1756 2168 1815 2222 in
1847 2158 2049 2239 pejus.

427 2257 686 2315 Ostendit
698 2272 829 2311 vero
844 2272 946 2327 per
957 2255 1345 2331 remotionem
1360 2253 1511 2310 unde
1524 2255 1696 2310 faciet
1708 2259 1764 2311 te
1776 2257 2034 2329 migeare

424 2363 558 2403 cum
607 2345 785 2401 addit:
840 2344 1010 2399 dico:
1043 2344 1251 2398 Eveltet
1281 2351 1330 2398 te
1353 2344 1417 2398 de
1448 2344 1792 2400 tabernaculo
1835 2353 1943 2411 tuo,
1978 2348 2035 2400 et

426 2436 604 2492 etiam
634 2435 868 2488 radicem
907 2440 1056 2487 tuam
1094 2433 1272 2488 evellet
1286 2433 1350 2486 de
1368 2439 1510 2487 terra
1534 2435 1844 2496 viventium,
1863 2434 1920 2488 id
1949 2437 2036 2488 est

423 2518 665 2597 propter
690 2539 900 2577 vanam
931 2521 1259 2594 superbiam
1301 2523 1580 2592 potentiae
1606 2525 1720 2577 tuae
1769 2522 1946 2577 evellet
1984 2527 2035 2578 te

422 2612 490 2669 de
514 2620 654 2668 terra
680 2614 990 2677 viventium,
1024 2627 1088 2665 ac
1118 2610 1164 2664 si
1196 2610 1384 2665 dicat:
1433 2611 1516 2665 Tu
1568 2627 1675 2683 per
1711 2611 2033 2684 potentiam

424 2704 607 2770 tuam,
631 2718 745 2774 qua
765 2704 821 2755 te
837 2702 1022 2755 Deum
1046 2698 1380 2771 facis,putas
1404 2701 1459 2755 te
1481 2699 1539 2754 in
1557 2702 1711 2755 terra
1722 2700 2033 2755 viventium

422 2790 836 2857 radicaturum,
864 2788 963 2842 sed
992 2789 1144 2843 Deus
1175 2790 1416 2858 propter
1430 2791 1595 2843 tuam
1614 2788 1965 2861 superbiam,
1988 2795 2036 2842 te

422 2879 559 2935 inde
585 2878 796 2934 evellet:
830 2878 918 2932 vel
947 2876 1186 2931 radicem
1212 2882 1360 2930 tuam
1391 2876 1588 2944 evellet,
1621 2893 1725 2948 per
1754 2877 1937 2932 solam
1957 2877 2032 2931 si-

423 2967 812 3022 militudinem
837 2965 993 3033 dicit,
1027 2965 1086 3020 id
1116 2965 1292 3020 estex
1313 2968 1437 3020 toto
1469 2965 1745 3059 destruet,
1777 2982 1812 3020 a
1841 2965 2035 3059 simili-
2060 2999 2109 3059 ϐ

421 3058 622 3112 tudine
651 3056 873 3112 arboris
928 3059 986 3109 et
1015 3055 1231 3122 herbae,
1273 3071 1402 3125 qua:
1428 3054 1698 3111 radicitus
1740 3054 2029 3110 evellitur.

422 3149 532 3202 Per
557 3147 665 3201 hoc
691 3144 847 3217 quod
866 3144 1007 3209 dicit
1026 3143 1183 3215 quod
1220 3143 1401 3198 evellet
1429 3159 1563 3197 eum
1588 3144 1651 3198 de
1676 3144 2032 3212 tabernaculo,

420 3235 481 3289 id
512 3238 598 3289 est
627 3234 700 3289 de
743 3233 852 3288 hoc
891 3233 1133 3297 mundo,
1162 3237 1212 3286 et
1241 3231 1305 3285 de
1336 3238 1477 3285 terra
1506 3234 1817 3299 viventium,
1846 3232 2035 3287 innuit

422 3323 578 3395 quod
607 3320 1047 3392 migrarefaciet
1071 3319 1131 3373 in
1163 3318 1484 3385 infernum,
1520 3336 1651 3374 cum
1680 3321 1869 3375 nullus
1890 3322 2034 3375 alius

421 3414 600 3465 status
620 3412 799 3465 restet
822 3412 952 3480 post
974 3409 1081 3463 hos
1113 3408 1277 3477 duos,
1314 3424 1349 3462 a
1377 3408 1587 3480 quibus
1616 3410 2033 3465 evelletur.Hoc

422 3501 618 3555 autem
650 3497 807 3570 quod
838 3499 990 3551 Deus
1017 3496 1095 3550 sit
1122 3496 1516 3551 destructurus
1544 3498 1623 3563 te,
1670 3498 1938 3565 videbunt,
1972 3498 2033 3553 id

421 3591 508 3642 est
535 3586 938 3658 praevidebunt
944 3585 1091 3656 justi
1117 3600 1260 3657 quos
1280 3585 1662 3657 persequeris,
1687 3589 1744 3641 et
1774 3587 2035 3642 timebunt

421 3675 525 3731 sibi
538 3674 800 3746 exemplo
818 3676 1037 3740 tuo,ne,
1052 3673 1096 3727 si
1118 3673 1218 3728 tibi
1233 3674 1893 3743 conformentur,tecum
1907 3692 2035 3747 per-

420 3765 651 3832 dantur,
667 3767 724 3820 et
753 3762 886 3819 ideo
917 3763 1202 3818 cavebunt
1234 3762 1340 3818 sibi
1361 3765 1449 3819 :et
1478 3763 1537 3818 in
1572 3764 1662 3819 die
1693 3765 2033 3837 perditionis

419 3855 562 3926 ejus,
602 3853 665 3909 id
696 3856 785 3907 est
807 3852 865 3907 in
894 3851 986 3907 die
1030 3850 1252 3923 judicii,
1285 3867 1459 3922 supra
1490 3856 1544 3906 te
1574 3852 1902 3922 existentes,
1934 3853 2033 3926 qui

366 3952 373 3953 ’
418 3942 477 3998 in
507 3944 617 3998 hoc
647 3941 865 3997 mundo
897 3945 1003 3995 ate
1035 3939 1442 4011 deprimuntur
1473 3957 1578 4013 per
1608 3941 2029 4009 tribulationes,

417 4031 682 4096 ridebunt,
713 4029 773 4084 id
803 4031 888 4083 est
913 4032 967 4083 te
999 4028 1245 4101 dignum
1272 4029 1539 4083 irrisione
1580 4030 1939 4100 judicabunt,
1973 4035 2034 4086 et

415 4118 587 4174 dicent
606 4135 623 4171 :
639 4117 779 4171 Ecce
803 4133 957 4171 nunc
981 4119 1229 4188 apparet
1260 4116 1499 4187 quiahic
1522 4120 1613 4171 est
1641 4118 1794 4172 homo
1813 4120 2029 4173 solum-

418 4207 616 4274 modo,
650 4221 768 4260 non
802 4206 970 4272 Deus,
1000 4208 1063 4258 ut
1088 4205 1342 4273 dicebat;
1388 4206 1500 4270 Qui
1528 4206 1705 4261 homo
1732 4224 1839 4263 non
1850 4214 2031 4278 posuit

2149 477 2257 533 Dei
2284 482 2339 534 in
2368 480 2719 547 aeternum,id
2748 482 2833 534 est
2875 477 3132 553 quandiu
3171 478 3444 534 saeculum
3488 476 3768 534 transito-

2150 567 2300 623 rium
2321 569 2564 638 duravit,
2585 572 2642 624 et
2659 569 2848 624 eundo
2866 586 3043 642 usque
3059 569 3117 623 in
3143 568 3414 623 saeculum
3433 570 3751 632 asternum,

2153 658 2341 713 saeculi
2368 658 2580 730 prioris
2599 658 3046 714 subsecutivum.

2222 747 2340 819 Ego
2370 747 2495 804 dico
2535 747 2781 803 existens
2832 751 2969 803 tunc
3026 747 3087 801 in
3122 747 3297 803 domo
3329 746 3453 814 Dei,
3488 745 3548 802 id
3577 749 3664 802 est
3693 745 3762 804 in

2145 835 2410 903 Ecclesia;
2447 854 2564 892 non
2599 836 2805 892 sterilis
2821 837 2892 891 ab
2916 852 3090 909 Opere
3113 836 3291 898 bono,
3323 835 3424 891 sed
3449 835 3758 892 sicutoliva

2140 926 2447 996 fructifera,
2464 925 2523 980 id
2545 926 2891 980 estfructum
2924 925 3164 981 ferendo
3185 925 3478 980 bonorum
3500 941 3759 997 operum

2143 1015 2215 1069 ad
2240 1014 2480 1070 modum
2511 1014 2673 1069 oliva:
2726 1014 3053 1082 fructiferae,
3088 1017 3145 1068 et
3202 1030 3437 1085 semper
3464 1014 3665 1069 viridis
3690 1014 3758 1069 in

2139 1102 2274 1171 ﬁde,
2306 1108 2363 1159 et
2387 1104 2445 1158 in
2479 1103 2771 1177 prosperis
2799 1107 2855 1158 et
2904 1104 2965 1158 in
3018 1103 3287 1171 adversis,
3326 1101 3400 1157 ad
3420 1100 3753 1158 similitudi-

2139 1210 2276 1248 nem
2303 1193 2492 1260 olivze,
2526 1210 2655 1264 quas
2684 1210 2790 1249 nec
2817 1195 2986 1248 aetate
3009 1210 3115 1248 nec
3129 1192 3327 1247 hieme
3340 1193 3499 1247 caret
3521 1191 3739 1247 virore.

2136 1282 2233 1337 Vel
2264 1282 2342 1337 sic
2374 1299 2388 1336 :
2419 1280 2676 1337 Existens
2701 1283 2836 1337 sicut
2855 1283 2998 1338 oliva
3026 1282 3324 1353 fructi/era
3354 1283 3407 1336 in
3437 1282 3592 1336 domo
3620 1282 3754 1345 Dei,

2138 1369 2198 1426 id
2229 1374 2313 1425 est
2329 1372 2645 1426 secundum
2670 1372 2781 1427 hoc
2828 1372 2983 1444 quod
3009 1388 3171 1426 eram
3195 1372 3406 1427 domus
3422 1372 3524 1426 Dei
3549 1388 3563 1439 ;
3598 1387 3666 1425 ac
3696 1366 3749 1425 si

2138 1459 2392 1514 diceret:
2428 1461 2553 1516 Non
2604 1477 2708 1532 per
2739 1477 2834 1516 me
2872 1460 3190 1526 fructifera,
3240 1459 3337 1514 sed
3395 1475 3501 1531 per
3537 1461 3752 1527 Deum,

2137 1548 2295 1619 cujus
2326 1548 2729 1607 domuseram.
2759 1549 2894 1605 Dico
2909 1547 3065 1620 quod
3090 1553 3229 1604 tunc
3261 1550 3474 1619 speravi
3496 1550 3553 1601 in
3581 1551 3744 1602 mise-

2135 1637 2390 1700 ricordia,
2423 1654 2555 1692 cum
2587 1638 2706 1708 ipse
2755 1641 3016 1710 speraret
3047 1638 3107 1692 in
3170 1637 3398 1692 divitiis.
3455 1638 3575 1709 Ego
3613 1637 3748 1692 dico

2134 1725 2243 1779 sic:
2272 1726 2488 1780 Mecum
2522 1726 2753 1781 dicens:
2789 1725 2833 1781 0
2854 1720 3003 1781 heus
3034 1725 3326 1799 conﬁtebor
3356 1726 3453 1780 tibi
3482 1728 3537 1780 in
3570 1742 3744 1781 secu-

2134 1814 2267 1881 tum,
2298 1830 2363 1868 ac
2394 1814 2438 1868 si
2482 1814 2668 1869 dicat:
2711 1816 2836 1871 Non
2878 1815 3183 1886 denegabo
3230 1818 3288 1870 te
3325 1816 3541 1870 timore
3571 1815 3745 1870 Anti-

2135 1902 2350 1969 christi,
2383 1903 2484 1957 sed
2513 1902 2820 1975 conﬁtebor,
2849 1902 2909 1959 id
2951 1908 3037 1959 est
3061 1903 3308 1959 laudabo
3332 1906 3391 1958 te
3425 1904 3744 1976 respiciens

2134 1993 2196 2046 in
2224 1992 2477 2045 secutum
2507 1991 2889 2059 azternum,in
2916 2007 3030 2063 quo
3061 1986 3421 2047 mihireddes
3446 1993 3564 2064 spei
3592 2002 3744 2047 mea

2135 2080 2462 2152 praemium.
2498 2080 2564 2133 Et
2583 2079 2713 2135 ideo
2740 2078 3046 2151 conﬁtebor,
3067 2082 3194 2152 quia
3214 2082 3393 2151 fecisti
3408 2097 3503 2135 me
3526 2081 3742 2137 olivam

2133 2166 2512 2234 fructiferam,
2542 2170 2727 2224 etnon
2761 2168 2970 2223 faciam
2985 2168 3154 2223 mein
3167 2169 3276 2223 hoc
3306 2170 3510 2224 saeculo
3531 2171 3743 2224 Deum.

2136 2253 2249 2310 Sed
2279 2257 2603 2326 exspectabo,
2632 2257 2691 2311 id
2717 2259 2803 2311 est
2825 2257 3115 2329 patienter
3158 2235 3497 2330 exspectabb
3552 2273 3750 2313 nomen

2136 2350 2307 2410 tuum,
2326 2344 2638 2415 quodmihi
2665 2344 2825 2399 dabis
2841 2345 2899 2399 in
2913 2345 3128 2413 futuro,
3157 2346 3266 2400 hoc
3286 2342 3498 2401 scilicet
3527 2358 3749 2401 nomen

2136 2433 2291 2504 quod
2325 2436 2410 2487 est
2440 2435 2607 2501 Deus,
2646 2434 2807 2505 quod
2834 2434 2979 2488 mihi
3002 2432 3609 2502 dabisinfuturo,cum
3646 2444 3745 2490 me

2135 2521 2474 2593 participem
2489 2521 2661 2577 facies
2680 2521 2995 2578 divinitatis
3013 2522 3146 2591 tuae;
3168 2526 3227 2578 et
3265 2524 3474 2579 merito
3490 2520 3633 2578 illud
3650 2538 3745 2578 no-

2134 2626 2255 2664 men
2273 2610 2597 2681 exspectabo,
2631 2612 2887 2684 quoniam
2911 2611 3103 2667 bonum
3132 2618 3225 2678 est,
3258 2611 3506 2667 existens
3530 2612 3656 2683 jam
3685 2611 3747 2667 in

2136 2698 2537 2769 conspectu,id
2548 2703 2632 2753 est
2647 2699 2708 2753 in
2740 2699 3007 2754 interiori
3028 2700 3491 2755 consideratione
3516 2705 3752 2755 sancto;

2134 2803 2264 2840 rum
2276 2790 2528 2855 tuorum;
2545 2787 2701 2859 quod
2717 2791 2804 2842 est
2824 2788 3013 2843 dieere
3038 2806 3050 2842 :
3070 2789 3097 2842 Ι
3102 2804 3199 2843 am
3213 2789 3585 2844 considerant
3600 2787 3747 2844 illud

2136 2891 2352 2930 nomen
2375 2891 2474 2947 spe
2502 2893 2516 2944 ;
2567 2877 2653 2931 vel
2684 2876 2799 2931 sic:
2853 2877 3178 2947 exspectabo,
3214 2877 3270 2932 id
3299 2879 3385 2932 est
3432 2874 3747 2949 diligenter

2134 2964 2517 3019 considerabo
2538 2981 2755 3020 nomen
2781 2965 3129 3039 tuum,quod
3143 2968 3228 3020 est
3252 2964 3485 3033 Deus,id
3505 2970 3593 3022 est
3622 2980 3746 3021 non

2134 3054 2447 3108 altribuam
2464 3053 2606 3109 mihi
2626 3055 2737 3109 hoc
2762 3070 2979 3109 nomen
3011 3055 3168 3126 quod
3194 3058 3281 3111 est
3300 3057 3562 3123 Deus,vel
3582 3055 3747 3110 Anti-

2134 3142 2365 3209 christo,
2396 3143 2497 3197 sed
2553 3143 2665 3197 hoc
2722 3159 2939 3198 nomen
2977 3146 3143 3197 tuum
3188 3159 3310 3199 esse
3338 3144 3743 3212 considerabo,

2134 3231 2413 3303 quoniam
2444 3231 2553 3286 hoc
2582 3248 2802 3288 nomen
2816 3232 3037 3288 bonum
3055 3232 3350 3289 summum
3369 3231 3743 3305 signiﬁcat,id

2134 3323 2219 3375 est
2249 3322 2305 3374 te
2331 3323 2390 3374 et
2418 3337 2538 3376 non
2560 3319 2800 3389 illud,et
2827 3322 2936 3376 hoc
2952 3326 3037 3376 est
3054 3324 3322 3377 constans
3346 3323 3402 3377 in
3432 3326 3744 3394 conspectu

2133 3408 2394 3464 interiori
2412 3412 2742 3464 sanctorum
2763 3410 3344 3482 tuorum,cuicunque
3356 3427 3475 3467 non
3494 3414 3740 3467 constet.

2131 3497 2230 3552 Vel
2260 3497 2339 3553 sic
2361 3498 2685 3569 exspectabo,
2719 3498 2777 3553 id
2798 3502 2883 3553 est
2907 3498 3219 3569 diligenter
3249 3500 3628 3556 considerabo
3648 3514 3745 3556 uo-

2132 3603 2251 3641 men
2281 3592 2451 3653 tuum,
2485 3587 2545 3641 id
2562 3589 2648 3642 est
2672 3586 3207 3657 magnificationem
3220 3588 3456 3643 honoris
3483 3588 3745 3645 nominis

2132 3675 2235 3743 tui,
2267 3675 2324 3730 id
2350 3676 2568 3742 est,hoc
2603 3676 3166 3748 considerabo,quod
3188 3693 3405 3731 nomen
3423 3680 3588 3732 tuum
3634 3678 3739 3732 ho-

2137 3764 2470 3819 norandum
2502 3766 2587 3819 est
2619 3764 2949 3836 magniﬁce,
2992 3782 3111 3820 non
3132 3781 3351 3821 nomen
3379 3765 3737 3835 Antichristi,

2130 3855 2385 3926 quoniam
2407 3853 2598 3907 bonum
2622 3864 2694 3909 est
2726 3869 2914 3908 nomen
2951 3859 3123 3921 tuum,
3146 3853 3206 3908 id
3234 3857 3320 3909 est
3336 3855 3530 3909 honor
3545 3854 3737 3910 nomi-

2132 3941 2218 3997 nis
2248 3941 2330 3996 tui
2362 3944 2419 3995 in
2470 3949 2746 4014 conspectu
2794 3947 3099 3998 sanctorum
3152 3949 3406 4010 tuarum;
3447 3943 3602 4016 quod
3654 3945 3741 3998 est

2133 4030 2324 4085 dicere
2364 4047 2378 4085 :
2416 4030 2550 4086 ldeo
2584 4031 2985 4099 considerabo,
3019 4032 3154 4104 quia
3177 4032 3343 4088 video
3367 4032 3526 4105 quod
3555 4030 3740 4087 sancti

2132 4119 2211 4173 tui
2242 4123 2519 4191 reputant
2546 4137 2667 4175 esse
2694 4121 2916 4175 bonum
2942 4122 3052 4177 hoc
3073 4121 3461 4177 considerare.

2632 4209 2700 4262 IN
2748 4208 3073 4265 PSALMUM
3124 4210 3230 4266 LII.

414 4293 592 4349 Deum
631 4308 753 4348 esse
783 4292 1082 4363 adjutorem
1111 4309 1289 4354 suum,
1335 4292 1393 4346 id
1437 4297 1522 4348 est
1553 4311 1671 4349 non
1702 4277 2026 4366 reputando
2051 4277 2104 4336 D
2204 4297 2414 4352 Psalmi
2443 4297 2908 4369 quinquagesimi
2932 4299 3166 4354 secundi
3194 4299 3410 4354 Titulus
3440 4297 3550 4354 :In
3572 4298 3737 4371 ﬁnem

416 4399 476 4438 se
503 4384 831 4437 creaturam
853 4380 955 4435 sed
984 4382 1190 4448 Deum,
1215 4382 1401 4436 noluit
1426 4399 1592 4437 orare
1616 4385 1797 4438 Deum
1816 4388 2025 4440 uteum
2118 4402 2222 4456 pro
2248 4386 2510 4440 Amalech
2532 4386 2821 4441 intellectus
2857 4386 3054 4441 David.
3092 4386 3381 4451 Quoniam
3425 4387 3736 4442 notissima

417 4471 733 4542 adjuvaret.
762 4469 871 4525 Sed
905 4471 1155 4540 speravit,
1190 4469 1250 4524 id
1276 4473 1361 4525 est
1389 4470 1800 4527 conﬁdentiam
1827 4473 2029 4528 habuit

416 4557 703 4614 efﬁciendi
727 4557 882 4630 quod
898 4559 1067 4612 vellet
1090 4574 1103 4612 :
1128 4559 1191 4613 in
1222 4559 1565 4613 multitudine
1578 4560 1891 4615 divitiarum
1906 4580 2028 4616 sua-

414 4664 557 4712 rum,
603 4644 671 4707 id
688 4649 771 4698 est
800 4646 1116 4715 permultas
1136 4646 1359 4701 divitias
1380 4664 1528 4715 suas,
1562 4652 1619 4703 et
1638 4649 1941 4705 interiores
1967 4655 2025 4707 et

415 4733 743 4790 exteriores.
1032 4734 1265 4790 Divitias
1296 4735 1606 4793 interiores
1636 4739 1791 4806 dicit,
1823 4740 2023 4795 facun-

415 4824 571 4879 diam
592 4821 1001 4895 etsapientiam
1016 4824 1403 4892 mundanam,
1424 4841 1598 4896 quam
1618 4827 2027 4884 habebit.Divi-

412 4913 524 4968 tias
552 4915 747 4967 autem
774 4910 1109 4979 exteriores,
1144 4928 1351 4968 aurum
1377 4916 1435 4968 et
1465 4917 1674 4970 caetera
1694 4918 1946 4984 terrena,
1975 4924 2025 4972 et

413 5003 469 5055 in
495 5002 731 5055 vanitate
757 5016 874 5066 sua,
907 4997 965 5053 id
996 5002 1083 5053 est
1112 4999 1173 5054 in
1204 5016 1353 5054 vana
1384 5003 1652 5072 superbia
1700 5005 2021 5074 praevaluit,

413 5089 474 5145 id
503 5092 590 5143 est
611 5091 743 5143 ante
760 5103 968 5142 omnes
981 5088 1177 5156 valuit,
1195 5092 1256 5142 ut
1277 5088 1392 5160 maj
1402 5105 1563 5144 orem
1574 5091 1815 5147 haberet
1824 5097 2026 5164 poten-

410 5177 554 5233 tiam
583 5192 702 5249 prae
749 5176 986 5243 cunctis,
1020 5177 1106 5231 vel
1132 5177 1210 5231 sic
1255 5180 1311 5230 in
1340 5183 1576 5233 vanztate
1602 5182 1875 5250 potentiae
1907 5199 2023 5238 sua:

410 5267 648 5340 positus,
680 5265 986 5338 praevaluit
1009 5266 1194 5335 nobis,
1232 5282 1350 5321 non
1375 5267 1432 5321 in
1460 5268 1807 5337 animarum,
1838 5272 1935 5326 sed
1961 5272 2020 5328 in

410 5371 719 5427 corporum
738 5353 989 5409 laesione.
1030 5355 1129 5410 Vel
1154 5354 1234 5410 sic
1258 5354 1356 5409 :In
1382 5363 1617 5411 vanitate
1632 5358 1752 5430 spei
1768 5376 1881 5414 suae
1914 5377 2017 5432 po-

411 5445 550 5499 situs
578 5443 893 5514 praevaluit,
928 5442 986 5497 id
1012 5445 1098 5496 est
1145 5461 1207 5500 se
1250 5444 1415 5499 nobis
1438 5445 1746 5516 pragvalere
1775 5450 2015 5520 putavit,

2127 4478 2214 4530 est
2239 4476 2360 4530 haec
2384 4475 2642 4539 historia,
2667 4492 2793 4547 qua:
2806 4475 2867 4529 in
2892 4476 3001 4532 hoc
3014 4476 3179 4532 titulo
3201 4478 3273 4531 ad
3305 4478 3551 4549 ﬁguram
3571 4478 3737 4533 indu-

2125 4566 2293 4633 citur,
2325 4566 2574 4620 breviter
2603 4582 2735 4620 eam
2761 4566 2969 4631 innuit,
3002 4582 3133 4621 cum
3162 4566 3299 4622 dicit
3316 4585 3416 4639 pro
3453 4567 3731 4624 Amalech.

2129 4654 2265 4719 Quae
2278 4653 2520 4709 historia
2535 4654 2662 4708 talis
2683 4657 2801 4708 est:
2831 4655 3163 4709 Amalecitaa
3189 4655 3414 4728 Siceleg
3445 4655 3733 4711 civitatem

2125 4741 2448 4814 parvulam,
2468 4741 2526 4796 in
2548 4757 2662 4812 qua
2682 4740 2783 4795 filii
2811 4741 2986 4797 David
3000 4746 3057 4796 et
3070 4759 3210 4797 uxor
3228 4744 3354 4814 ejus
3372 4744 3732 4811 habitabant,

2124 4828 2177 4883 vi
2193 4829 2506 4901 capientes,
2530 4829 2764 4884 eosdem
2780 4829 2925 4885 ﬁlios
2946 4834 3003 4885 et
3022 4842 3261 4887 uxurem
3283 4834 3540 4905 captivos
3560 4834 3733 4888 duxe-

2125 4921 2281 4974 runt.
2315 4920 2437 4984 Quo
2479 4918 2673 4975 audito
2704 4920 2903 4987 David,
2951 4935 3130 4976 manu
3160 4922 3419 4978 maxima
3474 4924 3730 4991 collecta,

2124 5010 2414 5063 insecutus
2444 5011 2529 5063 est
2564 5025 2684 5071 eos,
2717 5012 2775 5063 et
2806 5009 3030 5077 devicit,
3070 5013 3129 5065 et
3187 5026 3433 5067 uxorem
3460 5027 3643 5080 suam,
3674 5017 3735 5068 et

2125 5098 2270 5152 ﬁlios
2301 5097 2513 5170 eripuit
2565 5097 2623 5170 (Ῑ
2644 5097 2777 5168 Reg.
2806 5103 2960 5163 xxx).
3006 5099 3215 5171 Figura
3266 5101 3509 5172 quidem
3564 5101 3734 5172 hujus

2124 5186 2379 5241 historiae
2404 5187 2532 5241 talis
2557 5188 2662 5241 est.
2682 5187 2791 5241 Per
2805 5185 2984 5242 David
3000 5187 3274 5255 Christus,
3306 5206 3415 5261 per
3433 5190 3730 5257 Amalech,

2124 5275 2221 5347 qui
2251 5275 2431 5330 dolens
2461 5275 2547 5329 vel
2570 5278 2880 5347 parturiens
2905 5276 3340 5348 interpretatur,
3374 5278 3640 5335 inﬁdeles
3662 5294 3731 5334 ex

2122 5367 2366 5436 utroque
2398 5364 2612 5435 populo
2669 5363 3092 5435 intelliguntur,
3146 5366 3244 5436 qui
3286 5366 3490 5421 ﬁdeles
3521 5367 3580 5422 in
3620 5369 3729 5422 hoc

2118 5453 2340 5508 mundo
2361 5455 2802 5525 persequuntur,
2833 5454 3002 5526 etper
3032 5453 3440 5509 tribulationes
3468 5455 3728 5528 captivos

412 5535 476 5586 ut
500 5529 551 5586 ei
596 5530 1115 5600 conformaremur,
1186 5530 1327 5588 Dico
1359 5533 1514 5607 quod
1544 5533 1664 5605 ipse
1688 5544 1918 5608 speravit
1954 5538 2013 5597 in
2117 5543 2355 5609 ducunt,
2375 5541 2434 5597 in
2455 5556 2660 5599 eorum
2686 5542 3022 5615 corporibus
3038 5542 3402 5600 dominando
3430 5561 3444 5601 :
3479 5544 3723 5618 quiinﬁ~
