  <div class='ocr_page' id='page_1' title='image "/cluster/home/n/w/nwhite01/storage/ocr_20150623/152/hvd.32044054760103/442.png"; bbox 0 0 3994 6042; ppageno 0'>
   <div class='ocr_carea' id='block_1_1' title="bbox 194 324 305 396">
    <p class='ocr_par' dir='ltr' id='par_1_1' title="bbox 194 324 305 396">
     <span class='ocr_line' id='line_1_1' title="bbox 194 324 305 396; baseline 0.009 -1"><span class='ocrx_word' id='word_1_1' title='bbox 194 324 305 396; x_wconf 63' lang='lat'><strong>873</strong></span> 
     </span>
    </p>
   </div>
   <div class='ocr_carea' id='block_1_2' title="bbox 1204 327 2511 397">
    <p class='ocr_par' dir='ltr' id='par_1_2' title="bbox 1204 327 2511 397">
     <span class='ocr_line' id='line_1_2' title="bbox 1204 327 2511 397; baseline 0.004 -6"><span class='ocrx_word' id='word_1_2' title='bbox 1204 328 1560 393; x_wconf 80' lang='lat' dir='ltr'><strong>EXPOSITIO</strong></span> <span class='ocrx_word' id='word_1_3' title='bbox 1596 331 1668 393; x_wconf 80' lang='lat' dir='ltr'><strong>IN</strong></span> <span class='ocrx_word' id='word_1_4' title='bbox 1704 327 2041 393; x_wconf 77' lang='lat' dir='ltr'><strong>PSALMOS.</strong></span> <span class='ocrx_word' id='word_1_5' title='bbox 2078 363 2149 378; x_wconf 67' lang='grc' dir='ltr'><strong>ι·-</strong></span> <span class='ocrx_word' id='word_1_6' title='bbox 2184 331 2380 397; x_wconf 75' lang='lat' dir='ltr'><strong>PSAL.</strong></span> <span class='ocrx_word' id='word_1_7' title='bbox 2421 332 2511 396; x_wconf 82' lang='lat' dir='ltr'><strong>LII</strong></span> 
     </span>
    </p>
   </div>
   <div class='ocr_carea' id='block_1_3' title="bbox 3405 332 3513 400">
    <p class='ocr_par' dir='ltr' id='par_1_3' title="bbox 3405 332 3513 400">
     <span class='ocr_line' id='line_1_3' title="bbox 3405 332 3513 400; baseline 0.028 -3"><span class='ocrx_word' id='word_1_8' title='bbox 3405 332 3513 400; x_wconf 59' lang='lat'><strong>875</strong></span> 
     </span>
    </p>
   </div>
   <div class='ocr_carea' id='block_1_4' title="bbox 183 408 3517 532">
    <p class='ocr_par' dir='ltr' id='par_1_4' title="bbox 183 408 3517 532">
     <span class='ocr_line' id='line_1_4' title="bbox 183 408 3517 532; baseline 0.001 -19"><span class='ocrx_word' id='word_1_9' title='bbox 183 450 344 513; x_wconf 89' lang='lat' dir='ltr'><strong>deles</strong></span> <span class='ocrx_word' id='word_1_10' title='bbox 386 450 560 529; x_wconf 85' lang='lat' dir='ltr'><strong>digne</strong></span> <span class='ocrx_word' id='word_1_11' title='bbox 592 449 860 512; x_wconf 88' lang='lat' dir='ltr'><strong>dicuntur</strong></span> <span class='ocrx_word' id='word_1_12' title='bbox 894 449 1283 527; x_wconf 75' lang='lat' dir='ltr'><strong>parturientes</strong></span> <span class='ocrx_word' id='word_1_13' title='bbox 1331 455 1390 510; x_wconf 90' lang='lat' dir='ltr'><strong>et</strong></span> <span class='ocrx_word' id='word_1_14' title='bbox 1420 452 1701 523; x_wconf 73' lang='lat' dir='ltr'><strong>dolentes,</strong></span> <span class='ocrx_word' id='word_1_15' title='bbox 1729 470 1798 511; x_wconf 87' lang='lat' dir='ltr'><strong>eo</strong></span> <span class='ocrx_word' id='word_1_16' title='bbox 1822 460 1880 520; x_wconf 81' lang='grc' dir='ltr'><strong>Α</strong></span> <span class='ocrx_word' id='word_1_17' title='bbox 1910 453 1984 511; x_wconf 89' lang='lat' dir='ltr'><strong>ad</strong></span> <span class='ocrx_word' id='word_1_18' title='bbox 2012 454 2304 514; x_wconf 82' lang='lat' dir='ltr'><strong>Romanos</strong></span> <span class='ocrx_word' id='word_1_19' title='bbox 2356 456 2646 531; x_wconf 80' lang='lat' dir='ltr'><strong>posuerat,</strong></span> <span class='ocrx_word' id='word_1_20' title='bbox 2703 472 2818 515; x_wconf 87' lang='lat' dir='ltr'><strong>uno</strong></span> <span class='ocrx_word' id='word_1_21' title='bbox 2861 408 3028 515; x_wconf 69' lang='lat' dir='ltr'><strong>versu</strong></span> <span class='ocrx_word' id='word_1_22' title='bbox 3069 453 3299 515; x_wconf 84' lang='lat' dir='ltr'><strong>modico</strong></span> <span class='ocrx_word' id='word_1_23' title='bbox 3346 454 3517 532; x_wconf 81' lang='lat' dir='ltr'><strong>hujus</strong></span> 
     </span>
    </p>
   </div>
   <div class='ocr_carea' id='block_1_5' title="bbox 184 543 1807 618">
    <p class='ocr_par' dir='ltr' id='par_1_5' title="bbox 184 543 1807 618">
     <span class='ocr_line' id='line_1_5' title="bbox 184 543 1807 618; baseline -0.002 -17"><span class='ocrx_word' id='word_1_24' title='bbox 184 544 342 618; x_wconf 90' lang='lat' dir='ltr'><strong>quod</strong></span> <span class='ocrx_word' id='word_1_25' title='bbox 359 544 451 601; x_wconf 90' lang='lat' dir='ltr'><strong>hic</strong></span> <span class='ocrx_word' id='word_1_26' title='bbox 480 560 709 617; x_wconf 91' lang='lat' dir='ltr'><strong>semper</strong></span> <span class='ocrx_word' id='word_1_27' title='bbox 722 544 1067 614; x_wconf 89' lang='lat' dir='ltr'><strong>malaopera</strong></span> <span class='ocrx_word' id='word_1_28' title='bbox 1088 543 1161 597; x_wconf 90' lang='lat' dir='ltr'><strong>ad</strong></span> <span class='ocrx_word' id='word_1_29' title='bbox 1193 560 1392 615; x_wconf 68' lang='lat' dir='ltr'><strong>pmnas</strong></span> <span class='ocrx_word' id='word_1_30' title='bbox 1420 547 1807 615; x_wconf 81' lang='lat' dir='ltr'><strong>aeternaspar-</strong></span> 
     </span>
    </p>
   </div>
   <div class='ocr_carea' id='block_1_6' title="bbox 183 630 1807 705">
    <p class='ocr_par' dir='ltr' id='par_1_6' title="bbox 183 630 1807 705">
     <span class='ocr_line' id='line_1_6' title="bbox 183 630 1807 705; baseline -0.002 -16"><span class='ocrx_word' id='word_1_31' title='bbox 183 633 408 689; x_wconf 87' lang='lat' dir='ltr'><strong>tnriunt</strong></span> <span class='ocrx_word' id='word_1_32' title='bbox 438 634 508 688; x_wconf 90' lang='lat' dir='ltr'><strong>de</strong></span> <span class='ocrx_word' id='word_1_33' title='bbox 540 633 746 705; x_wconf 88' lang='lat' dir='ltr'><strong>quibus</strong></span> <span class='ocrx_word' id='word_1_34' title='bbox 776 631 836 685; x_wconf 89' lang='lat' dir='ltr'><strong>in</strong></span> <span class='ocrx_word' id='word_1_35' title='bbox 858 630 1054 686; x_wconf 84' lang='lat' dir='ltr'><strong>futuro</strong></span> <span class='ocrx_word' id='word_1_36' title='bbox 1081 631 1203 685; x_wconf 87' lang='lat' dir='ltr'><strong>sine</strong></span> <span class='ocrx_word' id='word_1_37' title='bbox 1218 631 1333 686; x_wconf 92' lang='lat' dir='ltr'><strong>ﬁne</strong></span> <span class='ocrx_word' id='word_1_38' title='bbox 1349 632 1644 689; x_wconf 80' lang='lat' dir='ltr'><strong>dolebant.</strong></span> <span class='ocrx_word' id='word_1_39' title='bbox 1699 634 1807 687; x_wconf 87' lang='lat' dir='ltr'><strong>Per</strong></span> 
     </span>
    </p>
   </div>
   <div class='ocr_carea' id='block_1_7' title="bbox 184 719 1803 793">
    <p class='ocr_par' dir='ltr' id='par_1_7' title="bbox 184 719 1803 793">
     <span class='ocr_line' id='line_1_7' title="bbox 184 719 1803 793; baseline -0.003 -15"><span class='ocrx_word' id='word_1_40' title='bbox 184 738 424 778; x_wconf 84' lang='lat' dir='ltr'><strong>uxorem</strong></span> <span class='ocrx_word' id='word_1_41' title='bbox 476 720 653 777; x_wconf 84' lang='lat' dir='ltr'><strong>David</strong></span> <span class='ocrx_word' id='word_1_42' title='bbox 685 724 742 776; x_wconf 90' lang='lat' dir='ltr'><strong>et</strong></span> <span class='ocrx_word' id='word_1_43' title='bbox 785 720 932 775; x_wconf 88' lang='lat' dir='ltr'><strong>ﬁlios</strong></span> <span class='ocrx_word' id='word_1_44' title='bbox 979 719 1101 791; x_wconf 98' lang='lat' dir='ltr'><strong>ejus</strong></span> <span class='ocrx_word' id='word_1_45' title='bbox 1130 720 1202 774; x_wconf 92' lang='lat' dir='ltr'><strong>ab</strong></span> <span class='ocrx_word' id='word_1_46' title='bbox 1231 721 1506 775; x_wconf 86' lang='lat' dir='ltr'><strong>Amalech</strong></span> <span class='ocrx_word' id='word_1_47' title='bbox 1554 722 1803 793; x_wconf 91' lang='lat' dir='ltr'><strong>ereptos,</strong></span> 
     </span>
    </p>
   </div>
   <div class='ocr_carea' id='block_1_8' title="bbox 185 808 1803 881">
    <p class='ocr_par' dir='ltr' id='par_1_8' title="bbox 185 808 1803 881">
     <span class='ocr_line' id='line_1_8' title="bbox 185 808 1803 881; baseline -0.002 -15"><span class='ocrx_word' id='word_1_48' title='bbox 185 809 496 866; x_wconf 81' lang='lat' dir='ltr'><strong>denotatur</strong></span> <span class='ocrx_word' id='word_1_49' title='bbox 508 808 754 864; x_wconf 81' lang='lat' dir='ltr'><strong>Ecclesia</strong></span> <span class='ocrx_word' id='word_1_50' title='bbox 766 808 1058 881; x_wconf 89' lang='lat' dir='ltr'><strong>primitiva</strong></span> <span class='ocrx_word' id='word_1_51' title='bbox 1072 808 1329 879; x_wconf 76' lang='lat' dir='ltr'><strong>specialis</strong></span> <span class='ocrx_word' id='word_1_52' title='bbox 1347 808 1554 864; x_wconf 81' lang='lat' dir='ltr'><strong>Christi</strong></span> <span class='ocrx_word' id='word_1_53' title='bbox 1574 824 1803 881; x_wconf 90' lang='lat' dir='ltr'><strong>sponsa,</strong></span> 
     </span>
    </p>
   </div>
   <div class='ocr_carea' id='block_1_9' title="bbox 184 896 1808 970">
    <p class='ocr_par' dir='ltr' id='par_1_9' title="bbox 184 896 1808 970">
     <span class='ocr_line' id='line_1_9' title="bbox 184 896 1808 970; baseline -0.002 -16"><span class='ocrx_word' id='word_1_54' title='bbox 184 901 245 954; x_wconf 88' lang='lat' dir='ltr'><strong>et</strong></span> <span class='ocrx_word' id='word_1_55' title='bbox 266 898 358 952; x_wconf 87' lang='lat' dir='ltr'><strong>alii</strong></span> <span class='ocrx_word' id='word_1_56' title='bbox 390 898 588 954; x_wconf 87' lang='lat' dir='ltr'><strong>ﬁdeles</strong></span> <span class='ocrx_word' id='word_1_57' title='bbox 610 914 713 970; x_wconf 91' lang='lat' dir='ltr'><strong>per</strong></span> <span class='ocrx_word' id='word_1_58' title='bbox 743 896 917 969; x_wconf 89' lang='lat' dir='ltr'><strong>ipsius</strong></span> <span class='ocrx_word' id='word_1_59' title='bbox 948 896 1207 953; x_wconf 63' lang='lat' dir='ltr'><strong>Ecclesiae</strong></span> <span class='ocrx_word' id='word_1_60' title='bbox 1248 897 1722 968; x_wconf 68' lang='lat' dir='ltr'><strong>praedicationem</strong></span> <span class='ocrx_word' id='word_1_61' title='bbox 1749 899 1808 952; x_wconf 92' lang='lat' dir='ltr'><strong>et</strong></span> 
     </span>
    </p>
   </div>
   <div class='ocr_carea' id='block_1_10' title="bbox 181 984 1809 1059">
    <p class='ocr_par' dir='ltr' id='par_1_10' title="bbox 181 984 1809 1059">
     <span class='ocr_line' id='line_1_10' title="bbox 181 984 1809 1059; baseline -0.002 -17"><span class='ocrx_word' id='word_1_62' title='bbox 181 988 515 1059; x_wconf 84' lang='lat' dir='ltr'><strong>exemplum</strong></span> <span class='ocrx_word' id='word_1_63' title='bbox 548 985 871 1041; x_wconf 89' lang='lat' dir='ltr'><strong>ﬁliiChristi</strong></span> <span class='ocrx_word' id='word_1_64' title='bbox 897 985 1053 1052; x_wconf 84' lang='lat' dir='ltr'><strong>facti,</strong></span> <span class='ocrx_word' id='word_1_65' title='bbox 1086 985 1183 1056; x_wconf 91' lang='lat' dir='ltr'><strong>qui</strong></span> <span class='ocrx_word' id='word_1_66' title='bbox 1214 984 1273 1040; x_wconf 92' lang='lat' dir='ltr'><strong>in</strong></span> <span class='ocrx_word' id='word_1_67' title='bbox 1301 985 1492 1041; x_wconf 84' lang='lat' dir='ltr'><strong>futuro</strong></span> <span class='ocrx_word' id='word_1_68' title='bbox 1515 987 1586 1040; x_wconf 88' lang='lat' dir='ltr'><strong>ab</strong></span> <span class='ocrx_word' id='word_1_69' title='bbox 1609 985 1809 1041; x_wconf 80' lang='lat' dir='ltr'><strong>intide-</strong></span> 
     </span>
    </p>
   </div>
   <div class='ocr_carea' id='block_1_11' title="bbox 180 1073 1808 1147">
    <p class='ocr_par' dir='ltr' id='par_1_11' title="bbox 180 1073 1808 1147">
     <span class='ocr_line' id='line_1_11' title="bbox 180 1073 1808 1147; baseline -0.001 -15"><span class='ocrx_word' id='word_1_70' title='bbox 180 1074 325 1132; x_wconf 89' lang='lat' dir='ltr'><strong>lium</strong></span> <span class='ocrx_word' id='word_1_71' title='bbox 336 1077 622 1147; x_wconf 82' lang='lat' dir='ltr'><strong>potestate</strong></span> <span class='ocrx_word' id='word_1_72' title='bbox 645 1073 874 1147; x_wconf 89' lang='lat' dir='ltr'><strong>penitus</strong></span> <span class='ocrx_word' id='word_1_73' title='bbox 894 1074 1231 1145; x_wconf 89' lang='lat' dir='ltr'><strong>eripientur,</strong></span> <span class='ocrx_word' id='word_1_74' title='bbox 1247 1091 1378 1129; x_wconf 89' lang='lat' dir='ltr'><strong>cum</strong></span> <span class='ocrx_word' id='word_1_75' title='bbox 1393 1077 1611 1129; x_wconf 78' lang='lat' dir='ltr'><strong>aeterna</strong></span> <span class='ocrx_word' id='word_1_76' title='bbox 1624 1074 1808 1146; x_wconf 83' lang='lat' dir='ltr'><strong>gloria</strong></span> 
     </span>
    </p>
   </div>
   <div class='ocr_carea' id='block_1_12' title="bbox 184 1161 1805 1236">
    <p class='ocr_par' dir='ltr' id='par_1_12' title="bbox 184 1161 1805 1236">
     <span class='ocr_line' id='line_1_12' title="bbox 184 1161 1805 1236; baseline -0.002 -17"><span class='ocrx_word' id='word_1_77' title='bbox 184 1163 543 1219; x_wconf 87' lang='lat' dir='ltr'><strong>ditabuntur.</strong></span> <span class='ocrx_word' id='word_1_78' title='bbox 568 1161 677 1236; x_wconf 88' lang='lat' dir='ltr'><strong>Ipsi</strong></span> <span class='ocrx_word' id='word_1_79' title='bbox 693 1179 841 1236; x_wconf 91' lang='lat' dir='ltr'><strong>vero</strong></span> <span class='ocrx_word' id='word_1_80' title='bbox 857 1162 1118 1236; x_wconf 73' lang='lat' dir='ltr'><strong>infideles</strong></span> <span class='ocrx_word' id='word_1_81' title='bbox 1131 1163 1189 1217; x_wconf 91' lang='lat' dir='ltr'><strong>in</strong></span> <span class='ocrx_word' id='word_1_82' title='bbox 1206 1166 1548 1234; x_wconf 88' lang='lat' dir='ltr'><strong>perpetuum</strong></span> <span class='ocrx_word' id='word_1_83' title='bbox 1562 1163 1805 1217; x_wconf 91' lang='lat' dir='ltr'><strong>damna-</strong></span> 
     </span>
    </p>
   </div>
   <div class='ocr_carea' id='block_1_13' title="bbox 172 1234 1803 1324">
    <p class='ocr_par' dir='ltr' id='par_1_13' title="bbox 172 1234 1803 1324">
     <span class='ocr_line' id='line_1_13' title="bbox 172 1234 1803 1324; baseline -0.001 -16"><span class='ocrx_word' id='word_1_84' title='bbox 172 1254 413 1310; x_wconf 90' lang='lat' dir='ltr'><strong>buntur.</strong></span> <span class='ocrx_word' id='word_1_85' title='bbox 455 1234 623 1307; x_wconf 78' lang='lat' dir='ltr'><strong>Tituli</strong></span> <span class='ocrx_word' id='word_1_86' title='bbox 654 1268 787 1306; x_wconf 90' lang='lat' dir='ltr'><strong>vero</strong></span> <span class='ocrx_word' id='word_1_87' title='bbox 1032 1251 1207 1306; x_wconf 84' lang='lat' dir='ltr'><strong>verba</strong></span> <span class='ocrx_word' id='word_1_88' title='bbox 1260 1250 1339 1306; x_wconf 93' lang='lat' dir='ltr'><strong>sic</strong></span> <span class='ocrx_word' id='word_1_89' title='bbox 1392 1260 1803 1324; x_wconf 86' lang='lat' dir='ltr'><strong>exponuntur:</strong></span> 
     </span>
    </p>
   </div>
   <div class='ocr_carea' id='block_1_14' title="bbox 177 1340 1806 1412">
    <p class='ocr_par' dir='ltr' id='par_1_14' title="bbox 177 1340 1806 1412">
     <span class='ocr_line' id='line_1_14' title="bbox 177 1340 1806 1412; baseline -0.001 -16"><span class='ocrx_word' id='word_1_90' title='bbox 177 1340 482 1397; x_wconf 81' lang='lat' dir='ltr'><strong>Intellectus</strong></span> <span class='ocrx_word' id='word_1_91' title='bbox 503 1340 706 1406; x_wconf 62' lang='lat' dir='ltr'><strong>\David</strong></span> <span class='ocrx_word' id='word_1_92' title='bbox 736 1342 791 1395; x_wconf 90' lang='lat' dir='ltr'><strong>in</strong></span> <span class='ocrx_word' id='word_1_93' title='bbox 818 1341 978 1410; x_wconf 83' lang='lat' dir='ltr'><strong>ﬁnem</strong></span> <span class='ocrx_word' id='word_1_94' title='bbox 1003 1342 1347 1411; x_wconf 72' lang='lat' dir='ltr'><strong>respicientis,</strong></span> <span class='ocrx_word' id='word_1_95' title='bbox 1378 1341 1587 1396; x_wconf 81' lang='lat' dir='ltr'><strong>habitus</strong></span> <span class='ocrx_word' id='word_1_96' title='bbox 1610 1347 1684 1395; x_wconf 84' lang='lat' dir='ltr'><strong>est</strong></span> <span class='ocrx_word' id='word_1_97' title='bbox 1703 1357 1806 1412; x_wconf 84' lang='lat' dir='ltr'><strong>pro</strong></span> 
     </span>
    </p>
   </div>
   <div class='ocr_carea' id='block_1_15' title="bbox 178 1428 1809 1503">
    <p class='ocr_par' dir='ltr' id='par_1_15' title="bbox 178 1428 1809 1503">
     <span class='ocr_line' id='line_1_15' title="bbox 178 1428 1809 1503; baseline -0.001 -18"><span class='ocrx_word' id='word_1_98' title='bbox 178 1430 443 1485; x_wconf 83' lang='lat' dir='ltr'><strong>Amalech</strong></span> <span class='ocrx_word' id='word_1_99' title='bbox 469 1448 485 1495; x_wconf 89' lang='lat'><strong><em>;</em></strong></span> <span class='ocrx_word' id='word_1_100' title='bbox 510 1430 666 1502; x_wconf 92' lang='lat' dir='ltr'><strong>quod</strong></span> <span class='ocrx_word' id='word_1_101' title='bbox 687 1433 772 1485; x_wconf 90' lang='lat' dir='ltr'><strong>est</strong></span> <span class='ocrx_word' id='word_1_102' title='bbox 804 1429 994 1484; x_wconf 86' lang='lat' dir='ltr'><strong>dicere</strong></span> <span class='ocrx_word' id='word_1_103' title='bbox 1028 1446 1042 1484; x_wconf 88' lang='lat'><strong>:</strong></span> <span class='ocrx_word' id='word_1_104' title='bbox 1074 1428 1386 1485; x_wconf 87' lang='lat' dir='ltr'><strong>Intellectus</strong></span> <span class='ocrx_word' id='word_1_105' title='bbox 1403 1447 1577 1503; x_wconf 86' lang='lat' dir='ltr'><strong>quem</strong></span> <span class='ocrx_word' id='word_1_106' title='bbox 1606 1429 1809 1485; x_wconf 85' lang='lat' dir='ltr'><strong>habuit</strong></span> 
     </span>
    </p>
   </div>
   <div class='ocr_carea' id='block_1_16' title="bbox 179 1518 1809 1591">
    <p class='ocr_par' dir='ltr' id='par_1_16' title="bbox 179 1518 1809 1591">
     <span class='ocr_line' id='line_1_16' title="bbox 179 1518 1809 1591; baseline 0 -17"><span class='ocrx_word' id='word_1_107' title='bbox 179 1518 366 1574; x_wconf 84' lang='lat' dir='ltr'><strong>David</strong></span> <span class='ocrx_word' id='word_1_108' title='bbox 391 1519 449 1574; x_wconf 90' lang='lat' dir='ltr'><strong>in</strong></span> <span class='ocrx_word' id='word_1_109' title='bbox 476 1518 882 1589; x_wconf 89' lang='lat' dir='ltr'><strong>componendo</strong></span> <span class='ocrx_word' id='word_1_110' title='bbox 912 1519 1200 1591; x_wconf 85' lang='lat' dir='ltr'><strong>psalmum</strong></span> <span class='ocrx_word' id='word_1_111' title='bbox 1233 1519 1429 1587; x_wconf 89' lang='lat' dir='ltr'><strong>istum,</strong></span> <span class='ocrx_word' id='word_1_112' title='bbox 1468 1519 1699 1574; x_wconf 87' lang='lat' dir='ltr'><strong>habitus</strong></span> <span class='ocrx_word' id='word_1_113' title='bbox 1724 1523 1809 1574; x_wconf 90' lang='lat' dir='ltr'><strong>est</strong></span> 
     </span>
    </p>
   </div>
   <div class='ocr_carea' id='block_1_17' title="bbox 169 1606 1805 1680">
    <p class='ocr_par' dir='ltr' id='par_1_17' title="bbox 169 1606 1805 1680">
     <span class='ocr_line' id='line_1_17' title="bbox 169 1606 1805 1680; baseline 0.002 -20"><span class='ocrx_word' id='word_1_114' title='bbox 169 1625 279 1680; x_wconf 84' lang='lat' dir='ltr'><strong>pro</strong></span> <span class='ocrx_word' id='word_1_115' title='bbox 308 1607 589 1674; x_wconf 85' lang='lat' dir='ltr'><strong>Amalech,</strong></span> <span class='ocrx_word' id='word_1_116' title='bbox 612 1607 671 1661; x_wconf 91' lang='lat' dir='ltr'><strong>id</strong></span> <span class='ocrx_word' id='word_1_117' title='bbox 698 1610 783 1662; x_wconf 91' lang='lat' dir='ltr'><strong>est</strong></span> <span class='ocrx_word' id='word_1_118' title='bbox 803 1607 1101 1662; x_wconf 87' lang='lat' dir='ltr'><strong>occasione</strong></span> <span class='ocrx_word' id='word_1_119' title='bbox 1130 1608 1428 1662; x_wconf 89' lang='lat' dir='ltr'><strong>Amalech.</strong></span> <span class='ocrx_word' id='word_1_120' title='bbox 1460 1606 1641 1661; x_wconf 86' lang='lat' dir='ltr'><strong>David</strong></span> <span class='ocrx_word' id='word_1_121' title='bbox 1680 1607 1805 1663; x_wconf 90' lang='lat' dir='ltr'><strong>dico</strong></span> 
     </span>
    </p>
   </div>
   <div class='ocr_carea' id='block_1_18' title="bbox 181 1693 1805 1768">
    <p class='ocr_par' dir='ltr' id='par_1_18' title="bbox 181 1693 1805 1768">
     <span class='ocr_line' id='line_1_18' title="bbox 181 1693 1805 1768; baseline -0.002 -16"><span class='ocrx_word' id='word_1_122' title='bbox 181 1698 521 1768; x_wconf 81' lang='lat' dir='ltr'><strong>respicicmtis</strong></span> <span class='ocrx_word' id='word_1_123' title='bbox 578 1698 633 1750; x_wconf 90' lang='lat' dir='ltr'><strong>in</strong></span> <span class='ocrx_word' id='word_1_124' title='bbox 665 1697 847 1765; x_wconf 82' lang='lat' dir='ltr'><strong>ﬁnem,</strong></span> <span class='ocrx_word' id='word_1_125' title='bbox 908 1696 968 1750; x_wconf 92' lang='lat' dir='ltr'><strong>id</strong></span> <span class='ocrx_word' id='word_1_126' title='bbox 1040 1698 1124 1751; x_wconf 89' lang='lat' dir='ltr'><strong>est</strong></span> <span class='ocrx_word' id='word_1_127' title='bbox 1164 1696 1223 1750; x_wconf 90' lang='lat' dir='ltr'><strong>in</strong></span> <span class='ocrx_word' id='word_1_128' title='bbox 1269 1696 1578 1761; x_wconf 80' lang='lat' dir='ltr'><strong>Christum,</strong></span> <span class='ocrx_word' id='word_1_129' title='bbox 1637 1710 1702 1748; x_wconf 89' lang='lat' dir='ltr'><strong>ac</strong></span> <span class='ocrx_word' id='word_1_130' title='bbox 1759 1693 1805 1749; x_wconf 87' lang='lat' dir='ltr'><strong>si</strong></span> 
     </span>
    </p>
   </div>
   <div class='ocr_carea' id='block_1_19' title="bbox 1906 545 3514 620">
    <p class='ocr_par' dir='ltr' id='par_1_19' title="bbox 1906 545 3514 620">
     <span class='ocr_line' id='line_1_19' title="bbox 1906 545 3514 620; baseline 0.004 -21"><span class='ocrx_word' id='word_1_131' title='bbox 1906 545 2111 615; x_wconf 86' lang='lat' dir='ltr'><strong>psalmi</strong></span> <span class='ocrx_word' id='word_1_132' title='bbox 2139 546 2258 601; x_wconf 82' lang='lat' dir='ltr'><strong>istis</strong></span> <span class='ocrx_word' id='word_1_133' title='bbox 2287 548 2505 615; x_wconf 90' lang='lat' dir='ltr'><strong>addito,</strong></span> <span class='ocrx_word' id='word_1_134' title='bbox 2534 550 2772 620; x_wconf 86' lang='lat' dir='ltr'><strong>propter</strong></span> <span class='ocrx_word' id='word_1_135' title='bbox 2788 547 3043 619; x_wconf 86' lang='lat' dir='ltr'><strong>Apostoli</strong></span> <span class='ocrx_word' id='word_1_136' title='bbox 3088 547 3514 616; x_wconf 86' lang='lat' dir='ltr'><strong>auctoritatem,</strong></span> 
     </span>
    </p>
   </div>
   <div class='ocr_carea' id='block_1_20' title="bbox 1906 635 3521 709">
    <p class='ocr_par' dir='ltr' id='par_1_20' title="bbox 1906 635 3521 709">
     <span class='ocr_line' id='line_1_20' title="bbox 1906 635 3521 709; baseline 0.006 -20"><span class='ocrx_word' id='word_1_137' title='bbox 1906 635 1967 689; x_wconf 91' lang='lat' dir='ltr'><strong>in</strong></span> <span class='ocrx_word' id='word_1_138' title='bbox 1993 636 2145 690; x_wconf 91' lang='lat' dir='ltr'><strong>hunc</strong></span> <span class='ocrx_word' id='word_1_139' title='bbox 2168 638 2455 709; x_wconf 88' lang='lat' dir='ltr'><strong>psalmum</strong></span> <span class='ocrx_word' id='word_1_140' title='bbox 2487 638 2865 709; x_wconf 83' lang='lat' dir='ltr'><strong>perhibentur</strong></span> <span class='ocrx_word' id='word_1_141' title='bbox 2888 636 3059 691; x_wconf 87' lang='lat' dir='ltr'><strong>fuisse</strong></span> <span class='ocrx_word' id='word_1_142' title='bbox 3090 636 3323 709; x_wconf 85' lang='lat' dir='ltr'><strong>recepti.</strong></span> <span class='ocrx_word' id='word_1_143' title='bbox 3348 637 3521 699; x_wconf 69' lang='lat' dir='ltr'><strong>Ponit</strong></span> 
     </span>
    </p>
   </div>
   <div class='ocr_carea' id='block_1_21' title="bbox 1906 724 3519 797">
    <p class='ocr_par' dir='ltr' id='par_1_21' title="bbox 1906 724 3519 797">
     <span class='ocr_line' id='line_1_21' title="bbox 1906 724 3519 797; baseline 0.002 -18"><span class='ocrx_word' id='word_1_144' title='bbox 1906 724 2063 779; x_wconf 89' lang='lat' dir='ltr'><strong>enim</strong></span> <span class='ocrx_word' id='word_1_145' title='bbox 2088 726 2163 780; x_wconf 90' lang='lat' dir='ltr'><strong>sic</strong></span> <span class='ocrx_word' id='word_1_146' title='bbox 2193 726 2513 797; x_wconf 83' lang='lat' dir='ltr'><strong>Apostolus.</strong></span> <span class='ocrx_word' id='word_1_147' title='bbox 2542 748 2570 777; x_wconf 87' lang='grc'><strong>‹‹</strong></span> <span class='ocrx_word' id='word_1_148' title='bbox 2594 726 2750 781; x_wconf 90' lang='lat' dir='ltr'><strong>Sicut</strong></span> <span class='ocrx_word' id='word_1_149' title='bbox 2777 726 3052 797; x_wconf 89' lang='lat' dir='ltr'><strong>scriptum</strong></span> <span class='ocrx_word' id='word_1_150' title='bbox 3085 727 3200 780; x_wconf 86' lang='lat' dir='ltr'><strong>est:</strong></span> <span class='ocrx_word' id='word_1_151' title='bbox 3232 724 3376 790; x_wconf 87' lang='lat' dir='ltr'><strong>Quia</strong></span> <span class='ocrx_word' id='word_1_152' title='bbox 3399 741 3519 783; x_wconf 86' lang='lat' dir='ltr'><strong>non</strong></span> 
     </span>
    </p>
   </div>
   <div class='ocr_carea' id='block_1_22' title="bbox 1906 814 3522 886">
    <p class='ocr_par' dir='ltr' id='par_1_22' title="bbox 1906 814 3522 886">
     <span class='ocr_line' id='line_1_22' title="bbox 1906 814 3522 886; baseline 0.001 -18"><span class='ocrx_word' id='word_1_153' title='bbox 1906 817 1992 868; x_wconf 90' lang='lat' dir='ltr'><strong>est</strong></span> <span class='ocrx_word' id='word_1_154' title='bbox 2015 814 2204 884; x_wconf 87' lang='lat' dir='ltr'><strong>justus</strong></span> <span class='ocrx_word' id='word_1_155' title='bbox 2240 814 2565 886; x_wconf 87' lang='lat' dir='ltr'><strong>quisquam,</strong></span> <span class='ocrx_word' id='word_1_156' title='bbox 2603 831 2720 870; x_wconf 90' lang='lat' dir='ltr'><strong>non</strong></span> <span class='ocrx_word' id='word_1_157' title='bbox 2768 817 2855 869; x_wconf 87' lang='lat' dir='ltr'><strong>est</strong></span> <span class='ocrx_word' id='word_1_158' title='bbox 2903 814 3251 885; x_wconf 83' lang='lat' dir='ltr'><strong>intelligens,</strong></span> <span class='ocrx_word' id='word_1_159' title='bbox 3300 815 3522 870; x_wconf 77' lang='lat' dir='ltr'><strong>nonest</strong></span> 
     </span>
    </p>
   </div>
   <div class='ocr_carea' id='block_1_23' title="bbox 1906 901 3518 975">
    <p class='ocr_par' dir='ltr' id='par_1_23' title="bbox 1906 901 3518 975">
     <span class='ocr_line' id='line_1_23' title="bbox 1906 901 3518 975; baseline 0.001 -20"><span class='ocrx_word' id='word_1_160' title='bbox 1906 903 2205 975; x_wconf 85' lang='lat' dir='ltr'><strong>requirens</strong></span> <span class='ocrx_word' id='word_1_161' title='bbox 2244 904 2449 970; x_wconf 90' lang='lat' dir='ltr'><strong>Deum,</strong></span> <span class='ocrx_word' id='word_1_162' title='bbox 2522 920 2726 958; x_wconf 88' lang='lat' dir='ltr'><strong>omnes</strong></span> <span class='ocrx_word' id='word_1_163' title='bbox 2778 902 3208 958; x_wconf 83' lang='lat' dir='ltr'><strong>declinaverunt</strong></span> <span class='ocrx_word' id='word_1_164' title='bbox 3227 901 3402 973; x_wconf 81' lang='lat' dir='ltr'><strong>(Rom.</strong></span> <span class='ocrx_word' id='word_1_165' title='bbox 3435 916 3518 971; x_wconf 80' lang='lat' dir='ltr'><strong>ut,</strong></span> 
     </span>
    </p>
   </div>
   <div class='ocr_carea' id='block_1_24' title="bbox 1910 989 3521 1061">
    <p class='ocr_par' dir='ltr' id='par_1_24' title="bbox 1910 989 3521 1061">
     <span class='ocr_line' id='line_1_24' title="bbox 1910 989 3521 1061; baseline -0.001 -16"><span class='ocrx_word' id='word_1_166' title='bbox 1910 990 2113 1061; x_wconf 79' lang='grc'>10-12),</span> <span class='ocrx_word' id='word_1_167' title='bbox 2142 1012 2169 1039; x_wconf 86' lang='grc'><strong>››</strong></span> <span class='ocrx_word' id='word_1_168' title='bbox 2223 994 2331 1045; x_wconf 86' lang='lat' dir='ltr'><strong>etc.</strong></span> <span class='ocrx_word' id='word_1_169' title='bbox 2363 991 2449 1045; x_wconf 88' lang='lat' dir='ltr'><strong>Illi</strong></span> <span class='ocrx_word' id='word_1_170' title='bbox 2475 1008 2608 1047; x_wconf 84' lang='lat' dir='ltr'><strong>vero</strong></span> <span class='ocrx_word' id='word_1_171' title='bbox 2637 994 2755 1046; x_wconf 89' lang='lat' dir='ltr'><strong>tres</strong></span> <span class='ocrx_word' id='word_1_172' title='bbox 2777 1008 2969 1045; x_wconf 89' lang='lat' dir='ltr'><strong>versus</strong></span> <span class='ocrx_word' id='word_1_173' title='bbox 2997 990 3057 1045; x_wconf 90' lang='lat' dir='ltr'><strong>hi</strong></span> <span class='ocrx_word' id='word_1_174' title='bbox 3124 993 3276 1048; x_wconf 87' lang='lat' dir='ltr'><strong>sunt.</strong></span> <span class='ocrx_word' id='word_1_175' title='bbox 3328 989 3521 1061; x_wconf 81' lang='lat' dir='ltr'><strong>Sepul-</strong></span> 
     </span>
    </p>
   </div>
   <div class='ocr_carea' id='block_1_25' title="bbox 1906 1077 3521 1147">
    <p class='ocr_par' dir='ltr' id='par_1_25' title="bbox 1906 1077 3521 1147">
     <span class='ocr_line' id='line_1_25' title="bbox 1906 1077 3521 1147; baseline 0.001 -14"><span class='ocrx_word' id='word_1_176' title='bbox 1906 1096 2077 1146; x_wconf 86' lang='lat' dir='ltr'><strong>crum,</strong></span> <span class='ocrx_word' id='word_1_177' title='bbox 2107 1081 2215 1133; x_wconf 90' lang='lat' dir='ltr'><strong>etc.</strong></span> <span class='ocrx_word' id='word_1_178' title='bbox 2244 1078 2481 1145; x_wconf 85' lang='lat' dir='ltr'><strong>Quorum</strong></span> <span class='ocrx_word' id='word_1_179' title='bbox 2502 1096 2603 1142; x_wconf 73' lang='lat'><strong>03,.</strong></span> <span class='ocrx_word' id='word_1_180' title='bbox 2628 1082 2762 1143; x_wconf 89' lang='lat' dir='ltr'><strong>etc.,</strong></span> <span class='ocrx_word' id='word_1_181' title='bbox 2794 1081 3058 1146; x_wconf 87' lang='lat' dir='ltr'><strong>contritio,</strong></span> <span class='ocrx_word' id='word_1_182' title='bbox 3087 1081 3197 1147; x_wconf 90' lang='lat' dir='ltr'><strong>etc,</strong></span> <span class='ocrx_word' id='word_1_183' title='bbox 3231 1077 3521 1143; x_wconf 84' lang='lat' dir='ltr'><strong>Quoniam</strong></span> 
     </span>
    </p>
   </div>
   <div class='ocr_carea' id='block_1_26' title="bbox 1906 1164 3523 1240">
    <p class='ocr_par' dir='ltr' id='par_1_26' title="bbox 1906 1164 3523 1240">
     <span class='ocr_line' id='line_1_26' title="bbox 1906 1164 3523 1240; baseline -0.001 -19"><span class='ocrx_word' id='word_1_184' title='bbox 1906 1182 2041 1222; x_wconf 88' lang='lat' dir='ltr'><strong>vero</strong></span> <span class='ocrx_word' id='word_1_185' title='bbox 2072 1167 2325 1239; x_wconf 90' lang='lat' dir='ltr'><strong>psalmus</strong></span> <span class='ocrx_word' id='word_1_186' title='bbox 2362 1167 2468 1222; x_wconf 90' lang='lat' dir='ltr'><strong>iste</strong></span> <span class='ocrx_word' id='word_1_187' title='bbox 2500 1166 2757 1240; x_wconf 90' lang='lat' dir='ltr'><strong>superius</strong></span> <span class='ocrx_word' id='word_1_188' title='bbox 2781 1167 2994 1240; x_wconf 90' lang='lat' dir='ltr'><strong>ample,</strong></span> <span class='ocrx_word' id='word_1_189' title='bbox 3050 1168 3109 1221; x_wconf 90' lang='lat' dir='ltr'><strong>et</strong></span> <span class='ocrx_word' id='word_1_190' title='bbox 3136 1168 3308 1238; x_wconf 87' lang='lat' dir='ltr'><strong>prout</strong></span> <span class='ocrx_word' id='word_1_191' title='bbox 3354 1164 3523 1223; x_wconf 81' lang='lat' dir='ltr'><strong>nobis</strong></span> 
     </span>
    </p>
   </div>
   <div class='ocr_carea' id='block_1_27' title="bbox 1909 1252 3521 1327">
    <p class='ocr_par' dir='ltr' id='par_1_27' title="bbox 1909 1252 3521 1327">
     <span class='ocr_line' id='line_1_27' title="bbox 1909 1252 3521 1327; baseline 0 -19"><span class='ocrx_word' id='word_1_192' title='bbox 1909 1254 2175 1326; x_wconf 90' lang='lat' dir='ltr'><strong>possibile</strong></span> <span class='ocrx_word' id='word_1_193' title='bbox 2203 1254 2332 1321; x_wconf 83' lang='lat' dir='ltr'><strong>fuit,</strong></span> <span class='ocrx_word' id='word_1_194' title='bbox 2365 1254 2673 1326; x_wconf 85' lang='lat' dir='ltr'><strong>diligenter</strong></span> <span class='ocrx_word' id='word_1_195' title='bbox 2704 1254 2989 1327; x_wconf 84' lang='lat' dir='ltr'><strong>expositus</strong></span> <span class='ocrx_word' id='word_1_196' title='bbox 3024 1258 3127 1309; x_wconf 90' lang='lat' dir='ltr'><strong>est.</strong></span> <span class='ocrx_word' id='word_1_197' title='bbox 3162 1253 3308 1308; x_wconf 88' lang='lat' dir='ltr'><strong>Cum</strong></span> <span class='ocrx_word' id='word_1_198' title='bbox 3341 1252 3521 1308; x_wconf 88' lang='lat' dir='ltr'><strong>etiam</strong></span> 
     </span>
    </p>
   </div>
   <div class='ocr_carea' id='block_1_28' title="bbox 1907 1340 3524 1409">
    <p class='ocr_par' dir='ltr' id='par_1_28' title="bbox 1907 1340 3524 1409">
     <span class='ocr_line' id='line_1_28' title="bbox 1907 1340 3524 1409; baseline 0 -11"><span class='ocrx_word' id='word_1_199' title='bbox 1907 1343 2001 1398; x_wconf 92' lang='lat' dir='ltr'><strong>hic</strong></span> <span class='ocrx_word' id='word_1_200' title='bbox 2030 1343 2150 1398; x_wconf 83' lang='lat' dir='ltr'><strong>fere</strong></span> <span class='ocrx_word' id='word_1_201' title='bbox 2177 1343 2384 1398; x_wconf 87' lang='lat' dir='ltr'><strong>eadem</strong></span> <span class='ocrx_word' id='word_1_202' title='bbox 2435 1342 2629 1398; x_wconf 86' lang='lat' dir='ltr'><strong>littera</strong></span> <span class='ocrx_word' id='word_1_203' title='bbox 2676 1343 2749 1398; x_wconf 90' lang='lat' dir='ltr'><strong>sit</strong></span> <span class='ocrx_word' id='word_1_204' title='bbox 2782 1345 2840 1397; x_wconf 92' lang='lat' dir='ltr'><strong>et</strong></span> <span class='ocrx_word' id='word_1_205' title='bbox 2864 1342 3170 1409; x_wconf 89' lang='lat' dir='ltr'><strong>sententia,</strong></span> <span class='ocrx_word' id='word_1_206' title='bbox 3215 1341 3288 1396; x_wconf 90' lang='lat' dir='ltr'><strong>de</strong></span> <span class='ocrx_word' id='word_1_207' title='bbox 3314 1340 3524 1398; x_wconf 86' lang='lat' dir='ltr'><strong>eodem</strong></span> 
     </span>
    </p>
   </div>
   <div class='ocr_carea' id='block_1_29' title="bbox 1909 1429 3520 1503">
    <p class='ocr_par' dir='ltr' id='par_1_29' title="bbox 1909 1429 3520 1503">
     <span class='ocr_line' id='line_1_29' title="bbox 1909 1429 3520 1503; baseline -0.001 -16"><span class='ocrx_word' id='word_1_208' title='bbox 1909 1433 2119 1488; x_wconf 89' lang='lat' dir='ltr'><strong>iterum</strong></span> <span class='ocrx_word' id='word_1_209' title='bbox 2146 1447 2319 1503; x_wconf 87' lang='lat' dir='ltr'><strong>agere</strong></span> <span class='ocrx_word' id='word_1_210' title='bbox 2350 1432 2568 1503; x_wconf 84' lang='lat' dir='ltr'><strong>prolixe</strong></span> <span class='ocrx_word' id='word_1_211' title='bbox 2609 1431 2966 1503; x_wconf 80' lang='lat' dir='ltr'><strong>superfluum</strong></span> <span class='ocrx_word' id='word_1_212' title='bbox 3007 1447 3130 1486; x_wconf 90' lang='lat' dir='ltr'><strong>esse</strong></span> <span class='ocrx_word' id='word_1_213' title='bbox 3175 1429 3520 1502; x_wconf 85' lang='lat' dir='ltr'><strong>judicantes,</strong></span> 
     </span>
    </p>
   </div>
   <div class='ocr_carea' id='block_1_30' title="bbox 1907 1515 3523 1591">
    <p class='ocr_par' dir='ltr' id='par_1_30' title="bbox 1907 1515 3523 1591">
     <span class='ocr_line' id='line_1_30' title="bbox 1907 1515 3523 1591; baseline 0 -17"><span class='ocrx_word' id='word_1_214' title='bbox 1907 1519 2157 1575; x_wconf 88' lang='lat' dir='ltr'><strong>breviter</strong></span> <span class='ocrx_word' id='word_1_215' title='bbox 2186 1536 2321 1574; x_wconf 90' lang='lat' dir='ltr'><strong>eum</strong></span> <span class='ocrx_word' id='word_1_216' title='bbox 2345 1520 2629 1591; x_wconf 84' lang='lat' dir='ltr'><strong>attingere</strong></span> <span class='ocrx_word' id='word_1_217' title='bbox 2653 1520 2910 1575; x_wconf 84' lang='lat' dir='ltr'><strong>videmus</strong></span> <span class='ocrx_word' id='word_1_218' title='bbox 2935 1536 3057 1575; x_wconf 88' lang='lat' dir='ltr'><strong>esse</strong></span> <span class='ocrx_word' id='word_1_219' title='bbox 3081 1518 3381 1585; x_wconf 91' lang='lat' dir='ltr'><strong>idoneum,</strong></span> <span class='ocrx_word' id='word_1_220' title='bbox 3399 1515 3523 1574; x_wconf 75' lang='lat' dir='ltr'><strong>utsi</strong></span> 
     </span>
    </p>
   </div>
   <div class='ocr_carea' id='block_1_31' title="bbox 1908 1604 3525 1679">
    <p class='ocr_par' dir='ltr' id='par_1_31' title="bbox 1908 1604 3525 1679">
     <span class='ocr_line' id='line_1_31' title="bbox 1908 1604 3525 1679; baseline -0.002 -18"><span class='ocrx_word' id='word_1_221' title='bbox 1908 1606 2189 1679; x_wconf 88' lang='lat' dir='ltr'><strong>quidlibet</strong></span> <span class='ocrx_word' id='word_1_222' title='bbox 2213 1607 2594 1678; x_wconf 89' lang='lat' dir='ltr'><strong>incognitum,</strong></span> <span class='ocrx_word' id='word_1_223' title='bbox 2617 1609 2776 1679; x_wconf 88' lang='lat' dir='ltr'><strong>cujus</strong></span> <span class='ocrx_word' id='word_1_224' title='bbox 2792 1608 3053 1663; x_wconf 89' lang='lat' dir='ltr'><strong>nondum</strong></span> <span class='ocrx_word' id='word_1_225' title='bbox 3067 1611 3202 1662; x_wconf 90' lang='lat' dir='ltr'><strong>tunc</strong></span> <span class='ocrx_word' id='word_1_226' title='bbox 3222 1604 3525 1661; x_wconf 88' lang='lat' dir='ltr'><strong>scientiam</strong></span> 
     </span>
    </p>
   </div>
   <div class='ocr_carea' id='block_1_32' title="bbox 1908 1692 3520 1770">
    <p class='ocr_par' dir='ltr' id='par_1_32' title="bbox 1908 1692 3520 1770">
     <span class='ocr_line' id='line_1_32' title="bbox 1908 1692 3520 1770; baseline -0.001 -20"><span class='ocrx_word' id='word_1_227' title='bbox 1908 1695 2305 1767; x_wconf 86' lang='lat' dir='ltr'><strong>attigeramus,</strong></span> <span class='ocrx_word' id='word_1_228' title='bbox 2340 1695 2400 1750; x_wconf 88' lang='lat' dir='ltr'><strong>in</strong></span> <span class='ocrx_word' id='word_1_229' title='bbox 2451 1696 2731 1770; x_wconf 90' lang='lat' dir='ltr'><strong>superiori</strong></span> <span class='ocrx_word' id='word_1_230' title='bbox 2770 1699 3017 1751; x_wconf 89' lang='lat' dir='ltr'><strong>tractatu</strong></span> <span class='ocrx_word' id='word_1_231' title='bbox 3058 1712 3177 1751; x_wconf 89' lang='lat' dir='ltr'><strong>non</strong></span> <span class='ocrx_word' id='word_1_232' title='bbox 3204 1692 3520 1767; x_wconf 88' lang='lat' dir='ltr'><strong>posuimus,</strong></span> 
     </span>
    </p>
   </div>
   <div class='ocr_carea' id='block_1_33' title="bbox 190 1780 3523 1854">
    <p class='ocr_par' dir='ltr' id='par_1_33' title="bbox 190 1780 3523 1854">
     <span class='ocr_line' id='line_1_33' title="bbox 190 1780 3523 1854; baseline -0.001 -15"><span class='ocrx_word' id='word_1_233' title='bbox 190 1784 408 1840; x_wconf 91' lang='lat' dir='ltr'><strong>diceret</strong></span> <span class='ocrx_word' id='word_1_234' title='bbox 434 1801 446 1839; x_wconf 92' lang='lat'>:</span> <span class='ocrx_word' id='word_1_235' title='bbox 475 1784 751 1838; x_wconf 79' lang='lat' dir='ltr'><strong>Amalech</strong></span> <span class='ocrx_word' id='word_1_236' title='bbox 777 1782 1028 1838; x_wconf 87' lang='lat' dir='ltr'><strong>devictus</strong></span> <span class='ocrx_word' id='word_1_237' title='bbox 1058 1800 1092 1838; x_wconf 90' lang='lat' dir='ltr'><strong>a</strong></span> <span class='ocrx_word' id='word_1_238' title='bbox 1119 1784 1297 1838; x_wconf 86' lang='lat' dir='ltr'><strong>David</strong></span> <span class='ocrx_word' id='word_1_239' title='bbox 1320 1782 1650 1854; x_wconf 84' lang='lat' dir='ltr'><strong>signiﬁcans</strong></span> <span class='ocrx_word' id='word_1_240' title='bbox 1677 1781 1805 1836; x_wconf 86' lang='lat' dir='ltr'><strong>inﬁ-</strong></span> <span class='ocrx_word' id='word_1_241' title='bbox 1836 1789 1885 1846; x_wconf 93' lang='lat' dir='ltr'>B</span> <span class='ocrx_word' id='word_1_242' title='bbox 1910 1783 1969 1840; x_wconf 89' lang='lat' dir='ltr'><strong>in</strong></span> <span class='ocrx_word' id='word_1_243' title='bbox 1998 1783 2109 1837; x_wconf 93' lang='lat' dir='ltr'><strong>hoc</strong></span> <span class='ocrx_word' id='word_1_244' title='bbox 2135 1784 2342 1838; x_wconf 87' lang='lat' dir='ltr'><strong>saltem</strong></span> <span class='ocrx_word' id='word_1_245' title='bbox 2355 1785 2744 1854; x_wconf 89' lang='lat' dir='ltr'><strong>suppleamus.</strong></span> <span class='ocrx_word' id='word_1_246' title='bbox 2762 1783 2890 1839; x_wconf 91' lang='lat' dir='ltr'><strong>Sive</strong></span> <span class='ocrx_word' id='word_1_247' title='bbox 2903 1783 3079 1838; x_wconf 86' lang='lat' dir='ltr'><strong>etiam</strong></span> <span class='ocrx_word' id='word_1_248' title='bbox 3091 1782 3135 1837; x_wconf 91' lang='lat' dir='ltr'><strong>si</strong></span> <span class='ocrx_word' id='word_1_249' title='bbox 3156 1783 3249 1837; x_wconf 93' lang='lat' dir='ltr'><strong>hic</strong></span> <span class='ocrx_word' id='word_1_250' title='bbox 3277 1780 3523 1853; x_wconf 84' lang='lat' dir='ltr'><strong>parsali-</strong></span> 
     </span>
    </p>
   </div>
   <div class='ocr_carea' id='block_1_34' title="bbox 187 1870 1807 1943">
    <p class='ocr_par' dir='ltr' id='par_1_34' title="bbox 187 1870 1807 1943">
     <span class='ocr_line' id='line_1_34' title="bbox 187 1870 1807 1943; baseline -0.002 -16"><span class='ocrx_word' id='word_1_251' title='bbox 187 1871 406 1927; x_wconf 90' lang='lat' dir='ltr'><strong>delium</strong></span> <span class='ocrx_word' id='word_1_252' title='bbox 437 1872 858 1938; x_wconf 83' lang='lat' dir='ltr'><strong>collectionem,</strong></span> <span class='ocrx_word' id='word_1_253' title='bbox 891 1888 925 1926; x_wconf 88' lang='lat' dir='ltr'><strong>a</strong></span> <span class='ocrx_word' id='word_1_254' title='bbox 946 1871 1154 1943; x_wconf 91' lang='lat' dir='ltr'><strong>quibus</strong></span> <span class='ocrx_word' id='word_1_255' title='bbox 1204 1873 1352 1926; x_wconf 91' lang='lat' dir='ltr'><strong>Deus</strong></span> <span class='ocrx_word' id='word_1_256' title='bbox 1390 1888 1522 1926; x_wconf 92' lang='lat' dir='ltr'><strong>suos</strong></span> <span class='ocrx_word' id='word_1_257' title='bbox 1556 1873 1718 1925; x_wconf 88' lang='lat' dir='ltr'><strong>eruet</strong></span> <span class='ocrx_word' id='word_1_258' title='bbox 1746 1870 1807 1925; x_wconf 90' lang='lat' dir='ltr'><strong>in</strong></span> 
     </span>
    </p>
   </div>
   <div class='ocr_carea' id='block_1_35' title="bbox 187 1958 1810 2032">
    <p class='ocr_par' dir='ltr' id='par_1_35' title="bbox 187 1958 1810 2032">
     <span class='ocr_line' id='line_1_35' title="bbox 187 1958 1810 2032; baseline 0 -18"><span class='ocrx_word' id='word_1_259' title='bbox 187 1959 406 2029; x_wconf 85' lang='lat' dir='ltr'><strong>futuro,</strong></span> <span class='ocrx_word' id='word_1_260' title='bbox 435 1976 604 2015; x_wconf 90' lang='lat' dir='ltr'><strong>causa</strong></span> <span class='ocrx_word' id='word_1_261' title='bbox 632 1960 740 2014; x_wconf 83' lang='lat' dir='ltr'><strong>fuit</strong></span> <span class='ocrx_word' id='word_1_262' title='bbox 763 1976 939 2032; x_wconf 88' lang='lat' dir='ltr'><strong>quare</strong></span> <span class='ocrx_word' id='word_1_263' title='bbox 971 1959 1151 2015; x_wconf 89' lang='lat' dir='ltr'><strong>David</strong></span> <span class='ocrx_word' id='word_1_264' title='bbox 1180 1958 1539 2014; x_wconf 87' lang='lat' dir='ltr'><strong>intellectum</strong></span> <span class='ocrx_word' id='word_1_265' title='bbox 1571 1959 1810 2014; x_wconf 85' lang='lat' dir='ltr'><strong>haberet</strong></span> 
     </span>
    </p>
   </div>
   <div class='ocr_carea' id='block_1_36' title="bbox 187 2046 1807 2118">
    <p class='ocr_par' dir='ltr' id='par_1_36' title="bbox 187 2046 1807 2118">
     <span class='ocr_line' id='line_1_36' title="bbox 187 2046 1807 2118; baseline -0.003 -14"><span class='ocrx_word' id='word_1_266' title='bbox 187 2048 343 2117; x_wconf 89' lang='lat' dir='ltr'><strong>ﬁnis,</strong></span> <span class='ocrx_word' id='word_1_267' title='bbox 372 2047 431 2103; x_wconf 89' lang='lat' dir='ltr'><strong>id</strong></span> <span class='ocrx_word' id='word_1_268' title='bbox 461 2051 547 2104; x_wconf 86' lang='lat' dir='ltr'><strong>est</strong></span> <span class='ocrx_word' id='word_1_269' title='bbox 577 2047 802 2115; x_wconf 89' lang='lat' dir='ltr'><strong>Christi,</strong></span> <span class='ocrx_word' id='word_1_270' title='bbox 858 2046 1218 2118; x_wconf 87' lang='lat' dir='ltr'><strong>respiciendo</strong></span> <span class='ocrx_word' id='word_1_271' title='bbox 1259 2047 1319 2101; x_wconf 92' lang='lat' dir='ltr'><strong>in</strong></span> <span class='ocrx_word' id='word_1_272' title='bbox 1366 2047 1555 2118; x_wconf 89' lang='lat' dir='ltr'><strong>ipsum</strong></span> <span class='ocrx_word' id='word_1_273' title='bbox 1604 2046 1807 2113; x_wconf 90' lang='lat' dir='ltr'><strong>ﬁnem,</strong></span> 
     </span>
    </p>
   </div>
   <div class='ocr_carea' id='block_1_37' title="bbox 187 2133 1811 2206">
    <p class='ocr_par' dir='ltr' id='par_1_37' title="bbox 187 2133 1811 2206">
     <span class='ocr_line' id='line_1_37' title="bbox 187 2133 1811 2206; baseline -0.004 -15"><span class='ocrx_word' id='word_1_274' title='bbox 187 2135 249 2191; x_wconf 92' lang='lat' dir='ltr'><strong>id</strong></span> <span class='ocrx_word' id='word_1_275' title='bbox 278 2138 363 2191; x_wconf 88' lang='lat' dir='ltr'><strong>est</strong></span> <span class='ocrx_word' id='word_1_276' title='bbox 386 2134 695 2202; x_wconf 87' lang='lat' dir='ltr'><strong>Christum,</strong></span> <span class='ocrx_word' id='word_1_277' title='bbox 719 2138 776 2190; x_wconf 89' lang='lat' dir='ltr'><strong>et</strong></span> <span class='ocrx_word' id='word_1_278' title='bbox 804 2137 1043 2206; x_wconf 89' lang='lat' dir='ltr'><strong>propter</strong></span> <span class='ocrx_word' id='word_1_279' title='bbox 1072 2133 1593 2189; x_wconf 89' lang='lat' dir='ltr'><strong>huncintellectum</strong></span> <span class='ocrx_word' id='word_1_280' title='bbox 1634 2133 1811 2186; x_wconf 89' lang='lat' dir='ltr'><strong>istum</strong></span> 
     </span>
    </p>
   </div>
   <div class='ocr_carea' id='block_1_38' title="bbox 188 2221 1812 2297">
    <p class='ocr_par' dir='ltr' id='par_1_38' title="bbox 188 2221 1812 2297">
     <span class='ocr_line' id='line_1_38' title="bbox 188 2221 1812 2297; baseline -0.003 -18"><span class='ocrx_word' id='word_1_281' title='bbox 188 2224 480 2297; x_wconf 88' lang='lat' dir='ltr'><strong>psalmum</strong></span> <span class='ocrx_word' id='word_1_282' title='bbox 511 2227 890 2295; x_wconf 90' lang='lat' dir='ltr'><strong>componeret</strong></span> <span class='ocrx_word' id='word_1_283' title='bbox 919 2222 993 2277; x_wconf 89' lang='lat' dir='ltr'><strong>ad</strong></span> <span class='ocrx_word' id='word_1_284' title='bbox 1008 2223 1295 2278; x_wconf 88' lang='lat' dir='ltr'><strong>honorem</strong></span> <span class='ocrx_word' id='word_1_285' title='bbox 1322 2221 1658 2293; x_wconf 88' lang='lat' dir='ltr'><strong>ipsiusﬁnis,</strong></span> <span class='ocrx_word' id='word_1_286' title='bbox 1677 2236 1812 2275; x_wconf 88' lang='lat' dir='ltr'><strong>con-</strong></span> 
     </span>
    </p>
   </div>
   <div class='ocr_carea' id='block_1_39' title="bbox 187 2310 1812 2384">
    <p class='ocr_par' dir='ltr' id='par_1_39' title="bbox 187 2310 1812 2384">
     <span class='ocr_line' id='line_1_39' title="bbox 187 2310 1812 2384; baseline -0.003 -16"><span class='ocrx_word' id='word_1_287' title='bbox 187 2311 496 2368; x_wconf 88' lang='lat' dir='ltr'><strong>siderando</strong></span> <span class='ocrx_word' id='word_1_288' title='bbox 527 2311 684 2384; x_wconf 90' lang='lat' dir='ltr'><strong>quod</strong></span> <span class='ocrx_word' id='word_1_289' title='bbox 725 2311 845 2382; x_wconf 89' lang='lat' dir='ltr'><strong>ipse</strong></span> <span class='ocrx_word' id='word_1_290' title='bbox 877 2310 1175 2377; x_wconf 91' lang='lat' dir='ltr'><strong>ﬁnis,suos</strong></span> <span class='ocrx_word' id='word_1_291' title='bbox 1203 2310 1379 2364; x_wconf 87' lang='lat' dir='ltr'><strong>etiam</strong></span> <span class='ocrx_word' id='word_1_292' title='bbox 1410 2313 1729 2380; x_wconf 86' lang='lat' dir='ltr'><strong>erepturus,</strong></span> <span class='ocrx_word' id='word_1_293' title='bbox 1755 2312 1812 2364; x_wconf 89' lang='lat' dir='ltr'><strong>et</strong></span> 
     </span>
    </p>
   </div>
   <div class='ocr_carea' id='block_1_40' title="bbox 190 2398 1813 2473">
    <p class='ocr_par' dir='ltr' id='par_1_40' title="bbox 190 2398 1813 2473">
     <span class='ocr_line' id='line_1_40' title="bbox 190 2398 1813 2473; baseline -0.002 -18"><span class='ocrx_word' id='word_1_294' title='bbox 190 2401 453 2473; x_wconf 71' lang='lat' dir='ltr'><strong>inﬁdeles</strong></span> <span class='ocrx_word' id='word_1_295' title='bbox 470 2400 867 2456; x_wconf 86' lang='lat' dir='ltr'><strong>damnaturus.</strong></span> <span class='ocrx_word' id='word_1_296' title='bbox 891 2398 1206 2453; x_wconf 89' lang='lat' dir='ltr'><strong>Introducit</strong></span> <span class='ocrx_word' id='word_1_297' title='bbox 1226 2402 1421 2452; x_wconf 89' lang='lat' dir='ltr'><strong>autem</strong></span> <span class='ocrx_word' id='word_1_298' title='bbox 1452 2398 1511 2452; x_wconf 90' lang='lat' dir='ltr'><strong>in</strong></span> <span class='ocrx_word' id='word_1_299' title='bbox 1542 2398 1649 2451; x_wconf 89' lang='lat' dir='ltr'><strong>hoc</strong></span> <span class='ocrx_word' id='word_1_300' title='bbox 1668 2398 1813 2468; x_wconf 84' lang='lat' dir='ltr'><strong>psal-</strong></span> 
     </span>
    </p>
   </div>
   <div class='ocr_carea' id='block_1_41' title="bbox 191 2484 1812 2560">
    <p class='ocr_par' dir='ltr' id='par_1_41' title="bbox 191 2484 1812 2560">
     <span class='ocr_line' id='line_1_41' title="bbox 191 2484 1812 2560; baseline -0.003 -16"><span class='ocrx_word' id='word_1_301' title='bbox 191 2506 290 2545; x_wconf 88' lang='lat' dir='ltr'><strong>mo</strong></span> <span class='ocrx_word' id='word_1_302' title='bbox 322 2490 613 2560; x_wconf 89' lang='lat' dir='ltr'><strong>Propheta</strong></span> <span class='ocrx_word' id='word_1_303' title='bbox 638 2488 826 2559; x_wconf 90' lang='lat' dir='ltr'><strong>ipsum</strong></span> <span class='ocrx_word' id='word_1_304' title='bbox 848 2490 1019 2559; x_wconf 90' lang='lat' dir='ltr'><strong>caput</strong></span> <span class='ocrx_word' id='word_1_305' title='bbox 1048 2486 1359 2553; x_wconf 89' lang='lat' dir='ltr'><strong>Christum,</strong></span> <span class='ocrx_word' id='word_1_306' title='bbox 1397 2486 1467 2540; x_wconf 92' lang='lat' dir='ltr'><strong>de</strong></span> <span class='ocrx_word' id='word_1_307' title='bbox 1507 2484 1723 2540; x_wconf 82' lang='lat' dir='ltr'><strong>infideli</strong></span> <span class='ocrx_word' id='word_1_308' title='bbox 1754 2488 1812 2540; x_wconf 91' lang='lat' dir='ltr'><strong>et</strong></span> 
     </span>
    </p>
   </div>
   <div class='ocr_carea' id='block_1_42' title="bbox 192 2570 1810 2652">
    <p class='ocr_par' dir='ltr' id='par_1_42' title="bbox 192 2570 1810 2652">
     <span class='ocr_line' id='line_1_42' title="bbox 192 2570 1810 2652; baseline -0.004 -19"><span class='ocrx_word' id='word_1_309' title='bbox 192 2577 489 2652; x_wconf 88' lang='lat' dir='ltr'><strong>insipienti</strong></span> <span class='ocrx_word' id='word_1_310' title='bbox 519 2578 732 2650; x_wconf 91' lang='lat' dir='ltr'><strong>populo</strong></span> <span class='ocrx_word' id='word_1_311' title='bbox 747 2592 879 2630; x_wconf 90' lang='lat' dir='ltr'><strong>suos</strong></span> <span class='ocrx_word' id='word_1_312' title='bbox 909 2578 1291 2646; x_wconf 89' lang='lat' dir='ltr'><strong>persequente</strong></span> <span class='ocrx_word' id='word_1_313' title='bbox 1324 2570 1810 2646; x_wconf 88' lang='lat' dir='ltr'><strong>agentem,quiin</strong></span> 
     </span>
    </p>
   </div>
   <div class='ocr_carea' id='block_1_43' title="bbox 189 2664 1811 2739">
    <p class='ocr_par' dir='ltr' id='par_1_43' title="bbox 189 2664 1811 2739">
     <span class='ocr_line' id='line_1_43' title="bbox 189 2664 1811 2739; baseline -0.004 -18"><span class='ocrx_word' id='word_1_314' title='bbox 189 2666 590 2739; x_wconf 89' lang='lat' dir='ltr'><strong>persecutione</strong></span> <span class='ocrx_word' id='word_1_315' title='bbox 607 2664 865 2719; x_wconf 89' lang='lat' dir='ltr'><strong>ﬁdelium</strong></span> <span class='ocrx_word' id='word_1_316' title='bbox 888 2665 1071 2719; x_wconf 91' lang='lat' dir='ltr'><strong>Deum</strong></span> <span class='ocrx_word' id='word_1_317' title='bbox 1104 2665 1352 2718; x_wconf 91' lang='lat' dir='ltr'><strong>ultorem</strong></span> <span class='ocrx_word' id='word_1_318' title='bbox 1374 2678 1496 2717; x_wconf 90' lang='lat' dir='ltr'><strong>esse</strong></span> <span class='ocrx_word' id='word_1_319' title='bbox 1514 2678 1632 2716; x_wconf 90' lang='lat' dir='ltr'><strong>non</strong></span> <span class='ocrx_word' id='word_1_320' title='bbox 1645 2678 1811 2734; x_wconf 83' lang='lat' dir='ltr'><strong>repu-</strong></span> 
     </span>
    </p>
   </div>
   <div class='ocr_carea' id='block_1_44' title="bbox 188 2749 1810 2827">
    <p class='ocr_par' dir='ltr' id='par_1_44' title="bbox 188 2749 1810 2827">
     <span class='ocr_line' id='line_1_44' title="bbox 188 2749 1810 2827; baseline -0.003 -17"><span class='ocrx_word' id='word_1_321' title='bbox 188 2758 337 2822; x_wconf 88' lang='lat' dir='ltr'><strong>tant,</strong></span> <span class='ocrx_word' id='word_1_322' title='bbox 378 2771 522 2827; x_wconf 91' lang='lat' dir='ltr'><strong>quos</strong></span> <span class='ocrx_word' id='word_1_323' title='bbox 551 2757 849 2824; x_wconf 90' lang='lat' dir='ltr'><strong>corruptos</strong></span> <span class='ocrx_word' id='word_1_324' title='bbox 874 2751 933 2806; x_wconf 91' lang='lat' dir='ltr'><strong>in</strong></span> <span class='ocrx_word' id='word_1_325' title='bbox 956 2752 1232 2818; x_wconf 90' lang='lat' dir='ltr'><strong>moribus,</strong></span> <span class='ocrx_word' id='word_1_326' title='bbox 1262 2755 1320 2805; x_wconf 89' lang='lat' dir='ltr'><strong>et</strong></span> <span class='ocrx_word' id='word_1_327' title='bbox 1349 2752 1465 2805; x_wconf 92' lang='lat' dir='ltr'><strong>Deo</strong></span> <span class='ocrx_word' id='word_1_328' title='bbox 1510 2749 1810 2805; x_wconf 85' lang='lat' dir='ltr'><strong>abomina-</strong></span> 
     </span>
    </p>
   </div>
   <div class='ocr_carea' id='block_1_45' title="bbox 188 2839 1814 2912">
    <p class='ocr_par' dir='ltr' id='par_1_45' title="bbox 188 2839 1814 2912">
     <span class='ocr_line' id='line_1_45' title="bbox 188 2839 1814 2912; baseline -0.004 -13"><span class='ocrx_word' id='word_1_329' title='bbox 188 2844 334 2899; x_wconf 91' lang='lat' dir='ltr'><strong>biles</strong></span> <span class='ocrx_word' id='word_1_330' title='bbox 385 2859 506 2898; x_wconf 92' lang='lat' dir='ltr'><strong>esse</strong></span> <span class='ocrx_word' id='word_1_331' title='bbox 564 2841 721 2907; x_wconf 87' lang='lat' dir='ltr'><strong>dicit,</strong></span> <span class='ocrx_word' id='word_1_332' title='bbox 777 2842 1017 2912; x_wconf 90' lang='lat' dir='ltr'><strong>propter</strong></span> <span class='ocrx_word' id='word_1_333' title='bbox 1080 2839 1414 2911; x_wconf 87' lang='lat' dir='ltr'><strong>iniquitates</strong></span> <span class='ocrx_word' id='word_1_334' title='bbox 1472 2855 1602 2892; x_wconf 90' lang='lat' dir='ltr'><strong>suas</strong></span> <span class='ocrx_word' id='word_1_335' title='bbox 1631 2854 1644 2891; x_wconf 87' lang='lat'><strong>:</strong></span> <span class='ocrx_word' id='word_1_336' title='bbox 1672 2854 1814 2909; x_wconf 88' lang='lat' dir='ltr'><strong>quos</strong></span> 
     </span>
    </p>
   </div>
   <div class='ocr_carea' id='block_1_46' title="bbox 192 2925 1813 2995">
    <p class='ocr_par' dir='ltr' id='par_1_46' title="bbox 192 2925 1813 2995">
     <span class='ocr_line' id='line_1_46' title="bbox 192 2925 1813 2995; baseline -0.004 -9"><span class='ocrx_word' id='word_1_337' title='bbox 192 2931 368 2987; x_wconf 90' lang='lat' dir='ltr'><strong>etiam</strong></span> <span class='ocrx_word' id='word_1_338' title='bbox 398 2929 808 2985; x_wconf 85' lang='lat' dir='ltr'><strong>inexcusabiles</strong></span> <span class='ocrx_word' id='word_1_339' title='bbox 840 2945 960 2983; x_wconf 91' lang='lat' dir='ltr'><strong>esse</strong></span> <span class='ocrx_word' id='word_1_340' title='bbox 991 2926 1408 2995; x_wconf 90' lang='lat' dir='ltr'><strong>ostendit,cum</strong></span> <span class='ocrx_word' id='word_1_341' title='bbox 1433 2926 1676 2979; x_wconf 88' lang='lat' dir='ltr'><strong>salutem</strong></span> <span class='ocrx_word' id='word_1_342' title='bbox 1707 2925 1813 2980; x_wconf 84' lang='lat' dir='ltr'><strong>sibi</strong></span> 
     </span>
    </p>
   </div>
   <div class='ocr_carea' id='block_1_47' title="bbox 1910 1871 3525 1944">
    <p class='ocr_par' dir='ltr' id='par_1_47' title="bbox 1910 1871 3525 1944">
     <span class='ocr_line' id='line_1_47' title="bbox 1910 1871 3525 1944; baseline -0.002 -17"><span class='ocrx_word' id='word_1_343' title='bbox 1910 1888 2026 1943; x_wconf 90' lang='lat' dir='ltr'><strong>qua</strong></span> <span class='ocrx_word' id='word_1_344' title='bbox 2054 1871 2277 1926; x_wconf 87' lang='lat' dir='ltr'><strong>diversa</strong></span> <span class='ocrx_word' id='word_1_345' title='bbox 2307 1871 2495 1943; x_wconf 89' lang='lat' dir='ltr'><strong>posita</strong></span> <span class='ocrx_word' id='word_1_346' title='bbox 2537 1873 2608 1927; x_wconf 92' lang='lat' dir='ltr'><strong>sit</strong></span> <span class='ocrx_word' id='word_1_347' title='bbox 2662 1871 3019 1940; x_wconf 67' lang='lat' dir='ltr'><strong>litteraturae,</strong></span> <span class='ocrx_word' id='word_1_348' title='bbox 3074 1871 3262 1944; x_wconf 89' lang='lat' dir='ltr'><strong>ipsam</strong></span> <span class='ocrx_word' id='word_1_349' title='bbox 3294 1884 3525 1941; x_wconf 82' lang='lat' dir='ltr'><strong>quoque</strong></span> 
     </span>
    </p>
   </div>
   <div class='ocr_carea' id='block_1_48' title="bbox 1910 1957 3524 2032">
    <p class='ocr_par' dir='ltr' id='par_1_48' title="bbox 1910 1957 3524 2032">
     <span class='ocr_line' id='line_1_48' title="bbox 1910 1957 3524 2032; baseline 0.001 -18"><span class='ocrx_word' id='word_1_350' title='bbox 1910 1959 2166 2014; x_wconf 89' lang='lat' dir='ltr'><strong>nitamur</strong></span> <span class='ocrx_word' id='word_1_351' title='bbox 2196 1976 2300 2032; x_wconf 92' lang='lat' dir='ltr'><strong>pro</strong></span> <span class='ocrx_word' id='word_1_352' title='bbox 2354 1976 2518 2030; x_wconf 89' lang='lat' dir='ltr'><strong>posse</strong></span> <span class='ocrx_word' id='word_1_353' title='bbox 2569 1962 2766 2015; x_wconf 89' lang='lat' dir='ltr'><strong>nostro</strong></span> <span class='ocrx_word' id='word_1_354' title='bbox 2799 1962 3087 2031; x_wconf 85' lang='lat' dir='ltr'><strong>utcunque</strong></span> <span class='ocrx_word' id='word_1_355' title='bbox 3121 1973 3429 2031; x_wconf 84' lang='lat' dir='ltr'><strong>exponere.</strong></span> <span class='ocrx_word' id='word_1_356' title='bbox 3460 1957 3524 2015; x_wconf 81' lang='lat' dir='ltr'><strong>In</strong></span> 
     </span>
    </p>
   </div>
   <div class='ocr_carea' id='block_1_49' title="bbox 1911 2043 3526 2119">
    <p class='ocr_par' dir='ltr' id='par_1_49' title="bbox 1911 2043 3526 2119">
     <span class='ocr_line' id='line_1_49' title="bbox 1911 2043 3526 2119; baseline -0.001 -18"><span class='ocrx_word' id='word_1_357' title='bbox 1911 2047 2113 2119; x_wconf 87' lang='lat' dir='ltr'><strong>primis</strong></span> <span class='ocrx_word' id='word_1_358' title='bbox 2162 2051 2357 2103; x_wconf 86' lang='lat' dir='ltr'><strong>autem</strong></span> <span class='ocrx_word' id='word_1_359' title='bbox 2406 2047 2716 2102; x_wconf 88' lang='lat' dir='ltr'><strong>dicendum</strong></span> <span class='ocrx_word' id='word_1_360' title='bbox 2766 2050 2872 2115; x_wconf 91' lang='lat' dir='ltr'><strong>est,</strong></span> <span class='ocrx_word' id='word_1_361' title='bbox 2919 2048 3073 2119; x_wconf 88' lang='lat' dir='ltr'><strong>quod</strong></span> <span class='ocrx_word' id='word_1_362' title='bbox 3105 2062 3237 2101; x_wconf 91' lang='lat' dir='ltr'><strong>cum</strong></span> <span class='ocrx_word' id='word_1_363' title='bbox 3264 2043 3526 2118; x_wconf 86' lang='lat' dir='ltr'><strong>superius</strong></span> 
     </span>
    </p>
   </div>
   <div class='ocr_carea' id='block_1_50' title="bbox 1910 2134 3526 2206">
    <p class='ocr_par' dir='ltr' id='par_1_50' title="bbox 1910 2134 3526 2206">
     <span class='ocr_line' id='line_1_50' title="bbox 1910 2134 3526 2206; baseline -0.002 -16"><span class='ocrx_word' id='word_1_364' title='bbox 1910 2134 2245 2190; x_wconf 81' lang='lat' dir='ltr'><strong>dixissemus</strong></span> <span class='ocrx_word' id='word_1_365' title='bbox 2271 2136 2458 2205; x_wconf 91' lang='lat' dir='ltr'><strong>ipsum</strong></span> <span class='ocrx_word' id='word_1_366' title='bbox 2473 2139 2643 2206; x_wconf 90' lang='lat' dir='ltr'><strong>caput</strong></span> <span class='ocrx_word' id='word_1_367' title='bbox 2654 2135 2710 2190; x_wconf 89' lang='lat' dir='ltr'><strong>in</strong></span> <span class='ocrx_word' id='word_1_368' title='bbox 2724 2136 2833 2202; x_wconf 84' lang='lat' dir='ltr'><strong>hoc</strong></span> <span class='ocrx_word' id='word_1_369' title='bbox 2846 2136 3068 2206; x_wconf 85' lang='lat' dir='ltr'><strong>psalmo</strong></span> <span class='ocrx_word' id='word_1_370' title='bbox 3079 2135 3306 2189; x_wconf 72' lang='lat' dir='ltr'><strong>Judtros</strong></span> <span class='ocrx_word' id='word_1_371' title='bbox 3325 2142 3526 2204; x_wconf 76' lang='lat' dir='ltr'><strong>expro-</strong></span> 
     </span>
    </p>
   </div>
   <div class='ocr_carea' id='block_1_51' title="bbox 1910 2219 3526 2290">
    <p class='ocr_par' dir='ltr' id='par_1_51' title="bbox 1910 2219 3526 2290">
     <span class='ocr_line' id='line_1_51' title="bbox 1910 2219 3526 2290; baseline -0.001 -13"><span class='ocrx_word' id='word_1_372' title='bbox 1910 2222 2103 2290; x_wconf 90' lang='lat' dir='ltr'><strong>brare,</strong></span> <span class='ocrx_word' id='word_1_373' title='bbox 2164 2222 2462 2277; x_wconf 89' lang='lat' dir='ltr'><strong>sciendum</strong></span> <span class='ocrx_word' id='word_1_374' title='bbox 2495 2239 2615 2277; x_wconf 92' lang='lat' dir='ltr'><strong>esse</strong></span> <span class='ocrx_word' id='word_1_375' title='bbox 2665 2239 2782 2278; x_wconf 92' lang='lat' dir='ltr'><strong>non</strong></span> <span class='ocrx_word' id='word_1_376' title='bbox 2830 2224 3016 2278; x_wconf 89' lang='lat' dir='ltr'><strong>solum</strong></span> <span class='ocrx_word' id='word_1_377' title='bbox 3048 2223 3119 2278; x_wconf 89' lang='lat' dir='ltr'><strong>de</strong></span> <span class='ocrx_word' id='word_1_378' title='bbox 3165 2220 3395 2287; x_wconf 75' lang='lat' dir='ltr'><strong>Iudaeis,</strong></span> <span class='ocrx_word' id='word_1_379' title='bbox 3424 2219 3526 2276; x_wconf 78' lang='lat' dir='ltr'><strong>sed</strong></span> 
     </span>
    </p>
   </div>
   <div class='ocr_carea' id='block_1_52' title="bbox 1912 2309 3527 2382">
    <p class='ocr_par' dir='ltr' id='par_1_52' title="bbox 1912 2309 3527 2382">
     <span class='ocr_line' id='line_1_52' title="bbox 1912 2309 3527 2382; baseline -0.001 -17"><span class='ocrx_word' id='word_1_380' title='bbox 1912 2309 2261 2381; x_wconf 87' lang='lat' dir='ltr'><strong>generaliter</strong></span> <span class='ocrx_word' id='word_1_381' title='bbox 2272 2311 2344 2366; x_wconf 91' lang='lat' dir='ltr'><strong>de</strong></span> <span class='ocrx_word' id='word_1_382' title='bbox 2354 2310 2625 2365; x_wconf 89' lang='lat' dir='ltr'><strong>omnibus</strong></span> <span class='ocrx_word' id='word_1_383' title='bbox 2640 2310 2726 2365; x_wconf 90' lang='lat' dir='ltr'><strong>sui</strong></span> <span class='ocrx_word' id='word_1_384' title='bbox 2737 2311 3253 2382; x_wconf 88' lang='lat' dir='ltr'><strong>membrorumque</strong></span> <span class='ocrx_word' id='word_1_385' title='bbox 3268 2318 3527 2379; x_wconf 76' lang='lat' dir='ltr'><strong>perseeu-</strong></span> 
     </span>
    </p>
   </div>
   <div class='ocr_carea' id='block_1_53' title="bbox 1914 2398 2947 2471">
    <p class='ocr_par' dir='ltr' id='par_1_53' title="bbox 1914 2398 2947 2471">
     <span class='ocr_line' id='line_1_53' title="bbox 1914 2398 2947 2471; baseline -0.001 -17"><span class='ocrx_word' id='word_1_386' title='bbox 1914 2398 2135 2454; x_wconf 89' lang='lat' dir='ltr'><strong>toribus</strong></span> <span class='ocrx_word' id='word_1_387' title='bbox 2164 2398 2223 2454; x_wconf 89' lang='lat' dir='ltr'><strong>in</strong></span> <span class='ocrx_word' id='word_1_388' title='bbox 2254 2399 2363 2453; x_wconf 93' lang='lat' dir='ltr'><strong>hoc</strong></span> <span class='ocrx_word' id='word_1_389' title='bbox 2391 2400 2614 2471; x_wconf 88' lang='lat' dir='ltr'><strong>psalmo</strong></span> <span class='ocrx_word' id='word_1_390' title='bbox 2636 2398 2728 2470; x_wconf 89' lang='lat' dir='ltr'><strong>agi</strong></span> <span class='ocrx_word' id='word_1_391' title='bbox 2759 2414 2947 2469; x_wconf 90' lang='lat' dir='ltr'><strong>posse.</strong></span> 
     </span>
    </p>
   </div>
   <div class='ocr_carea' id='block_1_54' title="bbox 1981 2485 3527 2564">
    <p class='ocr_par' dir='ltr' id='par_1_54' title="bbox 1981 2485 3527 2564">
     <span class='ocr_line' id='line_1_54' title="bbox 1981 2485 3527 2564; baseline 0.006 -25"><span class='ocrx_word' id='word_1_392' title='bbox 1981 2485 2139 2564; x_wconf 70' lang='lat' dir='ltr'><strong>Dixit</strong></span> <span class='ocrx_word' id='word_1_393' title='bbox 2185 2489 2436 2559; x_wconf 75' lang='lat' dir='ltr'><strong>insipiens</strong></span> <span class='ocrx_word' id='word_1_394' title='bbox 2461 2486 2726 2541; x_wconf 84' lang='lat' dir='ltr'><strong>Judaicus</strong></span> <span class='ocrx_word' id='word_1_395' title='bbox 2766 2488 3008 2558; x_wconf 89' lang='lat' dir='ltr'><strong>populus</strong></span> <span class='ocrx_word' id='word_1_396' title='bbox 3036 2490 3094 2542; x_wconf 81' lang='lat' dir='ltr'><strong>et</strong></span> <span class='ocrx_word' id='word_1_397' title='bbox 3121 2490 3373 2560; x_wconf 86' lang='lat' dir='ltr'><strong>gentilis,</strong></span> <span class='ocrx_word' id='word_1_398' title='bbox 3405 2490 3527 2548; x_wconf 83' lang='lat' dir='ltr'><strong>mei</strong></span> 
     </span>
    </p>
   </div>
   <div class='ocr_carea' id='block_1_55' title="bbox 1914 2574 3525 2646">
    <p class='ocr_par' dir='ltr' id='par_1_55' title="bbox 1914 2574 3525 2646">
     <span class='ocr_line' id='line_1_55' title="bbox 1914 2574 3525 2646; baseline 0.004 -17"><span class='ocrx_word' id='word_1_399' title='bbox 1914 2589 2298 2646; x_wconf 88' lang='lat' dir='ltr'><strong>meorumque</strong></span> <span class='ocrx_word' id='word_1_400' title='bbox 2320 2578 2678 2645; x_wconf 86' lang='lat' dir='ltr'><strong>prosecutor,</strong></span> <span class='ocrx_word' id='word_1_401' title='bbox 2711 2576 2767 2628; x_wconf 89' lang='lat' dir='ltr'><strong>in</strong></span> <span class='ocrx_word' id='word_1_402' title='bbox 2794 2574 2949 2630; x_wconf 85' lang='lat' dir='ltr'><strong>corde</strong></span> <span class='ocrx_word' id='word_1_403' title='bbox 2975 2591 3069 2631; x_wconf 90' lang='lat' dir='ltr'><strong>suo</strong></span> <span class='ocrx_word' id='word_1_404' title='bbox 3087 2576 3251 2632; x_wconf 85' lang='lat' dir='ltr'><strong>:Non</strong></span> <span class='ocrx_word' id='word_1_405' title='bbox 3278 2585 3353 2633; x_wconf 84' lang='lat' dir='ltr'><strong>est</strong></span> <span class='ocrx_word' id='word_1_406' title='bbox 3381 2577 3525 2635; x_wconf 62' lang='lat' dir='ltr'><strong>licus</strong></span> 
     </span>
    </p>
   </div>
   <div class='ocr_carea' id='block_1_56' title="bbox 1912 2662 3522 2732">
    <p class='ocr_par' dir='ltr' id='par_1_56' title="bbox 1912 2662 3522 2732">
     <span class='ocr_line' id='line_1_56' title="bbox 1912 2662 3522 2732; baseline 0.002 -14"><span class='ocrx_word' id='word_1_407' title='bbox 1912 2663 2019 2718; x_wconf 90' lang='lat' dir='ltr'><strong>iste</strong></span> <span class='ocrx_word' id='word_1_408' title='bbox 2050 2663 2322 2729; x_wconf 83' lang='lat' dir='ltr'><strong>Christus,</strong></span> <span class='ocrx_word' id='word_1_409' title='bbox 2357 2667 2418 2717; x_wconf 91' lang='lat' dir='ltr'><strong>ut</strong></span> <span class='ocrx_word' id='word_1_410' title='bbox 2450 2662 2628 2732; x_wconf 89' lang='lat' dir='ltr'><strong>possit</strong></span> <span class='ocrx_word' id='word_1_411' title='bbox 2655 2679 2713 2717; x_wconf 89' lang='lat' dir='ltr'><strong>se</strong></span> <span class='ocrx_word' id='word_1_412' title='bbox 2728 2662 2917 2717; x_wconf 90' lang='lat' dir='ltr'><strong>ulcisci</strong></span> <span class='ocrx_word' id='word_1_413' title='bbox 2943 2667 3000 2718; x_wconf 91' lang='lat' dir='ltr'><strong>et</strong></span> <span class='ocrx_word' id='word_1_414' title='bbox 3024 2680 3173 2719; x_wconf 91' lang='lat' dir='ltr'><strong>suos.</strong></span> <span class='ocrx_word' id='word_1_415' title='bbox 3200 2666 3343 2721; x_wconf 82' lang='lat' dir='ltr'><strong>Vere</strong></span> <span class='ocrx_word' id='word_1_416' title='bbox 3369 2669 3522 2722; x_wconf 87' lang='lat' dir='ltr'><strong>uter-</strong></span> 
     </span>
    </p>
   </div>
   <div class='ocr_carea' id='block_1_57' title="bbox 1913 2751 3524 2825">
    <p class='ocr_par' dir='ltr' id='par_1_57' title="bbox 1913 2751 3524 2825">
     <span class='ocr_line' id='line_1_57' title="bbox 1913 2751 3524 2825; baseline 0.002 -20"><span class='ocrx_word' id='word_1_417' title='bbox 1913 2768 2024 2823; x_wconf 89' lang='lat' dir='ltr'><strong>que</strong></span> <span class='ocrx_word' id='word_1_418' title='bbox 2049 2752 2291 2823; x_wconf 89' lang='lat' dir='ltr'><strong>populus</strong></span> <span class='ocrx_word' id='word_1_419' title='bbox 2317 2751 2568 2821; x_wconf 82' lang='lat' dir='ltr'><strong>insipiens</strong></span> <span class='ocrx_word' id='word_1_420' title='bbox 2611 2766 2744 2804; x_wconf 89' lang='lat' dir='ltr'><strong>cum</strong></span> <span class='ocrx_word' id='word_1_421' title='bbox 2776 2767 2871 2805; x_wconf 89' lang='lat' dir='ltr'><strong>me</strong></span> <span class='ocrx_word' id='word_1_422' title='bbox 2900 2752 3107 2805; x_wconf 88' lang='lat' dir='ltr'><strong>saltem</strong></span> <span class='ocrx_word' id='word_1_423' title='bbox 3133 2768 3238 2822; x_wconf 90' lang='lat' dir='ltr'><strong>per</strong></span> <span class='ocrx_word' id='word_1_424' title='bbox 3266 2769 3442 2825; x_wconf 90' lang='lat' dir='ltr'><strong>opera</strong></span> <span class='ocrx_word' id='word_1_425' title='bbox 3465 2757 3524 2808; x_wconf 86' lang='lat' dir='ltr'><strong>et</strong></span> 
     </span>
    </p>
   </div>
   <div class='ocr_carea' id='block_1_58' title="bbox 1914 2838 3523 2914">
    <p class='ocr_par' dir='ltr' id='par_1_58' title="bbox 1914 2838 3523 2914">
     <span class='ocr_line' id='line_1_58' title="bbox 1914 2838 3523 2914; baseline 0.002 -20"><span class='ocrx_word' id='word_1_426' title='bbox 1914 2838 2191 2894; x_wconf 89' lang='lat' dir='ltr'><strong>miracula</strong></span> <span class='ocrx_word' id='word_1_427' title='bbox 2221 2854 2350 2892; x_wconf 87' lang='lat' dir='ltr'><strong>mea</strong></span> <span class='ocrx_word' id='word_1_428' title='bbox 2375 2853 2776 2908; x_wconf 90' lang='lat' dir='ltr'><strong>meorumque,</strong></span> <span class='ocrx_word' id='word_1_429' title='bbox 2801 2840 2982 2893; x_wconf 90' lang='lat' dir='ltr'><strong>Deum</strong></span> <span class='ocrx_word' id='word_1_430' title='bbox 3008 2854 3128 2893; x_wconf 89' lang='lat' dir='ltr'><strong>esse</strong></span> <span class='ocrx_word' id='word_1_431' title='bbox 3157 2855 3275 2895; x_wconf 91' lang='lat' dir='ltr'><strong>non</strong></span> <span class='ocrx_word' id='word_1_432' title='bbox 3307 2857 3523 2914; x_wconf 91' lang='lat' dir='ltr'><strong>cogno-</strong></span> 
     </span>
    </p>
   </div>
   <div class='ocr_carea' id='block_1_59' title="bbox 1912 2925 3523 2997">
    <p class='ocr_par' dir='ltr' id='par_1_59' title="bbox 1912 2925 3523 2997">
     <span class='ocr_line' id='line_1_59' title="bbox 1912 2925 3523 2997; baseline 0.002 -18"><span class='ocrx_word' id='word_1_433' title='bbox 1912 2929 2050 2980; x_wconf 90' lang='lat' dir='ltr'><strong>scat.</strong></span> <span class='ocrx_word' id='word_1_434' title='bbox 2079 2926 2363 2990; x_wconf 87' lang='lat' dir='ltr'><strong>Quoniam</strong></span> <span class='ocrx_word' id='word_1_435' title='bbox 2390 2941 2523 2980; x_wconf 87' lang='lat' dir='ltr'><strong>vero</strong></span> <span class='ocrx_word' id='word_1_436' title='bbox 2553 2925 2854 2980; x_wconf 86' lang='lat' dir='ltr'><strong>dixerunt:</strong></span> <span class='ocrx_word' id='word_1_437' title='bbox 2875 2925 3003 2981; x_wconf 89' lang='lat' dir='ltr'><strong>Non</strong></span> <span class='ocrx_word' id='word_1_438' title='bbox 3029 2934 3103 2980; x_wconf 85' lang='lat' dir='ltr'><strong>est</strong></span> <span class='ocrx_word' id='word_1_439' title='bbox 3142 2928 3307 2997; x_wconf 84' lang='lat' dir='ltr'><strong>Deus,</strong></span> <span class='ocrx_word' id='word_1_440' title='bbox 3338 2945 3523 2983; x_wconf 83' lang='lat' dir='ltr'><strong>corru-</strong></span> 
     </span>
    </p>
   </div>
   <div class='ocr_carea' id='block_1_60' title="bbox 194 3012 3520 3091">
    <p class='ocr_par' dir='ltr' id='par_1_60' title="bbox 194 3012 3520 3091">
     <span class='ocr_line' id='line_1_60' title="bbox 194 3012 3520 3091; baseline -0.001 -17"><span class='ocrx_word' id='word_1_441' title='bbox 194 3036 229 3074; x_wconf 90' lang='lat' dir='ltr'><strong>a</strong></span> <span class='ocrx_word' id='word_1_442' title='bbox 249 3021 367 3074; x_wconf 89' lang='lat' dir='ltr'><strong>Deo</strong></span> <span class='ocrx_word' id='word_1_443' title='bbox 390 3016 746 3091; x_wconf 88' lang='lat' dir='ltr'><strong>propositam</strong></span> <span class='ocrx_word' id='word_1_444' title='bbox 764 3018 1166 3081; x_wconf 88' lang='lat' dir='ltr'><strong>contemnant,</strong></span> <span class='ocrx_word' id='word_1_445' title='bbox 1204 3031 1326 3069; x_wconf 90' lang='lat' dir='ltr'><strong>sese</strong></span> <span class='ocrx_word' id='word_1_446' title='bbox 1348 3012 1610 3068; x_wconf 91' lang='lat' dir='ltr'><strong>videlicet</strong></span> <span class='ocrx_word' id='word_1_447' title='bbox 1654 3012 1812 3067; x_wconf 86' lang='lat' dir='ltr'><strong>Chri-</strong></span> <span class='ocrx_word' id='word_1_448' title='bbox 1845 3012 1892 3071; x_wconf 90' lang='lat' dir='ltr'><strong>C</strong></span> <span class='ocrx_word' id='word_1_449' title='bbox 1904 3015 1991 3085; x_wconf 89' lang='lat' dir='ltr'><strong>pti</strong></span> <span class='ocrx_word' id='word_1_450' title='bbox 2016 3021 2159 3081; x_wconf 85' lang='lat' dir='ltr'><strong>sunt,</strong></span> <span class='ocrx_word' id='word_1_451' title='bbox 2185 3013 2244 3067; x_wconf 91' lang='lat' dir='ltr'><strong>id</strong></span> <span class='ocrx_word' id='word_1_452' title='bbox 2270 3016 2353 3067; x_wconf 87' lang='lat' dir='ltr'><strong>est</strong></span> <span class='ocrx_word' id='word_1_453' title='bbox 2383 3012 2568 3083; x_wconf 88' lang='lat' dir='ltr'><strong>magis</strong></span> <span class='ocrx_word' id='word_1_454' title='bbox 2595 3015 2654 3067; x_wconf 89' lang='lat' dir='ltr'><strong>et</strong></span> <span class='ocrx_word' id='word_1_455' title='bbox 2682 3013 2868 3084; x_wconf 88' lang='lat' dir='ltr'><strong>magis</strong></span> <span class='ocrx_word' id='word_1_456' title='bbox 2899 3018 3345 3085; x_wconf 77' lang='lat' dir='ltr'><strong>corrumpantur</strong></span> <span class='ocrx_word' id='word_1_457' title='bbox 3372 3016 3520 3071; x_wconf 91' lang='lat' dir='ltr'><strong>inte-</strong></span> 
     </span>
    </p>
   </div>
   <div class='ocr_carea' id='block_1_61' title="bbox 196 3100 1817 3176">
    <p class='ocr_par' dir='ltr' id='par_1_61' title="bbox 196 3100 1817 3176">
     <span class='ocr_line' id='line_1_61' title="bbox 196 3100 1817 3176; baseline -0.003 -15"><span class='ocrx_word' id='word_1_458' title='bbox 196 3110 350 3161; x_wconf 91' lang='lat' dir='ltr'><strong>stum</strong></span> <span class='ocrx_word' id='word_1_459' title='bbox 382 3123 415 3159; x_wconf 89' lang='lat' dir='ltr'><strong>a</strong></span> <span class='ocrx_word' id='word_1_460' title='bbox 441 3106 607 3160; x_wconf 89' lang='lat' dir='ltr'><strong>Patre</strong></span> <span class='ocrx_word' id='word_1_461' title='bbox 634 3119 737 3176; x_wconf 91' lang='lat' dir='ltr'><strong>pro</strong></span> <span class='ocrx_word' id='word_1_462' title='bbox 772 3103 973 3158; x_wconf 91' lang='lat' dir='ltr'><strong>mundi</strong></span> <span class='ocrx_word' id='word_1_463' title='bbox 1004 3102 1471 3173; x_wconf 90' lang='lat' dir='ltr'><strong>redemptionem</strong></span> <span class='ocrx_word' id='word_1_464' title='bbox 1494 3100 1752 3168; x_wconf 88' lang='lat' dir='ltr'><strong>missum,</strong></span> <span class='ocrx_word' id='word_1_465' title='bbox 1782 3117 1817 3156; x_wconf 89' lang='lat' dir='ltr'><strong>a</strong></span> 
     </span>
    </p>
   </div>
   <div class='ocr_carea' id='block_1_62' title="bbox 196 3191 1015 3269">
    <p class='ocr_par' dir='ltr' id='par_1_62' title="bbox 196 3191 1015 3269">
     <span class='ocr_line' id='line_1_62' title="bbox 196 3191 1015 3269; baseline -0.006 -19"><span class='ocrx_word' id='word_1_466' title='bbox 196 3211 312 3269; x_wconf 91' lang='lat' dir='ltr'><strong>quo</strong></span> <span class='ocrx_word' id='word_1_467' title='bbox 337 3192 675 3249; x_wconf 90' lang='lat' dir='ltr'><strong>omnimodo</strong></span> <span class='ocrx_word' id='word_1_468' title='bbox 706 3191 1015 3246; x_wconf 90' lang='lat' dir='ltr'><strong>declinant.</strong></span> 
     </span>
    </p>
   </div>
   <div class='ocr_carea' id='block_1_63' title="bbox 267 3276 1817 3352">
    <p class='ocr_par' dir='ltr' id='par_1_63' title="bbox 267 3276 1817 3352">
     <span class='ocr_line' id='line_1_63' title="bbox 267 3276 1817 3352; baseline -0.005 -15"><span class='ocrx_word' id='word_1_469' title='bbox 267 3283 875 3352; x_wconf 85' lang='lat' dir='ltr'><strong>Demonstratquoque</strong></span> <span class='ocrx_word' id='word_1_470' title='bbox 930 3279 1185 3351; x_wconf 89' lang='lat' dir='ltr'><strong>ipsorum</strong></span> <span class='ocrx_word' id='word_1_471' title='bbox 1219 3276 1817 3344; x_wconf 86' lang='lat' dir='ltr'><strong>inﬁdelium,ethicet</strong></span> 
     </span>
    </p>
   </div>
   <div class='ocr_carea' id='block_1_64' title="bbox 197 3365 1814 3435">
    <p class='ocr_par' dir='ltr' id='par_1_64' title="bbox 197 3365 1814 3435">
     <span class='ocr_line' id='line_1_64' title="bbox 197 3365 1814 3435; baseline -0.005 -9"><span class='ocrx_word' id='word_1_472' title='bbox 197 3371 258 3426; x_wconf 92' lang='lat' dir='ltr'><strong>in</strong></span> <span class='ocrx_word' id='word_1_473' title='bbox 303 3370 494 3425; x_wconf 90' lang='lat' dir='ltr'><strong>futuro</strong></span> <span class='ocrx_word' id='word_1_474' title='bbox 539 3367 999 3435; x_wconf 87' lang='lat' dir='ltr'><strong>damnationem,</strong></span> <span class='ocrx_word' id='word_1_475' title='bbox 1048 3370 1106 3422; x_wconf 90' lang='lat' dir='ltr'><strong>et</strong></span> <span class='ocrx_word' id='word_1_476' title='bbox 1143 3366 1399 3421; x_wconf 87' lang='lat' dir='ltr'><strong>ﬁdelium</strong></span> <span class='ocrx_word' id='word_1_477' title='bbox 1439 3368 1496 3420; x_wconf 89' lang='lat' dir='ltr'><strong>et</strong></span> <span class='ocrx_word' id='word_1_478' title='bbox 1529 3365 1621 3419; x_wconf 91' lang='lat' dir='ltr'><strong>hic</strong></span> <span class='ocrx_word' id='word_1_479' title='bbox 1671 3368 1729 3418; x_wconf 90' lang='lat' dir='ltr'><strong>et</strong></span> <span class='ocrx_word' id='word_1_480' title='bbox 1756 3365 1814 3419; x_wconf 91' lang='lat' dir='ltr'><strong>in</strong></span> 
     </span>
    </p>
   </div>
   <div class='ocr_carea' id='block_1_65' title="bbox 194 3456 821 3515">
    <p class='ocr_par' dir='ltr' id='par_1_65' title="bbox 194 3456 821 3515">
     <span class='ocr_line' id='line_1_65' title="bbox 194 3456 821 3515; baseline -0.008 0"><span class='ocrx_word' id='word_1_481' title='bbox 194 3459 389 3515; x_wconf 83' lang='lat' dir='ltr'><strong>futuro</strong></span> <span class='ocrx_word' id='word_1_482' title='bbox 422 3456 821 3512; x_wconf 89' lang='lat' dir='ltr'><strong>salvationem.</strong></span> 
     </span>
    </p>
   </div>
   <div class='ocr_carea' id='block_1_66' title="bbox 266 3540 1815 3616">
    <p class='ocr_par' dir='ltr' id='par_1_66' title="bbox 266 3540 1815 3616">
     <span class='ocr_line' id='line_1_66' title="bbox 266 3540 1815 3616; baseline -0.003 -16"><span class='ocrx_word' id='word_1_483' title='bbox 266 3544 597 3601; x_wconf 86' lang='lat' dir='ltr'><strong>Notandum</strong></span> <span class='ocrx_word' id='word_1_484' title='bbox 621 3561 757 3598; x_wconf 83' lang='lat' dir='ltr'><strong>sane</strong></span> <span class='ocrx_word' id='word_1_485' title='bbox 780 3543 936 3616; x_wconf 89' lang='lat' dir='ltr'><strong>quod</strong></span> <span class='ocrx_word' id='word_1_486' title='bbox 966 3559 1098 3597; x_wconf 91' lang='lat' dir='ltr'><strong>cum</strong></span> <span class='ocrx_word' id='word_1_487' title='bbox 1125 3542 1375 3615; x_wconf 67' lang='lat' dir='ltr'><strong>psalmus</strong></span> <span class='ocrx_word' id='word_1_488' title='bbox 1406 3541 1510 3595; x_wconf 86' lang='lat' dir='ltr'><strong>iste</strong></span> <span class='ocrx_word' id='word_1_489' title='bbox 1559 3540 1815 3611; x_wconf 88' lang='lat' dir='ltr'><strong>superius</strong></span> 
     </span>
    </p>
   </div>
   <div class='ocr_carea' id='block_1_67' title="bbox 193 3629 1813 3702">
    <p class='ocr_par' dir='ltr' id='par_1_67' title="bbox 193 3629 1813 3702">
     <span class='ocr_line' id='line_1_67' title="bbox 193 3629 1813 3702; baseline -0.005 -12"><span class='ocrx_word' id='word_1_490' title='bbox 193 3635 252 3691; x_wconf 93' lang='lat' dir='ltr'><strong>in</strong></span> <span class='ocrx_word' id='word_1_491' title='bbox 276 3634 588 3689; x_wconf 86' lang='lat' dir='ltr'><strong>tredecimo</strong></span> <span class='ocrx_word' id='word_1_492' title='bbox 616 3634 740 3687; x_wconf 93' lang='lat' dir='ltr'><strong>loco</strong></span> <span class='ocrx_word' id='word_1_493' title='bbox 762 3633 834 3686; x_wconf 91' lang='lat' dir='ltr'><strong>sit</strong></span> <span class='ocrx_word' id='word_1_494' title='bbox 861 3631 1097 3702; x_wconf 89' lang='lat' dir='ltr'><strong>positus,</strong></span> <span class='ocrx_word' id='word_1_495' title='bbox 1142 3648 1259 3685; x_wconf 92' lang='lat' dir='ltr'><strong>non</strong></span> <span class='ocrx_word' id='word_1_496' title='bbox 1304 3630 1518 3701; x_wconf 85' lang='lat' dir='ltr'><strong>absque</strong></span> <span class='ocrx_word' id='word_1_497' title='bbox 1567 3629 1813 3696; x_wconf 82' lang='lat' dir='ltr'><strong>ratione,</strong></span> 
     </span>
    </p>
   </div>
   <div class='ocr_carea' id='block_1_68' title="bbox 193 3716 1816 3791">
    <p class='ocr_par' dir='ltr' id='par_1_68' title="bbox 193 3716 1816 3791">
     <span class='ocr_line' id='line_1_68' title="bbox 193 3716 1816 3791; baseline -0.004 -14"><span class='ocrx_word' id='word_1_498' title='bbox 193 3722 414 3778; x_wconf 88' lang='lat' dir='ltr'><strong>eisdem</strong></span> <span class='ocrx_word' id='word_1_499' title='bbox 441 3721 561 3776; x_wconf 88' lang='lat' dir='ltr'><strong>fere</strong></span> <span class='ocrx_word' id='word_1_500' title='bbox 586 3719 771 3775; x_wconf 90' lang='lat' dir='ltr'><strong>verbis</strong></span> <span class='ocrx_word' id='word_1_501' title='bbox 800 3720 894 3773; x_wconf 92' lang='lat' dir='ltr'><strong>hic</strong></span> <span class='ocrx_word' id='word_1_502' title='bbox 929 3722 1014 3773; x_wconf 89' lang='lat' dir='ltr'><strong>est</strong></span> <span class='ocrx_word' id='word_1_503' title='bbox 1043 3718 1339 3791; x_wconf 90' lang='lat' dir='ltr'><strong>repetitus.</strong></span> <span class='ocrx_word' id='word_1_504' title='bbox 1365 3718 1506 3772; x_wconf 90' lang='lat' dir='ltr'><strong>Cum</strong></span> <span class='ocrx_word' id='word_1_505' title='bbox 1534 3721 1727 3771; x_wconf 89' lang='lat' dir='ltr'><strong>autem</strong></span> <span class='ocrx_word' id='word_1_506' title='bbox 1755 3716 1816 3771; x_wconf 91' lang='lat' dir='ltr'><strong>in</strong></span> 
     </span>
    </p>
   </div>
   <div class='ocr_carea' id='block_1_69' title="bbox 194 3804 1819 3882">
    <p class='ocr_par' dir='ltr' id='par_1_69' title="bbox 194 3804 1819 3882">
     <span class='ocr_line' id='line_1_69' title="bbox 194 3804 1819 3882; baseline -0.004 -17"><span class='ocrx_word' id='word_1_507' title='bbox 194 3808 479 3882; x_wconf 90' lang='lat' dir='ltr'><strong>superiori</strong></span> <span class='ocrx_word' id='word_1_508' title='bbox 510 3809 635 3863; x_wconf 93' lang='lat' dir='ltr'><strong>loco</strong></span> <span class='ocrx_word' id='word_1_509' title='bbox 662 3807 859 3862; x_wconf 86' lang='lat' dir='ltr'><strong>titulus</strong></span> <span class='ocrx_word' id='word_1_510' title='bbox 886 3807 991 3861; x_wconf 90' lang='lat' dir='ltr'><strong>iste</strong></span> <span class='ocrx_word' id='word_1_511' title='bbox 1020 3806 1076 3860; x_wconf 93' lang='lat' dir='ltr'><strong>in</strong></span> <span class='ocrx_word' id='word_1_512' title='bbox 1108 3822 1221 3877; x_wconf 90' lang='lat' dir='ltr'><strong>quo</strong></span> <span class='ocrx_word' id='word_1_513' title='bbox 1263 3805 1551 3860; x_wconf 88' lang='lat' dir='ltr'><strong>inducitur</strong></span> <span class='ocrx_word' id='word_1_514' title='bbox 1582 3804 1819 3859; x_wconf 90' lang='lat' dir='ltr'><strong>historia</strong></span> 
     </span>
    </p>
   </div>
   <div class='ocr_carea' id='block_1_70' title="bbox 196 3893 1817 3966">
    <p class='ocr_par' dir='ltr' id='par_1_70' title="bbox 196 3893 1817 3966">
     <span class='ocr_line' id='line_1_70' title="bbox 196 3893 1817 3966; baseline -0.003 -14"><span class='ocrx_word' id='word_1_515' title='bbox 196 3898 270 3953; x_wconf 92' lang='lat' dir='ltr'><strong>de</strong></span> <span class='ocrx_word' id='word_1_516' title='bbox 298 3897 572 3951; x_wconf 82' lang='lat' dir='ltr'><strong>Amalech</strong></span> <span class='ocrx_word' id='word_1_517' title='bbox 601 3911 717 3949; x_wconf 91' lang='lat' dir='ltr'><strong>non</strong></span> <span class='ocrx_word' id='word_1_518' title='bbox 742 3897 1135 3966; x_wconf 80' lang='lat' dir='ltr'><strong>praeponatur,</strong></span> <span class='ocrx_word' id='word_1_519' title='bbox 1160 3893 1638 3949; x_wconf 85' lang='lat' dir='ltr'><strong>sedsolummodo</strong></span> <span class='ocrx_word' id='word_1_520' title='bbox 1668 3893 1817 3964; x_wconf 86' lang='lat' dir='ltr'><strong>psal-</strong></span> 
     </span>
    </p>
   </div>
   <div class='ocr_carea' id='block_1_71' title="bbox 197 3980 1821 4052">
    <p class='ocr_par' dir='ltr' id='par_1_71' title="bbox 197 3980 1821 4052">
     <span class='ocr_line' id='line_1_71' title="bbox 197 3980 1821 4052; baseline -0.005 -11"><span class='ocrx_word' id='word_1_521' title='bbox 197 4002 328 4041; x_wconf 89' lang='lat' dir='ltr'><strong>mus</strong></span> <span class='ocrx_word' id='word_1_522' title='bbox 359 3983 554 4052; x_wconf 91' lang='lat' dir='ltr'><strong>David,</strong></span> <span class='ocrx_word' id='word_1_523' title='bbox 588 3982 753 4037; x_wconf 90' lang='lat' dir='ltr'><strong>nobis</strong></span> <span class='ocrx_word' id='word_1_524' title='bbox 778 3982 1038 4037; x_wconf 87' lang='lat' dir='ltr'><strong>innuitnr</strong></span> <span class='ocrx_word' id='word_1_525' title='bbox 1056 3982 1315 4037; x_wconf 91' lang='lat' dir='ltr'><strong>nondum</strong></span> <span class='ocrx_word' id='word_1_526' title='bbox 1331 3980 1628 4036; x_wconf 88' lang='lat' dir='ltr'><strong>victoriam</strong></span> <span class='ocrx_word' id='word_1_527' title='bbox 1653 3982 1821 4034; x_wconf 89' lang='lat' dir='ltr'><strong>Ama-</strong></span> 
     </span>
    </p>
   </div>
   <div class='ocr_carea' id='block_1_72' title="bbox 192 4071 1819 4142">
    <p class='ocr_par' dir='ltr' id='par_1_72' title="bbox 192 4071 1819 4142">
     <span class='ocr_line' id='line_1_72' title="bbox 192 4071 1819 4142; baseline -0.005 -12"><span class='ocrx_word' id='word_1_528' title='bbox 192 4075 500 4131; x_wconf 87' lang='lat' dir='ltr'><strong>lccitarum</strong></span> <span class='ocrx_word' id='word_1_529' title='bbox 535 4071 827 4138; x_wconf 86' lang='lat' dir='ltr'><strong>accidisse,</strong></span> <span class='ocrx_word' id='word_1_530' title='bbox 855 4088 987 4125; x_wconf 91' lang='lat' dir='ltr'><strong>cum</strong></span> <span class='ocrx_word' id='word_1_531' title='bbox 1009 4088 1041 4126; x_wconf 89' lang='lat' dir='ltr'><strong>a</strong></span> <span class='ocrx_word' id='word_1_532' title='bbox 1070 4071 1358 4142; x_wconf 90' lang='lat' dir='ltr'><strong>Propheta</strong></span> <span class='ocrx_word' id='word_1_533' title='bbox 1378 4071 1629 4142; x_wconf 85' lang='lat' dir='ltr'><strong>psalmus</strong></span> <span class='ocrx_word' id='word_1_534' title='bbox 1658 4085 1819 4123; x_wconf 91' lang='lat' dir='ltr'><strong>com-</strong></span> 
     </span>
    </p>
   </div>
   <div class='ocr_carea' id='block_1_73' title="bbox 198 4158 1816 4237">
    <p class='ocr_par' dir='ltr' id='par_1_73' title="bbox 198 4158 1816 4237">
     <span class='ocr_line' id='line_1_73' title="bbox 198 4158 1816 4237; baseline -0.004 -20"><span class='ocrx_word' id='word_1_535' title='bbox 198 4161 417 4237; x_wconf 90' lang='lat' dir='ltr'><strong>positus</strong></span> <span class='ocrx_word' id='word_1_536' title='bbox 446 4160 637 4215; x_wconf 86' lang='lat' dir='ltr'><strong>fuerit.</strong></span> <span class='ocrx_word' id='word_1_537' title='bbox 672 4160 730 4214; x_wconf 92' lang='lat' dir='ltr'><strong>Si</strong></span> <span class='ocrx_word' id='word_1_538' title='bbox 762 4159 919 4214; x_wconf 89' lang='lat' dir='ltr'><strong>enim</strong></span> <span class='ocrx_word' id='word_1_539' title='bbox 956 4158 1270 4225; x_wconf 86' lang='lat' dir='ltr'><strong>accidisset,</strong></span> <span class='ocrx_word' id='word_1_540' title='bbox 1290 4158 1816 4228; x_wconf 66' lang='lat' dir='ltr'><strong>titulusibiprmpo-</strong></span> 
     </span>
    </p>
   </div>
   <div class='ocr_carea' id='block_1_74' title="bbox 197 4245 1816 4311">
    <p class='ocr_par' dir='ltr' id='par_1_74' title="bbox 197 4245 1816 4311">
     <span class='ocr_line' id='line_1_74' title="bbox 197 4245 1816 4311; baseline -0.004 -5"><span class='ocrx_word' id='word_1_541' title='bbox 197 4250 341 4307; x_wconf 89' lang='lat' dir='ltr'><strong>situs</strong></span> <span class='ocrx_word' id='word_1_542' title='bbox 367 4251 532 4303; x_wconf 90' lang='lat' dir='ltr'><strong>esset.</strong></span> <span class='ocrx_word' id='word_1_543' title='bbox 568 4248 774 4302; x_wconf 89' lang='lat' dir='ltr'><strong>Postea</strong></span> <span class='ocrx_word' id='word_1_544' title='bbox 797 4263 930 4302; x_wconf 87' lang='lat' dir='ltr'><strong>vero</strong></span> <span class='ocrx_word' id='word_1_545' title='bbox 956 4246 1231 4301; x_wconf 87' lang='lat' dir='ltr'><strong>Amalech</strong></span> <span class='ocrx_word' id='word_1_546' title='bbox 1258 4245 1499 4311; x_wconf 89' lang='lat' dir='ltr'><strong>devicto,</strong></span> <span class='ocrx_word' id='word_1_547' title='bbox 1543 4248 1600 4299; x_wconf 90' lang='lat' dir='ltr'><strong>et</strong></span> <span class='ocrx_word' id='word_1_548' title='bbox 1642 4260 1816 4299; x_wconf 86' lang='lat' dir='ltr'><strong>uxore</strong></span> 
     </span>
    </p>
   </div>
   <div class='ocr_carea' id='block_1_75' title="bbox 1913 3100 3525 3174">
    <p class='ocr_par' dir='ltr' id='par_1_75' title="bbox 1913 3100 3525 3174">
     <span class='ocr_line' id='line_1_75' title="bbox 1913 3100 3525 3174; baseline 0.001 -17"><span class='ocrx_word' id='word_1_549' title='bbox 1913 3102 2031 3157; x_wconf 89' lang='lat' dir='ltr'><strong>rius</strong></span> <span class='ocrx_word' id='word_1_550' title='bbox 2047 3118 2150 3173; x_wconf 87' lang='lat' dir='ltr'><strong>per</strong></span> <span class='ocrx_word' id='word_1_551' title='bbox 2170 3100 2631 3169; x_wconf 80' lang='lat' dir='ltr'><strong>exceecationem,</strong></span> <span class='ocrx_word' id='word_1_552' title='bbox 2653 3105 2710 3155; x_wconf 92' lang='lat' dir='ltr'><strong>et</strong></span> <span class='ocrx_word' id='word_1_553' title='bbox 2734 3116 2899 3155; x_wconf 89' lang='lat' dir='ltr'><strong>corru</strong></span> <span class='ocrx_word' id='word_1_554' title='bbox 2909 3102 2989 3173; x_wconf 88' lang='lat' dir='ltr'><strong>pti</strong></span> <span class='ocrx_word' id='word_1_555' title='bbox 3002 3103 3379 3158; x_wconf 85' lang='lat' dir='ltr'><strong>abominabiles</strong></span> <span class='ocrx_word' id='word_1_556' title='bbox 3386 3104 3525 3174; x_wconf 81' lang='lat' dir='ltr'><strong>facti</strong></span> 
     </span>
    </p>
   </div>
   <div class='ocr_carea' id='block_1_76' title="bbox 1914 3190 3525 3265">
    <p class='ocr_par' dir='ltr' id='par_1_76' title="bbox 1914 3190 3525 3265">
     <span class='ocr_line' id='line_1_76' title="bbox 1914 3190 3525 3265; baseline 0.002 -20"><span class='ocrx_word' id='word_1_557' title='bbox 1914 3198 2058 3258; x_wconf 84' lang='lat' dir='ltr'><strong>sunt,</strong></span> <span class='ocrx_word' id='word_1_558' title='bbox 2080 3191 2139 3246; x_wconf 92' lang='lat' dir='ltr'><strong>id</strong></span> <span class='ocrx_word' id='word_1_559' title='bbox 2164 3194 2251 3246; x_wconf 91' lang='lat' dir='ltr'><strong>est</strong></span> <span class='ocrx_word' id='word_1_560' title='bbox 2292 3190 2664 3245; x_wconf 86' lang='lat' dir='ltr'><strong>exsecrabiles</strong></span> <span class='ocrx_word' id='word_1_561' title='bbox 2693 3190 2834 3245; x_wconf 90' lang='lat' dir='ltr'><strong>ﬁent</strong></span> <span class='ocrx_word' id='word_1_562' title='bbox 2863 3192 3001 3259; x_wconf 91' lang='lat' dir='ltr'><strong>Deo,</strong></span> <span class='ocrx_word' id='word_1_563' title='bbox 3063 3193 3118 3245; x_wconf 89' lang='lat' dir='ltr'><strong>in</strong></span> <span class='ocrx_word' id='word_1_564' title='bbox 3154 3193 3525 3265; x_wconf 74' lang='lat' dir='ltr'><strong>iniquitatibus</strong></span> 
     </span>
    </p>
   </div>
   <div class='ocr_carea' id='block_1_77' title="bbox 1915 3279 3524 3353">
    <p class='ocr_par' dir='ltr' id='par_1_77' title="bbox 1915 3279 3524 3353">
     <span class='ocr_line' id='line_1_77' title="bbox 1915 3279 3524 3353; baseline 0.001 -18"><span class='ocrx_word' id='word_1_565' title='bbox 1915 3283 2022 3335; x_wconf 85' lang='lat' dir='ltr'><strong>suis</strong></span> <span class='ocrx_word' id='word_1_566' title='bbox 2035 3279 2432 3352; x_wconf 89' lang='lat' dir='ltr'><strong>perdurando;</strong></span> <span class='ocrx_word' id='word_1_567' title='bbox 2455 3295 2519 3333; x_wconf 90' lang='lat' dir='ltr'><strong>ac</strong></span> <span class='ocrx_word' id='word_1_568' title='bbox 2543 3279 2589 3333; x_wconf 88' lang='lat' dir='ltr'><strong>si</strong></span> <span class='ocrx_word' id='word_1_569' title='bbox 2603 3279 2755 3334; x_wconf 89' lang='lat' dir='ltr'><strong>dicat</strong></span> <span class='ocrx_word' id='word_1_570' title='bbox 2769 3296 2782 3334; x_wconf 90' lang='lat'>:</span> <span class='ocrx_word' id='word_1_571' title='bbox 2798 3279 2922 3334; x_wconf 89' lang='lat' dir='ltr'><strong>Non</strong></span> <span class='ocrx_word' id='word_1_572' title='bbox 2948 3280 3134 3335; x_wconf 89' lang='lat' dir='ltr'><strong>solum</strong></span> <span class='ocrx_word' id='word_1_573' title='bbox 3152 3296 3524 3353; x_wconf 78' lang='lat' dir='ltr'><strong>corrumpen-</strong></span> 
     </span>
    </p>
   </div>
   <div class='ocr_carea' id='block_1_78' title="bbox 1915 3366 3518 3440">
    <p class='ocr_par' dir='ltr' id='par_1_78' title="bbox 1915 3366 3518 3440">
     <span class='ocr_line' id='line_1_78' title="bbox 1915 3366 3518 3440; baseline 0.001 -17"><span class='ocrx_word' id='word_1_574' title='bbox 1915 3371 2009 3423; x_wconf 90' lang='lat' dir='ltr'><strong>tur</strong></span> <span class='ocrx_word' id='word_1_575' title='bbox 2032 3372 2090 3422; x_wconf 91' lang='lat' dir='ltr'><strong>et</strong></span> <span class='ocrx_word' id='word_1_576' title='bbox 2111 3367 2528 3422; x_wconf 87' lang='lat' dir='ltr'><strong>abominabiles</strong></span> <span class='ocrx_word' id='word_1_577' title='bbox 2546 3369 2660 3422; x_wconf 92' lang='lat' dir='ltr'><strong>Deo</strong></span> <span class='ocrx_word' id='word_1_578' title='bbox 2688 3370 2877 3435; x_wconf 91' lang='lat' dir='ltr'><strong>erunt,</strong></span> <span class='ocrx_word' id='word_1_579' title='bbox 2900 3366 3028 3422; x_wconf 91' lang='lat' dir='ltr'><strong>ideo</strong></span> <span class='ocrx_word' id='word_1_580' title='bbox 3054 3368 3209 3440; x_wconf 88' lang='lat' dir='ltr'><strong>quod</strong></span> <span class='ocrx_word' id='word_1_581' title='bbox 3225 3369 3518 3426; x_wconf 82' lang='lat' dir='ltr'><strong>dixerunt:</strong></span> 
     </span>
    </p>
   </div>
   <div class='ocr_carea' id='block_1_79' title="bbox 1914 3455 3520 3528">
    <p class='ocr_par' dir='ltr' id='par_1_79' title="bbox 1914 3455 3520 3528">
     <span class='ocr_line' id='line_1_79' title="bbox 1914 3455 3520 3528; baseline 0.001 -17"><span class='ocrx_word' id='word_1_582' title='bbox 1914 3457 2043 3511; x_wconf 90' lang='lat' dir='ltr'><strong>Non</strong></span> <span class='ocrx_word' id='word_1_583' title='bbox 2080 3462 2151 3510; x_wconf 90' lang='lat' dir='ltr'><strong>est</strong></span> <span class='ocrx_word' id='word_1_584' title='bbox 2172 3455 2338 3521; x_wconf 85' lang='lat' dir='ltr'><strong>Deus,</strong></span> <span class='ocrx_word' id='word_1_585' title='bbox 2371 3455 2471 3510; x_wconf 90' lang='lat' dir='ltr'><strong>sed</strong></span> <span class='ocrx_word' id='word_1_586' title='bbox 2496 3455 2672 3510; x_wconf 90' lang='lat' dir='ltr'><strong>etiam</strong></span> <span class='ocrx_word' id='word_1_587' title='bbox 2704 3459 2942 3526; x_wconf 88' lang='lat' dir='ltr'><strong>propter</strong></span> <span class='ocrx_word' id='word_1_588' title='bbox 2973 3456 3169 3528; x_wconf 87' lang='lat' dir='ltr'><strong>iniqua</strong></span> <span class='ocrx_word' id='word_1_589' title='bbox 3194 3473 3370 3528; x_wconf 90' lang='lat' dir='ltr'><strong>opera</strong></span> <span class='ocrx_word' id='word_1_590' title='bbox 3397 3474 3520 3525; x_wconf 86' lang='lat' dir='ltr'><strong>sua,</strong></span> 
     </span>
    </p>
   </div>
   <div class='ocr_carea' id='block_1_80' title="bbox 1916 3544 3525 3612">
    <p class='ocr_par' dir='ltr' id='par_1_80' title="bbox 1916 3544 3525 3612">
     <span class='ocr_line' id='line_1_80' title="bbox 1916 3544 3525 3612; baseline 0.002 -14"><span class='ocrx_word' id='word_1_591' title='bbox 1916 3548 1973 3598; x_wconf 91' lang='lat' dir='ltr'><strong>et</strong></span> <span class='ocrx_word' id='word_1_592' title='bbox 2003 3544 2146 3597; x_wconf 90' lang='lat' dir='ltr'><strong>adeo</strong></span> <span class='ocrx_word' id='word_1_593' title='bbox 2177 3546 2622 3612; x_wconf 77' lang='lat' dir='ltr'><strong>corrumpantur</strong></span> <span class='ocrx_word' id='word_1_594' title='bbox 2644 3560 2656 3597; x_wconf 91' lang='lat'><strong>:</strong></span> <span class='ocrx_word' id='word_1_595' title='bbox 2681 3544 2836 3612; x_wconf 89' lang='lat' dir='ltr'><strong>quod</strong></span> <span class='ocrx_word' id='word_1_596' title='bbox 2858 3561 2961 3597; x_wconf 88' lang='lat' dir='ltr'><strong>non</strong></span> <span class='ocrx_word' id='word_1_597' title='bbox 2991 3551 3083 3610; x_wconf 90' lang='lat' dir='ltr'><strong>est,</strong></span> <span class='ocrx_word' id='word_1_598' title='bbox 3098 3545 3156 3598; x_wconf 92' lang='lat' dir='ltr'><strong>id</strong></span> <span class='ocrx_word' id='word_1_599' title='bbox 3173 3548 3260 3599; x_wconf 85' lang='lat' dir='ltr'><strong>est</strong></span> <span class='ocrx_word' id='word_1_600' title='bbox 3284 3562 3401 3600; x_wconf 89' lang='lat' dir='ltr'><strong>non</strong></span> <span class='ocrx_word' id='word_1_601' title='bbox 3415 3546 3525 3601; x_wconf 87' lang='lat' dir='ltr'><strong>erit</strong></span> 
     </span>
    </p>
   </div>
   <div class='ocr_carea' id='block_1_81' title="bbox 1922 3615 3525 3703">
    <p class='ocr_par' dir='ltr' id='par_1_81' title="bbox 1922 3615 3525 3703">
     <span class='ocr_line' id='line_1_81' title="bbox 1922 3615 3525 3703; baseline 0.002 -19"><span class='ocrx_word' id='word_1_602' title='bbox 2120 3631 2269 3684; x_wconf 89' lang='lat' dir='ltr'><strong>inter</strong></span> <span class='ocrx_word' id='word_1_603' title='bbox 2298 3646 2395 3684; x_wconf 90' lang='lat' dir='ltr'><strong>eos</strong></span> <span class='ocrx_word' id='word_1_604' title='bbox 2413 3633 2510 3701; x_wconf 85' lang='lat' dir='ltr'><strong>qui</strong></span> <span class='ocrx_word' id='word_1_605' title='bbox 2534 3631 2706 3699; x_wconf 81' lang='lat' dir='ltr'><strong>faciat</strong></span> <span class='ocrx_word' id='word_1_606' title='bbox 2740 3630 2933 3683; x_wconf 84' lang='lat' dir='ltr'><strong>bonum.</strong></span> <span class='ocrx_word' id='word_1_607' title='bbox 2963 3646 3123 3702; x_wconf 91' lang='lat' dir='ltr'><strong>opus.</strong></span> <span class='ocrx_word' id='word_1_608' title='bbox 3157 3633 3351 3687; x_wconf 87' lang='lat' dir='ltr'><strong>Potest</strong></span> <span class='ocrx_word' id='word_1_609' title='bbox 3379 3650 3525 3703; x_wconf 90' lang='lat' dir='ltr'><strong>quo-</strong></span> 
     </span>
    </p>
   </div>
   <div class='ocr_carea' id='block_1_82' title="bbox 1918 3717 3524 3790">
    <p class='ocr_par' dir='ltr' id='par_1_82' title="bbox 1918 3717 3524 3790">
     <span class='ocr_line' id='line_1_82' title="bbox 1918 3717 3524 3790; baseline 0 -17"><span class='ocrx_word' id='word_1_610' title='bbox 1918 3736 2029 3790; x_wconf 89' lang='lat' dir='ltr'><strong>que</strong></span> <span class='ocrx_word' id='word_1_611' title='bbox 2054 3734 2246 3772; x_wconf 86' lang='lat' dir='ltr'><strong>versus</strong></span> <span class='ocrx_word' id='word_1_612' title='bbox 2293 3717 2396 3771; x_wconf 90' lang='lat' dir='ltr'><strong>iste</strong></span> <span class='ocrx_word' id='word_1_613' title='bbox 2421 3717 2534 3787; x_wconf 87' lang='lat' dir='ltr'><strong>legi</strong></span> <span class='ocrx_word' id='word_1_614' title='bbox 2565 3717 2877 3788; x_wconf 72' lang='lat' dir='ltr'><strong>prmterite,</strong></span> <span class='ocrx_word' id='word_1_615' title='bbox 2911 3717 2988 3771; x_wconf 90' lang='lat' dir='ltr'><strong>sic</strong></span> <span class='ocrx_word' id='word_1_616' title='bbox 3011 3734 3024 3771; x_wconf 87' lang='lat'><strong>:</strong></span> <span class='ocrx_word' id='word_1_617' title='bbox 3047 3718 3159 3772; x_wconf 80' lang='lat' dir='ltr'><strong>Hoc</strong></span> <span class='ocrx_word' id='word_1_618' title='bbox 3190 3718 3346 3789; x_wconf 92' lang='lat' dir='ltr'><strong>quod</strong></span> <span class='ocrx_word' id='word_1_619' title='bbox 3366 3719 3524 3774; x_wconf 87' lang='lat' dir='ltr'><strong>dixe-</strong></span> 
     </span>
    </p>
   </div>
   <div class='ocr_carea' id='block_1_83' title="bbox 1918 3804 3524 3877">
    <p class='ocr_par' dir='ltr' id='par_1_83' title="bbox 1918 3804 3524 3877">
     <span class='ocr_line' id='line_1_83' title="bbox 1918 3804 3524 3877; baseline 0 -16"><span class='ocrx_word' id='word_1_620' title='bbox 1918 3809 2055 3862; x_wconf 89' lang='lat' dir='ltr'><strong>runt</strong></span> <span class='ocrx_word' id='word_1_621' title='bbox 2084 3805 2243 3861; x_wconf 90' lang='lat' dir='ltr'><strong>:Non</strong></span> <span class='ocrx_word' id='word_1_622' title='bbox 2271 3812 2343 3858; x_wconf 84' lang='lat' dir='ltr'><strong>est</strong></span> <span class='ocrx_word' id='word_1_623' title='bbox 2370 3804 2535 3871; x_wconf 82' lang='lat' dir='ltr'><strong>Deus,</strong></span> <span class='ocrx_word' id='word_1_624' title='bbox 2555 3804 2690 3858; x_wconf 90' lang='lat' dir='ltr'><strong>inde</strong></span> <span class='ocrx_word' id='word_1_625' title='bbox 2722 3804 2963 3875; x_wconf 89' lang='lat' dir='ltr'><strong>contigit</strong></span> <span class='ocrx_word' id='word_1_626' title='bbox 2986 3805 3364 3877; x_wconf 85' lang='lat' dir='ltr'><strong>quiacorrupti</strong></span> <span class='ocrx_word' id='word_1_627' title='bbox 3379 3814 3524 3872; x_wconf 85' lang='lat' dir='ltr'><strong>sunt,</strong></span> 
     </span>
    </p>
   </div>
   <div class='ocr_carea' id='block_1_84' title="bbox 1919 3892 3528 3964">
    <p class='ocr_par' dir='ltr' id='par_1_84' title="bbox 1919 3892 3528 3964">
     <span class='ocr_line' id='line_1_84' title="bbox 1919 3892 3528 3964; baseline 0.001 -14"><span class='ocrx_word' id='word_1_628' title='bbox 1919 3895 1979 3950; x_wconf 94' lang='lat' dir='ltr'><strong>id</strong></span> <span class='ocrx_word' id='word_1_629' title='bbox 2000 3898 2105 3961; x_wconf 92' lang='lat' dir='ltr'><strong>est,</strong></span> <span class='ocrx_word' id='word_1_630' title='bbox 2127 3893 2391 3949; x_wconf 63' lang='lat' dir='ltr'><strong>excaecati</strong></span> <span class='ocrx_word' id='word_1_631' title='bbox 2421 3897 2479 3947; x_wconf 93' lang='lat' dir='ltr'><strong>et</strong></span> <span class='ocrx_word' id='word_1_632' title='bbox 2507 3892 2652 3947; x_wconf 89' lang='lat' dir='ltr'><strong>adeo</strong></span> <span class='ocrx_word' id='word_1_633' title='bbox 2669 3892 2946 3963; x_wconf 90' lang='lat' dir='ltr'><strong>corrupti,</strong></span> <span class='ocrx_word' id='word_1_634' title='bbox 2979 3893 3135 3964; x_wconf 91' lang='lat' dir='ltr'><strong>quod</strong></span> <span class='ocrx_word' id='word_1_635' title='bbox 3152 3893 3528 3951; x_wconf 82' lang='lat' dir='ltr'><strong>abominabiles</strong></span> 
     </span>
    </p>
   </div>
   <div class='ocr_carea' id='block_1_85' title="bbox 1918 3980 3529 4055">
    <p class='ocr_par' dir='ltr' id='par_1_85' title="bbox 1918 3980 3529 4055">
     <span class='ocr_line' id='line_1_85' title="bbox 1918 3980 3529 4055; baseline 0.001 -18"><span class='ocrx_word' id='word_1_636' title='bbox 1918 3984 2058 4053; x_wconf 80' lang='lat' dir='ltr'><strong>facti</strong></span> <span class='ocrx_word' id='word_1_637' title='bbox 2079 3989 2201 4037; x_wconf 88' lang='lat' dir='ltr'><strong>sunt</strong></span> <span class='ocrx_word' id='word_1_638' title='bbox 2222 3983 2359 4036; x_wconf 92' lang='lat' dir='ltr'><strong>Deo.</strong></span> <span class='ocrx_word' id='word_1_639' title='bbox 2389 3982 2456 4035; x_wconf 81' lang='lat' dir='ltr'><strong>Et</strong></span> <span class='ocrx_word' id='word_1_640' title='bbox 2484 3980 2543 4034; x_wconf 92' lang='lat' dir='ltr'><strong>in</strong></span> <span class='ocrx_word' id='word_1_641' title='bbox 2573 3980 2682 4035; x_wconf 91' lang='lat' dir='ltr'><strong>hoc</strong></span> <span class='ocrx_word' id='word_1_642' title='bbox 2700 3983 2940 4051; x_wconf 89' lang='lat' dir='ltr'><strong>apparet</strong></span> <span class='ocrx_word' id='word_1_643' title='bbox 2956 3997 3054 4035; x_wconf 91' lang='lat' dir='ltr'><strong>eos</strong></span> <span class='ocrx_word' id='word_1_644' title='bbox 3082 3997 3202 4036; x_wconf 87' lang='lat' dir='ltr'><strong>esse</strong></span> <span class='ocrx_word' id='word_1_645' title='bbox 3228 3986 3529 4055; x_wconf 90' lang='lat' dir='ltr'><strong>corruptos</strong></span> 
     </span>
    </p>
   </div>
   <div class='ocr_carea' id='block_1_86' title="bbox 1921 4068 3528 4143">
    <p class='ocr_par' dir='ltr' id='par_1_86' title="bbox 1921 4068 3528 4143">
     <span class='ocr_line' id='line_1_86' title="bbox 1921 4068 3528 4143; baseline 0 -17"><span class='ocrx_word' id='word_1_646' title='bbox 1921 4074 1979 4126; x_wconf 91' lang='lat' dir='ltr'><strong>et</strong></span> <span class='ocrx_word' id='word_1_647' title='bbox 2003 4069 2442 4137; x_wconf 89' lang='lat' dir='ltr'><strong>abominabiles,</strong></span> <span class='ocrx_word' id='word_1_648' title='bbox 2475 4068 2629 4140; x_wconf 90' lang='lat' dir='ltr'><strong>quod</strong></span> <span class='ocrx_word' id='word_1_649' title='bbox 2658 4085 2763 4122; x_wconf 88' lang='lat' dir='ltr'><strong>non</strong></span> <span class='ocrx_word' id='word_1_650' title='bbox 2793 4075 2866 4123; x_wconf 84' lang='lat' dir='ltr'><strong>est</strong></span> <span class='ocrx_word' id='word_1_651' title='bbox 2886 4084 3089 4123; x_wconf 89' lang='lat' dir='ltr'><strong>eorum</strong></span> <span class='ocrx_word' id='word_1_652' title='bbox 3112 4069 3314 4142; x_wconf 87' lang='lat' dir='ltr'><strong>aliquis</strong></span> <span class='ocrx_word' id='word_1_653' title='bbox 3333 4073 3429 4143; x_wconf 83' lang='lat' dir='ltr'><strong>qui</strong></span> <span class='ocrx_word' id='word_1_654' title='bbox 3434 4072 3528 4142; x_wconf 74' lang='lat' dir='ltr'><strong>fa-</strong></span> 
     </span>
    </p>
   </div>
   <div class='ocr_carea' id='block_1_87' title="bbox 1919 4156 3529 4229">
    <p class='ocr_par' dir='ltr' id='par_1_87' title="bbox 1919 4156 3529 4229">
     <span class='ocr_line' id='line_1_87' title="bbox 1919 4156 3529 4229; baseline 0.001 -16"><span class='ocrx_word' id='word_1_655' title='bbox 1919 4162 2025 4213; x_wconf 90' lang='lat' dir='ltr'><strong>ciat</strong></span> <span class='ocrx_word' id='word_1_656' title='bbox 2052 4159 2242 4212; x_wconf 85' lang='lat' dir='ltr'><strong>bonum</strong></span> <span class='ocrx_word' id='word_1_657' title='bbox 2266 4174 2426 4229; x_wconf 89' lang='lat' dir='ltr'><strong>opus,</strong></span> <span class='ocrx_word' id='word_1_658' title='bbox 2458 4156 2673 4211; x_wconf 85' lang='lat' dir='ltr'><strong>Bonum</strong></span> <span class='ocrx_word' id='word_1_659' title='bbox 2703 4156 2938 4228; x_wconf 90' lang='lat' dir='ltr'><strong>quidem</strong></span> <span class='ocrx_word' id='word_1_660' title='bbox 2953 4157 3148 4211; x_wconf 87' lang='lat' dir='ltr'><strong>multis</strong></span> <span class='ocrx_word' id='word_1_661' title='bbox 3177 4158 3365 4213; x_wconf 90' lang='lat' dir='ltr'><strong>modis</strong></span> <span class='ocrx_word' id='word_1_662' title='bbox 3391 4159 3529 4215; x_wconf 86' lang='lat' dir='ltr'><strong>dici-</strong></span> 
     </span>
    </p>
   </div>
   <div class='ocr_carea' id='block_1_88' title="bbox 1918 4245 3529 4318">
    <p class='ocr_par' dir='ltr' id='par_1_88' title="bbox 1918 4245 3529 4318">
     <span class='ocr_line' id='line_1_88' title="bbox 1918 4245 3529 4318; baseline -0.001 -16"><span class='ocrx_word' id='word_1_663' title='bbox 1918 4251 2031 4303; x_wconf 89' lang='lat' dir='ltr'><strong>tur.</strong></span> <span class='ocrx_word' id='word_1_664' title='bbox 2059 4247 2243 4301; x_wconf 90' lang='lat' dir='ltr'><strong>Deum</strong></span> <span class='ocrx_word' id='word_1_665' title='bbox 2262 4246 2419 4300; x_wconf 89' lang='lat' dir='ltr'><strong>enim</strong></span> <span class='ocrx_word' id='word_1_666' title='bbox 2433 4245 2674 4299; x_wconf 88' lang='lat' dir='ltr'><strong>dicimus</strong></span> <span class='ocrx_word' id='word_1_667' title='bbox 2690 4245 2899 4312; x_wconf 85' lang='lat' dir='ltr'><strong>bonum,</strong></span> <span class='ocrx_word' id='word_1_668' title='bbox 2915 4262 3114 4299; x_wconf 83' lang='lat' dir='ltr'><strong>verum</strong></span> <span class='ocrx_word' id='word_1_669' title='bbox 3128 4248 3184 4299; x_wconf 90' lang='lat' dir='ltr'><strong>et</strong></span> <span class='ocrx_word' id='word_1_670' title='bbox 3205 4262 3529 4318; x_wconf 83' lang='lat' dir='ltr'><strong>summum;</strong></span> 
     </span>
    </p>
   </div>
   <div class='ocr_carea' id='block_1_89' title="bbox 198 4327 3535 4407">
    <p class='ocr_par' dir='ltr' id='par_1_89' title="bbox 198 4327 3535 4407">
     <span class='ocr_line' id='line_1_89' title="bbox 198 4327 3535 4407; baseline -0.001 -12"><span class='ocrx_word' id='word_1_671' title='bbox 198 4336 380 4395; x_wconf 90' lang='lat' dir='ltr'><strong>David</strong></span> <span class='ocrx_word' id='word_1_672' title='bbox 409 4338 467 4391; x_wconf 91' lang='lat' dir='ltr'><strong>et</strong></span> <span class='ocrx_word' id='word_1_673' title='bbox 490 4335 620 4390; x_wconf 88' lang='lat' dir='ltr'><strong>ﬁliis</strong></span> <span class='ocrx_word' id='word_1_674' title='bbox 645 4335 875 4407; x_wconf 89' lang='lat' dir='ltr'><strong>ereptis,</strong></span> <span class='ocrx_word' id='word_1_675' title='bbox 919 4334 1116 4389; x_wconf 88' lang='lat' dir='ltr'><strong>videns</strong></span> <span class='ocrx_word' id='word_1_676' title='bbox 1151 4334 1268 4405; x_wconf 89' lang='lat' dir='ltr'><strong>ipse</strong></span> <span class='ocrx_word' id='word_1_677' title='bbox 1300 4334 1605 4405; x_wconf 87' lang='lat' dir='ltr'><strong>Propheta,</strong></span> <span class='ocrx_word' id='word_1_678' title='bbox 1639 4348 1812 4404; x_wconf 87' lang='lat' dir='ltr'><strong>nego-</strong></span> <span class='ocrx_word' id='word_1_679' title='bbox 1843 4327 1895 4384; x_wconf 90' lang='lat' dir='ltr'><strong>D</strong></span> <span class='ocrx_word' id='word_1_680' title='bbox 1923 4336 2116 4390; x_wconf 85' lang='lat' dir='ltr'><strong>bonum</strong></span> <span class='ocrx_word' id='word_1_681' title='bbox 2140 4335 2317 4389; x_wconf 90' lang='lat' dir='ltr'><strong>etiam</strong></span> <span class='ocrx_word' id='word_1_682' title='bbox 2344 4333 2613 4389; x_wconf 89' lang='lat' dir='ltr'><strong>dicuntur</strong></span> <span class='ocrx_word' id='word_1_683' title='bbox 2640 4333 2877 4388; x_wconf 86' lang='lat' dir='ltr'><strong>virtutes</strong></span> <span class='ocrx_word' id='word_1_684' title='bbox 2898 4337 2956 4387; x_wconf 90' lang='lat' dir='ltr'><strong>et</strong></span> <span class='ocrx_word' id='word_1_685' title='bbox 2975 4349 3154 4404; x_wconf 87' lang='lat' dir='ltr'><strong>opera</strong></span> <span class='ocrx_word' id='word_1_686' title='bbox 3182 4350 3311 4405; x_wconf 64' lang='lat' dir='ltr'><strong>qua:</strong></span> <span class='ocrx_word' id='word_1_687' title='bbox 3322 4350 3535 4406; x_wconf 89' lang='lat' dir='ltr'><strong>pereas</strong></span> 
     </span>
    </p>
   </div>
   <div class='ocr_carea' id='block_1_90' title="bbox 196 4420 1818 4494">
    <p class='ocr_par' dir='ltr' id='par_1_90' title="bbox 196 4420 1818 4494">
     <span class='ocr_line' id='line_1_90' title="bbox 196 4420 1818 4494; baseline -0.004 -12"><span class='ocrx_word' id='word_1_688' title='bbox 196 4426 349 4482; x_wconf 86' lang='lat' dir='ltr'><strong>tium</strong></span> <span class='ocrx_word' id='word_1_689' title='bbox 375 4423 626 4479; x_wconf 68' lang='lat' dir='ltr'><strong>victorias</strong></span> <span class='ocrx_word' id='word_1_690' title='bbox 654 4423 824 4494; x_wconf 89' lang='lat' dir='ltr'><strong>hujus</strong></span> <span class='ocrx_word' id='word_1_691' title='bbox 854 4422 994 4477; x_wconf 90' lang='lat' dir='ltr'><strong>illud</strong></span> <span class='ocrx_word' id='word_1_692' title='bbox 1017 4421 1241 4494; x_wconf 89' lang='lat' dir='ltr'><strong>quodin</strong></span> <span class='ocrx_word' id='word_1_693' title='bbox 1263 4422 1484 4491; x_wconf 85' lang='lat' dir='ltr'><strong>psalmo</strong></span> <span class='ocrx_word' id='word_1_694' title='bbox 1504 4421 1573 4475; x_wconf 90' lang='lat' dir='ltr'><strong>de</strong></span> <span class='ocrx_word' id='word_1_695' title='bbox 1597 4420 1818 4475; x_wconf 88' lang='lat' dir='ltr'><strong>Christo</strong></span> 
     </span>
    </p>
   </div>
   <div class='ocr_carea' id='block_1_91' title="bbox 198 4507 1821 4588">
    <p class='ocr_par' dir='ltr' id='par_1_91' title="bbox 198 4507 1821 4588">
     <span class='ocr_line' id='line_1_91' title="bbox 198 4507 1821 4588; baseline -0.003 -21"><span class='ocrx_word' id='word_1_696' title='bbox 198 4512 550 4588; x_wconf 64' lang='lat' dir='ltr'><strong>praedixerat</strong></span> <span class='ocrx_word' id='word_1_697' title='bbox 599 4511 871 4583; x_wconf 86' lang='lat' dir='ltr'><strong>ﬁgurare,</strong></span> <span class='ocrx_word' id='word_1_698' title='bbox 932 4511 1216 4582; x_wconf 89' lang='lat' dir='ltr'><strong>psalmum</strong></span> <span class='ocrx_word' id='word_1_699' title='bbox 1269 4508 1542 4563; x_wconf 90' lang='lat' dir='ltr'><strong>eumdem</strong></span> <span class='ocrx_word' id='word_1_700' title='bbox 1588 4507 1821 4579; x_wconf 88' lang='lat' dir='ltr'><strong>repetiit</strong></span> 
     </span>
    </p>
   </div>
   <div class='ocr_carea' id='block_1_92' title="bbox 198 4596 1817 4670">
    <p class='ocr_par' dir='ltr' id='par_1_92' title="bbox 198 4596 1817 4670">
     <span class='ocr_line' id='line_1_92' title="bbox 198 4596 1817 4670; baseline -0.005 -12"><span class='ocrx_word' id='word_1_701' title='bbox 198 4600 503 4659; x_wconf 87' lang='lat' dir='ltr'><strong>occasione</strong></span> <span class='ocrx_word' id='word_1_702' title='bbox 529 4599 699 4670; x_wconf 81' lang='lat' dir='ltr'><strong>hujus</strong></span> <span class='ocrx_word' id='word_1_703' title='bbox 719 4598 994 4665; x_wconf 72' lang='lat' dir='ltr'><strong>historice,</strong></span> <span class='ocrx_word' id='word_1_704' title='bbox 1027 4601 1089 4652; x_wconf 88' lang='lat' dir='ltr'><strong>ut</strong></span> <span class='ocrx_word' id='word_1_705' title='bbox 1114 4597 1382 4651; x_wconf 90' lang='lat' dir='ltr'><strong>innueret</strong></span> <span class='ocrx_word' id='word_1_706' title='bbox 1400 4596 1548 4650; x_wconf 89' lang='lat' dir='ltr'><strong>hanc</strong></span> <span class='ocrx_word' id='word_1_707' title='bbox 1565 4596 1817 4651; x_wconf 89' lang='lat' dir='ltr'><strong>ﬁliorum</strong></span> 
     </span>
    </p>
   </div>
   <div class='ocr_carea' id='block_1_93' title="bbox 196 4682 1815 4758">
    <p class='ocr_par' dir='ltr' id='par_1_93' title="bbox 196 4682 1815 4758">
     <span class='ocr_line' id='line_1_93' title="bbox 196 4682 1815 4758; baseline -0.006 -12"><span class='ocrx_word' id='word_1_708' title='bbox 196 4692 259 4746; x_wconf 89' lang='lat' dir='ltr'><strong>et</strong></span> <span class='ocrx_word' id='word_1_709' title='bbox 310 4687 499 4743; x_wconf 84' lang='lat' dir='ltr'><strong>uxoris</strong></span> <span class='ocrx_word' id='word_1_710' title='bbox 549 4686 932 4758; x_wconf 89' lang='lat' dir='ltr'><strong>ereptionem,</strong></span> <span class='ocrx_word' id='word_1_711' title='bbox 966 4684 1279 4755; x_wconf 87' lang='lat' dir='ltr'><strong>ereptionis</strong></span> <span class='ocrx_word' id='word_1_712' title='bbox 1327 4682 1533 4738; x_wconf 90' lang='lat' dir='ltr'><strong>Christi</strong></span> <span class='ocrx_word' id='word_1_713' title='bbox 1564 4683 1815 4739; x_wconf 87' lang='lat' dir='ltr'><strong>ﬁliorum</strong></span> 
     </span>
    </p>
   </div>
   <div class='ocr_carea' id='block_1_94' title="bbox 196 4770 1818 4845">
    <p class='ocr_par' dir='ltr' id='par_1_94' title="bbox 196 4770 1818 4845">
     <span class='ocr_line' id='line_1_94' title="bbox 196 4770 1818 4845; baseline -0.005 -13"><span class='ocrx_word' id='word_1_714' title='bbox 196 4777 409 4832; x_wconf 65' lang='lat' dir='ltr'><strong>futuras</strong></span> <span class='ocrx_word' id='word_1_715' title='bbox 439 4774 608 4830; x_wconf 87' lang='lat' dir='ltr'><strong>fuisse</strong></span> <span class='ocrx_word' id='word_1_716' title='bbox 666 4773 935 4845; x_wconf 87' lang='lat' dir='ltr'><strong>ﬁguram.</strong></span> <span class='ocrx_word' id='word_1_717' title='bbox 995 4772 1151 4827; x_wconf 84' lang='lat' dir='ltr'><strong>Sient</strong></span> <span class='ocrx_word' id='word_1_718' title='bbox 1180 4774 1375 4825; x_wconf 90' lang='lat' dir='ltr'><strong>autem</strong></span> <span class='ocrx_word' id='word_1_719' title='bbox 1412 4770 1641 4826; x_wconf 89' lang='lat' dir='ltr'><strong>instruit</strong></span> <span class='ocrx_word' id='word_1_720' title='bbox 1667 4771 1818 4825; x_wconf 90' lang='lat' dir='ltr'><strong>hanc</strong></span> 
     </span>
    </p>
   </div>
   <div class='ocr_carea' id='block_1_95' title="bbox 197 4858 1816 4937">
    <p class='ocr_par' dir='ltr' id='par_1_95' title="bbox 197 4858 1816 4937">
     <span class='ocr_line' id='line_1_95' title="bbox 197 4858 1816 4937; baseline -0.005 -16"><span class='ocrx_word' id='word_1_721' title='bbox 197 4864 563 4937; x_wconf 86' lang='lat' dir='ltr'><strong>ereptionem</strong></span> <span class='ocrx_word' id='word_1_722' title='bbox 590 4860 891 4933; x_wconf 90' lang='lat' dir='ltr'><strong>negotium</strong></span> <span class='ocrx_word' id='word_1_723' title='bbox 914 4859 1203 4932; x_wconf 88' lang='lat' dir='ltr'><strong>quoddam</strong></span> <span class='ocrx_word' id='word_1_724' title='bbox 1225 4858 1366 4929; x_wconf 87' lang='lat' dir='ltr'><strong>legis</strong></span> <span class='ocrx_word' id='word_1_725' title='bbox 1388 4875 1547 4913; x_wconf 65' lang='lat' dir='ltr'><strong>novae</strong></span> <span class='ocrx_word' id='word_1_726' title='bbox 1580 4861 1816 4931; x_wconf 86' lang='lat' dir='ltr'><strong>porten-</strong></span> 
     </span>
    </p>
   </div>
   <div class='ocr_carea' id='block_1_96' title="bbox 197 4946 1817 5021">
    <p class='ocr_par' dir='ltr' id='par_1_96' title="bbox 197 4946 1817 5021">
     <span class='ocr_line' id='line_1_96' title="bbox 197 4946 1817 5021; baseline -0.005 -12"><span class='ocrx_word' id='word_1_727' title='bbox 197 4954 371 5020; x_wconf 90' lang='lat' dir='ltr'><strong>disse,</strong></span> <span class='ocrx_word' id='word_1_728' title='bbox 402 4950 591 5006; x_wconf 87' lang='lat' dir='ltr'><strong>innuit</strong></span> <span class='ocrx_word' id='word_1_729' title='bbox 636 4964 863 5021; x_wconf 90' lang='lat' dir='ltr'><strong>quoque</strong></span> <span class='ocrx_word' id='word_1_730' title='bbox 916 4947 1285 5018; x_wconf 85' lang='lat' dir='ltr'><strong>cunctalcgis</strong></span> <span class='ocrx_word' id='word_1_731' title='bbox 1324 4946 1525 5001; x_wconf 87' lang='lat' dir='ltr'><strong>veteris</strong></span> <span class='ocrx_word' id='word_1_732' title='bbox 1555 4950 1701 5011; x_wconf 88' lang='lat' dir='ltr'><strong>acta,</strong></span> <span class='ocrx_word' id='word_1_733' title='bbox 1743 4947 1817 5001; x_wconf 85' lang='lat' dir='ltr'><strong>ad</strong></span> 
     </span>
    </p>
   </div>
   <div class='ocr_carea' id='block_1_97' title="bbox 197 5034 1816 5114">
    <p class='ocr_par' dir='ltr' id='par_1_97' title="bbox 197 5034 1816 5114">
     <span class='ocr_line' id='line_1_97' title="bbox 197 5034 1816 5114; baseline -0.005 -17"><span class='ocrx_word' id='word_1_734' title='bbox 197 5041 347 5114; x_wconf 84' lang='lat' dir='ltr'><strong>legis</strong></span> <span class='ocrx_word' id='word_1_735' title='bbox 378 5056 541 5095; x_wconf 66' lang='lat' dir='ltr'><strong>novae</strong></span> <span class='ocrx_word' id='word_1_736' title='bbox 571 5036 807 5109; x_wconf 86' lang='lat' dir='ltr'><strong>negotia</strong></span> <span class='ocrx_word' id='word_1_737' title='bbox 843 5035 1198 5107; x_wconf 85' lang='lat' dir='ltr'><strong>designanda</strong></span> <span class='ocrx_word' id='word_1_738' title='bbox 1247 5034 1593 5105; x_wconf 72' lang='lat' dir='ltr'><strong>przecessise,</strong></span> <span class='ocrx_word' id='word_1_739' title='bbox 1640 5036 1816 5089; x_wconf 88' lang='lat' dir='ltr'><strong>Paulo</strong></span> 
     </span>
    </p>
   </div>
   <div class='ocr_carea' id='block_1_98' title="bbox 206 5122 1818 5200">
    <p class='ocr_par' dir='ltr' id='par_1_98' title="bbox 206 5122 1818 5200">
     <span class='ocr_line' id='line_1_98' title="bbox 206 5122 1818 5200; baseline -0.006 -15"><span class='ocrx_word' id='word_1_740' title='bbox 206 5128 470 5200; x_wconf 85' lang='lat' dir='ltr'><strong>apostolo</strong></span> <span class='ocrx_word' id='word_1_741' title='bbox 503 5125 581 5180; x_wconf 89' lang='lat' dir='ltr'><strong>sic</strong></span> <span class='ocrx_word' id='word_1_742' title='bbox 609 5127 914 5179; x_wconf 87' lang='lat' dir='ltr'><strong>attestante</strong></span> <span class='ocrx_word' id='word_1_743' title='bbox 945 5140 957 5178; x_wconf 91' lang='lat'>:</span> <span class='ocrx_word' id='word_1_744' title='bbox 986 5125 1180 5179; x_wconf 80' lang='lat' dir='ltr'><strong>Omnia</strong></span> <span class='ocrx_word' id='word_1_745' title='bbox 1198 5125 1252 5176; x_wconf 90' lang='lat' dir='ltr'><strong>in</strong></span> <span class='ocrx_word' id='word_1_746' title='bbox 1263 5124 1443 5193; x_wconf 75' lang='lat' dir='ltr'><strong>ﬁgura</strong></span> <span class='ocrx_word' id='word_1_747' title='bbox 1456 5122 1818 5193; x_wconf 76' lang='lat' dir='ltr'><strong>contingebant</strong></span> 
     </span>
    </p>
   </div>
   <div class='ocr_carea' id='block_1_99' title="bbox 1920 4421 3532 4493">
    <p class='ocr_par' dir='ltr' id='par_1_99' title="bbox 1920 4421 3532 4493">
     <span class='ocr_line' id='line_1_99' title="bbox 1920 4421 3532 4493; baseline -0.001 -14"><span class='ocrx_word' id='word_1_748' title='bbox 1920 4425 2285 4487; x_wconf 82' lang='lat' dir='ltr'><strong>exercentur;</strong></span> <span class='ocrx_word' id='word_1_749' title='bbox 2321 4423 2512 4475; x_wconf 86' lang='lat' dir='ltr'><strong>bonum</strong></span> <span class='ocrx_word' id='word_1_750' title='bbox 2540 4437 2767 4493; x_wconf 92' lang='lat' dir='ltr'><strong>quoque</strong></span> <span class='ocrx_word' id='word_1_751' title='bbox 2797 4421 3066 4476; x_wconf 89' lang='lat' dir='ltr'><strong>dicuntur</strong></span> <span class='ocrx_word' id='word_1_752' title='bbox 3085 4438 3288 4477; x_wconf 91' lang='lat' dir='ltr'><strong>omnes</strong></span> <span class='ocrx_word' id='word_1_753' title='bbox 3308 4427 3532 4477; x_wconf 87' lang='lat' dir='ltr'><strong>creatu-</strong></span> 
     </span>
    </p>
   </div>
   <div class='ocr_carea' id='block_1_100' title="bbox 1916 4509 3531 4582">
    <p class='ocr_par' dir='ltr' id='par_1_100' title="bbox 1916 4509 3531 4582">
     <span class='ocr_line' id='line_1_100' title="bbox 1916 4509 3531 4582; baseline 0.001 -16"><span class='ocrx_word' id='word_1_754' title='bbox 1916 4528 2018 4577; x_wconf 67' lang='lat' dir='ltr'><strong>rae,</strong></span> <span class='ocrx_word' id='word_1_755' title='bbox 2040 4510 2355 4565; x_wconf 91' lang='lat' dir='ltr'><strong>secundum</strong></span> <span class='ocrx_word' id='word_1_756' title='bbox 2367 4509 2521 4579; x_wconf 90' lang='lat' dir='ltr'><strong>quod</strong></span> <span class='ocrx_word' id='word_1_757' title='bbox 2535 4524 2569 4562; x_wconf 90' lang='lat' dir='ltr'><strong>a</strong></span> <span class='ocrx_word' id='word_1_758' title='bbox 2582 4511 2698 4564; x_wconf 90' lang='lat' dir='ltr'><strong>Deo</strong></span> <span class='ocrx_word' id='word_1_759' title='bbox 2714 4511 2921 4563; x_wconf 58' lang='lat' dir='ltr'><strong>creata</strong></span> <span class='ocrx_word' id='word_1_760' title='bbox 2937 4513 3089 4577; x_wconf 90' lang='lat' dir='ltr'><strong>sunt,</strong></span> <span class='ocrx_word' id='word_1_761' title='bbox 3114 4510 3267 4564; x_wconf 90' lang='lat' dir='ltr'><strong>unde</strong></span> <span class='ocrx_word' id='word_1_762' title='bbox 3289 4510 3531 4582; x_wconf 90' lang='lat' dir='ltr'><strong>legitur:</strong></span> 
     </span>
    </p>
   </div>
   <div class='ocr_carea' id='block_1_101' title="bbox 1919 4595 3530 4668">
    <p class='ocr_par' dir='ltr' id='par_1_101' title="bbox 1919 4595 3530 4668">
     <span class='ocr_line' id='line_1_101' title="bbox 1919 4595 3530 4668; baseline 0.001 -15"><span class='ocrx_word' id='word_1_763' title='bbox 1919 4598 2285 4668; x_wconf 76' lang='lat' dir='ltr'><strong>Quaecunque</strong></span> <span class='ocrx_word' id='word_1_764' title='bbox 2311 4598 2544 4650; x_wconf 90' lang='lat' dir='ltr'><strong>auctore</strong></span> <span class='ocrx_word' id='word_1_765' title='bbox 2573 4595 2728 4649; x_wconf 89' lang='lat' dir='ltr'><strong>bono</strong></span> <span class='ocrx_word' id='word_1_766' title='bbox 2756 4595 3154 4662; x_wconf 88' lang='lat' dir='ltr'><strong>conditasunt,</strong></span> <span class='ocrx_word' id='word_1_767' title='bbox 3186 4597 3342 4652; x_wconf 89' lang='lat' dir='ltr'><strong>bona</strong></span> <span class='ocrx_word' id='word_1_768' title='bbox 3377 4600 3530 4655; x_wconf 89' lang='lat' dir='ltr'><strong>sunt.</strong></span> 
     </span>
    </p>
   </div>
   <div class='ocr_carea' id='block_1_102' title="bbox 1915 4683 3531 4758">
    <p class='ocr_par' dir='ltr' id='par_1_102' title="bbox 1915 4683 3531 4758">
     <span class='ocr_line' id='line_1_102' title="bbox 1915 4683 3531 4758; baseline 0.001 -17"><span class='ocrx_word' id='word_1_769' title='bbox 1915 4687 2131 4743; x_wconf 86' lang='lat' dir='ltr'><strong>Bonum</strong></span> <span class='ocrx_word' id='word_1_770' title='bbox 2154 4685 2387 4755; x_wconf 89' lang='lat' dir='ltr'><strong>insuper</strong></span> <span class='ocrx_word' id='word_1_771' title='bbox 2435 4683 2699 4748; x_wconf 82' lang='lat' dir='ltr'><strong>diximus,</strong></span> <span class='ocrx_word' id='word_1_772' title='bbox 2744 4683 3046 4750; x_wconf 87' lang='lat' dir='ltr'><strong>beneﬁcia,</strong></span> <span class='ocrx_word' id='word_1_773' title='bbox 3079 4702 3113 4739; x_wconf 89' lang='lat' dir='ltr'><strong>a</strong></span> <span class='ocrx_word' id='word_1_774' title='bbox 3144 4686 3531 4758; x_wconf 88' lang='lat' dir='ltr'><strong>qualicunque</strong></span> 
     </span>
    </p>
   </div>
   <div class='ocr_carea' id='block_1_103' title="bbox 1915 4769 3533 4845">
    <p class='ocr_par' dir='ltr' id='par_1_103' title="bbox 1915 4769 3533 4845">
     <span class='ocr_line' id='line_1_103' title="bbox 1915 4769 3533 4845; baseline 0.001 -17"><span class='ocrx_word' id='word_1_775' title='bbox 1915 4773 2199 4845; x_wconf 82' lang='lat' dir='ltr'><strong>impensa,</strong></span> <span class='ocrx_word' id='word_1_776' title='bbox 2220 4774 2278 4826; x_wconf 89' lang='lat' dir='ltr'><strong>et</strong></span> <span class='ocrx_word' id='word_1_777' title='bbox 2306 4770 2351 4825; x_wconf 90' lang='lat' dir='ltr'><strong>si</strong></span> <span class='ocrx_word' id='word_1_778' title='bbox 2384 4786 2501 4825; x_wconf 92' lang='lat' dir='ltr'><strong>non</strong></span> <span class='ocrx_word' id='word_1_779' title='bbox 2527 4769 2874 4825; x_wconf 88' lang='lat' dir='ltr'><strong>sintvirtutis</strong></span> <span class='ocrx_word' id='word_1_780' title='bbox 2896 4770 3134 4842; x_wconf 88' lang='lat' dir='ltr'><strong>alicujus</strong></span> <span class='ocrx_word' id='word_1_781' title='bbox 3165 4772 3433 4828; x_wconf 85' lang='lat' dir='ltr'><strong>exercitio</strong></span> <span class='ocrx_word' id='word_1_782' title='bbox 3450 4774 3533 4829; x_wconf 86' lang='lat' dir='ltr'><strong>fa-</strong></span> 
     </span>
    </p>
   </div>
   <div class='ocr_carea' id='block_1_104' title="bbox 1915 4858 3529 4929">
    <p class='ocr_par' dir='ltr' id='par_1_104' title="bbox 1915 4858 3529 4929">
     <span class='ocr_line' id='line_1_104' title="bbox 1915 4858 3529 4929; baseline 0.001 -14"><span class='ocrx_word' id='word_1_783' title='bbox 1915 4864 2025 4916; x_wconf 90' lang='lat' dir='ltr'><strong>cta.</strong></span> <span class='ocrx_word' id='word_1_784' title='bbox 2059 4859 2329 4924; x_wconf 88' lang='lat' dir='ltr'><strong>Quamvis</strong></span> <span class='ocrx_word' id='word_1_785' title='bbox 2356 4861 2553 4913; x_wconf 89' lang='lat' dir='ltr'><strong>autem</strong></span> <span class='ocrx_word' id='word_1_786' title='bbox 2584 4858 2918 4929; x_wconf 88' lang='lat' dir='ltr'><strong>insipientes</strong></span> <span class='ocrx_word' id='word_1_787' title='bbox 2932 4861 3169 4929; x_wconf 85' lang='lat' dir='ltr'><strong>corrupti</strong></span> <span class='ocrx_word' id='word_1_788' title='bbox 3196 4859 3309 4915; x_wconf 89' lang='lat' dir='ltr'><strong>sint</strong></span> <span class='ocrx_word' id='word_1_789' title='bbox 3323 4865 3380 4916; x_wconf 91' lang='lat' dir='ltr'><strong>et</strong></span> <span class='ocrx_word' id='word_1_790' title='bbox 3403 4862 3529 4916; x_wconf 71' lang='lat' dir='ltr'><strong>abo-</strong></span> 
     </span>
    </p>
   </div>
   <div class='ocr_carea' id='block_1_105' title="bbox 1914 4946 3533 5014">
    <p class='ocr_par' dir='ltr' id='par_1_105' title="bbox 1914 4946 3533 5014">
     <span class='ocr_line' id='line_1_105' title="bbox 1914 4946 3533 5014; baseline 0.001 -11"><span class='ocrx_word' id='word_1_791' title='bbox 1914 4946 2213 5014; x_wconf 84' lang='lat' dir='ltr'><strong>minabiles,</strong></span> <span class='ocrx_word' id='word_1_792' title='bbox 2246 4950 2304 5001; x_wconf 90' lang='lat' dir='ltr'><strong>et</strong></span> <span class='ocrx_word' id='word_1_793' title='bbox 2324 4946 2516 5002; x_wconf 85' lang='lat' dir='ltr'><strong>dicant</strong></span> <span class='ocrx_word' id='word_1_794' title='bbox 2537 4963 2551 5001; x_wconf 88' lang='lat'><strong>:</strong></span> <span class='ocrx_word' id='word_1_795' title='bbox 2575 4946 2702 5001; x_wconf 88' lang='lat' dir='ltr'><strong>Non</strong></span> <span class='ocrx_word' id='word_1_796' title='bbox 2728 4953 2801 5000; x_wconf 87' lang='lat' dir='ltr'><strong>est</strong></span> <span class='ocrx_word' id='word_1_797' title='bbox 2826 4946 2986 5012; x_wconf 86' lang='lat' dir='ltr'><strong>Deus,</strong></span> <span class='ocrx_word' id='word_1_798' title='bbox 3020 4946 3428 5003; x_wconf 87' lang='lat' dir='ltr'><strong>inexcusabiles</strong></span> <span class='ocrx_word' id='word_1_799' title='bbox 3450 4953 3533 5005; x_wconf 86' lang='lat' dir='ltr'><strong>ta-</strong></span> 
     </span>
    </p>
   </div>
   <div class='ocr_carea' id='block_1_106' title="bbox 1917 5031 3531 5105">
    <p class='ocr_par' dir='ltr' id='par_1_106' title="bbox 1917 5031 3531 5105">
     <span class='ocr_line' id='line_1_106' title="bbox 1917 5031 3531 5105; baseline 0.001 -14"><span class='ocrx_word' id='word_1_800' title='bbox 1917 5053 2054 5092; x_wconf 89' lang='lat' dir='ltr'><strong>men</strong></span> <span class='ocrx_word' id='word_1_801' title='bbox 2080 5038 2213 5090; x_wconf 90' lang='lat' dir='ltr'><strong>sunt</strong></span> <span class='ocrx_word' id='word_1_802' title='bbox 2238 5034 2308 5088; x_wconf 91' lang='lat' dir='ltr'><strong>de</strong></span> <span class='ocrx_word' id='word_1_803' title='bbox 2360 5034 2467 5088; x_wconf 89' lang='lat' dir='ltr'><strong>hac</strong></span> <span class='ocrx_word' id='word_1_804' title='bbox 2526 5033 2873 5105; x_wconf 86' lang='lat' dir='ltr'><strong>insipientia.</strong></span> <span class='ocrx_word' id='word_1_805' title='bbox 2902 5031 3045 5086; x_wconf 86' lang='lat' dir='ltr'><strong>Deus</strong></span> <span class='ocrx_word' id='word_1_806' title='bbox 3075 5034 3236 5088; x_wconf 90' lang='lat' dir='ltr'><strong>enim</strong></span> <span class='ocrx_word' id='word_1_807' title='bbox 3281 5035 3531 5092; x_wconf 87' lang='lat' dir='ltr'><strong>Trinitas</strong></span> 
     </span>
    </p>
   </div>
   <div class='ocr_carea' id='block_1_107' title="bbox 1910 5120 3528 5196">
    <p class='ocr_par' dir='ltr' id='par_1_107' title="bbox 1910 5120 3528 5196">
     <span class='ocr_line' id='line_1_107' title="bbox 1910 5120 3528 5196; baseline -0.001 -17"><span class='ocrx_word' id='word_1_808' title='bbox 1910 5125 2180 5196; x_wconf 74' lang='lat' dir='ltr'><strong>prospexit</strong></span> <span class='ocrx_word' id='word_1_809' title='bbox 2214 5122 2658 5177; x_wconf 86' lang='lat' dir='ltr'><strong>misericorditer</strong></span> <span class='ocrx_word' id='word_1_810' title='bbox 2690 5121 2753 5174; x_wconf 83' lang='lat' dir='ltr'><strong>de</strong></span> <span class='ocrx_word' id='word_1_811' title='bbox 2791 5120 2932 5186; x_wconf 78' lang='lat' dir='ltr'><strong>cwlo,</strong></span> <span class='ocrx_word' id='word_1_812' title='bbox 2964 5120 3021 5175; x_wconf 92' lang='lat' dir='ltr'><strong>id</strong></span> <span class='ocrx_word' id='word_1_813' title='bbox 3048 5124 3132 5175; x_wconf 91' lang='lat' dir='ltr'><strong>est</strong></span> <span class='ocrx_word' id='word_1_814' title='bbox 3181 5122 3251 5177; x_wconf 90' lang='lat' dir='ltr'><strong>de</strong></span> <span class='ocrx_word' id='word_1_815' title='bbox 3302 5138 3397 5176; x_wconf 88' lang='lat' dir='ltr'><strong>me</strong></span> <span class='ocrx_word' id='word_1_816' title='bbox 3421 5124 3528 5178; x_wconf 88' lang='lat' dir='ltr'><strong>hu-</strong></span> 
     </span>
    </p>
   </div>
   <div class='ocr_carea' id='block_1_108' title="bbox 202 5208 3535 5284">
    <p class='ocr_par' dir='ltr' id='par_1_108' title="bbox 202 5208 3535 5284">
     <span class='ocr_line' id='line_1_108' title="bbox 202 5208 3535 5284; baseline -0.002 -13"><span class='ocrx_word' id='word_1_817' title='bbox 202 5217 309 5272; x_wconf 83' lang='lat' dir='ltr'><strong>illis</strong></span> <span class='ocrx_word' id='word_1_818' title='bbox 363 5212 516 5284; x_wconf 88' lang='lat' dir='ltr'><strong>(Cor.</strong></span> <span class='ocrx_word' id='word_1_819' title='bbox 572 5230 627 5280; x_wconf 85' lang='lat' dir='ltr'><strong>x,</strong></span> <span class='ocrx_word' id='word_1_820' title='bbox 692 5212 796 5283; x_wconf 87' lang='grc'>11).</span> <span class='ocrx_word' id='word_1_821' title='bbox 846 5212 976 5265; x_wconf 91' lang='lat' dir='ltr'><strong>lllos</strong></span> <span class='ocrx_word' id='word_1_822' title='bbox 1046 5214 1239 5265; x_wconf 89' lang='lat' dir='ltr'><strong>autem</strong></span> <span class='ocrx_word' id='word_1_823' title='bbox 1308 5213 1425 5264; x_wconf 89' lang='lat' dir='ltr'><strong>tres</strong></span> <span class='ocrx_word' id='word_1_824' title='bbox 1471 5227 1662 5265; x_wconf 84' lang='lat' dir='ltr'><strong>versus</strong></span> <span class='ocrx_word' id='word_1_825' title='bbox 1724 5211 1821 5283; x_wconf 92' lang='lat' dir='ltr'><strong>qui</strong></span> <span class='ocrx_word' id='word_1_826' title='bbox 1920 5228 2095 5267; x_wconf 88' lang='lat' dir='ltr'><strong>mana</strong></span> <span class='ocrx_word' id='word_1_827' title='bbox 2118 5213 2324 5266; x_wconf 87' lang='lat' dir='ltr'><strong>natura</strong></span> <span class='ocrx_word' id='word_1_828' title='bbox 2351 5227 2505 5280; x_wconf 83' lang='lat' dir='ltr'><strong>super</strong></span> <span class='ocrx_word' id='word_1_829' title='bbox 2538 5209 2675 5278; x_wconf 84' lang='lat' dir='ltr'><strong>ﬁlios</strong></span> <span class='ocrx_word' id='word_1_830' title='bbox 2720 5209 2996 5261; x_wconf 77' lang='lat' dir='ltr'><strong>hominum</strong></span> <span class='ocrx_word' id='word_1_831' title='bbox 3027 5208 3442 5276; x_wconf 87' lang='lat' dir='ltr'><strong>universaliter,</strong></span> <span class='ocrx_word' id='word_1_832' title='bbox 3473 5209 3535 5265; x_wconf 88' lang='lat' dir='ltr'><strong>id</strong></span> 
     </span>
    </p>
   </div>
   <div class='ocr_carea' id='block_1_109' title="bbox 201 5294 3535 5377">
    <p class='ocr_par' dir='ltr' id='par_1_109' title="bbox 201 5294 3535 5377">
     <span class='ocr_line' id='line_1_109' title="bbox 201 5294 3535 5377; baseline -0.003 -17"><span class='ocrx_word' id='word_1_833' title='bbox 201 5300 465 5377; x_wconf 88' lang='lat' dir='ltr'><strong>superius</strong></span> <span class='ocrx_word' id='word_1_834' title='bbox 508 5300 568 5354; x_wconf 92' lang='lat' dir='ltr'><strong>in</strong></span> <span class='ocrx_word' id='word_1_835' title='bbox 626 5300 735 5355; x_wconf 91' lang='lat' dir='ltr'><strong>hoc</strong></span> <span class='ocrx_word' id='word_1_836' title='bbox 782 5300 1005 5371; x_wconf 88' lang='lat' dir='ltr'><strong>psalmo</strong></span> <span class='ocrx_word' id='word_1_837' title='bbox 1046 5298 1433 5369; x_wconf 82' lang='lat' dir='ltr'><strong>legunturzin</strong></span> <span class='ocrx_word' id='word_1_838' title='bbox 1476 5298 1821 5369; x_wconf 89' lang='lat' dir='ltr'><strong>repetitione</strong></span> <span class='ocrx_word' id='word_1_839' title='bbox 1922 5304 2006 5355; x_wconf 84' lang='lat' dir='ltr'><strong>est</strong></span> <span class='ocrx_word' id='word_1_840' title='bbox 2034 5316 2203 5370; x_wconf 91' lang='lat' dir='ltr'><strong>super</strong></span> <span class='ocrx_word' id='word_1_841' title='bbox 2228 5314 2431 5353; x_wconf 89' lang='lat' dir='ltr'><strong>omnes</strong></span> <span class='ocrx_word' id='word_1_842' title='bbox 2459 5296 2744 5360; x_wconf 90' lang='lat' dir='ltr'><strong>homines,</strong></span> <span class='ocrx_word' id='word_1_843' title='bbox 2788 5299 2849 5349; x_wconf 91' lang='lat' dir='ltr'><strong>ut</strong></span> <span class='ocrx_word' id='word_1_844' title='bbox 2878 5294 3073 5362; x_wconf 76' lang='lat' dir='ltr'><strong>videat,</strong></span> <span class='ocrx_word' id='word_1_845' title='bbox 3101 5294 3158 5349; x_wconf 91' lang='lat' dir='ltr'><strong>id</strong></span> <span class='ocrx_word' id='word_1_846' title='bbox 3210 5299 3297 5351; x_wconf 90' lang='lat' dir='ltr'><strong>est</strong></span> <span class='ocrx_word' id='word_1_847' title='bbox 3342 5295 3535 5351; x_wconf 86' lang='lat' dir='ltr'><strong>videro</strong></span> 
     </span>
    </p>
   </div>
   <div class='ocr_carea' id='block_1_110' title="bbox 201 5380 3538 5460">
    <p class='ocr_par' dir='ltr' id='par_1_110' title="bbox 201 5380 3538 5460">
     <span class='ocr_line' id='line_1_110' title="bbox 201 5380 3538 5460; baseline -0.004 -12"><span class='ocrx_word' id='word_1_848' title='bbox 201 5407 342 5449; x_wconf 85' lang='lat' dir='ltr'><strong>vero</strong></span> <span class='ocrx_word' id='word_1_849' title='bbox 374 5405 478 5445; x_wconf 89' lang='lat' dir='ltr'><strong>nec</strong></span> <span class='ocrx_word' id='word_1_850' title='bbox 511 5388 615 5460; x_wconf 91' lang='lat' dir='ltr'><strong>ipsi</strong></span> <span class='ocrx_word' id='word_1_851' title='bbox 649 5404 753 5441; x_wconf 88' lang='lat' dir='ltr'><strong>nec</strong></span> <span class='ocrx_word' id='word_1_852' title='bbox 803 5386 993 5458; x_wconf 90' lang='lat' dir='ltr'><strong>aliqua</strong></span> <span class='ocrx_word' id='word_1_853' title='bbox 1042 5386 1214 5440; x_wconf 86' lang='lat' dir='ltr'><strong>verba</strong></span> <span class='ocrx_word' id='word_1_854' title='bbox 1241 5385 1349 5440; x_wconf 83' lang='lat' dir='ltr'><strong>illis</strong></span> <span class='ocrx_word' id='word_1_855' title='bbox 1394 5386 1826 5457; x_wconf 67' lang='lat' dir='ltr'><strong>asquipollenlia</strong></span> <span class='ocrx_word' id='word_1_856' title='bbox 1923 5386 2095 5442; x_wconf 83' lang='lat' dir='ltr'><strong>faciat</strong></span> <span class='ocrx_word' id='word_1_857' title='bbox 2118 5388 2165 5439; x_wconf 89' lang='lat' dir='ltr'><strong>si</strong></span> <span class='ocrx_word' id='word_1_858' title='bbox 2186 5392 2259 5439; x_wconf 87' lang='lat' dir='ltr'><strong>est</strong></span> <span class='ocrx_word' id='word_1_859' title='bbox 2309 5384 2512 5456; x_wconf 84' lang='lat' dir='ltr'><strong>aliquis</strong></span> <span class='ocrx_word' id='word_1_860' title='bbox 2541 5381 2854 5449; x_wconf 73' lang='lat' dir='ltr'><strong>intelligens,</strong></span> <span class='ocrx_word' id='word_1_861' title='bbox 2886 5388 2982 5433; x_wconf 87' lang='lat' dir='ltr'><strong>aut</strong></span> <span class='ocrx_word' id='word_1_862' title='bbox 3033 5385 3299 5453; x_wconf 80' lang='lat' dir='ltr'><strong>requirens</strong></span> <span class='ocrx_word' id='word_1_863' title='bbox 3340 5380 3538 5447; x_wconf 85' lang='lat' dir='ltr'><strong>Deum,</strong></span> 
     </span>
    </p>
   </div>
   <div class='ocr_carea' id='block_1_111' title="bbox 203 5466 3548 5553">
    <p class='ocr_par' dir='ltr' id='par_1_111' title="bbox 203 5466 3548 5553">
     <span class='ocr_line' id='line_1_111' title="bbox 203 5466 3548 5553; baseline -0.005 -16"><span class='ocrx_word' id='word_1_864' title='bbox 203 5476 599 5544; x_wconf 88' lang='lat' dir='ltr'><strong>inveniuntur,</strong></span> <span class='ocrx_word' id='word_1_865' title='bbox 628 5478 889 5530; x_wconf 89' lang='lat' dir='ltr'><strong>asserunt</strong></span> <span class='ocrx_word' id='word_1_866' title='bbox 926 5473 1161 5546; x_wconf 85' lang='lat' dir='ltr'><strong>quidam</strong></span> <span class='ocrx_word' id='word_1_867' title='bbox 1195 5474 1539 5545; x_wconf 87' lang='lat' dir='ltr'><strong>Prophetam</strong></span> <span class='ocrx_word' id='word_1_868' title='bbox 1572 5490 1689 5527; x_wconf 92' lang='lat' dir='ltr'><strong>non</strong></span> <span class='ocrx_word' id='word_1_869' title='bbox 1721 5490 1824 5553; x_wconf 47' lang='lat' dir='ltr'><strong>po:</strong></span> <span class='ocrx_word' id='word_1_870' title='bbox 1926 5474 2081 5547; x_wconf 88' lang='lat' dir='ltr'><strong>quod</strong></span> <span class='ocrx_word' id='word_1_871' title='bbox 2112 5478 2199 5528; x_wconf 91' lang='lat' dir='ltr'><strong>est</strong></span> <span class='ocrx_word' id='word_1_872' title='bbox 2221 5472 2408 5528; x_wconf 89' lang='lat' dir='ltr'><strong>dicere</strong></span> <span class='ocrx_word' id='word_1_873' title='bbox 2434 5489 2448 5526; x_wconf 86' lang='lat'><strong>:</strong></span> <span class='ocrx_word' id='word_1_874' title='bbox 2473 5473 2615 5528; x_wconf 91' lang='lat' dir='ltr'><strong>Utin</strong></span> <span class='ocrx_word' id='word_1_875' title='bbox 2641 5472 2843 5539; x_wconf 87' lang='lat' dir='ltr'><strong>aperto</strong></span> <span class='ocrx_word' id='word_1_876' title='bbox 2865 5470 3156 5540; x_wconf 87' lang='lat' dir='ltr'><strong>ponatqui</strong></span> <span class='ocrx_word' id='word_1_877' title='bbox 3187 5466 3548 5527; x_wconf 88' lang='lat' dir='ltr'><strong>suntintelli-</strong></span> 
     </span>
    </p>
   </div>
   <div class='ocr_carea' id='block_1_112' title="bbox 208 5556 3554 5635">
    <p class='ocr_par' dir='ltr' id='par_1_112' title="bbox 208 5556 3554 5635">
     <span class='ocr_line' id='line_1_112' title="bbox 208 5556 3554 5635; baseline -0.004 -11"><span class='ocrx_word' id='word_1_878' title='bbox 208 5569 408 5628; x_wconf 84' lang='lat' dir='ltr'><strong>suisse.</strong></span> <span class='ocrx_word' id='word_1_879' title='bbox 441 5567 730 5623; x_wconf 77' lang='lat' dir='ltr'><strong>Ceeterum</strong></span> <span class='ocrx_word' id='word_1_880' title='bbox 763 5562 900 5635; x_wconf 83' lang='lat' dir='ltr'><strong>quia</strong></span> <span class='ocrx_word' id='word_1_881' title='bbox 927 5563 1134 5617; x_wconf 87' lang='lat' dir='ltr'><strong>Paulus</strong></span> <span class='ocrx_word' id='word_1_882' title='bbox 1161 5563 1263 5619; x_wconf 87' lang='lat' dir='ltr'><strong>hos</strong></span> <span class='ocrx_word' id='word_1_883' title='bbox 1312 5565 1426 5618; x_wconf 89' lang='lat' dir='ltr'><strong>tres</strong></span> <span class='ocrx_word' id='word_1_884' title='bbox 1462 5561 1524 5616; x_wconf 90' lang='lat' dir='ltr'><strong>in</strong></span> <span class='ocrx_word' id='word_1_885' title='bbox 1571 5559 1824 5632; x_wconf 82' lang='lat' dir='ltr'><strong>Epistola</strong></span> <span class='ocrx_word' id='word_1_886' title='bbox 1931 5562 2134 5635; x_wconf 86' lang='lat' dir='ltr'><strong>gentes</strong></span> <span class='ocrx_word' id='word_1_887' title='bbox 2164 5562 2221 5615; x_wconf 89' lang='lat' dir='ltr'><strong>et</strong></span> <span class='ocrx_word' id='word_1_888' title='bbox 2248 5559 2632 5633; x_wconf 81' lang='lat' dir='ltr'><strong>requirentes,</strong></span> <span class='ocrx_word' id='word_1_889' title='bbox 2667 5558 2725 5610; x_wconf 91' lang='lat' dir='ltr'><strong>et</strong></span> <span class='ocrx_word' id='word_1_890' title='bbox 2754 5556 2854 5630; x_wconf 79' lang='lat' dir='ltr'><strong>qui</strong></span> <span class='ocrx_word' id='word_1_891' title='bbox 2881 5570 3024 5611; x_wconf 88' lang='lat' dir='ltr'><strong>non.</strong></span> <span class='ocrx_word' id='word_1_892' title='bbox 3054 5558 3169 5633; x_wconf 89' lang='lat' dir='ltr'><strong>Ipsi</strong></span> <span class='ocrx_word' id='word_1_893' title='bbox 3195 5572 3335 5617; x_wconf 90' lang='lat' dir='ltr'><strong>vero</strong></span> <span class='ocrx_word' id='word_1_894' title='bbox 3377 5572 3554 5611; x_wconf 73' lang='lat' dir='ltr'><strong>omnes</strong></span> 
     </span>
    </p>
   </div>
   <div class='ocr_carea' id='block_1_113' title="bbox 655 5653 3345 5721">
    <p class='ocr_par' dir='ltr' id='par_1_113' title="bbox 655 5653 3345 5721">
     <span class='ocr_line' id='line_1_113' title="bbox 655 5653 3345 5721; baseline -0.004 -4"><span class='ocrx_word' id='word_1_895' title='bbox 655 5662 890 5721; x_wconf 60' lang='lat' dir='ltr'><strong>Pauor&quot;</strong></span> <span class='ocrx_word' id='word_1_896' title='bbox 924 5657 1076 5715; x_wconf 79' lang='lat' dir='ltr'><strong>CLII.</strong></span> <span class='ocrx_word' id='word_1_897' title='bbox 3269 5653 3345 5713; x_wconf 79' lang='lat'><strong>28</strong></span> 
     </span>
    </p>
   </div>
  </div>
