4008 6030
450 314 553 379 875

1070 308 1132 374 S.
1171 311 1518 374 BRUNONIS
1556 309 2189 373 CARTHUSIANORUM
2223 312 2691 379 INSTITUTORIS
2736 314 2891 377 OPP.
2930 316 3108 377 PARS
3141 316 3167 378 Ῑ

3665 321 3779 387 876

450 441 767 519 nsipientes
783 438 1181 498 declinaverunt
1207 455 1265 496 se
1298 438 1483 495 abillo
1513 442 1841 512 prospectu,
1864 438 1923 495 id
1949 441 2064 550 est:
2084 441 2140 502 Α
2164 443 2224 550 et
2251 440 2530 550 minores,
2572 460 2694 550 cum
2724 443 3126 550 De'usTr‘init‘as
3144 450 3393 550 averterit
3410 450 3770 550 cqptivitatein

426 550 567 590 non
596 534 940 589 curaverunt
970 530 1335 602 prospectum
1359 528 1869 596 misericordim,et
1905 529 2064 583 simul
2148 530 2319 601 plebis
2344 549 2453 586 suae
2480 533 2652 588 Iacob
2702 536 2759 588 et
2796 535 2988 603 Israel,
3018 535 3077 590 id
3115 540 3200 592 est
3242 539 3667 596 mortalitatem
3710 544 3773 599 et

445 639 579 678 cum
605 619 990 677 declinatione
1018 618 1226 672 inutiles
1247 618 1388 688 facti
1411 623 1535 671 sunt
1563 620 1621 671 et
1662 616 1769 672 sibi
1813 620 1869 671 et
1912 616 2055 672 aliis.

445 711 513 765 Et
540 709 792 766 ostendit
811 706 1103 780 quomodo
1129 705 1342 760 inutiles
1370 704 1495 759 sibi.
1524 704 1651 759 Non
1668 705 1927 758 est'enim
1955 704 2056 760 ali-

444 798 571 869 quis
606 799 701 869 qui
724 797 890 867 faciat
950 795 1161 859 bonum,
1194 810 1301 846 non
1330 799 1405 845 est
1457 791 1553 863 qui
1585 809 1747 863 usque
1794 792 1863 845 ad
1890 810 2055 846 unum

433 884 554 938 'ﬁde
583 882 899 955 perveniat,
922 882 980 936 id
1011 885 1096 936 est
1122 881 1195 935 ad
1225 896 1319 934 me
1352 879 1449 952 qui
1480 896 1607 933 sum
1628 897 1807 934 unum
1822 882 1879 934 et
1905 897 2056 935 sum-

439 989 603 1027 mum
618 973 861 1038 bonum,
882 971 1045 1042 juxta
1074 969 1215 1024 illud
1244 984 1256 1023 :
1291 991 1319 1018 «
1352 969 1470 1039 Ego
1502 972 1561 1022 et
1586 970 1757 1022 Pater
1770 986 1952 1023 unum
1967 987 2054 1023 su-

439 1077 569 1115 mus
594 1060 777 1132 (Joan.
801 1076 854 1115 x.
884 1061 991 1125 30),
1027 1078 1055 1107 ››
1084 1058 1166 1111 vel
1220 1059 1410 1127 potest
1447 1055 1580 1127 legi,
1607 1056 1752 1111 Deus
1799 1057 1863 1110 de
1906 1058 2047 1125 cwlo,

434 1151 545 1203 etc.
579 1148 688 1213 Sic,
721 1163 794 1202 ne
823 1148 1165 1219 putarentur
1193 1160 1395 1199 omnes
1424 1144 1951 1215 hominescorrupti,
1972 1146 2050 1200 sic

435 1235 792 1302 dicitzDixi,
824 1234 1159 1307 insipientes
1188 1250 1309 1288 esse
1366 1234 1684 1303 corruptos.
1742 1232 1866 1286 Filii
1914 1250 2046 1288 vero

430 1323 737 1379 hominum
755 1339 872 1377 non
900 1323 1032 1376 sunt
1050 1320 1332 1392 corrupti;
1368 1336 1505 1374 nam
1529 1319 1675 1373 Deus
1692 1328 1963 1390 prospexit
1985 1321 2050 1375 de

432 1412 574 1479 caelo,
597 1410 656 1466 id
678 1414 763 1465 est
788 1426 892 1481 per
920 1409 1243 1464 doctrinam
1278 1408 1696 1479 apostolorum,
1727 1425 1883 1479 super
1904 1409 2047 1477 ﬁlios

430 1500 725 1566 hominum,
783 1498 843 1552 id
872 1498 957 1551 est
1008 1512 1179 1567 super
1224 1495 1421 1549 ﬁdeles
1450 1510 1570 1549 sese
1626 1495 2047 1552 rationabiliter

429 1588 729 1654 habentes,
756 1593 816 1640 ut
845 1585 1021 1640 videat
1070 1586 1119 1638 si
1158 1591 1235 1638 est
1286 1583 1606 1652 intelligens,
1655 1591 1750 1638 aut
1779 1588 2044 1656 requirens

2157 618 2614 689 passibilitatem.

2652 711 2721 764 IN
2773 711 3097 769 PSALMUM
3128 715 3261 770 LIII.

2225 795 2439 851 Titulus
2466 799 2929 871 quinquagesimi
2957 803 3126 857 tertii.
3161 803 3227 858 In
3246 805 3405 876 ﬁnem
3428 808 3483 860 in
3506 809 3766 864 carmini-

2157 884 2249 938 bus
2269 886 2553 941 intellectus
2564 888 2761 956 David,
2784 908 2905 944 cum
2925 895 3180 948 venissent
3203 895 3420 965 Zzp/ia’i
3438 903 3488 950 et
3509 897 3768 952 dixissent

2153 972 2224 1025 ad
2266 972 2409 1028 Saul
2438 992 2455 1027 :
2486 975 2681 1031 Nonne
2711 977 2893 1033 David
2926 980 3260 1037 absconditus
3305 991 3380 1038 est
3430 986 3575 1056 apud
3615 989 3763 1044 nos?

2151 1060 2249 1115 Hic
2275 1062 2448 1117 etiam
2478 1064 2674 1119 titulus
2703 1066 2856 1137 justa
2883 1067 3180 1125 historiam
3214 1072 3430 1143 positus
3452 1090 3572 1129 esse
3600 1076 3762 1131 vide-

2149 1152 2243 1203 tur
2265 1168 2392 1222 quae
2413 1153 2540 1207 talis
2559 1157 2644 1209 est
2666 1172 2678 1211 :
2707 1155 2848 1211 Cum
2866 1174 2899 1211 a
2919 1157 3089 1213 Saule
3112 1161 3287 1216 David
3327 1163 3647 1234 fugaretur,
3681 1166 3761 1223 ad

2146 1238 2332 1294 vicum
2350 1240 2489 1312 Ziph
2507 1243 2765 1311 nomine,
2787 1245 2883 1300 ubi
2909 1247 2993 1302 sui
3019 1250 3368 1307 contribules
3386 1253 3753 1324 habitabant,

2147 1328 2482 1400 confugium
2509 1331 2743 1401 faciens,
2789 1333 2865 1388 ibi
2909 1352 2968 1389 se
3015 1337 3335 1394 abscondit.
3374 1341 3587 1412 Ziphaei
3615 1361 3753 1401 vero

2146 1415 2243 1486 qui
2274 1432 2404 1472 cum
2436 1418 2557 1489 ejus
2589 1424 2777 1475 essent
2814 1425 3246 1496 consanguinei,
3296 1444 3431 1483 eum
3462 1432 3754 1489 occultare

2146 1502 2496 1572 debuissent,
2530 1506 2763 1563 Saulem
2804 1510 3083 1567 adeuntes
3120 1512 3387 1570 dixerunt
3425 1516 3477 1571 ei
3511 1535 3523 1572 :
3562 1519 3751 1583 Quare

2143 1606 2261 1645 non
2280 1590 2553 1649 interﬁcis
2568 1597 2767 1664 David,
2788 1615 2920 1654 cum
2942 1616 3076 1655 eum
3107 1619 3259 1658 nunc
3292 1604 3506 1661 habeas
3532 1606 3753 1664 interﬁ-

427 1676 622 1743 Deum,
652 1675 713 1730 id
743 1677 826 1728 est
841 1676 904 1728 ut
929 1673 987 1728 in
1014 1672 1261 1728 evidenti
1311 1674 1491 1744 ponat
1521 1671 1647 1744 quis
1703 1689 1906 1728 eorum
1959 1676 2044 1729 est
2069 1755 2116 1768 ﬁ
2143 1678 2332 1734 ciendi
2348 1683 2915 1752 potentiam?Nonne
2937 1687 3093 1743 enim
3111 1690 3575 1750 ahsconditusest
3591 1698 3747 1768 apud

427 1767 583 1821 recte
611 1762 899 1831 intelligens
916 1768 1011 1815 aut
1031 1762 1294 1832 requirens
1316 1759 1512 1829 Deum,
1539 1759 1635 1832 qui
1666 1761 1848 1832 possit
1900 1761 2041 1817 alios
2068 1755 2118 1815 Β
2139 1768 2376 1835 nos,ubi
2395 1786 2527 1825 eum
2545 1774 2707 1842 potes
2745 1773 3041 1832 invenire?
3067 1779 3182 1833 Hoc
3214 1780 3365 1836 dicto
3410 1800 3544 1838 eum
3591 1755 3747 1841 Sauli

428 1851 503 1907 ad
516 1852 624 1907 hoc
638 1849 939 1905 instruere.
971 1848 1122 1904 Multi
1138 1865 1392 1920 namque
1407 1851 1540 1902 sunt
1568 1848 1784 1916 ﬁdeles,
1810 1848 1906 1920 qui
1919 1866 2037 1905 non

426 1939 572 1995 adeo
602 1941 735 1994 sunt
763 1936 1169 2009 intelligentes,
1202 1939 1265 1991 ut
1294 1935 1540 1991 aliorum
1571 1938 1789 2008 queant
1802 1953 1922 1991 esse
1948 1936 2037 1992 in-

424 2029 753 2083 structores.
788 2025 912 2082 Dixi
942 2025 1099 2096 quod
1126 2042 1282 2096 super
1307 2025 1444 2093 ﬁlios
1473 2026 1752 2079 hominum
1763 2028 2038 2097 prospexit

423 2118 489 2170 ut
517 2117 575 2171 et
595 2131 699 2187 per
729 2115 881 2188 ipsos
921 2112 1016 2169 alii
1063 2112 1474 2184 intelligerent.
1535 2113 1874 2185 Insipientes
1902 2130 2036 2169 vero

423 2204 687 2259 nolentes
715 2219 818 2276 per
840 2219 936 2258 eos
965 2201 1307 2273 intelligere,
1334 2218 1511 2256 omnes
1531 2201 1604 2256 ab
1631 2201 1927 2257 intellectu
1953 2203 2041 2257 de-

422 2290 725 2347 clinaverun
733 2297 772 2359 t,
803 2294 912 2347 etc.
1898 2358 1901 2359 ν

492 2379 636 2448 Dixi,
666 2379 822 2452 quod
851 2377 1050 2434 dicunt
1092 2377 1248 2450 quod
1275 2393 1382 2449 ego
1433 2393 1552 2433 non
1582 2394 1709 2433 sum
1738 2379 1907 2448 Deus,
1938 2379 2040 2436 sed

420 2483 594 2523 nonne
615 2473 920 2538 cognoscent
956 2465 1015 2520 in
1045 2465 1237 2521 futuro
1267 2483 1445 2520 omnes
1488 2467 1586 2538 qui
1635 2473 1920 2537 operantur
1942 2470 2042 2523 ini-

419 2558 696 2629 quitatem,
733 2556 793 2611 id
824 2558 910 2611 est
936 2554 1156 2610 faciunt
1182 2554 1382 2627 iniqua
1411 2571 1610 2627 opera,
1644 2558 1743 2627 qui
1790 2556 2043 2611 devorant

418 2644 887 2701 trihulationibus
896 2643 1103 2716 plebem
1127 2660 1321 2710 meam,
1349 2650 1412 2698 ut
1433 2644 1609 2699 cibum
1630 2646 1820 2715 panis,
1868 2645 1927 2700 id
1956 2650 2041 2701 est

415 2732 638 2788 assidue
669 2748 683 2789 :
710 2733 860 2804 quod
894 2748 1002 2804 ego
1032 2749 1162 2787 sum
1193 2733 1343 2786 Deus
1374 2748 1550 2804 quem
1590 2733 1769 2788 modo
1799 2738 2036 2806 negant,

410 2837 543 2876 vere
561 2823 911 2893 cognoscent
933 2820 962 2875 ‘l
989 2821 1104 2875 Hoc
1123 2823 1319 2875 autem
1338 2819 1756 2892 interrogative
1776 2823 1960 2893 ponit,
1976 2827 2039 2879 ut

409 2906 986 2980 sic'eosincrepando
1018 2908 1171 2962 atali
1225 2924 1421 2963 errore
1469 2909 1750 2963 retrahat.
1812 2911 1879 2964 Et
1905 2911 2034 2966 ideo

2138 1856 2522 1927 prodiderunt
2542 1859 2594 1930 (1
2611 1860 2743 1931 Reg.
2764 1863 2945 1937 xxm).
2966 1865 3174 1937 Figura
3192 1885 3327 1924 vero
3358 1870 3612 1928 historiae
3637 1875 3745 1930 hu-

2131 1943 2225 2014 jus
2244 1945 2368 1999 haac
2398 1949 2483 2000 est
2512 1964 2524 2001 :
2560 1949 2667 2003 Per
2689 1949 2948 2022 Ziphazos
2994 1955 3171 2010 David
3210 1956 3365 2012 Sauli
3411 1961 3743 2032 prodentes,

2139 2032 2233 2103 qui
2258 2034 2503 2101 ﬂorentes
2528 2035 3006 2110 interpretantur,
3024 2043 3203 2098 Judaei
3224 2045 3620 2118 signabantur,
3645 2052 3747 2124 qui

2138 2135 2269 2175 cum
2295 2121 2354 2176 in
2371 2123 2617 2178 terrenis
2635 2125 2932 2195 ﬂorerent,
2957 2129 3041 2184 sui
3062 2131 3220 2186 ﬂoris
3243 2137 3577 2207 arrogantia
3593 2121 3749 2195 coin-

2138 2208 2304 2278 moti,
2321 2210 2607 2267 Christum
2630 2214 2727 2285 qui
2744 2222 3041 2273 reveraest
3060 2221 3256 2289 David,
3286 2222 3441 2279 Sauli
3471 2227 3745 2298 prodide-

2138 2301 2295 2360 runt,
2322 2297 2382 2353 id
2419 2303 2502 2354 est
2548 2302 2743 2369 morti,
2792 2308 3115 2362 metuentes
3154 2310 3422 2366 amittere
3468 2297 3659 2370 locum
3687 2319 3748 2371 et

2140 2389 2396 2457 gentem.
2422 2387 2527 2452 Qui
2547 2389 2801 2446 Christus
2830 2395 3147 2450 secundum
3178 2397 3453 2456 deitatem
3471 2404 3626 2474 apud
3645 2421 3745 2461 eos

2139 2473 2374 2543 latebat,
2404 2475 2463 2530 id
2487 2480 2573 2533 est
2602 2477 2659 2532 in
2682 2495 2854 2535 carne
2869 2499 3045 2554 quam
3067 2485 3136 2539 de
3158 2502 3363 2542 eorum
3379 2473 3659 2563 sanguine
3684 2494 3747 2550 in

2139 2560 2371 2632 Virgine
2384 2570 2725 2635 sumpserat,
2746 2568 3113 2627 absconditus
3125 2577 3267 2629 erat.
3287 2576 3472 2640 Quare
3487 2560 3624 2636 vero
3638 2597 3747 2652 per

2140 2648 2371 2706 Saulem
2391 2668 2550 2708 mors
2569 2654 2867 2726 ﬁguretur,
2889 2676 3039 2732 sa-pe
3052 2661 3177 2731 jam
3201 2663 3417 2720 dictum
3430 2671 3533 2722 est.
3559 2648 3746 2725 Verba

2139 2738 2374 2810 quidem
2397 2741 2566 2808 tituli,
2591 2742 2668 2798 sic
2686 2747 3047 2815 explananda
3063 2753 3214 2809 sunt.
3242 2751 3537 2809 Intellectus
3560 2756 3746 2813 David

2139 2828 2441 2898 Pr0phetas
2467 2847 2640 2901 quem
2670 2833 2871 2888 habuit
2901 2835 2957 2890 in
2989 2842 3393 2909 componendo
3419 2844 3570 2899 hunc
3589 2848 3745 2917 psal-

2136 2931 2297 2968 mum
2332 2933 2344 2970 :
2378 2917 2557 2972 David
2601 2919 2729 2975 dico
2772 2922 3125 2994 respicientis
3159 2929 3214 2981 in
3255 2930 3435 2997 ﬁnem,
3467 2931 3525 2985 id
3565 2936 3649 2986 est
3678 2934 3743 2989 in

308 3035 313 3040 η
409 2995 489 3051 sic
502 2997 765 3052 cxcmcati
786 2997 939 3059 sunt,
956 2999 1015 3049 ut
1031 2998 1347 3067 operentur
1377 2995 1764 3068 iniquitatem,
1790 3000 1925 3070 quia
1938 3016 2032 3054 me
2062 3040 2109 3099 Ο
2135 3002 2450 3073 Christum;
2488 3006 2545 3060 in
2579 3009 2948 3079 carminibus,
2978 3012 3037 3067 id
3066 3018 3151 3070 est
3180 3015 3237 3070 in
3269 3019 3552 3082 laudibus,
3583 3022 3744 3092 quod

407 3083 585 3138 Deum
607 3102 712 3139 non
728 3086 1102 3138 invocaverunt
1115 3084 1465 3154 adiutorem,
1501 3087 1558 3138 et
1588 3086 1723 3156 quia
1747 3086 1854 3140 illic
1880 3090 2034 3157 trepi-

408 3172 670 3226 daverunt
700 3176 905 3239 timore,
939 3171 1030 3225 ubi
1056 3189 1158 3225 non
1187 3179 1301 3225 erat
1334 3174 1490 3226 timor
1514 3173 1831 3228 habendus.
1852 3175 2032 3230 Judaei

411 3260 625 3315 scilicet
650 3260 972 3314 timuerunt
997 3261 1255 3314 carnales
1277 3260 1669 3315 observantias
1695 3261 1989 3318 dimittere
2014 3281 2028 3331 ;

412 3348 657 3420 gentiles
685 3364 819 3403 vero
838 3348 992 3402 idola
1007 3364 1109 3403 sua
1147 3364 1263 3403 non
1278 3348 1488 3416 colere,
1521 3366 1650 3420 qua
1696 3353 1939 3422 utraque
1962 3351 2032 3406 ti-

412 3436 629 3491 menda
658 3451 777 3490 non
802 3437 1010 3490 essent.
1045 3435 1188 3490 Cum
1217 3438 1411 3490 autem
1438 3437 1713 3508 posuerit,
1742 3439 2034 3509 trepidave-

410 3531 557 3591 runt,
586 3540 703 3579 non
729 3524 1018 3595 superfluo
1045 3523 1207 3578 addit
1219 3526 1436 3592 timore;
1468 3524 1635 3579 multi
1656 3542 1911 3599 namque
1926 3532 2038 3582 tre-

413 3612 617 3686 pidant
644 3628 763 3667 non
783 3628 953 3667 causa
982 3611 1229 3679 timoris,
1264 3612 1364 3667 sed
1388 3628 1493 3683 pro
1523 3612 1707 3678 febre,
1740 3616 1823 3669 vel
1844 3615 2037 3688 aliqua

415 3717 479 3757 re
508 3699 630 3757 tali.
656 3700 788 3756 Ideo
822 3703 1016 3755 autem
1056 3700 1134 3755 sic
1173 3701 1439 3756 excaecati
1467 3704 1619 3769 sunt,
1674 3703 1830 3774 quod
1861 3702 2038 3758 Deum

413 3805 522 3844 non
575 3790 969 3855 invocaverunt,
1017 3790 1268 3860 quoniam
1295 3787 1441 3843 Deus
1482 3789 1730 3845 Trinitas
1758 3790 2040 3862 dissipavit

415 3891 533 3934 ossa
562 3893 762 3943 eorum,
793 3878 891 3948 qui
914 3876 1213 3930 hominibus
1224 3876 1458 3947 placent.
1494 3876 1659 3942 Quod
1686 3880 1771 3932 est
1800 3879 1988 3934 dicere
2021 3896 2034 3934 :

417 3967 567 4021 Deus
592 3964 907 4019 debilitavit
935 3964 1005 4018 ad
1031 3964 1271 4019 modum
1308 3963 1393 4018 rei
1420 3964 1726 4035 dissipatae,
1773 3983 1900 4038 quae
1938 3968 2037 4023 de-

418 4052 547 4108 bilis
559 4052 826 4118 efﬁcitur,
842 4051 1091 4106 liberum
1109 4051 1412 4105 arbitrium
1426 4055 1484 4105 et
1500 4052 1786 4108 rationem
1806 4071 2035 4120 eorum,

420 4156 495 4195 ne
518 4155 651 4193 eum
682 4138 946 4193 invocare
975 4139 1206 4204 vellent,
1244 4141 1302 4192 et
1355 4154 1472 4192 non
1502 4139 1711 4209 injuste
1743 4142 2034 4213 dissipavit,

422 4226 522 4281 sed
547 4225 677 4280 ideo
709 4226 843 4297 quia
871 4225 1101 4295 placent
1144 4225 1479 4280 hominibus
1525 4226 1584 4280 in
1638 4231 2035 4298 persecutione

2131 3095 2217 3146 est
2241 3091 2429 3148 dicere
2457 3110 2468 3147 :
2500 3096 2873 3165 Rcspicientis
2901 3099 2979 3154 sic
3004 3100 3061 3156 in
3079 3102 3278 3172 ﬁnem,
3306 3109 3581 3163 utlaudet
3602 3091 3742 3165 eum

2130 3183 2535 3251 componendo
2550 3185 2828 3253 carmina,
2843 3188 2984 3256 haec,
3003 3190 3060 3244 id
3081 3194 3165 3246 est
3191 3194 3342 3249 hunc
3360 3198 3646 3267 psalmum
3665 3200 3743 3254 ad

2131 3268 2362 3324 laudem
2389 3271 2529 3341 ejus.
2550 3272 2781 3329 Habitus
2802 3279 2888 3330 est
2908 3278 3012 3332 iste
3048 3280 3334 3336 intellectus
3363 3284 3434 3339 ab
3457 3285 3576 3357 ipso
3599 3287 3743 3341 Pro-

2132 3358 2455 3428 pheta,cum
2480 3361 2590 3415 hoc
2610 3362 2784 3418 fuerit
2802 3366 2960 3434 quod
2976 3371 3231 3423 venissent
3263 3370 3480 3443 Ziphaei
3504 3379 3554 3430 et
3571 3376 3744 3430 diris-

2134 3452 2249 3499 cent
2278 3445 2349 3499 ad
2364 3446 2505 3501 Saul
2532 3466 2549 3501 :
2583 3449 2781 3506 Nonne
2808 3451 2992 3508 David
3019 3456 3355 3514 absconditus
3370 3468 3444 3515 est
3465 3462 3607 3532 apud
3625 3480 3742 3532 nos,

2136 3531 2233 3587 ubi
2252 3536 2417 3604 potes
2435 3552 2569 3590 eum
2590 3536 2945 3595 interﬁcere?
2958 3543 3028 3596 Et
3052 3548 3183 3615 post
3204 3562 3338 3600 eum
3371 3531 3523 3603 Sauli
3548 3531 3749 3620 prodi-

2138 3620 2367 3689 derunt,
2400 3624 2556 3694 quod
2587 3628 2673 3678 est
2702 3626 2893 3682 dicere
2918 3645 2930 3683 :
2961 3630 3249 3701 Propheta
3271 3635 3645 3692 considerans
3663 3640 3750 3693 Zi-

2137 3704 2704 3781 phzeos'contribules
2730 3732 2882 3785 suos,
2910 3719 3008 3789 qui
3034 3736 3169 3775 eum
3202 3725 3486 3779 occultare
3515 3727 3749 3783 debuis-

2137 3801 2284 3865 sent,
2309 3799 2381 3853 ad
2404 3800 2538 3855 Saul
2555 3802 2774 3858 venisse
2791 3806 2848 3858 et
2864 3804 2914 3859 ei
2934 3806 3135 3862 dixisse
3166 3826 3178 3865 :
3210 3809 3405 3866 Nonne
3419 3815 3600 3869 David
3625 3817 3748 3871 abs-

2138 3887 2377 3941 conditus
2405 3895 2479 3942 est
2501 3891 2645 3976 apud
2673 3908 2766 3945 nos
2788 3894 2817 3946 ?
2840 3898 2898 3948 et
2935 3899 3137 3965 postea
3181 3915 3315 3954 eum
3355 3901 3507 3957 Sauli
3548 3906 3748 3976 prodi-

2140 3974 2307 4043 disse,
2328 3979 2498 4047 etper
2522 3970 2629 4033 hoc
2649 3982 2947 4051 negotium
2978 3983 3037 4038 in
3068 4002 3127 4040 se
3159 3970 3753 4061 completum,intelli-

2138 4078 2278 4134 gens
2308 4067 2502 4119 sancto
2517 4066 2729 4137 Spiritu
2755 4068 2961 4125 Christi
2986 4074 3373 4143 proditionem
3399 4080 3470 4135 ad
3493 4086 3747 4139 mortem

2139 4151 2388 4206 aJudaais
2399 4152 2723 4210 faciendam
2737 4158 3091 4229 praeﬁgurari
3105 4164 3461 4235 respiciendo
3483 4168 3538 4223 in
3556 4170 3745 4241 ipsum

2140 4238 2603 4307 Christum,hunc
2622 4246 2909 4314 psalmum
2929 4248 2988 4302 in
3008 4250 3131 4321 ejus
3148 4251 3378 4309 laudem
3396 4272 3460 4310 co
3470 4238 3738 4329 inposuit.

420 4311 700 4379 ﬁdelium,
732 4312 791 4367 id
813 4315 899 4366 est
922 4311 1051 4366 ideo
1082 4315 1506 4384 persequuntur
1534 4331 1631 4369 eos
1682 4319 1746 4370 ut
1773 4318 2038 4387 placeant
2060 4315 2112 4374 D
2137 4328 2200 4381 In
2223 4344 2336 4399 quo
2369 4344 2502 4383 eum
2532 4311 2845 4388 introducit
2867 4311 3184 4393 secundum
3209 4311 3745 4413 humanitatemnii;

420 4400 529 4455 sibi
540 4399 787 4455 invicem
806 4400 901 4472 qui
921 4399 1261 4471 simpliciter
1273 4401 1538 4456 homines
1554 4406 1706 4472 sunt,
1726 4421 1842 4460 non
1859 4407 2035 4463 etiam

422 4487 525 4543 Dei
542 4487 599 4542 in
615 4504 816 4543 eorum
830 4487 1227 4558 persecutione
1255 4505 1268 4543 :
1295 4487 1459 4552 Quod
1491 4494 1576 4546 est
1595 4491 1784 4548 dicere
1803 4510 1816 4549 :
1835 4495 1906 4550 Ut
1918 4497 2037 4567 glo-

423 4573 647 4630 rientur
678 4576 750 4630 ad
781 4575 1046 4631 invicem.
1081 4577 1149 4630 Et
1177 4576 1283 4648 ipsi
1331 4577 1458 4647 jam
1512 4578 1769 4651 dissipati
1827 4585 2040 4654 con/usi

421 4662 636 4731 sunt,id
656 4668 740 4719 est
760 4663 1188 4719 confundantur
1218 4664 1481 4735 omnino,
1494 4666 1587 4721 hic
1605 4669 1816 4725 scilicet
1834 4674 1893 4725 ut
1908 4674 2033 4743 plus

423 4754 783 4807 excazcentur
807 4751 867 4805 in
884 4751 1077 4807 futuro
1091 4755 1153 4807 ut
1169 4752 1292 4808 sine
1304 4753 1419 4808 ﬁne
1433 4755 1770 4826 perdantur,
1786 4759 2031 4833 ideoque

423 4840 874 4907 confundentur,
900 4844 1150 4912 quoniam
1178 4841 1323 4896 Deus
1364 4847 1559 4915 sprevit
1585 4863 1667 4900 eos
1717 4863 1823 4923 pro
1869 4852 2036 4907 malis

422 4928 643 4984 meritis
668 4929 1061 4985 eorum.Facit
1091 4933 1287 4984 autem
1318 4932 1695 5003 quaestionem
1718 4936 2037 5008 utipsemet

419 5018 620 5084 solvat,
650 5016 924 5072 siczDico
976 5017 1132 5089 quod
1183 5018 1331 5073 Deus
1380 5020 1594 5089 sprevit
1621 5038 1737 5077 eos.
1798 5025 1865 5078 Et
1894 5028 2029 5097 quis.

419 5106 569 5160 Deus
584 5104 612 5159 ‘t
638 5103 907 5176 Sequitur
921 5105 1144 5161 solutio.
1161 5106 1259 5161 Ille
1287 5106 1381 5179 qui
1395 5124 1459 5161 ex
1474 5107 1607 5164 Sion
1627 5127 1865 5166 nascens
1887 5113 2035 5168 dabit

416 5192 476 5246 in
495 5192 605 5247 hoc
635 5193 855 5247 mundo
884 5192 1116 5247 salutare
1143 5192 1330 5259 Israel,
1386 5194 1444 5249 id
1474 5200 1561 5251 est
1584 5197 1743 5251 dabit
1772 5200 2034 5255 salvatio-

416 5296 552 5334 nem
584 5278 846 5334 ﬁdelibus
864 5296 937 5334 ne
954 5283 1309 5336 excascentur
1331 5286 1532 5338 contra
1739 5285 1847 5341 hoc
1876 5289 2030 5358 quod

414 5366 703 5438 dissipavit
730 5367 821 5421 hic
851 5384 978 5422 ossa
1006 5368 1492 5441 insipientium,et
1521 5377 1722 5427 contra
1738 5374 1847 5428 hoc
1872 5378 2027 5446 quod

2136 4414 2329 4470 vinam
2344 4416 2679 4474 Trinitatem
2702 4424 2991 4491 orantem,
3009 4427 3071 4479 ut
3092 4442 3224 4481 eum
3243 4428 3302 4481 in
3329 4430 3596 4501 passione
3612 4450 3745 4489 con-

2135 4506 2384 4559 stantem
2411 4505 2682 4573 faciat,ne
2710 4509 2917 4565 timore
2934 4512 3100 4567 cedat
3120 4530 3249 4569 cum
3263 4517 3474 4589 Ziphaei
3493 4521 3744 4591 prodent

2135 4607 2266 4646 eum
2290 4592 2464 4648 Sauli.
2489 4594 2627 4649 Orat
2649 4613 2877 4668 quoque
2898 4598 2967 4653 de
2990 4604 3408 4661 resurrectione
3430 4611 3488 4662 et
3512 4625 3619 4679 pro
3639 4609 3743 4664 ini-

2133 4679 2316 4748 micis,
2350 4684 2408 4735 et
2439 4683 2689 4737 ostendit
2716 4685 3047 4755 passionem
3093 4706 3277 4758 suam,
3319 4709 3426 4763 pro
3460 4712 3573 4767 qua
3606 4714 3741 4753 eum

2135 4772 2399 4838 oporteat
2415 4785 2600 4837 orare,
2625 4774 2681 4824 et
2696 4774 2984 4843 promittit
3000 4778 3374 4850 semetipsum
3399 4798 3519 4837 esse
3548 4786 3745 4840 volun-

2134 4854 2279 4908 tarie
2312 4854 2369 4909 in
2400 4872 2565 4911 cruce
2585 4857 2967 4930 oﬁ‘erendum,
2991 4865 3253 4921 contuitu
3277 4871 3737 4941 resurrectionis,

2135 4942 2291 5012 quod
2314 4943 2656 5000 sacriﬁcium
2681 4962 2852 5002 causa
2885 4952 2989 5017 est,
3019 4968 3197 5022 quare
3222 4956 3369 5011 Deus
3392 4974 3528 5013 eum
3561 4975 3737 5015 oran-

2134 5031 2255 5083 tem
2286 5030 2491 5086 debeat
2520 5034 2807 5090 exaudire.
2844 5037 2959 5092 Hoc
3001 5055 3134 5095 vero
3167 5043 3324 5113 quod
3364 5046 3614 5115 positum
3653 5052 3740 5104 est

2133 5114 2193 5169 in
2224 5116 2386 5172 titulo
2416 5135 2429 5173 :
2454 5119 2649 5174 Nonne
2677 5121 2872 5191 David,
2907 5124 3049 5180 nihil
3097 5128 3168 5182 ad
3218 5114 3467 5201 ﬁguram
3511 5134 3740 5191 videtur

2133 5205 2360 5275 operari
2406 5206 2465 5261 in
2513 5210 2717 5278 psalmi
2769 5211 3180 5285 intensionem,
3213 5218 3313 5273 sed
3364 5219 3438 5274 ad
3479 5220 3735 5281 historiae

2130 5292 2539 5350 ostensionem.

2196 5379 2341 5435 Deus
2370 5382 2559 5451 Pater,
2590 5386 2795 5441 salvum
2834 5405 2915 5442 me
2941 5390 3055 5459 fac,
3092 5408 3163 5447 ne
3207 5394 3435 5450 cedam.
3466 5395 3561 5452 Me
3601 5398 3729 5455 dico

411 5453 469 5507 in
486 5454 679 5509 futuro
700 5455 1017 5510 confundet
1047 5455 1220 5527 ipsos.
1253 5458 1316 5511 In
1342 5457 1535 5512 futuro
1566 5460 2020 5518 exsultabitJacob
2123 5470 2178 5520 in
2209 5472 2417 5524 nomine
2442 5478 2551 5539 tuo,
2584 5473 2643 5527 id
2673 5479 2757 5528 est
2787 5475 3147 5534 inhonorem
3177 5482 3409 5539 niminis
3429 5485 3507 5540 tui
3532 5482 3728 5559 perse-

406 5548 455 5599 et
477 5541 742 5598 laetabitur
761 5541 946 5611 Israel,
965 5542 1021 5597 id
1034 5546 1121 5601 est
1144 5545 1479 5617 gaudebunt
1490 5546 1684 5606 ﬁdeles
1696 5551 1754 5605 et
1768 5551 2016 5623 majores

2131 5560 2453 5625 Verantem,
2468 5559 2633 5635 juxta
2655 5561 2819 5622 illud:
2843 5565 3009 5621 «Non
3027 5585 3222 5643 quaero
3244 5571 3489 5648 gloriam
3508 5592 3725 5637 meam.
