4008 6030
210 360 319 428 877

1212 362 1568 428 mosmo
1603 363 1677 426 IN
1712 360 2050 427 psamos.
2087 388 2161 413 ω-
2194 358 2391 429 PSAL.
2435 340 2548 427 Liv

3431 362 3538 437 878

214 492 321 552 sed
336 491 384 567 ej
394 507 460 550 us
479 489 577 568 qui
595 489 755 550 misit
770 505 864 549 me
878 489 1064 550 Patris
1080 488 1260 566 (Joan.
1276 494 1519 565 vm,50);
1545 514 1574 544 »
1590 498 1641 549 et
1639 491 1832 566 judico
1850 493 1906 555 Α
1942 491 2108 559 Quod
2136 495 2222 550 est
2251 493 2443 552 dicere
2474 510 2489 552 :
2519 488 2863 569 Despiciam,
2890 491 2951 552 id
2974 495 3060 553 est
3070 492 3339 556 deorsum
3360 494 3537 572 aspici

213 600 301 640 me
318 582 460 640 sicut
468 582 817 655 judicaudus
831 598 979 651 sum,
1001 581 1265 638 faciendo
1288 582 1502 637 scilicet
1532 600 1831 655 resurgere

215 674 276 729 in
288 674 485 727 virtute
507 677 621 738 tua,
645 669 802 726 idest
822 670 880 725 in
903 670 1167 743 potentia
1185 672 1299 725 tua.
1318 670 1483 735 Quod
1506 673 1591 725 est
1604 668 1824 727 dicere:

217 760 364 826 Quia
376 764 582 832 potens
594 776 653 815 es
666 759 740 814 ad
753 776 847 815 me
861 758 1339 814 resuscitaudum.
1363 759 1623 815 Ostendit
1635 761 1829 814 autem

217 867 280 907 se
308 849 551 922 dignum
576 848 964 917 exauditione,
992 864 1123 903 cum
1147 864 1264 902 non
1287 849 1474 902 solum
1500 847 1708 916 verbis,
1730 847 1831 903 sed

216 942 279 996 et
308 938 611 995 aﬂ'ectioue
642 940 788 1006 oret,
823 954 956 993 cum
971 937 1132 992 addit
1160 954 1172 991 :
1206 937 1318 993 Oro
1332 937 1544 993 salvum
1574 955 1656 991 me
1672 938 1765 1007 [ac
1782 942 1831 993 et

154 1082 164 1089 .
208 1028 401 1101 judica
432 1044 533 1095 me,
558 1027 751 1081 ethoc
782 1042 885 1081 oro
914 1029 972 1081 et
996 1025 1300 1081 affectione
1331 1028 1389 1080 et
1416 1024 1622 1081 verbis.
1657 1026 1827 1099 Ergo,

214 1117 385 1185 Deus,
413 1116 614 1171 exaudi
639 1117 937 1171 orationem
962 1132 1134 1169 meam
1172 1114 1474 1169 affectione
1508 1115 1742 1184 factam,
1773 1116 1832 1168 et

215 1206 439 1264 auribus
456 1206 688 1276 percipe,
730 1203 790 1259 id
837 1206 941 1270 est,
975 1202 1109 1258 audi
1149 1203 1305 1258 verba
1334 1204 1444 1259 oris
1472 1204 1597 1271 mei,
1628 1202 1689 1258 id
1716 1205 1823 1271 est,

218 1293 549 1351 orationem
574 1308 751 1364 quam
775 1291 966 1347 verbis
1010 1291 1264 1363 profero.
1311 1290 1554 1346 Auribus
1596 1292 1827 1362 percipe,

220 1382 361 1441 dicit
389 1382 464 1437 ad
492 1382 819 1436 humanum
856 1380 1121 1436 modum.
1155 1381 1393 1435 Necesse
1432 1383 1517 1435 est
1546 1381 1741 1434 autem
1769 1381 1832 1434 ut

220 1488 386 1528 orem
418 1474 498 1538 te,
530 1474 594 1524 ut
620 1485 715 1524 me
738 1469 959 1524 salvum
985 1468 1162 1523 facias
1198 1485 1271 1524 ne
1299 1470 1538 1536 cedam;
1574 1468 1833 1540 quoniam

218 1560 403 1626 alieni,
450 1559 509 1614 id
544 1561 630 1613 est
660 1557 841 1612 Judaei
865 1555 963 1629 qui
1003 1557 1287 1613 deberent
1326 1573 1446 1612 esse
1477 1556 1671 1623 amici,
1700 1572 1832 1610 eum

219 1649 339 1705 sint
368 1646 718 1703 contribules
738 1644 873 1712 mei,
891 1645 998 1717 ipsi
1018 1660 1153 1700 vero
1177 1647 1309 1699 sunt
1323 1644 1494 1699 alieni
1514 1662 1547 1699 a
1564 1660 1658 1699 me
1674 1643 1831 1711 facti,

220 1754 330 1810 per
353 1735 685 1809 superbiam
708 1737 766 1789 et
787 1733 1062 1790 invidiam
1092 1750 1256 1789 suam
1273 1750 1288 1789 ι
1305 1734 1711 1789 insurrexerunt
1736 1732 1832 1787 ad-

1929 584 2137 640 faciam
2168 584 2319 657 ipsos
2348 584 2633 654 inimicos,
2661 601 2836 658 super
2861 602 2959 642 eos
2979 604 3285 659 apparens,
3308 592 3535 661 partem

1929 672 2073 727 mihi
2104 674 2491 745 subjugando,
2543 676 2818 730 salvando
2879 675 3113 744 scilicet,
3166 681 3391 748 partem
3430 692 3534 750 per

1930 762 2215 817 mundum
2242 763 2645 835 dispergeudo.
2682 764 2869 820 Ethoc
2888 767 2974 819 est
2987 781 3052 819 ac
3080 764 3126 819 si
3158 765 3405 821 diceret:
3431 768 3535 821 De-

1928 850 2030 905 bes
2049 868 2144 906 me
2173 854 2439 907 orantem
2451 852 2743 920 exaudire,
2768 856 2830 907 ut
2852 870 2885 908 a
2907 852 3283 909 tribulatione
3303 853 3532 927 eripias.

1930 939 2535 1008 Namideosacriﬁcabo
2566 941 2681 1003 tibi,
2695 941 2829 1013 quia
2842 941 3112 997 ﬁduciam
3137 942 3346 1010 habeo,
3380 943 3538 1014 quod

1928 1047 2012 1083 me
2040 1046 2103 1083 ex
2130 1032 2280 1084 omni
2301 1029 2647 1085 tribulatione
2691 1030 2917 1104 eripies,
2955 1033 3013 1086 et
3051 1034 3182 1102 post
3223 1030 3537 1103 despiciam

1927 1134 2080 1189 super
2104 1119 2343 1172 inimicos
2364 1134 2503 1172 meos
2531 1118 2630 1191 qui
2658 1135 2755 1173 me
2787 1118 2961 1174 modo
2991 1118 3051 1173 in
3080 1118 3407 1175 humilitate
3437 1135 3538 1191 po-

1929 1204 2102 1261 situm
2134 1204 2473 1279 despiciunt,
2508 1206 2569 1261 id
2607 1210 2693 1261 est
2736 1206 3079 1262 inferiorem
3123 1223 3183 1262 se
3224 1209 3533 1279 «reputant.

2426 1294 2496 1348 IN
2534 1294 2859 1351 PSALMUM
2906 1294 3036 1351 LIV.

2002 1379 2212 1436 Psalmi
2242 1379 2707 1453 quinquagesimi
2736 1381 2926 1454 quarti
2942 1381 3159 1441 titulus.
3193 1382 3261 1437 In
3271 1383 3452 1453 ﬁnem,
3477 1385 3535 1438 in

1930 1470 2269 1536 carminibus,
2302 1469 2588 1523 intellectus
2616 1471 2717 1540 ipsi
2759 1469 2961 1538 David,
2996 1470 3152 1542 quod
3188 1471 3267 1527 sic
3297 1471 3535 1545 exponi-

1931 1559 2046 1615 tur.
2072 1556 2370 1611 Intellectus
2384 1557 2553 1629 hujus
2568 1558 2771 1629 psalmi
2797 1558 3165 1615 ascribendus
3181 1563 3265 1615 est
3292 1559 3397 1632 ipsi
3425 1564 3538 1618 Da-

1932 1644 2047 1712 vid,
2076 1644 2134 1699 id
2164 1648 2249 1699 est
2278 1645 2501 1700 Christo
2533 1646 2953 1719 perseveranti,
2989 1647 3049 1701 in
3080 1648 3450 1719 carminibus,
3477 1650 3538 1706 id

1934 1736 2020 1788 est
2048 1733 2107 1788 in
2135 1733 2415 1801 laudibus,
2446 1736 2509 1788 ut
2528 1734 2723 1789 laudet
2749 1736 2930 1789 Deum
2950 1735 3293 1804 intentione,
3326 1754 3462 1793 voce
3481 1741 3540 1795 et

220 1841 548 1893 versumme,
567 1823 874 1896 capiendo,
896 1823 1256 1880 verberando
1275 1826 1333 1877 et
1352 1822 1833 1892 blasphemando,
1862 1794 1912 1854 Β
1936 1836 2132 1893 opere,
2164 1839 2282 1877 non
2318 1822 2595 1877 desistens
2639 1823 2814 1878 etiam
2850 1823 2909 1879 in
2958 1823 3085 1895 ipsa
3126 1825 3409 1898 passione,
3439 1825 3537 1882 ubi

420 1921 468 1969 et
489 1914 592 1986 ipsi
622 1914 787 1983 fortes
818 1928 940 1966 esse
970 1912 1246 1981 volentes,
1275 1911 1350 1966 ad
1382 1912 1490 1966 hoc
1519 1913 1582 1965 ut
1615 1928 1708 1966 me
1735 1910 1833 1966 de-

228 2002 459 2058 tineant
478 2002 765 2068 inmorte,
794 2002 1115 2073 quaesierunt
1147 2002 1388 2053 animam
1419 2016 1614 2067 meam,
1644 1999 1701 2053 id
1728 2002 1832 2053 est.

222 2092 491 2161 quaerent
522 2091 583 2142 ut
603 2087 1062 2158 auferautgvitam
1085 2102 1300 2140 meam.
1326 2086 1538 2140 Etcum
1560 2086 1839 2140 deberent

222 2178 591 2233 considerare
613 2192 707 2230 me
730 2178 914 2231 Deum
932 2192 1072 2242 esse,
1097 2178 1155 2228 et
1178 2175 1254 2229 sic
1282 2192 1399 2229 nou
1423 2174 1707 2247 persequi,
1732 2192 1834 2228 non

218 2272 621 2340 prOposuerunt,
646 2264 705 2321 id
725 2267 810 2320 est
841 2280 956 2319 non
987 2267 1321 2336 proponent
1359 2270 1482 2318 ante
1510 2270 1837 2334 conspectum

224 2373 384 2411 suum
403 2353 765 2420 interiorem,
792 2352 969 2406 Deum
1001 2352 1263 2420 verbum,
1296 2351 1437 2405 mihi
1460 2352 1841 2423 personaliter

228 2443 477 2506 unitum,
507 2458 629 2497 esse
658 2440 801 2496 mihi
841 2439 1264 2502 auxiliatorem,
1296 2440 1453 2513 quod
1484 2443 1569 2494 est
1600 2440 1787 2494 dicere
1822 2456 1835 2495 :

228 2532 353 2587 Non
380 2530 832 2587 considerabuut
856 2546 950 2584 me
981 2545 1104 2593 esse
1124 2527 1428 2583 hominem
1442 2530 1499 2582 et
1520 2529 1723 2583 Deum.
1743 2528 1839 2583 Di-

231 2623 389 2676 ceret
418 2618 623 2690 aliquis
648 2636 660 2674 :
684 2618 945 2673 Habesne
976 2618 1159 2672 Deum
1192 2615 1293 2671 tibi
1323 2616 1706 2686 personaliter
1720 2616 1843 2671 uni-

231 2711 358 2764 tum
386 2707 735 2779 adjutorem.
755 2704 1070 2775 Respondit
1098 2720 1110 2758 :
1142 2705 1246 2758 Ita.
1274 2704 1417 2758 Vere
1439 2705 1841 2776 Deumpropo-

235 2813 376 2853 nere
399 2796 699 2851 deberent.
713 2793 854 2848 Ecce
866 2795 1003 2847 enim
1021 2792 1080 2847 in
1104 2790 1375 2863 prmseuti
1397 2795 1505 2860 est,
1523 2792 1678 2863 quod
1698 2791 1844 2846 Deus

234 2886 463 2957 adjuvat
489 2901 593 2951 me,
623 2882 840 2937 faciens
871 2883 1257 2943 constantem,
1291 2882 1349 2934 et
1394 2879 1523 2935 ideo
1568 2879 1847 2934 deberent

236 2973 576 3031 constantiae
598 2988 745 3027 meae
761 2969 1044 3038 contuitu,
1062 2986 1197 3025 eum
1211 2985 1279 3023 an
1289 2977 1337 3023 te
1351 2975 1681 3039 conspectum
1691 2985 1848 3037 suum

1936 1910 2125 1983 potius
2142 1912 2290 1965 Deus
2313 1910 2634 1965 laudandus
2647 1914 2750 1967 est.
2764 1910 2833 1965 In
2852 1913 3176 1967 carminibus
3205 1915 3333 1969 dico
3349 1930 3538 1985 perse~

1934 1999 2155 2053 verauti
2186 2015 2366 2071 usque
2399 2001 2455 2052 in
2481 2000 2662 2068 ﬁnem,
2696 1999 2910 2055 scilicet
2947 2000 3097 2067 vitae,
3140 2001 3199 2056 id
3239 2006 3325 2057 est
3352 2003 3537 2059 donec

1935 2087 2051 2141 vita
2081 2087 2202 2157 ejus
2233 2103 2337 2159 per
2366 2089 2618 2141 mortem
2653 2087 2833 2142 crucis
2863 2088 3145 2157 ﬁniretur,
3180 2091 3264 2144 vel
3295 2090 3373 2144 sic
3407 2107 3537 2163 per-

1938 2174 2221 2230 severanti
2252 2177 2307 2227 in
2335 2174 2658 2229 carminibus
2683 2192 2861 2246 usque
2894 2178 2949 2230 in
2975 2178 3158 2246 ﬁnem,
3177 2178 3237 2232 id
3252 2182 3338 2233 est
3364 2196 3541 2250 usque

1940 2265 1999 2320 iu
2031 2263 2594 2320 consummationem
2625 2264 2981 2320 aeternitatis.
3016 2266 3179 2330 Quod
3206 2270 3290 2321 est
3330 2267 3540 2337 dicere,

1939 2350 2328 2424 perseveranti
2363 2354 2418 2404 in
2448 2351 2791 2418 carminibus,
2823 2352 2883 2407 id
2915 2357 3001 2407 est
3024 2354 3083 2407 in
3121 2354 3222 2409 Dei
3259 2355 3542 2424 laudibus,

1940 2442 2082 2498 etin
2113 2439 2406 2513 prosperis
2433 2443 2492 2495 et
2547 2440 2605 2494 in
2657 2441 2925 2509 adversis,
2968 2442 3151 2498 donec
3181 2445 3330 2499 Deus
3373 2444 3545 2499 redu-

1941 2533 2095 2586 ceret
2126 2547 2259 2585 eum
2290 2529 2351 2583 in
2384 2528 2701 2600 perfectam
2731 2532 2789 2584 et
2818 2536 3287 2586 consummatam
3313 2532 3551 2588 immor—

1943 2619 2246 2675 talitatem.
2280 2618 2387 2673 Ubi
2419 2635 2555 2673 vero
2588 2618 2824 2690 ponitur
2854 2621 2910 2673 in
2926 2622 3268 2689 carminibus,
3285 2623 3429 2677 solet
3446 2639 3551 2678 saa-

1944 2708 2069 2780 pius
2092 2708 2344 2778 psalmus
2377 2706 2447 2761 de
2479 2706 2748 2763 Passioue
2769 2723 2942 2779 agere
2980 2724 2992 2763 :
3024 2711 3081 2762 et
3112 2708 3553 2765 innuiturnobis

1945 2796 2100 2869 quod
2149 2796 2294 2851 sicut
2346 2794 2600 2850 Christus
2631 2794 2691 2849 iu
2721 2795 2984 2867 passione
3015 2813 3118 2851 sua
3148 2797 3207 2851 iu
3251 2797 3420 2853 laude
3450 2798 3553 2854 Dei

1945 2883 2349 2957 perseveravit,
2379 2884 2461 2938 ita
2491 2886 2549 2937 et
2578 2900 2684 2938 nos
2715 2883 2775 2938 in
2805 2884 3275 2940 tribulationibus
3304 2885 3552 2942 minime

1947 2974 2223 3030 debemus
2251 2989 2285 3027 a
2308 2972 2410 3027 Dei
2440 2971 2608 3027 laude
2638 2988 2876 3027 cessare.
2899 2974 2963 3028 In
2994 2974 3103 3029 hoc
3123 2976 3316 3030 autem
3329 2977 3553 3047 psalmo

236 3078 564 3135 proponere
599 3078 612 3115 :
641 3067 697 3115 et
732 3060 997 3114 Dominus
1035 3058 1179 3113 mihi
1224 3058 1606 3130 personaliter
1633 3057 1844 3124 uniLUS,
1870 3073 1921 3135 ο
1948 3060 2335 3116 introducitur
2364 3062 2536 3133 caput
2566 3076 2757 3127 orans,
2789 3077 2862 3115 ne
2893 3060 2952 3114 iu
2985 3061 3250 3133 passione
3279 3063 3465 3130 cedat,
3500 3066 3558 3118 et

235 3157 504 3222 susceptor
525 3156 600 3203 est
649 3149 842 3204 animae
866 3164 1014 3213 meae,
1048 3146 1108 3201 id
1161 3149 1246 3200 est
1290 3145 1558 3216 suscipiet
1587 3143 1847 3199 animam

236 3256 455 3307 meam,
472 3238 617 3294 utad
632 3254 838 3309 corpus
869 3239 998 3308 post
1016 3238 1131 3290 tres
1158 3234 1276 3290 dies
1292 3234 1548 3289 reducat.
1579 3233 1850 3305 Sequitur

239 3327 425 3384 oratio
446 3342 551 3399 pro
564 3324 812 3380 inimicis
830 3325 938 3378 sic:
961 3323 1231 3388 Quamvis
1252 3322 1552 3394 insurgunt
1572 3322 1851 3376 adversum

237 3434 341 3484 me,
364 3419 423 3470 et
443 3416 707 3486 quaerant
723 3414 965 3467 animam
984 3430 1176 3478 meam,
1208 3414 1435 3466 tantum
1466 3426 1589 3478 oro,
1622 3410 1851 3464 Domine

238 3512 418 3561 averte
440 3503 611 3570 mala,
633 3518 761 3574 quae
792 3504 1094 3556 merentur
1111 3500 1178 3555 ab
1209 3502 1444 3555 inimicis
1473 3498 1717 3553 meis.Et
1746 3499 1852 3554 dis-

226 3594 395 3666 perde
417 3593 530 3647 illos
559 3590 880 3647 secundum
900 3590 1055 3661 quod
1073 3588 1209 3644 mali
1226 3592 1379 3655 sunt,
1397 3590 1454 3641 in
1478 3590 1698 3642 veritate
1734 3594 1848 3655 tua,

235 3681 504 3738 faciendo
531 3680 792 3745 existere,
820 3679 880 3733 id
910 3681 996 3733 est
1028 3678 1087 3732 in
1138 3676 1546 3732 conformitate
1580 3676 1717 3742 mei,
1752 3676 1849 3747 qui

239 3788 367 3827 sum
399 3769 608 3825 veritas
636 3772 756 3836 tua,
771 3768 1118 3839 juxtaillud;
1143 3768 1301 3837 «Ego
1321 3782 1471 3831 sum,
1505 3765 1614 3832 via,
1644 3765 1851 3820 veritas

240 3863 300 3916 et
323 3858 441 3913 vita
466 3857 656 3927 (Joan.
688 3873 801 3924 xiv,
830 3858 906 3924 6),
939 3876 967 3904 »
1003 3856 1297 3926 velpotest
1313 3870 1434 3909 esse
1454 3852 1744 3908 concessio
1765 3852 1849 3907 di-

238 3944 655 4017 vinaajustitiae,
680 3944 758 3999 sic
780 3962 794 3999 ε
820 3944 955 3999 Dico
980 3943 1135 4015 quod
1150 3943 1316 4013 fortes
1337 3944 1599 4013 quaerent
1613 3942 1852 3994 animam

240 4054 417 4093 meam
430 4034 690 4091 detinere
709 4033 769 4088 in
787 4050 846 4088 m
856 4035 1002 4101 orte,
1018 4034 1075 4087 et
1091 4032 1221 4087 ideo
1235 4031 1487 4087 concedo
1497 4036 1691 4097 ,averte
1708 4030 1852 4083 mala

240 4128 367 4183 haec
397 4141 433 4179 a
459 4138 554 4178 me
590 4138 664 4177 ne
693 4121 958 4177 detinear
986 4123 1045 4175 et
1076 4119 1375 4186 cedam,et
1395 4119 1469 4173 da
1482 4120 1714 4172 inimecis
1728 4119 1853 4172 meis

241 4215 369 4271 hinc
385 4213 559 4279 mala,
580 4209 793 4265 scilicet
806 4212 868 4263 ut
880 4210 953 4263 ab
970 4207 1229 4262 hostibus
1242 4205 1517 4261 Romanis
1526 4205 1848 4283 vincantur,

246 4307 305 4359 et
332 4302 392 4357 in
423 4303 709 4355 aeternum
735 4298 1104 4353 damnentur.
1134 4294 1380 4365 Exponit
1404 4296 1600 4349 autem
1626 4303 1851 4365 partem

244 4391 558 4456 malorum,
589 4403 722 4442 cum
748 4384 942 4440 addit:
970 4383 1038 4437 In
1068 4385 1290 4438 veritate
1312 4390 1424 4450 tua,
1449 4382 1508 4437 id
1529 4382 1692 4436 estin
1718 4398 1851 4436 vero

238 4477 458 4552 judicio
486 4479 583 4530 tuo
610 4478 668 4529 et
691 4475 846 4547 justo
876 4472 1114 4544 disperde
1144 4471 1278 4537 illos,
1308 4470 1363 4525 id
1397 4472 1481 4525 est
1503 4469 1728 4525 destrue
1751 4485 1853 4541 per

241 4568 433 4623 Titum
466 4568 525 4619 et
552 4562 990 4634 Vespasianum,
1044 4561 1133 4615 vel
1185 4558 1422 4630 disperde
1467 4558 1853 4613 destructione

246 4654 453 4710 mortis
468 4655 722 4706 aeternas.
736 4648 1158 4720 Adiungitvero
1179 4664 1430 4713 causam,
1451 4663 1627 4718 quare
1648 4646 1856 4700 debeat

245 4758 382 4799 eum
408 4743 557 4797 Deus
585 4738 853 4794 exaudire
872 4738 951 4792 sic
986 4755 998 4791 :
1034 4737 1199 4792 Oravi
1230 4740 1308 4802 te,
1352 4737 1518 4801 Deus,
1543 4738 1604 4788 ut
1628 4750 1721 4787 me
1752 4734 1856 4788 sal-

247 4848 383 4886 vum
404 4828 582 4884 facias
594 4831 651 4882 et
659 4825 905 4898 judices,
920 4829 977 4880 et
993 4825 1236 4897 dignum
1253 4826 1355 4878 est.
1372 4824 1517 4877 Nam
1537 4821 1853 4888 voluntarie,

246 4919 308 4975 id
334 4921 422 4973 est
444 4916 691 4971 libenter
717 4930 835 4969 non
867 4912 1065 4979 invite,
1112 4912 1420 4981 sacriﬁcabo
1466 4911 1563 4964 tibi
1608 4913 1853 4964 memet-

247 5006 440 5080 ipsum
466 5005 525 5059 in
553 5018 740 5057 cruce.
772 5000 850 5056 Et
881 5005 1012 5073 post
1037 5001 1340 5070 conﬁtebor,
1363 5000 1423 5054 id
1449 5003 1851 5054 estveroscou-

248 5096 496 5151 fessores
516 5091 739 5164 pariam
770 5092 977 5144 nomini
995 5097 1105 5156 tuo,
1139 5089 1198 5143 id
1224 5093 1309 5143 est
1338 5087 1412 5143 ad
1440 5089 1724 5143 honorem
1756 5104 1857 5142 no-

251 5182 428 5239 minis
454 5181 559 5247 tui,
580 5179 828 5246 Domine,
864 5180 1118 5251 quoniam
1148 5179 1341 5233 bonum
1380 5184 1454 5231 est
1483 5174 1764 5243 confiteri,
1797 5175 1855 5230 id

253 5276 339 5327 est
358 5272 577 5325 bonum
603 5272 691 5323 est
718 5270 780 5322 ut
811 5268 1166 5323 confessores
1192 5266 1436 5337 pariam.
1458 5266 1525 5319 Et
1546 5264 1673 5319 ideo
1688 5264 1853 5317 sacri-

253 5358 711 5429 ﬁcabo,quoniam
723 5360 909 5412 certus
924 5373 1051 5411 sum
1076 5355 1219 5427 quod
1256 5371 1319 5407 ex
1341 5355 1489 5406 omni
1519 5353 1858 5406 tribulatione

255 5446 366 5501 ista
383 5444 707 5517 eripuisti,id
728 5448 812 5498 est
832 5444 1041 5514 eripies
1060 5441 1430 5509 me,facieudo
1445 5441 1855 5506 immortalem,

258 5542 308 5589 et
336 5533 517 5588 oculus
545 5549 709 5599 meus,
742 5532 800 5586 id
831 5535 916 5586 est
943 5530 1329 5585 consideratio
1358 5529 1751 5598 mea,despexit
1777 5544 1863 5580 su-

260 5640 354 5696 per
379 5624 620 5678 inimicos
645 5638 804 5690 meos,
818 5621 916 5694 qui
938 5619 1112 5677 modo
1140 5616 1477 5676 inferiorem
1494 5633 1550 5671 se
1570 5632 1670 5689 rep
1679 5619 1860 5674 utaut.

1949 3153 2013 3206 ut
2047 3150 2331 3220 resurgat,
2364 3147 2672 3203 ostendens
2707 3148 3035 3219 passionem
3080 3166 3266 3218 suam,
3305 3166 3410 3221 pro
3443 3167 3557 3222 qua

1950 3254 2085 3293 eum
2115 3252 2345 3291 necesse
2376 3238 2462 3290 est
2500 3251 2686 3289 orare.
2721 3234 2856 3307 Agit
2880 3236 3056 3291 etiam
3108 3236 3179 3291 de
3230 3238 3559 3310 repulsione

1949 3326 2301 3392 Iudaeorum,
2334 3327 2393 3378 et
2439 3323 2815 3379 conversione
2868 3324 3154 3395 gentium,
3199 3326 3270 3381 de
3307 3343 3558 3399 quorum

1948 3415 2280 3470 Judaaorum
2312 3412 2689 3468 damnatione
2712 3416 2769 3468 et
2799 3412 2858 3467 iu
2887 3429 3129 3484 corpore
3170 3418 3228 3469 et
3256 3415 3317 3472 in
3362 3417 3559 3473 anima

1950 3503 2273 3560 concessive
2307 3502 2459 3574 agit;
2492 3501 2755 3572 praedicit
2800 3518 3030 3573 quoque
3084 3519 3142 3557 se
3196 3508 3561 3562 constantem

1950 3592 2232 3658 futurum,
2249 3592 2307 3644 et
2335 3593 2794 3645 resurrecturum
2812 3593 2871 3644 et
2891 3590 2964 3644 ad
2978 3592 3150 3663 oculos
3164 3608 3557 3663 ascensurum,

1951 3684 2009 3736 et
2038 3681 2146 3735 hoc
2172 3680 2357 3734 totum
2405 3678 2480 3733 ad
2529 3677 2971 3733 instructionem
3227 3685 3563 3737 converten-

1951 3766 2160 3822 dorum
2188 3764 2372 3837 ponit,
2407 3768 2469 3819 ut
2499 3766 2569 3820 de
2591 3766 2771 3819 salute
2787 3781 2889 3819 sua
2912 3766 3096 3820 Deum
3124 3766 3386 3838 diligant,
3415 3772 3472 3822 et
3498 3769 3560 3825 in

1951 3854 2274 3925 perditione
2308 3852 2628 3908 inﬁdelium
2655 3852 2760 3907 sibi
2794 3856 3050 3920 caveant,
3084 3870 3157 3907 ne
3183 3854 3229 3908 si
3260 3872 3295 3909 a
3314 3856 3432 3911 Deo
3453 3856 3562 3913 dis-

1951 3942 2244 4009 cesserint,
2272 3941 2538 3996 similiter
2568 3940 2942 3996 damnentur.
2978 3940 3136 3995 Unde
3167 3940 3305 3996 dicit
3339 3959 3354 3998 :

2021 4029 2262 4097 Exaudi,
2282 4028 2449 4096 Deus,
2468 4031 2763 4083 orationem
2790 4044 2982 4095 meam,
3014 4031 3078 4082 ut
3115 4045 3209 4083 me
3234 4032 3555 4101 resuscites,

1952 4121 2011 4174 et
2040 4118 2435 4174 immortalem
2464 4116 2641 4173 facias
2672 4121 2731 4171 et
2760 4116 2992 4184 exaltes,
3012 4123 3143 4171 etne
3169 4117 3459 4190 despexeris
3475 4122 3561 4178 de-

1946 4209 2305 4279 precationem
2324 4224 2515 4272 meam,
2544 4223 2658 4279 qua
2689 4222 2791 4260 oro
2815 4222 2888 4259 ne
2901 4205 3200 4277 permittas
3229 4223 3323 4263 me
3350 4208 3410 4264 in
3436 4228 3561 4283 pas-

1952 4295 2113 4351 sione
2146 4295 2407 4350 deﬁcere.
2444 4294 2620 4349 Orare
2652 4292 2885 4365 praprie
2910 4292 3176 4361 dicimur,
3213 4296 3446 4367 quando
3486 4298 3560 4354 ad

1951 4385 2060 4438 hoc
2088 4398 2417 4454 precamur,
2446 4385 2510 4436 ut
2539 4381 2757 4453 aliquid
2786 4396 3229 4457 consequamur,
3260 4383 3558 4455 deprecari

1952 4488 2086 4526 vero
2116 4470 2350 4542 quando
2386 4470 2457 4525 ad
2484 4470 2612 4536 hoc,
2649 4472 2710 4523 ut
2736 4468 2953 4539 aliquid
3000 4469 3357 4525 incommodi
3386 4489 3557 4543 prece

1954 4563 2149 4614 nostra
2170 4575 2203 4613 a
2234 4557 2399 4613 nobis
2431 4558 2803 4628 depellamus.
2833 4554 3053 4608 Intende
3076 4557 3232 4623 mihi,
3258 4557 3315 4611 id
3345 4563 3449 4627 est,
3483 4561 3557 4616 da

1954 4647 2095 4701 mihi
2121 4644 2507 4699 intentionem
2533 4641 2973 4715 perseverantiae
3006 4641 3064 4695 in
3084 4641 3402 4712 virtutibus,
3426 4647 3555 4702 etin

1954 4735 2107 4790 bono
2127 4732 2421 4806 proposito
2443 4732 2664 4796 meo,ut
2675 4732 2732 4784 te
2748 4729 2962 4783 scilicet
2980 4729 3205 4785 assidue
3224 4732 3453 4787 laudem
3479 4734 3556 4788 Et

1954 4823 2063 4877 hoc
2086 4822 2283 4888 modo,
2305 4820 2570 4890 inquam,
2585 4818 2783 4872 exaudi
2794 4835 2898 4885 me,
2913 4818 3104 4873 dando
3118 4818 3256 4872 mihi
3286 4819 3557 4877 intentio-

1955 4928 2112 4966 nem.
2143 4910 2258 4964 Hoc
2297 4910 2491 4962 autem
2529 4906 2690 4960 addit
2731 4922 2799 4960 ex
2841 4905 3064 4977 ingenti
3117 4906 3438 4974 affectione,
3466 4911 3555 4965 vel

1955 4999 2090 5072 quia
2116 4998 2174 5052 in
2205 4994 2647 5070 passionelabor
2669 4992 3067 5060 maximusest,
3090 5010 3190 5047 seu
3215 4992 3273 5047 in
3301 4995 3556 5065 qualibet

1954 5083 2380 5150 exercitatione,
2408 5081 2643 5155 ponitur
2669 5081 2996 5136 exercitatio
3010 5097 3112 5154 pro
3127 5081 3411 5152 passione,
3426 5084 3554 5141 dico

1951 5174 2161 5229 exaudi.
2195 5174 2263 5227 Et
2291 5172 2536 5244 dignum
2552 5173 2637 5224 est
2665 5182 2678 5224 :
2713 5186 2849 5223 nam
2876 5169 2920 5222 si
2950 5170 3003 5221 in
3021 5172 3391 5226 exercitatione
3414 5182 3552 5242 mea',

1954 5262 2011 5317 id
2043 5264 2129 5316 est
2156 5261 2214 5315 in
2246 5259 2509 5332 passione
2539 5259 2883 5312 contristatus
2912 5273 3047 5324 sum,
3075 5256 3135 5310 id
3152 5260 3236 5311 est
3250 5260 3551 5317 contrista-

1956 5351 2063 5405 bor
2090 5365 2193 5420 pro
2244 5346 2473 5412 Iudaeis,
2530 5344 2665 5416 quia
2701 5342 2977 5398 doctrinae
3031 5360 3177 5398 mea:
3228 5346 3433 5399 nolunt
3462 5366 3553 5404 ac-

1960 5437 2247 5509 quiescere
2279 5450 2343 5488 ac
2375 5433 2420 5486 si
2451 5432 2605 5486 dicat
2636 5449 2649 5486 :
2682 5431 2815 5485 Ideo
2843 5430 3048 5501 dignus
3064 5448 3188 5484 sum
3213 5434 3273 5485 ut
3293 5435 3559 5492 exaudiat

1959 5515 2100 5599 quia
2128 5539 2229 5594 pro
2251 5525 2311 5576 te
2344 5537 2445 5577 ero
2477 5519 2537 5575 in
2565 5518 2973 5575 exercitatione
3003 5519 3301 5589 passionis,
3329 5525 3388 5576 et
3413 5524 3558 5583 adeo

1968 5614 2125 5689 prius
2145 5628 2265 5680 ero,
2296 5609 2451 5685 quod
2479 5610 2550 5668 de
2578 5608 2949 5668 inimicorum
2974 5607 3359 5671 obstinatione
3375 5611 3560 5679 inore.
