4008 6030
487 359 590 432 87b

1098 368 1159 431 s.
1199 368 1546 431 nauaoms
1584 366 2217 430 CARTHUSIANORUM
2251 362 2720 432 INSTITUTORIS
2760 369 2915 431 ore.
2946 321 3187 431 pias!

3694 366 3810 433 880

489 497 743 558 dulitatis
790 499 1194 557 contristabor.
1227 499 1418 557 Passio
1467 499 1703 574 quidem
1756 499 2085 556 exercitatio
2106 504 2161 563 Α
2186 501 2320 556 mihi
2332 517 2557 573 pennas,
2579 503 2714 557 sicut
2732 500 3005 569 columba,
3044 506 3090 557 et
3125 499 3309 557 volabo
3348 505 3397 556 et
3431 498 3751 574 requiescam
3777 498 3809 555 ?

489 588 698 645 dicitur
723 606 827 662 per
850 589 1307 657 similitudinem,
1338 607 1405 645 eo
1438 590 1591 662 quod
1622 589 1766 644 sicut
1804 606 1906 661 per
1935 606 2090 644 exer-

487 677 818 733 citationem
834 678 1044 732 artium
1066 680 1424 733 saecularium
1444 679 1774 751 pervenitur
1788 678 1858 732 ad
1882 678 2088 733 divinae

488 766 716 838 pagina:
742 766 1028 833 notitiam,
1074 767 1151 821 ita
1197 770 1255 821 et
1306 783 1410 837 per
1452 767 1777 838 passionem
1830 767 2088 836 pervenit

489 854 744 910 Christus
773 856 845 909 ad
879 855 1330 910 immortalitatis
1360 855 1797 921 sublimitatem,
1847 855 1933 907 vel
1988 855 2085 912 sic.

484 940 553 995 In
582 946 952 999 exercitatione
978 944 1253 998 doctrinm
1286 960 1452 1009 meae,
1479 943 1537 997 id
1568 946 1653 997 est
1682 943 1737 996 in
1768 958 2090 1013 persevera-

486 1030 642 1085 tione
665 1031 939 1086 doctrinae
974 1049 1140 1097 meas,
1162 1033 1499 1085 contristatus
1519 1049 1634 1085 sum
1655 1032 1725 1085 de
1756 1031 2087 1086 Judmorum

486 1120 890 1176 obstinatione.
923 1122 1161 1176 Ostenso
1192 1121 1402 1176 merito
1434 1136 1548 1192 quo
1574 1121 1781 1175 debeat
1811 1120 2084 1189 exaudiri,

486 1210 796 1279 praetendit
836 1210 1256 1276 necessitatem,
1304 1209 1420 1263 sic:
1456 1209 1590 1276 Oro,
1625 1209 1836 1275 exaudi,
1888 1212 1945 1263 et
1984 1225 2086 1264 ne-

484 1311 637 1352 cesse
668 1301 771 1352 est.
803 1298 949 1352 Nam
1007 1298 1353 1351 conturbatus
1404 1314 1519 1350 sum
1558 1315 1590 1350 a
1622 1314 1742 1351 voce
1772 1299 1993 1363 inimici,
2028 1297 2088 1352 id

483 1388 569 1440 est
588 1386 806 1441 Iudaici
838 1386 1054 1459 populi,
1078 1394 1127 1440 et
1156 1405 1187 1440 a
1221 1386 1568 1441 tribulatione
1608 1388 1901 1455 peccatoris
1944 1385 2089 1456 ejus-

484 1474 617 1529 dem
638 1475 1072 1546 p0puli,scilicet
1091 1474 1548 1529 antonomastice
1564 1473 1906 1545 peccatoris;
1932 1477 2087 1546 quod

484 1565 570 1617 est
589 1563 1418 1618 dicere:Contristabortimore
1432 1566 1750 1633 spontaneo
1769 1564 2085 1620 secundum

484 1667 741 1705 carnem.
774 1651 878 1716 Qui
912 1651 1088 1706 timor
1130 1652 1428 1722 continget
1469 1669 1502 1705 a
1545 1668 1665 1705 voce
1712 1654 1965 1707 minantis
1988 1654 2082 1707 Ju-

485 1738 631 1793 daici
659 1739 875 1810 populi,
894 1740 953 1794 id
969 1742 1053 1793 est
1071 1739 1205 1811 quia
1226 1738 1540 1794 minabitur
1557 1739 1699 1794 mihi
1725 1741 2086 1809 mortem,di-

2187 591 2338 645 Istud
2368 592 2471 645 sub
2500 591 2956 661 interrogatione
2986 591 3259 663 positum,
3278 592 3462 646 oratio
3477 593 3583 658 est,
3606 590 3706 645 sed
3730 605 3801 645 ex

2189 679 2488 734 atl'cctione
2521 679 2702 734 nimia
2734 680 3145 751 interrogative
3198 679 3385 751 ponit.
3433 679 3609 748 Maius
3640 678 3803 733 enim

2188 768 2414 840 pondus
2446 768 2764 822 affectionis
2790 769 2930 823 tales
2950 767 3437 838 interrogationes
3467 767 3680 821 habere
3704 782 3800 821 so-

2190 856 2328 909 lent.
2369 857 2446 909 Ac
2477 856 2522 910 si
2554 856 2773 910 diceret
2805 873 2817 910 :
2854 855 2897 910 Ο
2931 858 3097 922 Deus,
3145 854 3289 909 mihi
3347 854 3611 909 existentl
3654 853 3804 909 sicut

2189 944 2491 1010 columbm,
2520 944 2577 999 id
2611 949 2695 999 est
2724 960 2924 998 revera
2953 944 3259 999 columbae.
3291 945 3375 997 Ita
3423 943 3635 997 scilicet
3665 944 3805 998 sim—

2188 1032 2320 1104 plici
2354 1037 2417 1086 ut
2450 1036 2536 1086 est
2564 1034 2860 1100 columba,
2893 1037 2950 1088 et
2979 1032 3102 1087 sine
3141 1033 3272 1087 felle
3318 1031 3417 1087 iraa
3452 1036 3515 1100 et
3562 1033 3703 1099 odii,
3739 1035 3804 1089 et.

2176 1137 2388 1202 .amore
2424 1122 2717 1176 charitatis
2738 1123 2908 1193 pleno
2931 1122 3004 1176 ad
3033 1120 3468 1176 similitudinem
3501 1122 3805 1176 columba-

2186 1225 2314 1264 rum
2326 1251 2339 1276 ,
2356 1226 2481 1280 quae
2495 1226 2561 1266 ex
2584 1210 2888 1265 dilectione
2902 1210 3007 1264 sibi
3030 1210 3275 1264 invicem
3292 1212 3483 1264 oscula
3505 1210 3799 1282 praebent,

2190 1297 2263 1352 da
2287 1313 2526 1368 pennas,
2554 1297 2612 1352 id
2640 1301 2724 1352 est
2741 1298 3059 1370 agilitatem
3090 1297 3451 1369 resurgendi,
3476 1300 3672 1353 utnon
3689 1297 3804 1352 dif-

2187 1384 2406 1439 feratur
2433 1386 2776 1441 resurrectio
2806 1402 2938 1440 mea
2968 1402 3146 1457 usque
3204 1385 3264 1439 in
3307 1386 3798 1441 resurrectionem

2187 1489 2579 1529 communem.
2624 1474 2737 1529 Sed
2766 1476 2878 1529 cito
2914 1475 3003 1529 fac
3037 1490 3131 1530 me
3173 1491 3492 1547 resurgere,
3516 1478 3645 1547 post
3674 1479 3798 1530 tres

2186 1561 2307 1616 dies
2342 1562 2573 1618 scilicet.
2603 1564 2821 1618 Pennas
2852 1581 2958 1636 pro
2989 1563 3247 1635 agilitate
3275 1563 3459 1635 ponit,
3490 1563 3627 1635 quia
3654 1572 3801 1635 pen—

2185 1654 2335 1705 nata:
2366 1652 2622 1707 volucres
2672 1652 2848 1725 agiles
2893 1655 3043 1708 sunt.
3088 1654 3156 1707 Et
3203 1656 3508 1724 postquam
3564 1652 3800 1708 dederis

2184 1754 2405 1809 pennas
2427 1740 2631 1808 volabo,
2680 1740 2737 1795 id
2782 1744 2886 1807 est,
2936 1739 3206 1795 citissime
3231 1741 3327 1795 ibo
3354 1740 3427 1795 ad
3454 1743 3659 1811 gentes
3690 1755 3801 1812 per

482 1826 666 1881 cendo
689 1843 701 1881 :
724 1826 1087 1899 Cruciﬁge,et
1108 1846 1139 1881 a
1159 1828 1498 1882 tribulatione
1502 1830 1811 1898 peccatoris,
1836 1829 1969 1900 quia
1986 1830 2087 1883 sci-
2107 1822 2158 1881 B
2186 1828 2590 1900 praedicatores
2646 1846 2827 1896 meos,
2862 1845 2980 1884 non
3034 1829 3291 1884 localiter
3324 1846 3337 1883 :
3370 1830 3469 1884 sed
3512 1830 3626 1884 fide
3658 1830 3800 1902 quia

481 1915 616 1970 licet
644 1915 785 1969 mihi
817 1916 1248 1971 tribulationem
1264 1916 1491 1982 inferet,
1507 1916 1809 1987 capiendo,
1826 1921 1885 1971 ut
1909 1919 2083 1972 latro-

483 2020 619 2058 nem
635 2005 920 2074 ducendo,
937 2008 1306 2079 conspuendo
1334 2009 1391 2061 et
1405 2006 1738 2061 verberibus
1748 2006 2081 2078 afﬂigendo.

552 2094 798 2166 Exponit
827 2098 1021 2150 autem
1044 2111 1145 2149 cur
1169 2113 1201 2151 a
1232 2112 1366 2150 voce
1397 2095 1629 2150 illorum
1651 2096 2086 2150 conturbabitur

479 2183 559 2239 sic
576 2184 653 2239 :A
679 2201 799 2238 voce
813 2200 1015 2239 eorum
1036 2185 1164 2239 ideo
1182 2186 1591 2240 conturbabor.
1615 2184 1878 2251 Quoniam
1892 2186 2086 2256 iniqui-

479 2278 608 2328 tates
628 2290 769 2345 quas
814 2273 1031 2327 habent
1066 2273 1477 2341 declinaverunt,
1507 2273 1563 2327 id
1594 2277 1679 2327 est
1712 2273 2084 2328 declinabunt

476 2378 511 2415 a
535 2378 595 2416 se
625 2364 682 2417 in
712 2378 815 2429 me,
848 2364 910 2416 ut
944 2362 1022 2416 sic
1062 2379 1157 2417 me
1199 2362 1420 2433 possint
1467 2362 1809 2428 interficere,
1859 2366 1919 2418 ut
1948 2380 2079 2419 cum

473 2447 582 2519 ipsi
606 2451 934 2505 seductores
960 2449 1074 2504 sint
1090 2453 1147 2504 et
1160 2450 1501 2520 blasphemi,
1516 2466 1610 2504 me
1633 2450 1993 2505 seductorem
2018 2454 2077 2507 et

471 2536 873 2610 blasphemum
889 2554 1008 2593 esse
1028 2538 1572 2593 mentiantur.Unde
1585 2539 1818 2609 legitur:
1844 2540 2074 2595 «Sinon

471 2628 620 2680 esset
648 2624 738 2681 hic
772 2626 1130 2692 malefactor,
1165 2642 1283 2681 non
1324 2625 1425 2681 tibi
1470 2627 1901 2682 tradidissemus
1940 2644 2073 2683 eum

470 2712 654 2781 (Joan.
685 2731 848 2783 xvm;
876 2714 1058 2770 Marc.
1090 2713 1171 2784 ιι).
1223 2735 1252 2763 ››
1285 2716 1352 2768 Et
1386 2714 1519 2770 alibi
1550 2732 1563 2770 :
1599 2734 1630 2767 ς
1677 2716 1775 2770 Hic
1813 2717 2075 2789 blasphe-

466 2807 590 2858 mat
619 2802 845 2876 (Matth.
879 2820 1037 2872 xxvx;
1069 2804 1233 2858 Joan.
1256 2803 1331 2871 x).
1368 2823 1395 2853 »
1432 2804 1499 2858 Et
1522 2821 1555 2858 a
1581 2804 1952 2860 tribulatione
1996 2807 2069 2861 ti-

463 2892 657 2959 mebo,
678 2892 807 2947 ideo
826 2892 959 2964 quia
983 2892 1190 2948 molesti
1208 2897 1360 2947 erant
1384 2893 1536 2959 mihi,
1565 2892 1624 2947 id
1668 2896 1753 2948 est
1781 2894 2067 2965 praevideo

463 2982 620 3053 quod
640 2981 946 3037 molestam
971 2979 1401 3036 tribulationem
1425 2981 1848 3037 mihiinferent.
1868 2984 1935 3037 Et
1949 3001 2066 3039 non

2184 1918 2241 1972 in
2276 1935 2371 1972 me
2398 1919 2612 1973 scilicet
2639 1919 2898 1985 credent,
2949 1925 2999 1972 et
3024 1922 3346 1990 requiescam
3380 1919 3440 1973 in
3468 1918 3570 1987 eis,
3601 1918 3659 1973 id
3707 1922 3798 1973 est

2185 2005 2583 2062 delectaborin
2602 2023 2805 2061 eorum
2829 2006 2962 2060 ﬁde.
2980 2006 3463 2078 Quandoquidem
3488 2006 3671 2062 Judaei
3696 2023 3795 2062 me

2183 2098 2490 2166 repellunt,
2519 2096 2677 2151 dico:
2702 2098 2781 2151 Da
2794 2097 3153 2166 mihipennas.
3182 2097 3326 2151 Nam
3354 2095 3497 2151 mihi
3526 2096 3670 2151 sicut
3698 2111 3795 2151 co-

2182 2183 2396 2240 lumbae
2416 2185 2699 2251 existenti,
2730 2185 2943 2240 scilicet
2972 2184 3115 2238 mihi
3146 2188 3379 2238 carente
3407 2184 3540 2240 felle
3566 2183 3793 2238 amari-

2180 2273 2414 2341 tudinis,
2449 2275 2522 2329 ad
2550 2275 2790 2330 modum
2823 2273 3133 2339 columbae;
3164 2276 3283 2345 quis
3313 2273 3455 2327 alius
3482 2272 3630 2328 dabit
3647 2290 3790 2345 pen-

2179 2378 2273 2415 nas
2298 2370 2346 2416 et
2372 2363 2555 2417 volabo
2578 2370 2629 2416 et
2650 2364 2968 2434 requiescam
2994 2363 3022 2415 ?
3051 2362 3269 2429 Nullus,
3300 2361 3408 2416 nisi
3438 2368 3494 2415 tu
3544 2362 3783 2419 scilicet.

2180 2451 2325 2515 Quia
2351 2453 2588 2507 dixerat.
2622 2451 2752 2519 Quis
2792 2451 2958 2518 dabit,
2990 2454 3124 2519 etc.,
3154 2468 3227 2505 ne
3257 2452 3548 2506 videretur
3575 2452 3687 2507 hoc
3717 2467 3787 2507 ex

2176 2538 2580 2595 incertitudine
2613 2540 2690 2595 sic
2716 2540 2990 2613 posuisse,
3022 2540 3432 2611 apostropham
3461 2540 3536 2595 ad
3564 2540 3788 2597 audito-

2176 2643 2266 2682 res
2287 2628 2523 2695 faciens,
2553 2646 2610 2683 se
2648 2630 2783 2684 inde
2814 2633 3036 2683 certum
3097 2644 3218 2683 esse
3262 2628 3532 2693 ostendit,
3566 2629 3781 2700 praedi-

2173 2731 2307 2770 cens
2338 2717 2492 2789 quod
2520 2718 2734 2772 volabit
2763 2717 2859 2772 sic.
2900 2716 3023 2772 Dixi
3056 2732 3068 2771 :
3105 2715 3235 2783 Quis
3262 2716 3430 2783 dabit,
3460 2719 3570 2771 etc.
3607 2716 3781 2787 Cujus

2171 2805 2253 2859 rei
2289 2810 2484 2861 tamen
2514 2807 2760 2861 minime
2806 2823 2934 2860 sum
2980 2806 3248 2860 incertus.
3296 2806 3439 2859 Nam
3472 2804 3588 2860 scio
3619 2806 3780 2877 quod

2169 2910 2299 2962 ecce,
2328 2895 2387 2949 id
2419 2898 2503 2949 est
2524 2895 2581 2949 in
2606 2894 2893 2966 praesenti,
2925 2894 3187 2964 elongavi,
3222 2894 3279 2949 id
3311 2896 3394 2948 est
3423 2894 3709 2965 elongabo
3742 2911 3780 2950 a

2167 2981 2374 3038 Judaeis
2400 2985 2631 3054 fugiens,
2667 2984 2723 3038 id
2754 2987 2839 3039 est
2866 2985 3095 3038 coactus
3146 2982 3216 3037 ab
3248 2982 3349 3049 eis,
3379 2982 3515 3053 quia
3546 2999 3641 3037 me
3676 3000 3777 3038 re-

392 3074 399 3077 “
459 3072 699 3141 propter
728 3069 937 3125 merita
961 3086 1113 3137 mea,
1144 3070 1245 3125 sed
1273 3070 1334 3124 in
1365 3072 1467 3137 ira,
1494 3069 1553 3124 id
1575 3074 1662 3143 est
1688 3075 1928 3143 propter
1954 3072 2064 3128 im-
2096 3102 2143 3163 Ο
2164 3071 2834 3143 spuunt,asimilitudine
2848 3069 3142 3142 fugientis,
3167 3068 3262 3140 qui
3296 3072 3524 3124 coactus
3549 3069 3619 3123 de
3641 3070 3777 3125 loco

460 3158 739 3229 pietatem
794 3158 1209 3214 irrationabilis
1257 3158 1357 3213 iraa
1410 3176 1547 3214 sum.
1592 3159 1736 3223 Quia
1760 3160 1980 3216 dixerat
2004 3179 2063 3217 se
2104 3156 2143 3163 “
2166 3160 2362 3233 aliquo
2398 3160 2660 3215 discedit.
2709 3159 2788 3215 Et
2819 3161 2947 3232 post
2978 3160 3155 3212 mansi
3181 3160 3236 3210 in
3265 3157 3565 3224 solitudine,
3592 3156 3651 3212 id
3681 3161 3775 3213 est

458 3247 928 3302 conturbandum
959 3264 1102 3314 esse,
1133 3263 1206 3302 ne
1236 3249 1535 3319 putaretur
1556 3264 1673 3302 non
1704 3251 1928 3319 sponte,
1961 3250 2062 3304 sed
2162 3248 2222 3303 in
2255 3251 2539 3304 aeternum
2559 3249 2809 3302 manebo
2826 3246 2884 3300 in
2900 3246 3185 3318 gentibus,
3213 3245 3596 3316 quaesolitudo
3616 3245 3775 3300 dice-

457 3332 633 3388 invite
664 3332 1095 3388 conturbandus
1121 3349 1262 3400 esse,
1287 3333 1571 3404 repetitse
1596 3335 2059 3390 conturbandum
2161 3338 2392 3403 bantur,
2425 3353 2492 3392 eo
2526 3337 2680 3408 quod
2707 3336 2947 3390 desertae
2981 3337 3147 3389 erant
3198 3336 3255 3386 et
3299 3333 3371 3387 ab
3402 3332 3564 3388 omni
3589 3349 3771 3403 opere

456 3436 598 3488 esse,
631 3423 695 3475 ut
729 3419 1084 3475 determinet
1109 3420 1188 3475 sic
1222 3436 1235 3475 :
1268 3420 1389 3476 Dixi
1415 3438 1428 3475 :
1464 3421 1865 3478 Conturbabor
1884 3441 1915 3477 a
1939 3441 2060 3479 voce
2158 3425 2312 3480 bono
2341 3428 2400 3479 et
2422 3425 2650 3490 virtute,
2683 3426 2944 3478 carentes
2971 3421 3250 3476 doctrina:
3277 3437 3431 3488 rore,
3449 3438 3482 3476 a
3500 3420 3769 3477 similitu-

454 3514 552 3561 eta
578 3508 941 3574 tribulatione,
968 3510 1025 3562 et
1054 3506 1134 3562 sic
1159 3506 1268 3562 erit
1293 3523 1307 3563 :
1343 3508 1476 3580 quia
1504 3525 1594 3563 cor
1635 3526 1813 3563 meum
1842 3518 2056 3564 contur-
2158 3512 2295 3567 dine
2325 3512 2669 3578 solitudinis,
2691 3510 2749 3566 id
2778 3513 2864 3565 est
2886 3510 3125 3564 deserta:
3140 3512 3327 3576 terrae,
3348 3526 3475 3581 quas
3499 3508 3768 3564 omnium

456 3597 636 3650 batum
666 3598 759 3664 est,
790 3595 849 3651 id
879 3598 961 3650 est
992 3594 1189 3650 anima
1220 3612 1352 3651 mea
1381 3596 1818 3652 conturbabitur
1846 3598 2056 3655 timore
2156 3602 2447 3657 bonorum
2479 3600 2776 3656 fertilitate
2802 3602 2959 3653 caret
2986 3615 3001 3665 ;
3030 3599 3118 3652 vel
3148 3597 3227 3651 sic
3254 3613 3268 3652 :
3297 3596 3430 3664 Quis
3455 3597 3605 3652 dabit
3630 3598 3775 3650 mihi

452 3683 603 3739 vocis
634 3686 693 3738 et
728 3682 1133 3738 tribulationis.
1186 3684 1255 3738 Et
1302 3684 1424 3739 haec
1474 3685 1835 3741 contunbatio
1866 3687 1975 3741 erit
2002 3689 2058 3741 in
2145 3709 2372 3763 pennas,
2406 3690 2465 3745 id
2497 3692 2582 3743 est
2626 3687 2944 3759 agilitatem
2976 3684 3336 3756 resurgendi,
3368 3690 3419 3739 et
3462 3685 3665 3751 volabo,
3700 3685 3765 3741 id

452 3789 554 3839 me,
586 3771 646 3828 id
671 3773 759 3827 est
789 3770 848 3825 in
878 3787 1008 3826 meo
1032 3771 1183 3842 jure.
1213 3771 1377 3836 Quod
1406 3775 1492 3827 est
1521 3772 1709 3829 dicere
1744 3791 1757 3828 :
1798 3775 2055 3831 Potesta-
2156 3784 2240 3834 est
2269 3779 2535 3834 citissime
2568 3776 2806 3831 tendam
2830 3773 3403 3830 inimmortalitatem
3417 3775 3474 3827 et
3500 3772 3764 3843 impassi-

450 3863 571 3916 tem
594 3861 780 3916 habeo
807 3860 1192 3917 conturbandi
1219 3863 1277 3915 et
1309 3878 1425 3917 non
1457 3862 1857 3917 conturbandi.
1903 3866 1981 3917 Ac.
2010 3863 2057 3919 si
2156 3868 2458 3935 bilitatem;
2488 3871 2536 3922 et
2557 3866 2897 3937 requiescam,
2931 3862 2989 3917 id
3026 3866 3111 3917 est
3158 3861 3507 3929 delectabor,
3532 3860 3628 3933 qui
3668 3862 3771 3919 hic

452 3949 604 4005 dicat
635 3966 648 4003 :
684 3948 902 4020 Sponte
933 3965 1066 4004 mea
1090 3949 1499 4004 conturbabor.
1534 3950 1658 4003 Non
1696 3951 1882 4004 solum
1918 3967 2054 4006 vero
2155 3955 2349 4009 multis
2378 3953 2759 4009 anxietatibus
2786 3949 3035 4020 afﬂigor.
3074 3949 3152 4003 Ac
3199 3947 3245 4001 si
3278 3947 3431 4002 dicat
3463 3963 3477 4001 :
3509 3947 3599 4001 Da
3628 3948 3771 4003 mihi

449 4037 667 4093 timebo
696 4039 934 4108 propter
959 4053 1158 4092 vocem
1189 4040 1247 4091 et
1275 4037 1729 4104 tribulationem,
1752 4038 1852 4092 sed
1881 4046 1930 4092 et
1944 4039 2056 4108 [ον-ι
2143 4060 2369 4114 pennas,
2402 4048 2452 4098 et
2480 4041 2663 4096 volabo
2692 4045 2741 4095 et
2781 4039 3124 4110 requiescam.
3164 4036 3307 4090 Nam
3339 4037 3457 4106 quis
3489 4035 3633 4090 alius
3657 4036 3759 4090 da-

447 4126 590 4180 mido
617 4128 802 4180 mortis
830 4125 1014 4179 cecidit
1040 4140 1195 4194 super
1221 4141 1325 4191 me,
1358 4125 1416 4178 id
1447 4128 1532 4179 est
1560 4126 1858 4197 continget
1886 4127 2049 4181 mihi.

451 4215 592 4269 Cum
618 4214 757 4268 dicit
784 4212 949 4267 cadet
971 4230 1126 4284 super
1153 4228 1254 4278 me,
1290 4212 1480 4267 innuit
1522 4214 1677 4284 quod
1718 4215 2053 4285 gravissima

451 4301 560 4356 erit
589 4302 687 4356 illa
713 4299 986 4366 formido,
1022 4300 1165 4355 adeo
1198 4302 1260 4354 ut
1281 4300 1443 4355 illum
1464 4301 1841 4356 vehementer
1856 4304 2052 4375 Oppri-

449 4393 601 4458 mat;
632 4406 666 4444 a
712 4388 1086 4443 similitudine
1112 4389 1195 4443 rei
1247 4390 1606 4461 ponderosas,
1640 4407 1767 4461 quae
1796 4390 1841 4445 si
1879 4409 2051 4463 super

448 4478 699 4551 aliquem
727 4478 1017 4547 ceciderit,
1052 4478 1227 4533 nimis
1258 4495 1392 4532 eum
1425 4479 1723 4550 opprimit.

520 4566 782 4623 Ostendit
812 4568 1005 4621 autem
1030 4566 1197 4621 istam
1210 4566 1588 4621 formidinem
1614 4584 1718 4638 per
1736 4572 1927 4638 partes
1949 4569 2044 4625 sic:

448 4653 592 4708 Vere
612 4652 862 4709 formido
894 4654 1060 4708 cadet
1083 4671 1242 4725 super
1266 4672 1366 4721 me,
1383 4658 1569 4709 etnon
1582 4654 1819 4727 simplex
1844 4657 2047 4712 formi-

447 4742 544 4810 do,
568 4742 666 4797 sed
679 4759 837 4813 super
855 4758 933 4795 me
961 4749 1234 4809 venerunt,
1267 4743 1324 4797 id
1357 4746 1440 4797 est
1470 4742 1544 4797 ad
1571 4744 1685 4798 mei
1726 4747 2047 4816 oppressio-

446 4846 583 4885 nem
608 4828 841 4884 venient
870 4829 928 4883 in
960 4846 1074 4895 me,
1102 4830 1333 4884 timorin
1349 4830 1626 4899 anima,et
1650 4833 1914 4886 tremorin
1929 4850 2049 4888 cor-

445 4934 608 4989 pore,
632 4924 820 4972 etnon
844 4917 956 4971 erit
982 4917 1170 4971 inanis
1195 4917 1373 4973 timor
1394 4918 1519 4985 iste,
1544 4936 1680 4973 nam
1706 4926 2049 4977 contexerant

442 5024 526 5061 me
544 5005 785 5073 tenebrae,
815 5006 873 5061 id
905 5009 1084 5061 estex
1131 5008 1253 5060 toto
1310 5007 1609 5079 occupabit
1656 5024 1814 5063 mors
1842 5025 2047 5079 corpus

445 5111 664 5168 meum,
691 5096 1001 5164 contegere
1028 5092 1626 5165 ponitasimilitudine
1639 5095 1743 5162 rei,
1770 5112 1896 5168 quas
1912 5113 2044 5151 cum

440 5163 787 5251 cbntegitur,
823 5163 1052 5251 penitus
1084 5197 1117 5235 a
1144 5197 1207 5235 re
1228 5182 1680 5253 quacontegitur
1711 5163 2038 5254 occupatur.

643 5270 788 5324 Mors
810 5267 1018 5323 dicitur
1042 5268 1319 5336 tenebrae,
1352 5285 1420 5324 eo
1453 5270 1608 5341 quod
1639 5272 2042 5342 oculoscorpo-

434 5359 583 5411 rales
608 5357 943 5412 tenebrosos
969 5355 1317 5411 faciat.'Dico
1340 5357 1474 5427 quia
1487 5357 1857 5411 declinabunt
1878 5360 1933 5411 in
1958 5377 2040 5411 me

432 5447 735 5517 iniquitates
766 5443 1027 5498 etmolesti
1052 5447 1227 5498 erunt
1259 5446 1315 5497 in
1342 5447 1425 5497 ira
1465 5461 1477 5497 :
1516 5447 1574 5498 et
1611 5444 2037 5501 contristabunt

2155 4132 2234 4187 bit
2260 4131 2368 4185 nisi
2397 4134 2459 4185 tu
2488 4130 2515 4184 ?
2546 4130 2741 4184 Nullus
2766 4126 2998 4182 scilicet.
3033 4124 3208 4195 Hujus
3232 4123 3409 4177 etiam
3449 4124 3532 4177 rei
3565 4128 3764 4179 osten-

2152 4220 2235 4275 dit
2272 4236 2330 4274 se
2359 4221 2581 4273 certum
2613 4233 2757 4282 esse,
2790 4214 2935 4269 sicut
2969 4212 3103 4268 etin
3131 4210 3424 4266 sententia
3449 4212 3757 4285 superiori,

2148 4308 2246 4363 sic.
2282 4306 2550 4373 Quamvis
2572 4304 2834 4370 dixerim,
2869 4302 3004 4369 Quis
3051 4300 3200 4355 dabit
3225 4304 3273 4355 et
3304 4300 3511 4367 volabo,
3556 4304 3756 4357 tamen

2148 4412 2265 4451 non
2306 4413 2431 4450 sum
2461 4394 2697 4465 hujusce
2727 4391 2810 4447 rei
2860 4391 3130 4445 incertus.
3167 4388 3311 4441 Nam
3355 4404 3585 4443 securus
3623 4405 3752 4445 sum

2149 4484 2283 4557 quia
2308 4500 2420 4538 ecce
2450 4483 2508 4537 in
2543 4480 2810 4552 prensanti
2844 4478 3130 4548 elongabo
3162 4491 3196 4528 a
3227 4478 3413 4531 morte
3432 4476 3666 4545 fugiens,
3686 4475 3748 4532 id

2150 4575 2233 4627 est
2257 4573 2400 4626 citus
2410 4572 2481 4625 ad
2498 4570 2737 4624 modum
2755 4566 3057 4638 fugientis:
3076 4568 3135 4619 et
3151 4563 3400 4619 manebo
3418 4564 3757 4635 perenniter

2150 4662 2205 4712 in
2224 4660 2522 4724 solitudine,
2548 4658 2604 4711 id
2627 4659 2711 4710 est
2737 4656 2797 4709 iu
2818 4653 3073 4708 solitaria
3098 4650 3479 4706 beatitudine.
3517 4652 3585 4705 Et
3613 4668 3757 4706 vere

2147 4747 2482 4801 solitudoest
2496 4744 2792 4799 beatitudo
2806 4743 2856 4813 ej
2867 4741 3101 4795 us.Cum
3119 4739 3190 4793 ad
3209 4742 3435 4793 tantum
3451 4738 3758 4793 beatitudi-

2148 4834 2237 4889 nis
2269 4850 2441 4889 nemo
2465 4835 2674 4905 praeter
2700 4847 2832 4884 eum
2856 4830 3041 4883 solum
3066 4826 3611 4900 pervenerit,neque
3628 4842 3755 4899 per-

2146 4926 2418 4977 venturus
2447 4920 2535 4975 sit.
2562 4919 2798 4973 Licetad
2823 4920 3192 4972 haucomaes
3204 4914 3403 4968 fideles
3418 4913 3751 4985 perventuri

2145 5010 2274 5065 sint.
2311 5009 2619 5074 Quoniam.
2652 5011 2845 5062 autem
2866 5005 3121 5059 dixerat:
3141 5001 3271 5069 Quis
3295 5002 3464 5067 dabit,
3491 5017 3563 5055 ne
3582 5006 3748 5071 puta-

2145 5102 2304 5152 retur
2330 5098 2601 5168 ignorare
2634 5095 2821 5168 ipsum
2849 5093 3138 5156 datorem,
3176 5090 3338 5144 addit
3366 5106 3383 5142 :
3408 5089 3530 5143 Dixi
3560 5128 3574 5142 .
3619 5089 3749 5155 Quis

2141 5185 2311 5253 dabit,
2336 5201 2368 5240 o
2390 5184 2700 5250 auditores,
2721 5184 2779 5237 et
2797 5185 2991 5235 tamen
3014 5195 3130 5233 non
3146 5176 3348 5249 ignoro
3376 5177 3562 5247 ipsum
3580 5177 3744 5232 dato-

2138 5288 2265 5327 rem
2298 5286 2623 5345 pennarum
2657 5286 2671 5324 :
2706 5268 2807 5323 sed
2843 5264 3198 5336 exspectabam
3250 5280 3389 5330 eum,
3424 5264 3482 5319 id
3510 5268 3597 5318 est
3633 5280 3743 5335 ego

2139 5362 2286 5414 bene
2324 5374 2695 5430 cognoscens,
2730 5360 2789 5411 et
2817 5356 3081 5426 exspecto
3125 5354 3185 5406 et
3233 5351 3574 5422 exspectabo
3606 5367 3743 5407 eum

2133 5446 2567 5519 patienter,sine
2582 5461 2879 5499 murmure
2894 5442 2979 5496 vel
3003 5439 3196 5506 taedio,
3209 5438 3542 5510 quisalvum,
3565 5456 3647 5492 me
3663 5439 3744 5508 fe-

433 5549 526 5585 me
558 5530 808 5587 nolendo
850 5530 1126 5585 doctrinas
1159 5547 1303 5585 meae
1355 5530 1736 5603 acquiescere.
1788 5532 1865 5586 Et
1899 5537 2032 5589 tunc
2130 5538 2227 5601 cit,
2264 5530 2329 5589 id'
2355 5537 2439 5589 est
2463 5533 2657 5594 faciet,
2687 5550 2719 5585 a
2742 5529 3188 5602 pim‘llanimitate
3215 5528 3462 5596 spiritus,
3488 5525 3649 5581 idest
3666 5544 3742 5581 ne

430 5618 563 5687 dixi,
596 5619 653 5674 id
678 5620 763 5677 est
787 5634 799 5674 :
829 5616 1028 5675 Dicam
1055 5620 1113 5678 et
1140 5634 1279 5675 voce
1307 5619 1685 5679 etatiectione
1714 5621 1877 5691 :Quis
1900 5624 2057 5680 dabit

2139 5624 2395 5684 habeam
2424 5620 2850 5695 pusillanimem
2881 5613 3497 5692 spiritum,dcficiendo
3527 5614 3588 5672 in
3619 5630 3747 5688 pas-
