4004 6052
469 384 573 441 883

1073 380 1131 439 s.
1172 333 1517 439 Bnuuoms
1557 362 2187 437 CARTHUSIANORUM
2224 363 2693 433 msmUroms
2733 372 2888 432 app.
2928 370 3107 431 mas
3142 356 3166 429 ι

3670 370 3784 429 884

466 502 724 579 gendum
763 503 850 559 est
878 518 893 559 :
927 500 994 560 Si
1022 504 1264 559 inimicus
1298 500 1802 560 meusmuledicerct
1834 502 1985 569 mihi,
2018 502 2089 555 εἰ·
2107 527 2160 585 Α
2180 502 2268 556 ter
2290 499 2359 556 de
2391 498 2764 556 damnatione
2798 498 2855 554 in
2886 497 2977 554 die
2999 496 3201 569 judicii
3236 496 3447 565 futura,
3481 494 3560 551 sic
3585 511 3599 551 :
3628 494 3782 561 Dixi,

470 599 558 647 cut
586 598 642 646 tu
671 590 963 659 muledices,
994 594 1173 665 utique
1196 596 1524 648 sustinerem.
1557 591 1633 647 Et
1669 594 1719 646 si
1746 594 1794 647 is
1824 591 1919 663 qui
1967 589 2077 645 odit
2108 584 2159 585 ἡ
2170 591 2445 660 praecipita
2475 592 2532 643 et
2550 588 2742 643 divide.
2777 588 2845 642 Et
2870 603 2987 643 non
3027 588 3216 642 solum
3247 584 3681 659 praecipitentur
3725 587 3787 639 et

473 699 556 734 me
590 699 744 752 super
772 697 855 735 mc
883 698 1077 750 magna
1105 681 1423 752 loqueretur,
1469 699 1651 736 revera
1712 680 2079 733 absconderem

470 771 763 839 potentiam
791 786 961 822 meam
990 770 1055 822 ab
1069 786 1145 823 eo.
1166 771 1242 824 Tu
1256 786 1380 825 vero
1405 771 1651 842 populus
1670 766 2076 834 Judaicus,exi-

477 860 631 911 stens
659 857 832 923 homo,
861 857 921 911 id
946 860 1050 923 est,
1084 857 1350 912 animalis
1385 875 1501 912 non
1530 856 1858 929 spiritualis,
1884 857 2076 909 unani-

476 946 596 1011 mis,
617 943 677 998 id
705 948 807 1012 est,
840 944 1217 1000 amicissimus
1257 946 1398 1001 mihi
1423 945 1812 1011 simulatione,
1847 960 1966 998 non
1990 960 2076 1010 re,

476 1047 595 1087 non
625 1032 940 1087 secundum
998 1049 1243 1088 omnes:
1280 1033 1378 1088 sed
1439 1032 1753 1087 secundum
1800 1032 2080 1103 quosdam

477 1120 575 1191 qui
606 1119 801 1175 dolose
831 1120 944 1173 mei
974 1120 1426 1175 familiaritatem
1449 1124 1749 1193 appetunt,
1772 1123 1833 1173 ut
1858 1136 1952 1173 me
1988 1136 2078 1173 re-

477 1207 759 1277 darguere
782 1207 999 1279 possint
1032 1227 1044 1263 :
1072 1209 1182 1261 dux
1225 1226 1369 1262 meus
1417 1209 1730 1263 secundum
1782 1208 1908 1262 illos
1938 1224 2080 1279 quos

475 1293 745 1348 constitui
799 1295 969 1349 duces
1017 1296 1234 1366 populi,
1286 1295 1419 1350 licet
1474 1298 1622 1351 bene
1654 1296 1779 1350 illos
1825 1313 1941 1349 non
1973 1296 2077 1350 du-

474 1384 629 1447 cant,
653 1381 865 1435 scilicet
885 1382 1198 1437 sccundum
1228 1400 1487 1437 summos
1512 1384 1837 1438 sacerdotes
1880 1386 1937 1437 et
1976 1399 2080 1437 caa-

474 1471 629 1522 teros
660 1468 966 1539 principes,
1002 1470 1097 1539 qui
1130 1470 1312 1523 claves
1343 1470 1592 1524 scientiae
1626 1472 1861 1537 habent,
1892 1486 2077 1541 neque

473 1554 717 1621 intrant,
752 1572 938 1626 neque
997 1557 1136 1611 alios
1191 1556 1407 1611 intrare
1454 1558 1798 1629 permittunt
1846 1558 2070 1629 (Matth.

474 1659 629 1711 χχιιι,
668 1642 753 1715 l3)
785 1660 798 1711 ;
833 1643 966 1697 dicti
1000 1648 1193 1699 tamen
1257 1646 1448 1712 duces,
1486 1649 1749 1718 quamvis
1804 1663 1922 1701 non
1974 1646 2077 1700 du-

473 1734 627 1796 cant,
659 1747 728 1786 eo
751 1731 905 1802 quod
930 1732 1177 1787 ducendi
1232 1734 1486 1789 habeant
1514 1734 1767 1789 ofﬁcium
1798 1751 1809 1789 :
1838 1741 1886 1788 et
1928 1742 2080 1789 notus

2178 677 2530 732 dividantur:
2551 678 2651 731 sed
2680 676 2858 731 etiam
2888 676 3257 748 quandoque,
3290 676 3469 729 veniat
3486 689 3628 727 mors
3648 688 3784 744 per-

2179 770 2353 839 petua
2375 784 2530 838 super
2551 766 2682 834 illos,
2703 766 2798 838 qui
2822 767 3098 837 ignorant
3123 782 3218 819 me
3248 766 3427 820 Deum
3457 778 3597 829 esse,
3614 777 3790 832 super

2179 855 2407 925 plebem
2429 855 2634 909 rudem
2653 854 3018 925 scilicet,quze
3041 853 3444 908 adhortatione
3456 850 3793 924 principum

2181 941 2241 996 in
2268 959 2363 997 me
2394 946 2610 1013 peccat,
2644 950 2693 996 et
2729 941 3043 996 descendant
3065 942 3121 994 in
3135 941 3405 1011 infernum
3439 939 3691 1004 viventes,
3727 936 3795 991 id

2181 1033 2286 1093 est,
2310 1030 2389 1085 illi
2419 1030 2515 1101 qui
2539 1030 2854 1100 prudentes
2879 1032 2937 1083 et
2966 1029 3210 1084 scientes
3234 1045 3294 1083 se
3340 1027 3697 1083 interficiunt
3727 1026 3793 1080 in

2180 1135 2277 1173 me
2303 1118 2615 1191 peccando,
2648 1135 2780 1173 cum
2827 1134 2923 1172 me
2978 1120 3161 1171 Deum
3187 1133 3307 1172 esse
3341 1133 3457 1171 non
3491 1115 3791 1187 ignorant.

2178 1206 2346 1261 Mittit
2362 1210 2554 1262 autem
2578 1206 2651 1261 ad
2668 1205 3101 1260 similitudinem
3122 1205 3373 1260 historiae
3390 1204 3459 1258 de
3487 1203 3709 1258 Dathan
3731 1203 3796 1256 et

2177 1296 2394 1350 Abiron
2426 1299 2716 1350 eteorum
2762 1293 3165 1349 consentaneis
3214 1293 3406 1365 (Num.
3458 1292 3585 1353 XVI).
3640 1290 3791 1344 Nam

2180 1384 2403 1437 Dathan
2427 1386 2484 1437 et
2499 1383 2735 1456 Abirqn,
2753 1398 2885 1437 cum
2899 1380 3220 1436 sacerdotio
3241 1380 3524 1435 Aaronieo
3547 1382 3783 1432 contra-

2181 1471 2458 1539 dicerent,
2491 1474 2626 1525 etse
2658 1474 2858 1525 contra
2882 1471 3062 1525 Deum
3108 1469 3254 1523 illius
3303 1467 3562 1524 sacrificii
3592 1466 3790 1538 dispo-

2180 1558 2417 1614 sitorem
2449 1576 2621 1630 agere
2651 1576 2770 1614 non
2795 1558 3154 1630 ignorarent,
3190 1558 3401 1612 multos
3420 1571 3648 1628 quoque
3672 1555 3785 1608 sibi

2182 1648 2965 1719 sonsentientesﬁgnorantes
2986 1649 3182 1700 tamen
3209 1646 3360 1717 ipsos
3380 1647 3582 1699 contra
3602 1645 3791 1698 Deum

2180 1752 2351 1806 agere
2363 1736 2704 1803 baberent,a
2719 1738 2872 1790 terra
2885 1735 2988 1791 vivi
3004 1734 3342 1806 absorpti,in
3362 1734 3653 1788 infernum
3668 1732 3795 1787 des-

388 1829 395 1835 '
473 1836 638 1885 meus,
664 1818 723 1872 id
755 1821 858 1885 est,
889 1820 1369 1892 consanguineus,
1424 1824 1739 1877 secundum
1773 1823 2076 1893 quosdam,
2179 1821 3793 1896 eenderunt.Beliquiveroignorantereisconsentientes

473 1905 572 1979 qui
593 1907 800 1962 eadem
832 1908 984 1962 tribu
1013 1911 1147 1973 sunt
1175 1925 1188 1962 :
1221 1910 1304 1963 vel
1352 1913 1522 1964 notus
1552 1911 1867 1965 secundum
1918 1927 2084 1981 quos-

475 1995 632 2061 dam,
666 2012 733 2049 eo
761 1996 916 2067 quod
943 2012 1075 2050 cum
1127 1996 1237 2052 sim
1270 1999 1646 2069 corporaliter
1702 1999 1969 2065 nutritus,
2025 2000 2083 2052 et

474 2098 606 2137 cum
639 2083 721 2138 eis
769 2084 842 2138 ab
890 2088 1059 2139 aetate
1111 2085 1315 2156 puerili
1361 2090 1726 2142 conversatus
1759 2090 1891 2159 :qui
1921 2087 2087 2141 simul

473 2188 677 2225 mecum
714 2174 956 2242 cupiebas
984 2174 1157 2228 dulces
1179 2176 1337 2241 cibos,
1372 2175 1431 2229 id
1464 2180 1566 2242 est,
1592 2177 1779 2231 dulcia
1794 2179 2083 2248 prazcepta

474 2259 639 2330 legis,
674 2276 802 2331 quas
831 2261 938 2315 cibi
971 2265 1105 2315 sunt
1147 2263 1380 2329 animae,
1414 2268 1472 2317 et
1518 2264 1681 2317 simul
1702 2264 1967 2334 cupiebas,
2025 2263 2083 2317 id

476 2350 581 2413 est,
613 2347 672 2401 in
703 2348 910 2403 eodem
942 2350 1086 2404 loco.
1112 2352 1173 2404 In
1202 2350 1521 2422 Synagogis
1544 2352 1754 2407 scilicet
1771 2352 1898 2406 etin
1932 2356 2086 2406 tem.-

475 2435 592 2505 plo.
629 2435 792 2499 Quod
823 2439 909 2491 est
936 2437 1125 2493 dicere
1168 2454 1179 2492 :
1239 2439 1452 2494 Omnes
1511 2440 1896 2512 capiebamus,
1931 2444 1990 2494 et
2022 2440 2081 2495 in

477 2522 686 2577 eodem
712 2524 863 2592 loco,
892 2528 949 2578 et
974 2528 1029 2578 in
1058 2526 1211 2580 domo
1236 2526 1359 2595 Dei,
1393 2527 1451 2581 id
1484 2531 1588 2594 est,
1632 2529 1689 2582 in
1713 2530 1932 2599 templo
1963 2546 2080 2582 am-

480 2612 773 2666 bulavimus
801 2630 921 2667 cum
948 2631 1217 2682 consensu,
1252 2616 1309 2671 id
1363 2619 1469 2683 est,
1497 2633 1629 2671 cum
1661 2618 1987 2685 concordia,
2022 2619 2084 2672 ut

476 2699 555 2755 ibi
590 2701 807 2772 pariter
829 2702 1104 2757 sacrificia
1142 2707 1201 2757 et
1228 2704 1340 2758 alia
1372 2704 1635 2759 instituta
1670 2706 1877 2777 legalia
1929 2722 2084 2760 com-

475 2788 1161 2862 pleremus.Tu,inquam,
1197 2794 1440 2864 populus
1457 2793 1843 2864 Judaicus,qui
1878 2794 2007 2848 talis
2027 2796 2085 2848 et

476 2877 609 2931 talis
636 2894 716 2944 es,
757 2882 821 2932 ut
850 2878 983 2946 dixi,
1034 2897 1095 2935 es
1149 2897 1182 2934 a
1237 2897 1332 2936 me
1376 2881 1779 2936 sustinendus?
1829 2882 2079 2937 Minime.

480 2966 643 3030 Quod
673 2971 757 3021 est
778 2984 843 3021 ac
864 2968 910 3023 si
942 2968 1160 3023 diceret
1189 2986 1201 3023 :
1232 2970 1375 3024 Vere
1431 2970 1613 3025 debeo
1662 2971 1979 3026 concedere
2023 2974 2087 3025 ut

477 3054 872 3127 praecipiteris,
898 3074 1087 3130 neque
1107 3058 1289 3113 debeo
1314 3061 1368 3112 te
1400 3058 1682 3113 sustinere
1713 3076 1888 3130 usque
1915 3058 1973 3113 in
2004 3058 2087 3113 fu-

2182 1912 2316 1983 igne
2336 1912 2577 1967 cremati
2613 1915 2765 1966 sunt.
2795 1914 2905 1966 Per
2921 1914 3142 1967 Dalhan
3165 1910 3656 1983 igituretAbiron,
3692 1908 3793 1981 qui

2182 2000 2433 2055 viventes
2455 2000 3097 2071 perieruntJudzeorum
3121 2016 3255 2071 pars
3283 2000 3381 2054 illa
3402 1997 3793 2070 portendeba-

2183 2092 2297 2156 tur,
2330 2089 2427 2160 qui
2458 2106 2588 2144 eum
2621 2088 2876 2143 Cliistum
2907 2091 3087 2144 Deum
3122 2105 3242 2143 esse
3272 2106 3389 2143 non
3422 2088 3788 2159 ignorarent,

2182 2180 2381 2231 tamen
2398 2176 3231 2245 erantillicontradicturi,etin
3249 2177 3422 2249 ipsius
3441 2175 3646 2231 Christi
3661 2191 3799 2246 cog-

2184 2265 2408 2320 nitione
2428 2266 2685 2320 viventes
2704 2270 2761 2320 et
2779 2266 3108 2338 prudentes,
3140 2267 3197 2321 in
3228 2265 3440 2320 inferni
3471 2263 3798 2319 damnatio-

2183 2354 2857 2410 nemerantdescensuri.
2891 2356 3434 2409 Perconsentaneos
3464 2355 3659 2408 autem
3693 2367 3797 2406 eo-

2183 2459 2314 2497 rum
2330 2443 2465 2514 igne
2488 2443 2981 2515 consumptos,qui
3000 2442 3334 2514 ignoranter
3355 2441 3796 2513 peccabantJu-

2185 2530 2441 2585 decorum
2460 2546 2590 2601 pars
2610 2531 2705 2585 illa
2729 2530 3104 2602 figurabatur,
3161 2547 3287 2603 quae
3320 2546 3451 2585 cum
3497 2528 3795 2583 Christum

2184 2619 2369 2673 Deum
2387 2636 2507 2673 esse
2528 2619 3019 2690 ignoraret,eique
3040 2618 3479 2684 contradiceret,
3515 2615 3791 2671 infernali

2184 2706 2318 2778 igne
2370 2707 2829 2779 superveniente,
2861 2710 2920 2762 et
2961 2723 3060 2761 eos
3107 2706 3506 2778 demergente,
3553 2702 3796 2777 perituri

2186 2799 2371 2862 erant,
2399 2812 2514 2850 non
2546 2796 2680 2867 quia
2693 2796 2799 2850 vivi
2832 2798 2891 2849 et
2912 2795 3245 2866 prudentes,
3278 2794 3377 2849 sed
3395 2792 3791 2866 quiaexigno-

2184 2885 2387 2938 rantise
2401 2883 2754 2955 negligentia
2770 2899 3035 2954 perverse
3049 2883 3491 2954 agerent.Hujus
3502 2883 3697 2935 autem
3712 2880 3800 2934 bi-

2184 2972 2377 3026 storias
2390 2971 2747 3026 similitudini
2767 2971 2987 3037 alludit,
3011 2986 3140 3025 cum
3155 2970 3339 3042 ponit.
3352 2970 3544 3023 Veniat
3555 2984 3697 3022 mors
3710 2984 3799 3021 su-

2177 3076 2278 3130 per
2289 3060 2524 3131 illos,qui
2547 3059 2881 3131 ignorantes
2897 3075 2989 3112 me
3014 3060 3193 3113 Deum
3214 3074 3357 3123 esse,
3409 3056 3800 3111 mihicontra-

478 3124 674 3197 turum
702 3124 1175 3200 ultionem-tuam
1207 3146 1572 3218 protelando,
1608 3124 1887 3218 quoniam
1933 3156 1990 3200 tu
2027 3164 2086 3200 es
2115 3124 2415 3213 C(dicunt,
2439 3124 2597 3201 sicut
2595 3164 2767 3217 super
2788 3149 3206 3202 consentaneos
3230 3146 3452 3201 Datban
3489 3148 3546 3199 et
3575 3143 3799 3198 Abiron

478 3230 632 3285 homo
664 3235 951 3298 unanimis,
974 3233 1085 3286 dux
1112 3251 1257 3287 meus
1285 3242 1334 3287 et
1386 3241 1537 3287 notus
1567 3251 1731 3300 meus,
1762 3236 1857 3305 qui
1907 3233 2087 3287 simul-

479 3335 683 3371 mecum
724 3319 896 3372 dulces
921 3321 1164 3390 cupiebas
1194 3321 1351 3387 cibos,
1388 3325 1604 3375 etcum
1652 3338 1765 3392 quo
1820 3325 1876 3375 in
1932 3322 2087 3375 domo

479 3404 586 3458 Dei
610 3406 894 3460 ambulavi
926 3422 1049 3461 cum
1073 3424 1356 3473 consensu;
1388 3412 1444 3461 et
1475 3409 1736 3480 quamvis
1750 3410 1871 3463 haec
1894 3409 2091 3464 omnia

481 3491 819 3559 sint,tamen
834 3495 1197 3549 contristabis
1214 3496 1651 3551 etconturbabis
1668 3514 1761 3551 me
1778 3502 1835 3552 et
1850 3499 2092 3569 repelles

483 3596 614 3635 cum
646 3581 885 3637 deberes
911 3599 1027 3639 non
1061 3584 1339 3655 repellere
1374 3601 1386 3638 :
1421 3585 1522 3639 sed
1556 3585 1699 3640 mihi
1728 3589 1929 3657 utpote
1968 3585 2092 3656 regi

486 3670 544 3722 et
571 3668 851 3725 Salvatori
878 3674 975 3725 tuo
1006 3672 1227 3743 subjici,
1260 3688 1434 3744 quem
1467 3674 1882 3744 prophetarum
1933 3674 2091 3729 testi-

491 3757 690 3812 monio
722 3774 1067 3829 cognoscere
1086 3760 1404 3831 potuisti,et
1423 3760 1501 3815 sic
1516 3762 2096 3817 melaatilicareldeo-

487 3862 599 3918 que
645 3846 856 3919 dignus
885 3864 945 3901 es
971 3847 1211 3903 omiiino
1237 3853 1300 3903 ut
1338 3849 1734 3920 praecipiteris.
1770 3850 1904 3905 Dico
1938 3849 2096 3922 quod

484 3938 543 3988 te
576 3952 693 3989 non
710 3935 1161 4002 sustinebo,cum
1186 3937 1295 3992 hoc
1320 3941 1378 3991 et
1406 3939 1515 3992 hoc
1558 3938 1652 4005 sis,
1685 3942 1744 3992 et
1771 3941 1971 3993 tamen
2000 3955 2094 3993 me

487 4025 546 4077 et
566 4023 867 4078 contristes
883 4027 941 4078 et
970 4025 1301 4079 conturbes.
1324 4025 1627 4080 Inimicum
1655 4026 1890 4097 quidem
1912 4028 2095 4097 genti-

488 4110 604 4165 lem
629 4113 929 4182 populum,
959 4112 1055 4182 qui
1093 4129 1185 4167 me
1216 4116 1415 4184 aperte
1454 4114 1597 4175 odit,
1656 4114 2001 4169 sustinerem
2048 4119 2097 4170 si

488 4199 624 4251 mihi
652 4199 1041 4265 malediceret,
1064 4204 1123 4254 et
1144 4201 1280 4254 abeo
1300 4202 1622 4271 potentiam
1640 4219 1829 4257 meam
1850 4204 2092 4259 abscon-

492 4288 694 4342 derem
724 4290 772 4342 si
792 4305 947 4359 super
989 4306 1072 4341 me
1099 4305 1297 4358 magna
1321 4290 1673 4361 loqueretur,
1714 4308 1845 4347 cum
1878 4310 1994 4348 non
2025 4294 2097 4348 sit

2188 3234 2339 3306 ignis
2364 3234 2538 3301 venit,
2563 3236 2660 3306 qui
2685 3252 2783 3290 eos
2812 3233 3264 3305 consumpsitEt
3279 3233 3426 3287 bene
3440 3232 3691 3304 positum
3710 3234 3801 3286 est

2190 3339 2467 3393 supereos
2480 3340 2584 3394 per
2617 3322 3080 3389 similitudinem,
3113 3337 3179 3376 ac
3204 3321 3247 3375 si
3279 3322 3567 3393 poneret:
3599 3318 3808 3373 Siceos

2192 3414 2471 3481 perpetua
2496 3427 2652 3465 mors
2684 3410 2999 3482 Opprimat,
3030 3426 3102 3464 ne
3132 3408 3352 3481 possint
3382 3422 3613 3479 surgere
3661 3406 3803 3461 inde

2194 3501 2251 3553 et
2266 3498 2609 3565 evadere,ad
2625 3499 2862 3553 modum
2879 3496 3236 3568 illorum,qui
3251 3495 3324 3551 ab
3336 3496 3527 3568 aliquo
3544 3494 3809 3566 pondere

2193 3587 2608 3659 supercadente
2630 3586 2774 3641 adeo
2808 3586 3235 3657 deprimuntur,
3269 3601 3341 3639 ne
3367 3599 3600 3655 surgere
3621 3582 3695 3636 sit
3723 3581 3811 3636 eis

2193 3673 2598 3729 licitum.Etilli
2618 3674 2714 3746 qui
2730 3678 2863 3729 sunt
2877 3672 3447 3741 viventes,idest,non
3462 3672 3809 3743 ignoranter

2193 3767 2518 3834 peccantes,
2544 3763 2899 3817 descendant
2918 3762 2976 3816 in
3008 3761 3329 3828 infernum,
3346 3760 3406 3815 id
3431 3763 3535 3826 est,
3565 3758 3808 3813 veniant

2195 3850 2255 3905 in
2287 3850 2801 3923 profundissimum
2832 3849 3129 3904 interitum
3158 3848 3313 3921 quod
3336 3849 3811 3914 denotatur,cnm

2197 3938 2335 3992 dicit
2382 3939 2756 3994 descendant.
2792 3937 3148 3992 Descendere
3175 3951 3426 4008 namque
3457 3934 3700 3990 dicimus
3730 3935 3809 3989 ad

2195 4026 2485 4097 profunda
2513 4027 2727 4094 venire,
2758 4025 2884 4081 dico
2913 4024 3267 4079 descendant
3296 4024 3355 4077 in
3381 4022 3700 4091 infernum,
3747 4025 3809 4077 et

2196 4116 2388 4170 veniat
2418 4132 2575 4171 mors
2603 4132 2774 4186 super
2798 4115 2943 4170 illos.
2995 4113 3259 4179 Quoniam
3308 4114 3572 4184 nequitiae,
3605 4110 3662 4166 id
3694 4114 3805 4174 est,

2196 4221 2448 4276 nequam
2471 4221 2648 4275 opera
2675 4207 2808 4259 sunt
2833 4205 2887 4257 in
2927 4202 3250 4257 habitaculis
3281 4218 3481 4269 eorum,
3515 4201 3574 4255 id
3601 4204 3708 4267 est,
3740 4199 3805 4253 in

2196 4294 2531 4365 corporibus
2560 4309 2687 4365 quas
2718 4291 3045 4347 habitacula
3077 4292 3210 4345 sunt
3228 4290 3577 4345 animarum.
3612 4288 3680 4342 Et
3700 4304 3807 4342 ne-

492 4382 667 4443 notus,
697 4380 754 4430 et
786 4379 1074 4444 unanimis,
1095 4382 1155 4431 et
1183 4378 1294 4431 dux
1312 4395 1474 4433 meus.
1510 4380 1633 4435 Non
1663 4381 1820 4435 enim
1852 4382 1994 4437 adeo
2017 4383 2097 4437 di-
2119 4410 2172 4469 D
2197 4382 2412 4455 quitite,
2447 4382 2506 4435 id
2549 4384 2652 4447 est,
2687 4396 2940 4451 nequam
2973 4377 3355 4450 cogitationes
3381 4380 3515 4431 sunt
3545 4378 3600 4429 in
3630 4376 3806 4430 medio

488 4467 731 4535 gnusest
750 4465 1234 4538 gentilispopulus
1247 4466 1643 4537 damnalione,
1668 4470 1765 4540 qui
1796 4487 2095 4542 nunquam

492 4568 589 4607 me
620 4554 924 4623 perlegem
951 4569 1064 4624 qua
1080 4555 1313 4609 carebat
1331 4571 1677 4627 cognoscere
1696 4558 2095 4630 potuit,quan-

491 4644 619 4696 tum
644 4643 726 4708 tu,
760 4642 858 4713 qui
886 4658 979 4696 me
1010 4658 1113 4712 per
1137 4642 1276 4714 legis
1303 4644 1697 4699 testimonium
1748 4662 2094 4717 cognoscere

490 4730 1243 4804 potuisti.thuinunquam
1269 4732 1665 4788 fraudulenter
1693 4751 1752 4789 se
1790 4735 1932 4790 mihi
1963 4737 2097 4792 fecit

492 4821 830 4876 unanimem
853 4826 868 4875 ἓ
915 4803 931 4890 Ι
1100 4837 1204 4875 nec
1218 4825 1302 4876 est
1316 4840 1349 4877 a
1366 4839 1459 4877 me
1473 4823 1585 4877 dux
1599 4825 1939 4879 constitutus
1950 4826 2097 4881 sicut

490 4913 574 4980 tu,
590 4927 776 4983 neque
796 4908 938 4963 mihi
962 4910 1175 4964 exstitit
1199 4913 1829 4982 consanguineus.Cum
1852 4916 2016 4984 ponit
2038 4924 2096 4970 tu

491 5016 613 5054 vero
636 5000 808 5053 homo.
842 4997 987 5053 illud
1011 5015 1130 5052 vero
1161 5016 1277 5054 non
1310 5004 1591 5071 quantum
1623 5002 1695 5056 ad
1722 5003 2093 5071 sententiam,

494 5089 593 5144 sed
626 5091 910 5161 quantum
950 5087 1023 5142 ad
1065 5088 1329 5143 ordinem
1356 5089 1560 5145 litterae
1592 5090 1814 5145 videtur
1845 5093 2092 5162 operari.

565 5177 707 5231 Cum
730 5179 924 5231 autem
942 5175 1465 5245 dixitmaledirisset,
1505 5179 1740 5250 ponitur
1752 5179 2097 5236 maledicere

492 5282 599 5338 pro
621 5264 970 5335 deprimere,
999 5263 1144 5318 sicut
1162 5265 1505 5320 benedicere
1546 5283 1695 5337 saepe
1718 5267 1952 5337 ponitur
1992 5285 2096 5340 pro

490 5356 763 5410 exaltare.
794 5354 962 5409 Facta
992 5354 1357 5409 concessione
1381 5354 1450 5409 de
1482 5354 1856 5409 damnatione
1880 5354 2101 5411 Iudaeo-

488 5458 624 5500 rum
643 5443 704 5499 in
731 5444 839 5499 hoc
865 5443 1084 5499 mundo
1105 5442 1318 5510 futura,
1351 5446 1408 5498 et
1428 5443 1668 5499 ostensis
1692 5443 1872 5499 causis
1893 5444 2098 5517 quibus

490 5531 742 5592 debeant
770 5533 919 5591 hanc
939 5533 1374 5592 damnationem
1387 5532 1576 5593 subire
1596 5550 1610 5606 ;
1637 5532 1728 5608 agi
1740 5549 2094 5611 consequen-

2197 4470 2463 4537 eorum,id
2486 4468 2654 4536 est,in
2675 4469 2849 4523 corde
2863 4467 3020 4540 quod
3048 4466 3256 4522 dicitur
3276 4465 3631 4533 medium,eo
3644 4466 3806 4537 quod

2196 4560 2256 4614 in
2284 4559 2475 4615 medio
2499 4558 2758 4629 corporis
2778 4557 2851 4611 sit
2874 4556 3175 4611 situm.Vel
3193 4554 3451 4611 medium
3475 4554 3684 4609 dicitur
3696 4569 3809 4625 per

2195 4647 2383 4702 simile
2409 4663 2477 4701 eo
2503 4646 2657 4717 quod
2689 4660 2792 4717 per
2822 4645 2944 4716 ejus
2986 4659 3321 4699 mensuram
3369 4658 3677 4716 corporum
3709 4657 3807 4696 ac-

2195 4739 2287 4791 tus
2316 4736 2480 4802 ﬁunt,
2528 4733 2672 4788 sicut
2702 4733 2775 4788 ad
2822 4749 3153 4788 mensuram
3211 4731 3430 4802 puncti,
3486 4731 3638 4803 quod
3686 4747 3812 4786 me-

2198 4824 2357 4879 dium
2391 4826 2494 4889 est,
2528 4821 2769 4877 circulus
2796 4821 3180 4876 constituitur.
3215 4820 3362 4875 Cum
3417 4836 3553 4874 vero
3594 4818 3754 4874 addit
3793 4836 3809 4875 :

2197 4913 2322 4982 Ego
2352 4918 2550 4979 autem,
2582 4914 2691 4965 etc.
2724 4909 2981 4964 Salutem
3012 4925 3175 4963 suam
3197 4907 3524 4974 annuntiat,
3554 4922 3627 4962 ne
3654 4907 3815 4962 vide-

2199 5004 2360 5055 retur
2388 5017 2454 5054 ex
2477 4998 2883 5055 incertitudine
2914 5013 3127 5053 orasse.
3168 4997 3237 5051 Et
3265 4997 3376 5051 hoc
3396 4995 3475 5051 sic
3506 4996 3811 5051 continua-

2198 5092 2310 5143 tur.
2344 5089 2478 5143 Dixi
2505 5089 2641 5160 quia
2672 5086 2752 5142 illi
2781 5087 2860 5141 sic
2891 5086 3276 5153 destruantur,
3318 5087 3376 5139 et
3420 5085 3514 5140 hic
3543 5087 3602 5139 et
3629 5084 3689 5139 in
3721 5085 3811 5139 fu-

2196 5180 2349 5232 turo.
2376 5176 2496 5247 Ego
2522 5184 2699 5231 autem
2742 5176 2813 5231 ad
2840 5176 3134 5230 Dominum
3173 5173 3419 5241 clamavi,
3478 5173 3809 5228 intentione

2200 5265 2539 5332 devotionis,
2570 5271 2618 5320 et
2664 5266 2929 5319 Dominus
2952 5263 3177 5318 salvabit
3199 5278 3301 5316 me.
3337 5265 3398 5316 In
3447 5260 3806 5333 perficiendo

2199 5358 2583 5422 constantem,
2656 5353 2713 5408 in
2774 5370 2997 5424 veSpere,
3081 5351 3140 5406 id
3196 5356 3281 5407 est
3336 5352 3395 5406 in
3470 5349 3737 5423 passione
3787 5366 3803 5405 :

2199 5461 2326 5518 qua:
2384 5442 2669 5515 contingit
2722 5442 2871 5497 circa
2926 5457 3228 5514 veSperum
3270 5458 3284 5510 ;
3359 5439 3511 5495 circa
3586 5454 3808 5495 nonam

2194 5532 2481 5605 videlicet,
2541 5547 2668 5606 quae
2723 5530 3204 5607 praeﬁgurabatur
3257 5545 3363 5605 per
3414 5543 3656 5604 agnum,
3704 5526 3807 5603 qui
