3970 6040
241 261 346 321 885

1244 264 1601 327 EXPOSITIO
1637 270 1707 328 IN
1745 264 2079 332 PSALMOS.
2103 304 2173 318 —
2206 267 2401 331 PSAL.
2444 269 2552 330 LIV

3453 277 3557 337 886

245 382 667 438 immolabatur
697 381 754 438 in
786 382 913 455 lege
945 385 1120 440 veteri
1154 387 1227 441 ad
1244 405 1561 459 vesperum.
1590 390 1666 445 Et
1684 392 1831 446 salva
1870 398 1926 458 Α
1951 393 2088 449 dum
2117 394 2271 466 quod
2300 396 2476 450 homo
2499 394 2555 448 in
2580 396 2843 463 tempore
2874 399 3061 465 natus,
3076 397 3393 453 humiliabo
3417 400 3554 469 illos,

243 470 319 523 bit
351 489 432 523 me
463 471 519 525 in
544 472 783 539 mane,id
821 475 906 527 est
936 472 994 527 in
1023 478 1441 532 resurrectione
1472 496 1597 550 quae
1621 481 1845 534 contin-

238 562 341 629 get
358 559 415 613 in
429 575 601 614 mane
614 559 834 614 faciens
852 560 1244 618 immortalem
1268 565 1850 636 etimpassibilem.Et

236 646 472 703 salvabit
502 664 584 701 me
617 650 672 701 in
730 648 964 716 meridie,
1019 650 1076 704 id
1124 656 1210 706 est
1252 652 1311 706 in
1346 653 1678 708 ascensione
1719 672 1847 726 qua:

237 733 391 790 circa
416 735 722 791 meridiem
754 736 882 803 erit,
924 738 1227 794 exaltando
1262 757 1355 794 me
1381 758 1552 813 super
1581 744 1769 811 ccelos,
1789 747 1849 798 et

234 823 380 878 mihi
411 825 695 879 mundum
709 827 897 880 totum
915 826 1239 896 subjiciens.
1262 827 1338 882 Et
1364 845 1473 901 ego
1498 832 1723 885 narrabo
1744 847 1847 902 per

234 912 652 985 praedicatores
700 930 862 968 meos
914 914 1076 968 omni
1120 915 1339 971 mundo
1372 917 1475 971 has
1503 918 1848 973 salvationes

233 1003 544 1072 postquam
562 1002 887 1056 acciderint.
912 1003 979 1055 Et
1005 1019 1136 1057 cum
1160 1005 1344 1058 adhuc
1366 1005 1571 1060 futura:
1594 1007 1725 1070 sint,
1754 1026 1849 1060 an-

236 1090 502 1144 nuntiabo
531 1106 626 1144 eas
652 1090 942 1161 discipulis
968 1091 1131 1158 meis,
1166 1096 1226 1146 ut
1266 1092 1369 1161 ipsi
1411 1094 1681 1149 omnibus
1712 1111 1843 1148 nar-

241 1109 502 1144 nunuaoo
531 1109 626 1144 eas
652 1109 942 1161 aisc1puus
968 1109 1131 1158 meis,
1166 1109 1226 1146 ut
1266 1110 1281 1145 1
1328 1111 1369 1146 si
1411 1109 1681 1149 omnibus
1712 1111 1843 1148 nar-

241 1179 395 1244 rent,
418 1181 722 1249 postquam
746 1179 910 1232 factae
935 1180 1167 1234 fuerint.
1428 1182 1671 1237 Narrare
1716 1183 1847 1254 qui-

241 1264 378 1319 dem
393 1265 600 1319 dicitur
617 1266 686 1320 de
702 1266 1378 1338 praeteritozAnnuntiare
1398 1286 1529 1324 vero
1545 1270 1614 1324 de
1630 1270 1842 1339 futuro;

237 1352 326 1405 vel
343 1352 420 1406 sic
441 1369 454 1406 ε
476 1353 755 1407 Dominus
786 1354 1012 1407 salvabit
1053 1372 1136 1409 me
1164 1373 1366 1426 vespere
1382 1364 1431 1410 et
1448 1375 1620 1425 mane,
1657 1360 1714 1411 et
1742 1375 1846 1411 me-

237 1438 399 1508 ridie,
433 1440 491 1495 id
522 1443 606 1495 est
649 1444 707 1495 et
747 1441 806 1495 in
836 1442 1123 1514 prosperis
1154 1446 1211 1497 et
1241 1443 1301 1497 in
1352 1443 1617 1512 adversis,
1647 1462 1717 1499 ne
1750 1461 1843 1498 me

239 1527 457 1583 scilicet
486 1543 764 1600 prospera
788 1530 1033 1596 elevent,
1063 1547 1169 1585 nec
1215 1530 1450 1586 adversa
1489 1531 1840 1604 deprimant.

235 1614 349 1669 Per
377 1632 678 1688 vesperum
706 1620 762 1672 et
780 1634 971 1686 mane,
997 1618 1131 1689 quia
1149 1621 1283 1673 tunc
1299 1636 1398 1673 aer
1416 1624 1574 1673 caret
1594 1621 1840 1689 fervore,

1951 481 2205 551 quiaipsi
2232 484 2418 536 solum
2440 498 2532 535 me
2561 482 2865 535 hominem
2882 484 3313 540 considerantes
3339 489 3557 557 negant

1949 568 2020 621 ab
2051 573 2268 624 aeterno
2302 570 2562 624 existere.
2590 569 2811 624 Diceret
2838 570 3045 641 aliquis
3073 587 3086 626 :
3120 572 3551 642 Periitne,adeo

1949 656 2357 712 misericordia).
2376 661 2577 712 utcum
2596 656 2701 728 ipsi
2722 658 2962 712 forsitan
2976 658 3284 730 aliquando
3298 677 3554 716 commu-

1947 743 2108 798 tandi
2129 745 2243 798 sint
2265 745 2334 799 de
2353 745 2652 816 impietate
2675 762 2777 799 sua
2796 745 2875 800 eis
2907 762 3024 801 non
3051 746 3390 802 misereatur
3406 750 3553 803 Deus

1947 849 2020 886 ne
2052 832 2468 887 humilientur‘?
2502 832 2591 886 Ad
2629 833 2738 887 hoc
2764 835 2957 887 autem
2994 834 3069 888 sic
3098 834 3431 904 respondet,
3465 834 3550 888 di-

1947 920 2129 974 cendo
2162 936 2259 974 eos
2285 936 2581 991 nunquam
2608 937 2726 974 esse
2749 922 3209 977 commutandos.
3234 921 3368 976 Dico
3398 922 3552 993 quod

1944 1009 2252 1063 Izuniiliabit
2278 1025 2378 1063 eos
2409 1010 2559 1063 Deus
2587 1008 2864 1070 Verbum,
2893 1013 2951 1063 et
2974 1009 3203 1064 merito.
3239 1009 3369 1065 Non
3410 1012 3552 1064 enim

1948 1102 2022 1149 est
2052 1096 2153 1149 illis
2183 1098 2545 1161 commutatio,
2578 1095 2635 1149 id
2668 1098 2751 1149 est
2782 1098 2988 1150 nolunt
3028 1114 3285 1169 unquam
3326 1097 3395 1151 de
3425 1115 3553 1152 ma-

1945 1182 2068 1236 litia
2089 1200 2189 1237 sua
2209 1182 2577 1249 commutari,
2602 1186 2663 1236 ut
2695 1183 2832 1237 boni
2863 1184 3022 1237 fiant.
3058 1186 3137 1238 Ac
3177 1184 3221 1237 si
3267 1174 3455 1238 dicat:
3491 1184 3551 1239 Si

1948 1270 3065 1338 commutarentur,nonhumiliarentur,
3090 1272 3334 1343 sedquia
3347 1273 3553 1327 nolunt

1947 1358 2313 1425 commutari,
2346 1358 2649 1411 humiliabit
2669 1360 2948 1424 eosDeus,
2977 1363 3036 1412 et
3066 1358 3194 1413 ideo
3227 1375 3331 1411 non
3351 1365 3426 1411 est
3447 1359 3551 1413 illis

1944 1447 2309 1513 commulatio,
2338 1445 2472 1517 quia
2512 1462 2619 1498 non
2657 1448 2945 1499 timuerunt
2962 1445 3136 1499 Deum
3186 1446 3459 1513 Verbum,
3490 1446 3552 1500 id

1951 1536 2037 1587 est
2074 1550 2191 1588 non
2224 1538 2651 1606 proposuerunt
2673 1537 2805 1588 ante
2838 1533 3365 1588 considerationem
3385 1550 3549 1588 suam

1947 1623 2129 1676 Deum
2161 1622 2399 1676 verbum
2424 1624 2704 1676 metuere.
2729 1620 2892 1685 Quod
2907 1622 3163 1691 profecto
3191 1621 3236 1676 si
3252 1621 3548 1689 timerent,

234 1703 587 1776 prosperitas
605 1705 933 1760 denotatur.
964 1707 1024 1760 In
1052 1722 1166 1778 qua
1193 1707 1631 1762 tribulationum
1653 1707 1845 1764 fervor
1869 1698 1920 1756 Β
1947 1711 2003 1762 et
2015 1710 2532 1763 commutationem
2553 1711 2907 1779 expeterent.

239 1791 485 1847 minime
502 1793 855 1848 dominatur.
882 1795 989 1848 Per
1008 1794 1311 1849 meridiem
1337 1798 1554 1864 autem,
1587 1796 1685 1866 qui
1712 1796 1845 1850 solis

233 1880 562 1935 fervoribus
585 1883 877 1949 exaestuat,
913 1881 1221 1937 adversitas
1252 1882 1593 1955 intelligitur
1617 1900 1628 1937 :
1653 1883 1710 1937 in
1733 1902 1846 1955 qua

233 1968 681 2024 tribulationum
730 1970 1047 2025 fervoribus
1091 1970 1334 2042 quilibet
1382 1971 1751 2043 opprimitur.
1780 1972 1846 2025 Et

235 2056 376 2129 quia
403 2059 627 2111 salvabit
654 2075 851 2129 meper
869 2058 1295 2129 praedicatores,
1310 2059 1542 2114 narrabo
1565 2058 1846 2113 beneﬁcia

235 2144 524 2216 quaemihi
548 2144 790 2212 dederit;
838 2151 886 2198 et
921 2147 1248 2199 annuntiabo
1286 2145 1569 2200 beneficia
1610 2162 1735 2216 quae
1771 2146 1841 2199 fi-

235 2231 460 2286 delibus
487 2232 633 2286 meis
654 2231 711 2285 in
739 2231 930 2285 futuro
952 2232 1345 2286 retribuentur
1376 2249 1390 2298 ;
1435 2234 1522 2287 vel
1544 2233 1622 2287 sic
1654 2249 1666 2287 :
1691 2232 1843 2287 Nar-

232 2320 364 2373 rabo
395 2335 497 2390 per
517 2319 919 2390 praedicatores
940 2318 1169 2373 minora
1190 2319 1488 2387 beneﬁcia,
1513 2320 1586 2375 ab
1608 2336 1675 2375 eo
1700 2321 1843 2375 mihi

225 2407 356 2479 jam
379 2408 533 2474 data,
551 2407 762 2461 scilicet
781 2407 1212 2461 immunitatem
1242 2425 1275 2462 a
1296 2406 1549 2479 peccato,
1584 2411 1641 2461 et
1666 2409 1839 2463 virtu-

226 2497 356 2549 tem
388 2495 821 2559 miraculorum,
840 2498 896 2548 et
911 2495 1244 2549 exercitium
1267 2512 1510 2567 operum
1526 2496 1836 2565 bonorum,

229 2590 286 2637 et
313 2583 643 2638 annuntiabo
675 2583 902 2654 majora
929 2583 1210 2637 beneﬁcia
1238 2600 1364 2655 quas
1411 2583 1590 2651 dabit,
1627 2584 1841 2638 scilicet

224 2670 735 2726 immortalitatem
758 2670 1432 2741 etimpassibilitatem,et
1448 2672 1619 2726 totius
1636 2671 1840 2727 mundi

231 2759 728 2831 subjugationem.
765 2759 902 2812 Dixi
942 2759 1098 2830 quod
1137 2758 1378 2813 clamavi
1412 2758 1651 2813 interius
1677 2759 1843 2814 affec-

233 2847 417 2915 tione,
451 2851 508 2902 et
535 2864 649 2902 non
683 2849 865 2902 solum
884 2847 1013 2915 hoc,
1042 2847 1142 2901 sed
1173 2850 1229 2900 et
1254 2862 1389 2900 voce
1412 2847 1609 2901 orabo.
1638 2848 1705 2900 Et
1734 2848 1841 2902 hoc

232 2952 355 2991 non
386 2939 471 2990 est
500 2935 559 2989 in
591 2935 760 3004 libro,
795 2935 893 2990 sed
911 2952 979 2988 ex
1004 2934 1479 3033 hoc'intelligitur
1495 2934 1650 3006 quod
1682 2935 1843 3033 addit
1867 2975 1913 3033 Ο

230 3030 285 3079 et
328 3024 575 3078 exaudiet
626 3041 803 3078 vocem
860 3040 1052 3077 meam.
1108 3023 1176 3076 Et
1206 3022 1313 3077 hoc
1344 3022 1518 3076 modo
1577 3022 1839 3091 exaudiet,

234 3111 395 3185 quod
423 3112 664 3179 redimet,
697 3112 756 3166 id
788 3114 872 3165 est
912 3112 1075 3165 eruet
1104 3113 1344 3164 animam
1394 3127 1566 3164 meam
1616 3112 1671 3163 in
1709 3129 1843 3181 pace

244 3204 529 3273 perpetua
553 3200 1016 3255 constituendam
1060 3203 1117 3254 et
1166 3200 1275 3254 hoc
1314 3199 1573 3270 superius
1602 3200 1841 3254 obscure

234 3289 487 3362 positum
529 3293 632 3355 est,
680 3307 811 3344 cum
867 3289 1042 3343 dixit:
1075 3288 1319 3343 Saloabit
1344 3306 1425 3341 me
1474 3306 1676 3359 vespere
1703 3306 1715 3342 :
1742 3289 1841 3343 sed

232 3378 367 3433 ideo
391 3377 600 3450 repetit
630 3378 1088 3450 aequipollenter,
1113 3393 1244 3431 cum
1274 3377 1410 3431 dicit
1432 3378 1742 3444 redimet,ut
1764 3379 1843 3431 lu-

232 3466 417 3521 cidius
439 3468 568 3539 post
623 3469 856 3520 enarret
891 3468 949 3520 et
979 3465 1244 3520 ostendat
1275 3483 1309 3519 a
1346 3465 1551 3536 quibus
1572 3466 1838 3532 redimet,

235 3572 371 3610 cum
418 3555 603 3627 addit,
634 3555 699 3609 ab
726 3556 806 3609 his
836 3555 1051 3609 redimet
1097 3557 1193 3625 qui
1232 3556 1657 3625 appropinquant
1688 3556 1837 3612 mihi.

233 3644 305 3699 Et
335 3643 469 3711 quia
495 3642 960 3713 appropinquare
992 3644 1077 3696 est
1105 3645 1163 3696 et
1192 3642 1264 3696 ad
1280 3643 1500 3696 bonum
1533 3646 1589 3695 et
1620 3642 1693 3697 ad
1724 3658 1843 3696 ma-

231 3735 379 3799 lum,
413 3730 767 3785 determinat
794 3731 903 3784 hoc
929 3730 1026 3784 sic.
1079 3729 1212 3784 Dico
1246 3730 1400 3801 quod
1430 3729 1648 3785 redimet
1688 3747 1721 3784 a
1745 3732 1839 3785 Ju-

238 3819 398 3887 doeis,
430 3821 527 3891 qui
558 3820 982 3890 appropinquant
1012 3818 1161 3871 mihi.
1202 3818 1269 3871 Et
1299 3832 1527 3872 necesse
1555 3822 1639 3872 est
1684 3823 1746 3872 ut
1776 3819 1842 3872 ab

234 3908 323 3963 his
348 3924 429 3960 me
456 3906 727 3975 redimat,
768 3908 1020 3977 quoniam
1052 3911 1204 3959 erant
1245 3922 1469 3973 mecum,
1510 3905 1568 3960 id
1594 3910 1679 3961 est
1710 3910 1843 3960 sunt

242 3994 304 4049 in
336 3994 730 4050 familiaritate
764 4010 915 4059 mea,
944 3995 1079 4046 inter
1103 3992 1299 4048 multos
1328 3994 1644 4056 existendo,
1678 3993 1734 4048 id
1763 3999 1848 4048 est

238 4082 322 4138 ita
339 4085 400 4137 ut
430 4082 543 4137 sint
569 4081 626 4136 in
659 4097 903 4136 numero
929 4080 1247 4135 infidelium
1271 4080 1367 4152 qui
1386 4080 1550 4135 multi
1565 4084 1841 4149 sunt,non

239 4172 303 4229 in
334 4187 578 4225 numero
614 4169 869 4224 ﬁdelium
886 4169 1179 4241 quipauci.
1211 4168 1375 4232 Quod
1405 4173 1492 4223 cst
1512 4169 1701 4224 dicere
1721 4187 1733 4225 :
1754 4170 1844 4225 Sic

2016 1795 2149 1867 Agit
2163 1799 2358 1851 autem
2375 1796 2444 1850 de
2464 1768 2839 1851 damnatione
2857 1796 2917 1850 in
2930 1795 3024 1849 die
3028 1795 3050 1866 j
3062 1768 3229 1850 udicii
3242 1796 3432 1851 futura
3450 1795 3547 1850 sic:

1947 1883 2242 1956 Dixiquod
2275 1887 2420 1940 Deus
2443 1885 2562 1939 illos
2588 1884 2918 1952 humiliabit,
2947 1888 3005 1940 et
3032 1892 3151 1939 non
3183 1886 3369 1940 solum
3400 1886 3550 1939 hanc

1944 1971 2252 2027 vindictam
2278 1973 2347 2026 de
2378 1973 2514 2043 ipsis
2538 1972 2797 2044 accipiet,
2826 1973 2926 2027 sed
2958 1973 3144 2027 adhuc
3173 1972 3406 2027 extendit
3430 1989 3545 2025 ma-

1946 2077 2075 2113 num
2090 2078 2262 2123 suam,
2276 2060 2335 2115 id
2361 2065 2446 2115 est-
2458 2060 2643 2114 adhuc
2666 2059 3037 2131 ampliﬁcabit
3053 2059 3361 2114 vindictam
3384 2076 3547 2114 suam

1947 2149 2003 2201 in
2018 2148 2348 2202 retribuendo
2372 2148 2503 2202 dam
2514 2148 2810 2203 nationem
2828 2164 3113 2218 majorem
3128 2164 3234 2219 pro
3251 2147 3416 2201 malis
3430 2164 3549 2201 me-

1944 2235 2068 2289 ritis
2097 2252 2322 2291 eorum.
2353 2238 2400 2290 Α
2431 2236 2810 2291 similitudine
2849 2234 3242 2306 percutientis,
3289 2235 3384 2307 qui
3416 2250 3547 2289 cum

1945 2322 2449 2395 aliq'uemgraviter
2460 2324 2579 2377 vult
2595 2322 3081 2395 percutere,valde
3099 2339 3336 2376 manum
3354 2325 3549 2376 exten-

1946 2410 2048 2464 dit.
2074 2413 2269 2467 Manus
2289 2428 2425 2465 vero
2444 2413 2592 2465 bene
2613 2428 2718 2482 pro
2741 2411 2991 2465 vindicta
3013 2411 3267 2481 ponitur,
3294 2427 3360 2464 eo
3393 2409 3547 2481 quod

1944 2516 2224 2571 manuum
2254 2498 2646 2570 percussione,
2893 2498 2964 2552 de
2982 2498 3237 2553 hostibus
3266 2514 3417 2569 szepe
3432 2497 3550 2552 vin-

1944 2588 2296 2643 dicamus.Et
2313 2588 2520 2641 merito
2553 2587 2822 2641 extendet
2851 2604 3092 2654 manum,
3112 2586 3247 2658 quia
3286 2587 3547 2641 contami-

1909 2713 1916 2720 .
1942 2683 2203 2729 naverunt
2221 2681 2589 2731 testamentum
2606 2675 2738 2745 ejus,
2767 2673 2825 2728 id
2846 2677 2931 2728 est
2955 2677 3335 2745 corruperunt
3357 2674 3546 2744 legem

1945 2764 1992 2833 ej
2003 2764 2245 2825 us,male
2269 2763 2804 2834 exponendoJuxta
2819 2761 2973 2832 quod
2997 2761 3053 2815 in
3080 2763 3303 2833 psalmo
3319 2760 3543 2815 decimo

1943 2851 2188 2922 legitur:
2226 2850 2417 2914 «Quae
2458 2854 2521 2903 tu
2567 2848 2875 2920 perfecisti,
2921 2848 3326 2903 destruxerunt
3368 2847 3544 2913 (Psal.

1943 2956 1997 3003 x,
2022 2940 2094 3009 3).
2121 2958 2150 2991 s
2179 2938 2736 2993 Contaminaverunt
2755 2936 2990 3007 quidem
3013 2938 3347 3008 legem,non
3368 2953 3547 3007 quan-

1944 3030 2069 3081 tum
2101 3026 2372 3098 adipsam
2397 3028 2743 3097 lcgem,qum
2764 3028 2960 3078 sancta
2985 3028 3070 3078 est
3094 3027 3150 3078 et
3176 3023 3413 3088 munda,
3444 3021 3543 3076 sed

1946 3118 2223 3186 quantum
2240 3114 2312 3168 ad
2328 3129 2492 3167 suam
2509 3112 2799 3166 sinistram
2816 3108 3544 3182 interpretationem.Quod

1944 3206 2029 3259 est
2054 3202 2242 3257 dicere
2271 3218 2284 3256 :
2316 3201 2656 3272 Corruptam
2688 3200 2900 3270 delege
2934 3198 3219 3253 dederunt
3248 3197 3547 3269 expositio-

1943 3289 2380 3362 nem.Apposita
2395 3305 2564 3343 causa
2581 3287 2962 3359 quaextendet
2974 3285 3062 3339 vin
3072 3284 3548 3357 dictam,exponit

1942 3378 2128 3451 ipsam
2144 3378 2453 3432 vindictam
2470 3376 2545 3431 sic
2571 3392 2582 3429 :
2612 3376 2743 3430 Dico
2768 3374 3268 3429 extendetmanum
3281 3374 3389 3427 hoc
3420 3390 3544 3427 mo-

1944 3468 2038 3533 do,
2067 3467 2279 3521 scilicet
2300 3466 2456 3537 quod
2476 3466 2636 3519 divisi
2654 3470 2777 3518 sunt
2816 3465 2882 3517 ab
2908 3464 2995 3518 ira
3017 3463 3193 3516 vultus
3222 3464 3353 3533 ejus,
3382 3462 3439 3516 id
3462 3464 3548 3516 est

1944 3553 2269 3608 dividentur
2299 3553 2356 3606 in
2387 3552 2694 3623 diejudicii
2726 3569 2759 3605 a
2781 3567 2962 3621 regno
2998 3551 3120 3619 Dei,
3147 3550 3301 3621 quod
3330 3553 3545 3604 temere

1941 3641 2199 3697 habitare
2216 3643 2595 3712 praesumunt.
2614 3640 2680 3691 Et
2696 3639 2816 3691 haec
2845 3637 3041 3691 divisio
3060 3638 3358 3708 continget
3376 3637 3444 3689 ab
3464 3639 3547 3689 ira

1945 3729 2143 3789 Dei,id
2173 3732 2256 3781 est
2284 3731 2523 3799 propter
2561 3727 2669 3779 hoc
2700 3725 2855 3795 quod
2894 3724 2976 3777 eis
3004 3724 3113 3776 erit
3144 3724 3340 3776 iratus.
3379 3722 3546 3785 Quod

1945 3820 2137 3871 autem
2175 3815 2311 3869 dicit
2341 3816 2419 3867 ira
2446 3814 2623 3867 vultus
2650 3813 2779 3883 ejus,
2814 3813 3069 3866 humano
3102 3826 3264 3865 more
3288 3809 3442 3877 dicit,
3474 3826 3543 3864 eo

1945 3904 2099 3977 quod
2128 3903 2215 3957 ira
2243 3903 2426 3957 soleat
2458 3901 2516 3955 in
2550 3902 2707 3955 vultu
2753 3899 3061 3964 notificari,
3118 3897 3261 3952 nihil
3304 3899 3391 3950 est
3419 3897 3546 3967 plus

1944 3993 2010 4047 ab
2040 3995 2121 4046 ira
2170 3991 2346 4045 vultus
2394 4006 2570 4062 quam
2620 3990 2691 4044 ab
2722 3989 2809 4042 ira
2838 3986 3197 4059 simpliciter,
3228 3987 3313 4040 vel
3365 3985 3430 4038 ab
3462 3986 3544 4038 ira

1944 4083 2119 4135 vultus
2149 4081 2278 4151 ejus,
2312 4079 2369 4133 id
2391 4081 2476 4133 est
2504 4078 2576 4132 ab
2607 4078 2691 4131 ira
2717 4094 2849 4131 mea
2874 4076 3106 4148 quando
3138 4075 3195 4128 in
3220 4073 3422 4146 judicii
3453 4073 3545 4129 die

1946 4170 2235 4243 apparebo
2252 4170 2310 4223 in
2327 4167 2626 4238 majestate
2649 4166 2845 4220 iratus.
2870 4166 2965 4219 His
2980 4164 3231 4235 aquibus
3254 4163 3548 4233 neglectus

239 4260 386 4316 mihi
409 4259 896 4332 appropinquant,
928 4260 989 4311 ut
1007 4257 1405 4311 infidelitatem
1425 4273 1586 4311 suam
1616 4274 1732 4312 non
1752 4258 1847 4313 de-
1868 4247 1920 4306 D
1944 4276 2095 4325 sum,
2126 4257 2361 4311 veniens
2377 4256 2433 4309 in
2455 4254 2777 4310 humilitate
2791 4253 3075 4324 pacificus,
3110 4252 3206 4323 qui
3238 4250 3337 4304 Dei
3363 4250 3550 4304 vultus

240 4352 516 4414 serentes,
549 4347 892 4400 insidientur
912 4344 1091 4411 mihi;
1117 4347 1180 4398 ut
1226 4344 1573 4415 redarguere
1605 4349 1842 4418 queant,

239 4440 302 4493 et
333 4434 693 4491 occasionem
724 4449 870 4486 mete
903 4432 1106 4487 mortis
1135 4431 1451 4487 inveniant.

312 4522 669 4578 Annuntiata
700 4521 882 4575 salute
913 4537 1034 4586 sua,
1062 4519 1368 4574 annuntiat
1394 4536 1623 4592 quoque
1658 4520 1843 4592 dupli-

240 4628 371 4668 cem
385 4611 755 4665 inimicorum
767 4608 940 4663 damn
950 4607 1303 4674 ationem,de
1316 4624 1429 4679 qua
1445 4607 1703 4678 superius
1719 4624 1848 4681 ege-

240 4704 335 4756 rat
360 4697 683 4754 concessive
738 4696 835 4750 ubi
862 4695 1000 4750 dicit
1025 4713 1037 4750 :
1091 4690 1402 4765 Prwcipita,
1432 4699 1540 4751 etc.
1569 4695 1646 4750 Et
1674 4699 1849 4751 veniat

247 4806 415 4854 mors,
450 4790 559 4841 etc.
595 4786 667 4840 Ut
694 4784 867 4856 igitur
890 4784 1040 4838 hanc
1070 4766 1380 4838 annuntiet
1426 4789 1850 4856 consequenter

246 4872 931 4944 damnationem,repetit
943 4872 1097 4943 quod
1119 4870 1377 4944 superius
1402 4872 1613 4944 posuit,
1633 4876 1696 4927 ut
1717 4890 1849 4928 con-

244 4965 445 5021 firmet
472 4961 866 5028 sic.E.raudiet,
899 4960 1160 5032 inquam,
1193 4960 1338 5016 Deus
1368 4960 1604 5015 verbum
1638 4978 1753 5028 me,
1788 4966 1850 5017 ut

245 5053 572 5123 redimat,et
594 5068 659 5105 ex
678 5050 940 5122 opposito
960 5050 1271 5104 Izumiliabit
1283 5048 1395 5103 illos
1408 5049 1669 5105 inimicos
1690 5067 1854 5105 meos

252 5143 325 5197 ab
354 5141 578 5196 honore
634 5137 954 5204 mundano,
989 5140 1046 5190 et
1076 5141 1231 5191 terra
1284 5153 1385 5190 sua
1416 5137 1851 5209 praecipitando,

252 5232 401 5287 Deus
430 5230 681 5284 Verbum
703 5226 845 5281 mihi
871 5226 1254 5298 personaliter
1284 5225 1513 5281 unitum
1570 5227 1697 5282 dico
1731 5234 1856 5280 ante

253 5319 447 5375 saecula
478 5318 745 5381 existens,
776 5314 835 5370 id
861 5319 947 5370 est
970 5315 1041 5369 ab
1067 5317 1307 5383 mterno,
1331 5316 1487 5387 quod
1508 5315 1614 5385 ipsi
1657 5314 1856 5369 dicunt

254 5408 400 5467 mihi
428 5425 545 5463 non
576 5405 822 5461 unitum.
850 5404 1012 5469 Quod
1034 5409 1119 5459 est
1139 5404 1362 5459 dicere:
1400 5405 1539 5476 Ego,
1571 5405 1671 5476 qui
1709 5406 1857 5460 Deus

259 5502 319 5563 et
347 5497 524 5556 homo
551 5511 678 5569 sum
696 5492 1011 5551 secundum
1031 5492 1185 5567 quod
1211 5494 1358 5550 Deus
1389 5494 1857 5550 mtcrnus.sccun-

1945 4346 2104 4401 dicor
2135 4348 2192 4399 et
2210 4344 2405 4411 facies,
2438 4360 2505 4398 eo
2538 4342 2693 4415 quod
2716 4359 2819 4414 per
2850 4358 2941 4395 me
2966 4342 3114 4395 Deus
3140 4355 3322 4409 genus
3340 4338 3546 4392 huma-

1948 4450 2090 4489 num
2118 4431 2565 4487 misericorditer
2604 4429 2891 4500 respiciat,
2924 4429 3068 4482 sicut
3117 4428 3273 4481 vultu
3311 4426 3552 4498 quilibet

1946 4519 2178 4593 respicit
2206 4537 2220 4587 ;
2253 4520 2342 4573 vel
2372 4519 2449 4573 sic
2474 4518 2589 4589 legi
2641 4520 2850 4590 potest,
2877 4515 3107 4570 extendit
3154 4532 3373 4568 manum
3399 4531 3551 4568 suam

1950 4612 2005 4663 in
2037 4607 2386 4664 retribuendo.
2422 4607 2555 4662 Dico
2578 4606 2734 4677 quod
2771 4622 2890 4660 non
2924 4607 3009 4659 est
3038 4604 3148 4658 illis
3173 4602 3551 4657 commutatio

1951 4698 2021 4753 de
2053 4698 2204 4752 malo
2241 4696 2313 4751 ad
2345 4687 2651 4762 honum,et
2666 4695 2773 4749 hoc
2797 4693 2927 4748 ideo
2962 4693 3098 4765 quia
3122 4708 3227 4745 non
3253 4693 3549 4747 timuerunt

1948 4785 2121 4839 Deum
2137 4788 2198 4838 ut
2228 4782 2531 4838 obedirent
2557 4781 2855 4855 praeceptis
2875 4782 2922 4852 ej
2935 4798 3015 4835 us.
3045 4781 3111 4834 Et
3134 4780 3265 4835 licet
3282 4795 3415 4833 eum
3434 4793 3553 4831 non

1951 4873 2246 4939 timerent,
2282 4875 2477 4925 tamen
2531 4870 2759 4926 extendit
2786 4888 3003 4924 manum
3032 4886 3203 4934 suam,
3236 4868 3293 4920 id
3317 4868 3402 4920 est
3428 4881 3554 4918 am-

1950 4964 2109 5034 plam
2127 4961 2262 5016 fecit
2282 4957 3018 5031 largitatemmisericordiaa
3035 4972 3148 5009 suae
3162 4956 3216 5007 in
3228 4952 3556 5007 retribuendo

1955 5052 2109 5105 bona
2131 5066 2235 5121 pro
2269 5047 2455 5103 malis.
2490 5048 2561 5103 Ut
2586 5063 2718 5102 cum
2748 5045 2963 5100 scilicet
2988 5058 3240 5113 nequam
3268 5041 3479 5106 essent,
3502 5045 3561 5095 et

1955 5138 2098 5209 legis
2124 5137 2424 5209 praeceptis
2436 5153 2554 5190 non
2578 5134 2929 5197 ohedientes,
2962 5130 3218 5185 mitteret
3234 5129 3316 5184 eis
3335 5127 3559 5181 miseri-

1958 5242 1987 5279 c
2009 5226 2258 5290 ordiam,
2294 5224 2353 5278 id
2385 5229 2469 5278 est
2518 5224 2722 5279 Filium
2754 5236 2942 5286 suum,
2978 5236 3071 5273 me
3102 5219 3315 5274 scilicet
3341 5216 3438 5287 qui
3467 5232 3569 5271 eos

1959 5313 2032 5368 ad
2061 5313 2211 5368 viam
2237 5312 2365 5368 vitae
2392 5314 2756 5367 reducerem.
2786 5311 2856 5364 Et
2880 5307 2988 5378 ipsi
3020 5324 3139 5362 non
3166 5308 3563 5378 cognoverunt

1964 5400 2421 5457 misericordiam
2448 5400 2568 5464 Dei,
2585 5396 2686 5451 sed
2699 5395 3244 5456 contaminaverunt
3266 5395 3579 5448 testamen-

1971 5493 2095 5546 tum
2113 5490 2256 5563 ejus,
2278 5488 2429 5542 male
2452 5505 2515 5544 ex
2523 5486 2886 5561 ponendo,ct
2902 5483 3303 5560 detorquendo
3321 5480 3393 5537 ad
3405 5479 3582 5553 aliud,
