4004 6052
260 320 363 383 889

1270 312 1627 376 EXPOSITIO
1665 316 1737 374 IN
1772 314 2109 376 PSALMOS.
2131 347 2205 362 —
2241 316 2436 375 PSAL.
2479 316 2565 372 LV

3468 330 3578 387 890

261 446 514 519 nigenze,
554 440 612 499 id
644 443 749 510 est,
782 437 1169 519 alieni,‘juxAta
1193 442 1350 515 quod
1381 443 1440 499 in
1473 444 1695 516 psalmo
1719 441 1869 498 deci-
1889 444 1943 503 Α
1970 444 2077 498 etc.
2099 443 2251 498 Bene
2265 442 2500 515 quidem
2519 440 2681 513 ponit
2698 446 2806 497 tota
2835 441 2935 498 die.
2954 443 3258 518 Nunquam
3306 448 3463 506 enim
3483 450 3581 508 i119,

259 513 359 591 mo
401 532 647 606 septimo
678 531 925 604 legitur:
1174 513 1229 581 «ﬁ
1254 531 1376 586 Filii
1422 513 1593 587 alieni
1644 530 1871 586 mentiti

263 625 396 678 sunt
426 620 568 676 mihi
601 619 771 690 (Psal.
804 636 934 675 xvu.
969 620 1082 684 48).
1127 640 1154 667 ››
1186 618 1296 674 Per
1337 620 1479 674 Geth
1505 619 1739 692 quidem
1773 618 1868 691 qui

264 709 498 766 torcular
525 710 963 779 interpretatur,
992 706 1273 779 passionis
1314 724 1577 780 pressura
1617 711 1869 775 notatur,

262 814 332 854 eo
360 797 514 869 quod
542 795 844 851 torcularis
872 812 992 850 esse
1024 796 1169 850 solet
1199 812 1486 868 premere.
1510 797 1625 851 Hoc
1647 798 1869 863 notato,

263 886 337 941 ad
363 884 513 940 tituli
543 883 718 940 verba
750 882 1095 955 exponenda
1121 884 1481 939 accedamus.

333 974 592 1030 Psalmus
620 972 723 1027 iste
756 980 843 1027 est
873 988 1050 1044 agens
1075 987 1179 1043 pro
1219 973 1431 1044 populo
1461 973 1694 1028 Judaico
1713 988 1871 1027 com-

258 1062 540 1118 mutando
564 1078 666 1132 per
692 1060 890 1127 ﬁdem,
915 1062 969 1113 in
994 1061 1171 1129 ﬁnem,
1196 1060 1255 1116 id
1283 1064 1386 1128 est,
1416 1061 1472 1116 in
1505 1061 1875 1117 ceufurmita-

261 1152 381 1205 tem
409 1153 466 1205 et
487 1150 609 1220 subj
620 1149 907 1203 ectionem
937 1147 1163 1217 Christi,
1184 1150 1423 1221 quiﬁnis
1446 1154 1532 1204 est
1554 1152 1873 1223 prophetia:

260 1243 322 1296 et
350 1238 511 1311 legis,
524 1256 627 1310 pro
643 1237 841 1309 populo
865 1237 1011 1304 dico,
1035 1240 1129 1309 qui
1157 1238 1307 1308 longe
1320 1239 1499 1309 factus
1515 1246 1631 1293 θεία
1658 1241 1871 1306 sanctis,

257 1327 319 1382 id
349 1331 453 1395 est,
499 1327 666 1381 valde
699 1325 991 1381 dissimilis
1040 1326 1223 1381 factus
1282 1330 1367 1381 est
1394 1328 1465 1382 ab
1494 1328 1785 1399 apostolis,
1818 1331 1875 1382 et

260 1416 386 1471 aliis
416 1415 679 1470 ﬁdelibus
696 1414 902 1469 veteris
927 1414 1089 1485 legis;
1123 1414 1219 1485 qui
1248 1414 1536 1470 Christum
1562 1432 1761 1486 regem
1784 1417 1875 1471 Ju-

260 1503 522 1558 dazorum
548 1519 669 1558 esse
696 1501 1086 1569 crediderunt,
1114 1503 1257 1557 sicut
1285 1503 1392 1558 fuit
1419 1505 1626 1575 Ioseph
1659 1505 1730 1559 ab
1748 1503 1873 1558 Ari-

259 1590 483 1646 mathia
508 1593 567 1645 et
590 1590 954 1657 Nicodemus,
988 1593 1047 1645 et
1076 1591 1351 1646 Gamaliel
1384 1591 1593 1663 aliique
1618 1592 1785 1648 multi
1818 1596 1875 1647 et

260 1695 466 1735 eorum
495 1677 993 1749 contemporanei,
1028 1682 1085 1733 et
1112 1682 1246 1733 ante
1275 1682 1505 1749 tempus
1530 1695 1733 1733 eorum
1764 1678 1872 1733 exi~

1973 530 2065 585 die
2082 531 2154 586 ab
2171 532 2290 602 ejus
2314 530 2684 586 tribulatione
2720 530 3162 603 impugnatione
3196 544 3577 608 cessaverunt,

1970 620 2057 674 vel
2088 619 2165 674 sic
2199 620 2491 675 tribulavit
2519 636 2613 673 me
2657 618 2715 671 in
2761 619 2851 673 die
2898 621 3195 690 passionis,
3230 624 3582 698 impugnans

1973 723 2068 762 me
2107 708 2265 779 prius
2297 712 2427 762 ante
2448 707 2774 777 passionem
2796 707 2983 761 verbis
3016 710 3446 778 maledicis,tota
3475 715 3579 783 die,

1972 795 2031 850 id
2057 800 2161 863 est,
2192 796 2436 863 assidue,
2470 795 2665 850 dicens
2692 812 2703 849 :
2736 818 2762 844 ‹‹
2796 796 3164 852 Deemonium
3200 799 3580 873 habes(Joan.

1973 901 2027 950 x,
2060 886 2179 951 20),
2212 906 2238 932 ››
2270 887 2327 939 et
2356 886 2565 938 caetera
2612 883 2840 937 similia.
2882 884 3211 940 Notandum
3238 890 3454 957 autem,
3490 890 3583 945 hic

1974 970 2263 1025 Christum
2290 971 2575 1025 introduci
2601 975 2873 1042 agentem
2905 974 3039 1026 ante
3068 975 3294 1045 tempus
3305 977 3586 1047 passionis

1974 1074 2109 1111 suae.
2142 1057 2427 1121 Quoniam
2452 1061 2643 1113 autem
2668 1075 2726 1113 se
2746 1060 3204 1117 conculcandum
3235 1080 3353 1119 esse
3374 1065 3583 1137 praedi-

1973 1147 2152 1211 xerat,
2188 1162 2260 1200 ne
2293 1146 2582 1201 videretur
2602 1164 2704 1218 pro
2735 1147 2957 1202 meritis
2970 1148 3083 1203 suis
3109 1167 3229 1205 esse
3250 1154 3586 1208 conculcan-

1975 1231 2099 1299 dus,
2132 1233 2341 1304 repetit
2371 1234 2638 1288 addendo
2700 1252 2930 1290 causam
2985 1240 3435 1295 conculcationis
3464 1242 3581 1296 sic:

1975 1320 2110 1375 Dico
2143 1321 2297 1392 quod
2324 1324 2682 1378 conculcabit
2704 1343 2786 1379 me
2818 1327 2991 1394 homo,
3013 1331 3199 1383 etnon
3224 1329 3281 1383 in
3297 1332 3411 1385 Deo
3429 1331 3585 1402 quod

1973 1409 2402 1479 promeruerim
2438 1427 2449 1465 :
2499 1411 2599 1465 sed
2644 1414 3080 1469 conculcaverunt
3110 1434 3192 1470 me
3243 1420 3448 1473 inimici
3481 1421 3588 1474 mei

1977 1500 2085 1551 tota
2112 1497 2214 1563 die,
2241 1496 2300 1552 id
2332 1502 2435 1566 est,
2469 1501 2889 1555 conculcabunt
2921 1510 3139 1557 metata
3178 1505 3261 1558 (lic
3282 1507 3580 1577 passionis,

1973 1582 2103 1638 ideo
2132 1584 2265 1656 quia
2286 1589 2419 1640 sunt
2446 1590 2652 1641 inimici
2676 1592 2794 1643 mei.
2820 1590 2982 1653 Quod
3020 1595 3105 1646 est
3134 1593 3351 1649 dicere:
3386 1594 3582 1649 Inimi-

1973 1671 2105 1727 citia
2137 1675 2258 1729 sola
2289 1674 2397 1729 erit
2428 1692 2619 1744 causa,
2648 1695 2767 1732 non
2795 1680 3029 1750 aliquod
3062 1682 3335 1736 meritum
3363 1700 3583 1738 meum.

258 1770 497 1822 stentes.
528 1766 663 1821 Dico
703 1765 857 1837 quod
889 1765 1039 1835 longe
1060 1767 1236 1835 factus
1265 1772 1339 1820 est
1362 1784 1394 1819 a
1427 1769 1641 1832 sanctis,
1674 1766 1731 1820 in
1763 1767 1872 1821 hoc
1894 1768 1944 1826 B
1972 1759 2050 1813 Ne
2083 1761 2372 1816 Viderelur
2392 1766 2586 1819 autem
2622 1766 2773 1837 quod
2807 1767 3078 1822 timorem
3116 1769 3412 1824 habiturus
3437 1775 3584 1827 esset

257 1854 475 1910 scilicet
503 1856 676 1926 longe
706 1853 889 1909 factus
919 1856 1006 1908 est
1049 1852 1110 1907 in
1141 1852 1514 1925 inscriptione
1542 1853 1688 1908 tituli
1720 1853 1871 1909 facta

254 1945 364 2015 ipsi
388 1942 586 2011 David,
617 1943 674 1997 id
704 1946 809 2009 est,
843 1941 1064 1997 Christo
1092 1958 1124 1995 a
1155 1940 1337 1997 Pilato
1367 1960 1380 1996 :
1416 1959 1542 2013 quae.
1574 1942 1868 2015 inscriptio

253 2031 381 2087 haec
412 2035 529 2087 est:
574 2054 602 2083 ‹‹
659 2031 819 2085 Jesus
847 2030 1170 2085 Nazarenus
1204 2046 1303 2084 rex
1331 2030 1658 2085 Iudaeorum
1689 2031 1868 2100 (Joan.

252 2135 369 2187 nx,
401 2120 508 2191 19).
542 2140 570 2169 »
600 2120 663 2175 In
694 2117 842 2174 tituli
867 2117 1242 2191 inscriptione
1274 2117 1399 2173 dico
1431 2119 1871 2175 eommutataab

253 2208 468 2264 eodem
498 2209 734 2282 populo,
759 2223 890 2262 cum
914 2206 1221 2278 Allophyli,
1255 2206 1317 2263 id
1345 2210 1449 2274 est,
1482 2207 1603 2278 ipse
1629 2208 1872 2280 populus

252 2296 507 2352 existens
536 2295 845 2369 Allophyli,
893 2295 953 2350 id
1006 2297 1091 2349 est
1130 2294 1323 2349 alieni.
1360 2295 1519 2350 Prius
1542 2300 1736 2350 autem
1768 2294 1869 2349 filii

250 2388 570 2441 tenuerunt
600 2400 734 2440 eum
767 2383 827 2438 in
857 2383 1020 2449 Geth,
1055 2381 1112 2436 id
1133 2385 1237 2449 est,
1271 2385 1619 2454 putaverunt
1641 2400 1773 2438 eum
1794 2387 1874 2438 te-

252 2489 399 2529 nere
428 2473 487 2528 in
519 2489 785 2547 pressura
804 2471 1026 2538 mortis,
1042 2488 1114 2526 ne
1128 2472 1873 2543 resurgeret.Commutavit

252 2561 415 2616 enim
442 2560 547 2616 iste
562 2562 805 2634 populus
825 2559 1365 2631 titulum,quantum
1380 2557 1454 2613 ad
1473 2559 1870 2614 credulitatem

250 2664 426 2703 suam
459 2647 654 2703 dicens
682 2648 754 2702 ad
803 2647 1085 2701 Pilatum:
1118 2666 1150 2699 ‹‹
1186 2647 1311 2701 Noli
1343 2646 1588 2701 scribere
1633 2665 1733 2701 rex
1775 2648 1869 2701 Ju-

260 2735 553 2803 daaorum,
587 2736 686 2791 sed
715 2735 851 2807 quia
878 2735 997 2808 ipse
1026 2735 1197 2790 dicit:
1224 2736 1341 2789 Rex
1370 2752 1497 2790 sum
1535 2736 1870 2791 Judmorum

255 2823 447 2896 (1bid.,
481 2824 592 2894 21).
623 2844 651 2873 ››
686 2824 753 2878 Et
780 2823 891 2878 hoc
920 2827 1107 2877 totum
1139 2826 1243 2891 est,
1281 2840 1347 2878 ac
1392 2823 1436 2878 si
1470 2823 1658 2879 dicat:
1718 2826 1872 2879 Psal-

253 2928 391 2968 mus
420 2912 526 2967 iste
554 2911 673 2983 agit
709 2928 813 2983 pro
842 2912 1083 2966 utilitate
1110 2911 1306 2984 populi
1329 2911 1567 2980 Judaici,
1601 2912 1697 2983 qui
1718 2913 1873 2983 prius

251 3000 434 3072 longe
457 3001 638 3055 factus
688 3002 774 3055 est
818 3017 852 3055 a
889 2999 1119 3067 sanctis,
1151 3017 1255 3073 per
1282 3001 1392 3056 hoc
1423 3001 1577 3072 quod
1607 3017 1871 3057 commu-

1972 1847 2032 1901 in
2065 1848 2187 1921 ipsa
2214 1852 2666 1920 conculcatione,
2700 1859 2957 1909 removet
2986 1856 3093 1911 hoc
3124 1858 3226 1912 sub
3258 1858 3581 1931 interroga-

1973 1938 2130 1992 tione
2159 1939 2266 1993 sic:
2303 1940 2424 1994 Dixi
2466 1942 2620 2012 quod
2657 1959 2750 1996 me
2782 1945 3220 2011 conculcabunt,
3253 1952 3303 1999 et
3331 1950 3582 2018 quoniam

1971 2026 2130 2080 multi
2144 2026 2389 2081 bellantes
2424 2033 2482 2083 et
2508 2029 2693 2083 verbis
2716 2034 2773 2084 et
2798 2030 3258 2087 tribulationibus
3288 2039 3457 2089 erunt
3491 2036 3583 2088 ad-

1972 2130 2173 2167 versum
2206 2133 2306 2183 me,
2342 2115 2437 2186 qui
2470 2117 2568 2170 alti
2599 2121 2790 2184 erunt,
2824 2118 2881 2173 id
2913 2122 3018 2187 est,
3051 2121 3279 2191 superbi
3311 2120 3367 2174 in
3399 2122 3582 2177 domi-

1972 2201 2360 2274 natione.quaa
2380 2204 2913 2274 permittetureisin
2932 2209 3242 2274 me,timebo
3471 2227 3579 2281 ego

1971 2289 2038 2342 ab
2068 2290 2349 2344 altitudine
2373 2291 2480 2344 diei
2511 2334 2525 2359 ,
2558 2292 2612 2347 id
2641 2298 2745 2361 est,
2776 2296 3003 2351 habebo
3042 2296 3313 2351 timorem
3346 2300 3583 2370 propter

1970 2378 2300 2449 superbiam
2335 2378 2747 2436 dominationis
2768 2384 3103 2455 temporalis
3124 2388 3182 2439 et
3202 2385 3581 2449 brevis.Quod

1970 2469 2056 2520 est
2086 2465 2273 2521 dicere
2296 2484 2309 2521 :
2335 2467 2574 2523 Timebo
2604 2472 2761 2541 quod
2780 2488 2981 2526 eorum
3006 2473 3268 2540 altitudo,
3291 2473 3348 2526 id
3367 2474 3579 2541 est,do-

1971 2553 2216 2610 minatio
2247 2554 2459 2611 ducens
2480 2575 2571 2612 me
2596 2559 2668 2613 ad
2699 2565 2972 2627 mortem,
3005 2562 3075 2615 sit
3095 2578 3264 2616 causa
3289 2579 3466 2634 quare
3488 2563 3583 2617 de-

1970 2642 2160 2697 tinear
2190 2642 2248 2696 in
2266 2646 2475 2699 morte.
2503 2646 2898 2719 Nequaquam.
2926 2648 3067 2704 Cum
3081 2650 3581 2721 ponitdici,innuit

1973 2730 2107 2801 quia
2118 2731 2276 2786 brevi
2295 2735 2560 2804 tempore
2582 2734 2858 2790 duratura
2877 2740 2961 2791 est
2978 2737 3299 2792 dominatio
3314 2737 3578 2809 illa,quo-

1972 2818 2131 2872 niam
2153 2819 2273 2874 dies
2287 2838 2432 2875 unus
2444 2822 2614 2876 breve
2636 2826 2863 2893 tempus
2887 2828 2991 2879 est.
3025 2826 3103 2879 Ac
3120 2825 3165 2878 si
3190 2829 3580 2896 poneret,non

1973 2908 2347 2976 generabitur
2372 2910 2513 2963 mihi
2554 2911 2751 2979 timor,
2785 2929 2901 2966 non
2928 2908 3267 2985 resurgendi
3298 2914 3365 2967 ab
3394 2914 3579 2968 altitu-

1971 2993 2112 3063 dine,
2130 3013 2255 3067 quae
2277 3013 2381 3067 per
2410 2998 2562 3053 diem
2596 2999 2780 3054 solum
2810 3000 3084 3056 duratura
3114 3004 3215 3055 est.
3245 3000 3364 3071 Ego
3393 3019 3511 3056 vero
3526 3004 3582 3055 in

254 3049 401 3143 tavit
430 3087 863 3159 inscriptionem
899 3087 1046 3141 tituli
1077 3049 1135 3142 et
1151 3049 1294 3143 voce
1326 3092 1385 3142 et
1410 3049 1871 3157 adfectionemum
1899 3049 1947 3108 C
1975 3089 2022 3136 τε
2050 3049 2295 3154 ερεῖγιὸοἷ
2328 3086 2407 3140 Ac
2454 3085 2497 3139 si
2531 3086 2779 3142 diceret:
2812 3088 2937 3143 Non
2970 3090 3183 3155 timebo,
3215 3049 3323 3143 sed
3349 3106 3456 3160 ego
3482 3090 3578 3161 qui

253 3176 385 3248 ipse
415 3177 634 3232 alienus
655 3177 835 3232 voluit
864 3176 1149 3232 Christum
1176 3177 1233 3231 in
1256 3181 1443 3233 morte
1460 3177 1718 3233 detinere
1737 3195 1750 3233 :
1766 3195 1871 3233 no-

257 3264 393 3319 lens
419 3264 685 3319 videlicet
709 3263 1001 3319 Christum
1030 3280 1231 3337 regem
1258 3282 1424 3320 suum
1459 3282 1599 3320 esse.
1630 3266 1736 3330 Qui
1767 3282 1871 3337 po-

259 3353 433 3425 pulus
460 3352 907 3408 commutandus
935 3355 1020 3407 est
1041 3354 1112 3408 ab
1139 3353 1543 3408 incredulitate
1572 3357 1631 3409 et
1661 3354 1874 3409 duritia

259 3457 388 3508 sua,
417 3441 475 3496 in
506 3440 681 3496 ﬁdem
716 3440 944 3496 Christi.
975 3442 1040 3495 Et
1072 3442 1222 3496 bene
1249 3441 1457 3496 dicitur
1486 3444 1738 3514 psalmus
1768 3443 1873 3497 iste

254 3546 438 3602 agere
456 3540 574 3602 pro
604 3529 847 3584 utilitate
877 3529 1075 3600 populi
1092 3529 1509 3585 commutandi.
1545 3530 1687 3584 Cum
1715 3531 1873 3585 enim

253 3618 320 3673 in
348 3616 629 3690 superiori
655 3618 881 3688 psalmo
910 3618 982 3672 de
1015 3617 1376 3688 passione,et
1401 3617 1471 3672 de
1502 3620 1665 3689 parte
1681 3619 1875 3691 populi

259 3704 811 3777 damnandaagens,
836 3705 1089 3761 Christus
1118 3704 1476 3760 introductus
1489 3705 1581 3760 sit.
1614 3706 1878 3761 Introdu-

260 3794 413 3849 citur
442 3794 501 3849 in
526 3794 635 3850 hoc
665 3811 838 3850 orans
880 3798 1013 3849 ante
1040 3793 1365 3867 passionem
1398 3811 1472 3850 ne
1504 3796 1691 3863 cedat,
1725 3798 1783 3851 et
1814 3799 1877 3851 ut

258 3886 543 3953 resurgat.
578 3883 898 3938 Ostendens
929 3880 1253 3954 passionem
1284 3886 1543 3951 suam,et
1556 3885 1873 3957 populisal-

258 3969 437 4026 vandi
468 3971 1009 4027 commutationem.
1028 3970 1191 4035 Quod
1212 3972 1286 4027 ad
1309 3973 1430 4044 ejus
1449 3973 1760 4028 utilitatem
1788 3973 1875 4029 di-

259 4059 361 4127 cit,
395 4064 455 4114 ut
477 4076 582 4131 per
611 4060 719 4115 hoc
748 4060 906 4132 quod
937 4060 1058 4131 ejus
1088 4060 1467 4117 commutatio
1515 4062 1872 4135 praedicitur,

260 4146 338 4203 ad
365 4147 548 4220 ipsam
579 4147 1097 4203 commutationem
1124 4148 1409 4204 incitetur.

335 4233 530 4289 Misere
557 4237 682 4302 mei,
704 4234 869 4303 Deus,
894 4239 958 4291 ut
985 4253 1080 4291 me
1110 4240 1471 4293 constantem
1505 4237 1679 4294 facias
1704 4242 1762 4295 et
1783 4257 1875 4295 re-

1973 3188 2100 3227 sum
2132 3173 2434 3237 innocens,
2454 3174 2660 3245 justus,
2694 3176 2795 3231 tibi
2823 3177 3117 3233 obediens.
3144 3179 3360 3248 sperabo
3390 3195 3580 3232 resur-

1972 3260 2309 3329 rectionem,
2344 3263 2397 3315 in
2427 3269 2491 3329 te,
2523 3262 2579 3317 id
2610 3266 2713 3331 est,
2742 3264 2798 3318 in
2826 3266 3286 3321 consideratione
3306 3266 3581 3337 potentiae

1974 3351 2029 3403 et
2058 3349 2463 3405 misericordia:
2502 3353 2635 3406 tum.
2676 3352 3003 3408 Notandum
3038 3357 3232 3409 autem
3261 3356 3416 3426 quod
3447 3358 3581 3409 ante

1977 3439 2330 3510 passionem,
2374 3456 2505 3494 cum
2553 3439 2673 3512 ipse
2704 3442 2953 3514 passioni
2984 3443 3279 3515 proximus
3308 3446 3474 3514 esset,
3507 3444 3583 3499 ad

1973 3526 2414 3581 instructionem
2436 3545 2672 3583 suorum
2701 3534 2904 3602 sponte
2919 3532 3438 3587 Christustimuisse
3457 3549 3586 3604 per-

1972 3614 2221 3671 hibetur.
2255 3616 2318 3668 In
2348 3616 2611 3686 passione
2627 3634 2761 3672 vero
2780 3618 2904 3689 jam
2926 3621 3161 3692 positus,
3184 3620 3439 3675 timuisse
3462 3638 3582 3675 non

1972 3703 2202 3774 legitur.
2233 3702 2376 3767 Quia
2403 3720 2537 3758 vero
2569 3721 2799 3775 sperare
2819 3706 2940 3761 sine
2962 3708 3117 3761 bona
3132 3708 3266 3775 vita,
3290 3726 3409 3763 non
3430 3724 3580 3778 spes,

1973 3791 2074 3845 sed
2105 3791 2481 3863 praesumptio
2511 3791 2758 3846 dicenda
2788 3797 2891 3861 est,
2927 3794 3086 3848 addit
3120 3812 3132 3848 :
3178 3795 3312 3849 Dico
3340 3797 3580 3866 sperabo,

1975 3896 2102 3951 qua:
2124 3897 2253 3953 spes
2274 3883 2730 3953 praesumptuosa
2741 3897 2857 3935 non
2876 3880 3002 3949 erit,
3022 3899 3157 3936 nam
3176 3900 3282 3953 ego
3301 3887 3435 3937 ante
3456 3900 3585 3953 pas-

1974 3967 2196 4023 sionem
2213 3971 2269 4022 in
2282 3968 2394 4022 Deo
2412 3968 2740 4037 existens,id
2759 3970 2862 4035 est,
2890 3968 2948 4023 in
2976 3970 3311 4040 operatione
3334 3974 3391 4024 et
3410 3971 3582 4026 laude

1975 4053 2099 4120 Dei,
2130 4054 2356 4110 laudabo
2385 4074 2664 4124 sermones,
2700 4056 2757 4111 id
2789 4059 2892 4124 est,
2924 4056 3241 4112 laudabiles
3273 4058 3582 4113 ostendam

1974 4141 2127 4196 bona
2154 4143 2268 4197 vita
2299 4161 2431 4199 mea
2482 4145 2920 4215 przedicationes
2967 4162 3144 4201 meas.
3181 4145 3348 4211 Quod
3377 4150 3463 4200 est
3493 4147 3583 4202 di-

1976 4244 2104 4285 cere
2127 4248 2141 4286 :
2173 4233 2324 4288 Bene
2354 4232 2595 4288 vivendo
2617 4234 3086 4306 praedicationem
3112 4252 3307 4291 meam
3328 4234 3587 4291 laudabi-

260 4323 518 4391 suscites,
568 4328 627 4379 et
670 4341 900 4379 necesse
932 4327 1019 4379 est
1070 4327 1130 4379 ut
1181 4325 1292 4380 hoc
1321 4342 1507 4393 orem,
1541 4330 1600 4381 et,
1631 4327 1875 4399 dignum
1898 4335 1950 4394 D
1975 4319 2090 4374 lem
2122 4322 2448 4376 ostendam.
2484 4322 2645 4377 Unde
2676 4322 2734 4377 in
2763 4323 2996 4378 Actibus
3026 4324 3417 4394 apostolorum
3437 4324 3581 4395 legi-

262 4411 441 4467 etiam
468 4415 555 4468 est
574 4416 636 4468 ut
658 4412 983 4469 miserearis
1015 4432 1028 4483 ;
1054 4417 1303 4486 quoniam
1326 4416 1507 4470 Deum
1526 4434 1607 4471 me
1638 4421 1695 4472 et
1711 4418 1876 4473 Crea-

262 4501 453 4556 torem
472 4501 794 4557 concullavit
821 4502 998 4570 homo,
1020 4501 1079 4557 id
1093 4504 1197 4569 est,
1221 4503 1581 4558 conculcabit
1609 4504 1875 4560 Judaicus

262 4590 529 4661 populus,
556 4590 652 4662 qui
671 4590 849 4645 homo
873 4594 977 4659 est,
1012 4589 1069 4645 id
1119 4594 1223 4656 est,
1256 4595 1557 4648 creatura:
1589 4593 1739 4665 quod
1781 4594 1870 4650 in-

263 4675 509 4749 dignum
539 4680 626 4732 est
652 4681 714 4733 ut
731 4681 994 4733 creatura
1027 4679 1361 4734 Creatorem
1390 4683 1705 4736 conculcet.
1727 4681 1869 4738 Cum

262 4762 401 4819 dicit
427 4764 774 4835 conculcabit,
818 4765 1021 4823 alludit
1045 4766 1410 4823 similitudini
1452 4769 1524 4824 de
1575 4769 1866 4837 torculari,

259 4852 395 4924 quia
423 4858 693 4925 posuerat
720 4855 779 4909 in
798 4854 962 4910 titulo
980 4855 1301 4927 Geth,quod
1323 4856 1739 4929 interpretatur
1755 4861 1872 4913 tor-

260 4941 444 4997 cular:
491 4943 788 4998 torcularis
816 4943 975 4999 enim
1001 4947 1086 4998 est
1117 4960 1249 4999 uvas
1284 4945 1640 5013 conculcare,
1664 4948 1749 5001 vel
1770 4945 1866 5001 sic:

261 5028 632 5085 Conculeabit
660 5048 742 5086 me
769 5033 944 5099 homo,
979 5031 1039 5087 id
1069 5035 1176 5099 est,
1200 5031 1465 5087 Iudaicus
1490 5034 1751 5106 pepulus,
1774 5034 1871 5107 qui

260 5115 599 5188 simpliciter
630 5121 716 5173 est
745 5119 941 5186 homo,
976 5119 1035 5173 id
1078 5123 1184 5187 est,
1215 5119 1482 5174 animalis
1508 5137 1625 5175 non
1672 5122 1870 5193 utique

260 5202 591 5276 spiritualis.
622 5207 869 5279 Exponit
894 5223 1029 5262 vero
1043 5208 1338 5279 quomodo
1355 5210 1871 5277 eonculcabit,cum

263 5293 563 5365 adjungit:
626 5294 763 5349 Dico
797 5295 1187 5349 conculcabit:
1223 5295 1303 5350 ita
1339 5296 1551 5351 scilicet
1598 5298 1872 5353 tribulavit

261 5398 362 5449 me,
395 5381 455 5436 id
484 5385 588 5451 est,
612 5382 886 5437 cruciabit
918 5382 1378 5439 tribulationibus
1406 5391 1515 5439 tota
1544 5385 1627 5439 die
1652 5386 1869 5457 passio-

262 5469 353 5525 nis
374 5486 540 5537 mem,
564 5471 888 5543 impugnans
908 5487 1004 5526 me
1030 5470 1216 5526 verbis
1238 5471 1480 5528 dicendo
1503 5490 1516 5527 :
1541 5492 1572 5526 α
1591 5474 1690 5529 Hic
1711 5474 1865 5531 dicit:

264 5560 503 5622 Possum
529 5560 823 5617 destruere
853 5562 1137 5635 templum
1157 5560 1259 5617 Dei
1281 5560 1507 5635 (Matth.
1539 5580 1686 5635 xxvn,
1714 5566 1869 5639 61),››

1973 4412 2100 4463 tur:
2135 4433 2163 4460 «
2198 4410 2380 4482 C(epit
2432 4412 2591 4465 Jesus
2622 4411 2810 4465 facere
2842 4414 2900 4466 et
2955 4412 3160 4467 docere
3190 4412 3337 4479 (Act.
3371 4430 3409 4480 ι,
3448 4417 3517 4483 1).
3550 4435 3581 4464 ››

1972 4499 2118 4553 Nam
2148 4499 2194 4553 si
2223 4516 2291 4554 ea
2316 4515 2445 4572 qua:
2474 4498 2829 4572 prmdicabat
2867 4516 3040 4570 opere
3064 4518 3181 4556 non
3211 4502 3580 4572 complesset,

1972 4602 2091 4641 non
2123 4587 2320 4659 utique
2361 4588 2482 4657 ejus
2542 4587 2875 4658 praedicatio
2925 4587 3225 4643 laudabilis
3255 4590 3579 4645 exstitisset.

2043 4674 2331 4738 Quoniam
2369 4691 2503 4729 vero
2534 4673 2756 4729 dixerat
2800 4677 2856 4728 in
2889 4678 2940 4730 te
2962 4678 3178 4746 sperabo
3210 4677 3289 4750 (in
3314 4680 3581 4751 passione

1973 4761 2203 4827 scilicet)
2234 4780 2306 4817 ne
2336 4761 2623 4817 videretur
2642 4762 2802 4817 innui
2826 4764 2959 4818 ante
2977 4765 3301 4835 passionem
3315 4783 3434 4821 non
3450 4784 3580 4838 spe-

1972 4867 2123 4916 rare,
2164 4849 2323 4905 addit
2354 4868 2470 4905 non
2496 4852 2681 4906 solum
2716 4851 2774 4905 in
2803 4852 3066 4924 passione
3094 4855 3358 4924 sperabo,
3391 4855 3492 4909 sed
3523 4859 3582 4910 et

1975 4942 2031 4993 in
2060 4938 2172 4993 Deo
2199 4941 2407 5011 speravi
2430 4956 2660 5011 semper
2690 4941 2905 5012 ideoque
2934 4959 3039 4994 non
3062 4943 3246 4996 timebo
3258 4944 3389 5015 quid
3400 4944 3581 5013 faciat

1969 5028 2107 5082 mihi
2126 5045 2269 5087 caro.
2304 5028 2467 5092 Quod
2498 5032 2583 5084 est
2603 5028 2792 5083 dicere
2818 5045 2830 5082 :
2865 5029 3058 5100 Neque
3091 5029 3308 5085 timebo
3338 5035 3580 5105 propter

1970 5134 2173 5173 eorum
2204 5117 2590 5183 altitudinem,
2624 5119 2686 5171 ut
2712 5117 2770 5171 in
2805 5120 2992 5171 morte
3026 5117 3580 5193 detineat,nequeti-

1971 5207 2143 5262 mebo
2176 5206 2569 5261 tribulationes
2599 5207 2657 5259 et
2682 5203 3068 5275 blasphemias
3099 5210 3156 5260 et
3185 5206 3415 5264 insidias
3436 5228 3576 5283 quas

1969 5298 2181 5373 facient
2211 5296 2351 5352 mihi
2381 5297 2461 5350 illi
2493 5295 2589 5368 qui
2619 5295 2986 5349 solummodo
3016 5297 3274 5351 carnales
3299 5303 3576 5367 sunt,non

1970 5388 2145 5443 etiam
2175 5385 2513 5458 spirituales.
2548 5383 2795 5455 Exponit
2825 5385 3019 5437 autem
3051 5383 3189 5454 quid
3233 5385 3445 5441 facient
3472 5405 3579 5459 per

1966 5479 2181 5549 partes,
2214 5474 2451 5529 sicziloc
2480 5471 2692 5527 scilicet
2712 5472 2861 5540 mihi,
2885 5470 3190 5526 facietcaro
3227 5480 3333 5529 tota
3377 5474 3481 5544 die,
3517 5477 3577 5533 id

1968 5568 2074 5635 est,
2096 5562 2317 5637 jugiter
2328 5560 2755 5629 exsecrabantur,
2785 5559 2846 5618 id
2870 5562 2956 5617 est
2970 5562 3573 5639 exsecrabiliajudica—
