4004 6052
423 275 518 341 Bst

1030 286 1087 342 S.
1127 282 1472 343 BRUNONIS
1512 283 2145 345 CARTHUSIANORUM
2181 288 2646 348 INSTITUTORIS
2687 287 2841 348 OPP.
2887 293 3063 349 PARS
3103 296 3125 350 Ι

3626 295 3742 355 892

419 405 565 461 bunt
592 404 748 460 verba
776 419 914 468 mea,
947 406 1189 463 dicendo
1227 425 1277 464 :«
1307 408 1599 464 Abraham
1630 411 1892 465 mortuus
1934 411 2018 463 est
2046 409 2103 469 A
2126 408 2367 465 ditatem
2392 411 2520 466 vitae
2549 428 2683 467 sure.
2718 412 2785 466 Et
2806 413 2915 468 hoc
2942 414 3130 469 totum
3163 415 3249 468 est
3278 430 3343 469 ac
3371 413 3414 469 si
3441 414 3519 470 sic
3547 431 3740 487 pone-

418 495 737 566 prophetaa,
768 499 825 550 et
856 500 915 550 tu
945 496 1101 565 dicis;
1118 496 1175 552 Si
1195 498 1320 569 quis
1339 515 1669 554 sermonem
1690 516 1886 553 meum
1902 514 2019 553 ser-

422 584 916 651 vaverit,mortem
934 602 1049 640 non
1069 588 1317 658 gustabit
1338 588 1394 642 in
1411 588 1967 654 acternum(Joan.vn
1980 604 2019 656 Ι,

420 672 530 743 52),
558 692 587 725 >>
606 677 663 728 et
679 677 885 729 caetera
905 674 1132 731 similia.
1158 677 1226 731 Et
1263 676 1391 733 ideo
1428 678 1836 732 exsecrabantur
1866 678 2021 732 verba

417 779 556 829 mea,
600 762 732 833 quia
767 779 941 817 omnes
960 766 1297 833 cogitationes
1326 783 1503 819 eorum
1540 769 1710 821 erunt
1743 766 2021 821 adversum

420 854 586 917 me,et
611 850 745 922 quia
760 852 925 905 multi
946 852 1205 923 cogitant
1221 854 1522 909 adversum
1546 855 1944 926 aliquem,non
1963 860 2024 910 ut

419 940 471 995 ei
506 944 771 1007 noceant,
803 942 905 997 sed
935 945 996 996 ut
1026 959 1158 997 eum
1188 945 1502 999 secundum
1548 945 1704 1015 quod
1724 961 2023 1015 perversus

419 1032 524 1093 est,
549 1028 864 1088 destruant.
889 1030 1061 1085 Addit
1085 1048 1097 1085 :
1147 1030 1216 1085 In
1237 1034 1439 1086 malum
1474 1036 1643 1088 erunt
1682 1035 2022 1103 cogitationes

418 1131 619 1184 eorum,
646 1134 763 1171 non
794 1117 855 1171 in
905 1119 1146 1173 bonum.
1188 1121 1351 1184 Quod
1392 1126 1478 1176 est
1508 1122 1696 1176 dicere
1726 1139 1739 1176 :
1774 1122 1821 1175 A
1854 1122 2019 1176 malis

415 1204 857 1275 cogitationibus
870 1223 1009 1277 quas
1048 1208 1351 1264 adversum
1384 1227 1474 1264 me
1501 1210 1856 1280 cogitabunt,
1886 1226 2016 1280 pro-

316 1311 331 1316 -
415 1291 580 1345 cedet
603 1293 911 1347 exsecratio
945 1295 1254 1350 verborum
1282 1299 1738 1351 meorum.Unde
1760 1298 1819 1350 in
1838 1298 2017 1351 Evan-

415 1378 565 1450 gelio
596 1380 806 1449 legitur
833 1398 846 1435 :
889 1405 915 1432 «
979 1384 1053 1436 Ex
1082 1384 1437 1439 abundantia
1463 1385 1649 1439 cordis
1677 1402 1740 1440 os
1768 1385 2022 1457 loquitur

415 1466 781 1538 (Luc.v1,45),
816 1488 846 1521 »
892 1473 950 1523 et
980 1470 1085 1541 ipsi
1136 1477 1495 1528 exsecrantes
1540 1475 1909 1528 inhabitabant
1936 1474 2021 1530 fa-

415 1553 811 1611 miliaritatem
833 1574 1046 1624 meam,
1067 1566 1115 1612 et
1142 1560 1456 1614 abscondent
1477 1578 1707 1616 causam
1734 1562 2021 1618 inhabita-

412 1643 619 1698 tionis:
645 1662 763 1700 non
797 1650 1081 1718 quantum
1115 1649 1187 1703 ad
1218 1666 1335 1707 me.
1356 1650 1843 1721 quiomniavideo
1881 1670 1893 1707 :
1923 1653 2024 1708 sed

2121 501 2241 553 ret:
2275 498 2380 553 Mei
2411 499 2838 555 annuntiabunt
2868 505 3136 573 pecccata
3160 519 3262 557 sua
3287 518 3392 575 per
3421 504 3740 559 confessio-

2121 603 2280 653 nem,
2309 590 2368 641 et
2397 590 2457 641 tu
2482 588 2608 643 illos
2626 589 2956 661 cont'ringes
2974 590 3288 645 secundum
3308 591 3461 663 quod
3475 597 3744 666 peccato-

2121 691 2213 729 res
2251 678 2405 738 sunt,
2448 679 2506 729 et
2561 675 2640 730 sic
2695 677 2863 731 salvos
2908 679 3074 746 facies
3104 679 3220 733 illos
3264 679 3377 745 hic,
3409 683 3467 734 et
3490 696 3595 752 per
3622 682 3741 737 hoc

2123 764 2278 835 quod
2305 763 2398 818 hic
2427 763 2553 819 illos
2587 764 2844 833 salvabis,
2904 765 2963 820 in
2994 766 3188 822 futuro
3237 770 3466 839 posuisti
3503 772 3557 823 in
3584 786 3739 824 cons-

2112 859 2291 923 pectu,
2324 853 2383 907 id
2432 857 2514 908 est
2559 869 2739 925 pones
2787 854 2846 909 in
2872 855 3183 926 praesentia
3210 860 3269 911 et
3295 858 3743 931 beneplacentia

2124 944 2222 995 tua
2253 942 2518 1012 lacrymas
2541 959 2705 1009 meas,
2735 942 2794 997 id
2824 946 2909 997 est
2937 943 3089 1016 ipsos
3119 945 3353 1000 eosdem
3382 962 3488 1017 pro
3529 947 3742 1019 quibus

2122 1045 2272 1100 saepe
2299 1031 2649 1101 lacrymosas
2666 1047 2865 1102 preces
2886 1031 3028 1087 fudi.
3052 1034 3151 1087 Vel
3176 1033 3439 1103 lacrymas
3468 1051 3609 1089 meas
3632 1051 3743 1106 per

2122 1118 2469 1190 emphasim,
2502 1119 2561 1173 id
2592 1122 2696 1188 est,
2748 1136 2852 1191 pro
2885 1137 3133 1192 quorum
3167 1125 3355 1176 morte
3388 1123 3746 1194 lacrymatus

2119 1223 2246 1260 sum
2278 1207 2335 1260 in
2368 1210 2556 1261 morte
2574 1208 2762 1262 Lazari
2793 1208 3063 1280 (Jaon.x1,
3098 1209 3211 1281 35).
3235 1210 3561 1265 Notandum
3578 1210 3743 1265 enim

2122 1311 2255 1348 eum
2270 1297 2405 1348 tunc
2438 1312 2557 1349 non
2586 1312 2690 1367 pro
2723 1296 2933 1351 Lazaro
2955 1298 3198 1365 ﬂevisse,
3224 1299 3319 1370 qui
3341 1315 3474 1354 mox
3495 1298 3741 1353 resusci-

2120 1382 2328 1437 tandus
2382 1387 2529 1446 erat,
2593 1384 2691 1438 sed
2721 1401 2828 1456 pro
2860 1385 2968 1440 illis
2995 1403 3241 1457 quorum
3271 1403 3426 1441 mors
3456 1386 3513 1440 in
3546 1389 3741 1441 morte

2122 1471 2313 1525 Lazari
2373 1472 2749 1543 ﬁgurabatur,
2811 1474 2906 1545 qui
2962 1474 3103 1529 adeo
3158 1474 3372 1530 scilicet
3402 1475 3459 1529 in
3489 1473 3742 1546 peccatis

2124 1559 2336 1613 mortui
2361 1562 2529 1615 erant
2555 1561 2707 1632 quod
2729 1561 2851 1633 jam
2873 1562 2997 1616 aliis
3025 1563 3179 1617 malo
3197 1564 3460 1635 exemplo
3477 1579 3580 1618 suo
3597 1563 3741 1617 fete-

2123 1648 2286 1715 bant,
2318 1649 2392 1703 ad
2434 1649 2675 1704 modum
2716 1649 2910 1705 Lazari
2951 1650 3323 1723 quatriduani
3370 1652 3563 1723 (tbid.,
3623 1653 3738 1721 39).

413 1736 695 1805 quantum
715 1734 787 1788 ad
805 1736 1294 1792 existimationem
1319 1756 1500 1793 suam.
1527 1740 1690 1804 Quod
1707 1744 1792 1795 est
1810 1742 2020 1796 dicere:
2047 1721 2098 1780 Β
2127 1737 2263 1792 Dico
2296 1737 2450 1808 quod
2476 1738 2738 1805 salvabis,
2765 1742 2823 1794 et
2847 1740 3001 1811 quod
3018 1757 3200 1812 pones
3223 1758 3320 1797 eos
3342 1741 3400 1795 in
3426 1744 3742 1812 conspectu

419 1820 561 1876 Cum
600 1821 703 1893 ipsi
744 1824 896 1878 mala
936 1824 1258 1881 intentione
1292 1827 1592 1895 inhabitet,
1635 1829 1791 1884 bona
1834 1830 2023 1886 inten-

415 1910 575 1965 tione
598 1928 655 1965 se
678 1912 1002 1969 inhabitare
1022 1914 1267 1986 ﬁngent.
1294 1916 1555 1971 Ostendit
1584 1934 1718 1972 vero
1737 1935 1913 1989 quare
1948 1922 2027 1973 in-

415 1997 749 2062 habitabant,
773 2002 1039 2058 addendo
1057 2003 1134 2057 sic
1166 2021 1178 2057 :
1221 2004 1355 2059 Dico
1398 2004 1790 2071 inhabitabant,
1838 2010 1895 2061 et
1930 2009 2031 2079 ipsi

418 2085 810 2143 inhabitantes
841 2091 1187 2145 ohserrabunt
1204 2093 1505 2147 cateaneum
1521 2111 1717 2162 meum,
1749 2094 1806 2148 id
1827 2098 1912 2149 est
1931 2112 2026 2150 ex-

420 2176 759 2245 spectabant
790 2178 967 2233 ﬁnem
1000 2196 1218 2247 meum,
1254 2185 1315 2235 ut
1345 2182 1552 2236 cumin
1581 2183 1861 2255 principio
1886 2182 2027 2238 nihil

420 2261 481 2317 in
495 2279 590 2317 me
619 2265 872 2320 habeant
892 2269 1047 2339 quod
1074 2272 1298 2337 notent,
1313 2271 1515 2324 saltem
1539 2271 1693 2341 quod
1706 2271 1926 2343 possint
1942 2288 2029 2326 re-

423 2349 703 2422 darguere
735 2352 794 2407 in
820 2354 934 2409 ﬁne
964 2355 1275 2433 inveniant.
1292 2359 1442 2413 Bene
1461 2359 1696 2430 quidem
1730 2362 2028 2415 calcaneus

421 2455 527 2511 pro
554 2439 667 2495 ﬁne
693 2443 948 2512 ponitur,
982 2462 1050 2500 eo
1083 2447 1238 2518 quod
1267 2447 1339 2501 sit
1366 2448 1551 2502 ﬁnalis
1591 2449 1847 2520 corporis
1876 2466 2024 2520 pars.

422 2528 522 2584 Vel
550 2529 626 2584 sic
653 2531 1021 2601 observabant,
1072 2535 1128 2589 id
1160 2539 1244 2590 est
1286 2537 1697 2609 exspectabunt
1724 2539 2028 2593 calcaneum

420 2634 595 2672 meum
621 2620 938 2692 lapsurum.
973 2623 1137 2687 Quod
1154 2628 1239 2679 est
1261 2625 1448 2680 dicere
1474 2643 1486 2680 :
1508 2627 1927 2696 Exspectabunt
1953 2645 2026 2682 an

420 2706 569 2763 forte
603 2725 695 2764 me
723 2709 973 2765 viderint
1002 2712 1059 2766 in
1102 2712 1292 2785 aliquo
1323 2714 1564 2770 crimine
1593 2715 1725 2770 labi.
1759 2715 1900 2780 Quia
1924 2733 2029 2787 per

422 2798 758 2861 calcaneum
777 2799 1526 2871 aliquislabitur,calcaneus
1558 2820 1663 2876 pro
1686 2805 1845 2877 lapsu
1868 2805 2029 2878 poni-

418 2886 533 2939 tur.
563 2884 861 2942 Sententia
881 2888 1117 2960 quidem
1139 2907 1267 2945 eam
1284 2891 1340 2945 in
1358 2892 1445 2946 his
1470 2893 1655 2947 verbis
1686 2893 2022 2965 concipitur.

2127 1828 2247 1891 tuo,
2265 1826 2401 1879 sicut
2421 1832 2489 1891 et,
2520 1826 2577 1880 id
2602 1829 2687 1881 est
2729 1826 2906 1881 etiam
2935 1829 2994 1881 in
3008 1830 3357 1898 promissione
3379 1834 3468 1882 tua
3504 1831 3591 1882 est
3615 1828 3742 1883 haec

2127 1917 2418 1981 constans,
2448 1914 2505 1968 id
2538 1917 2622 1969 est
2653 1915 2965 1985 promisisti
2995 1932 3100 1988 per
3126 1917 3456 1988 prOphetas,
3487 1934 3739 1989 quorum

2126 2002 2573 2072 promissionem
2602 2006 2659 2057 et
2688 2004 2873 2074 ipsum
2905 2005 3211 2059 conﬁrmat
3241 2004 3741 2075 Evangelium,ubi

2129 2092 2368 2161 angelus
2395 2092 2605 2163 Ioseph
2630 2091 2750 2146 viro
2779 2091 2964 2147 Maria:
2994 2093 3341 2147 salvatorem
3378 2093 3737 2147 nasciturum

2129 2180 2457 2247 enuntians,
2506 2180 2585 2234 ait
2612 2198 2629 2233 :
2680 2202 2707 2230 «
2740 2179 2973 2235 Salvum
3000 2181 3171 2235 faciet
3194 2181 3471 2253 populum
3502 2199 3673 2235 suum
3706 2197 3740 2235 a

2126 2267 2372 2336 peccatis
2402 2284 2604 2322 eorum
2628 2267 2851 2340 (Matth.
2884 2286 2923 2336 ι,
2958 2270 3063 2339 2t).
3100 2292 3128 2318 »
3158 2270 3225 2324 Et
3254 2270 3361 2325 hoc
3389 2272 3474 2324 est
3503 2286 3567 2324 ac
3590 2269 3632 2323 si
3652 2269 3738 2323 di-

2128 2360 2315 2410 ceret:
2348 2358 2415 2411 Et
2470 2357 2579 2411 hoc
2610 2373 2719 2428 ego
2763 2357 3066 2421 annuntio,
3099 2361 3157 2413 et
3185 2361 3247 2412 tu
3270 2358 3379 2413 hoc
3400 2356 3736 2429 promisisti.

2129 2445 2250 2499 Dixi
2277 2446 2433 2516 quod
2464 2446 2892 2501 annuntiabunt
2922 2450 2978 2501 et
3006 2448 3484 2518 confringes,—etc.,
3518 2448 3575 2501 et
3599 2447 3736 2500 tunc

2128 2532 2233 2605 ipsi
2266 2536 2469 2588 inimici
2494 2536 2602 2590 mei
2632 2543 2996 2589 convertentur
3025 2536 3097 2591 ad
3137 2553 3231 2590 me
3259 2543 3546 2590 retrorsum
3573 2535 3733 2589 ince-

2130 2620 2349 2690 dentes,
2366 2622 2422 2676 id
2452 2627 2536 2678 est
2557 2624 2672 2678 mei
2697 2641 2988 2696 sequaces,
3010 2642 3043 2679 a
3064 2624 3440 2679 similitudine
3469 2624 3621 2678 illius
3640 2622 3739 2694 qui

2128 2709 2379 2781 aliquem
2408 2712 2683 2783 sequitur.
2719 2712 2883 2776 Quod
2914 2715 2997 2766 est
3023 2712 3212 2767 dicere
3235 2728 3248 2766 :
3274 2713 3426 2767 Bene
3449 2712 3639 2767 vivent
3664 2710 3741 2765 ad

2127 2799 2241 2853 mei
2270 2800 2767 2868 conforinitatem,
2801 2800 2917 2854 mei
2949 2804 3126 2872 prout
3152 2803 3427 2872 poterunt
3465 2815 3741 2871 sequaces
3816 2874 3819 2875 ν

2127 2886 2334 2942 eﬂ'ecti.
2377 2888 2514 2943 Dico
2572 2889 2726 2960 quod
2768 2896 3161 2956 convertentur,
3208 2892 3265 2943 et
3308 2904 3426 2942 non
3458 2888 3644 2942 solum
3676 2904 3739 2941 in

422 2988 551 3046 quae
582 2975 755 3029 etiam
800 2976 856 3030 in
891 2978 1299 3050 superioribus.
1326 2980 1447 3035 Dixi
1494 2981 1648 3053 quod
1679 2982 2026 3036 observabant
2050 2966 2098 3027 C
2124 2977 2314 3049 prima
2359 2980 2526 3032 aetate
2564 2976 2832 3049 suscipies
2863 2994 2980 3044 eos,
3013 2978 3101 3031 vel
3132 2977 3191 3031 in
3222 2976 3472 3030 secunda
3503 2992 3516 3043 ;
3550 2974 3649 3029 sed
3678 2977 3739 3028 in

425 3063 731 3117 calcaneum
768 3081 961 3119 meum.
990 3065 1145 3121 Sicut
1184 3070 1544 3122 sustinuerunt
1565 3072 1801 3123 animam
1829 3088 2020 3139 meam,

419 3148 479 3203 id
504 3153 804 3222 estutpote
828 3154 906 3207 illi
925 3154 1021 3225 qui
1038 3156 1585 3212 sustinebuntvitam
1604 3175 1817 3224 meam,
1852 3159 1910 3213 id
1941 3164 2025 3214 est

419 3237 623 3308 quibus
654 3239 764 3293 erit
793 3240 908 3294 vita
934 3258 1065 3297 mea
1095 3244 1255 3297 oneri
1283 3245 1547 3311 ettzedio,
1588 3248 1645 3299 et
1663 3246 1734 3300 ad
1781 3247 2022 3301 modum

419 3324 674 3396 alicujus,
690 3328 916 3398 pondus
929 3329 1161 3401 aliquod
1185 3349 1356 3402 grave
1375 3333 1722 3400 sustinentis,
1747 3334 1834 3387 cui
1875 3351 2020 3405 pon-

425 3411 530 3467 dus
552 3413 691 3468 illud
724 3416 979 3472 maximo
1024 3419 1197 3474 taedio
1226 3422 1327 3475 est.
1347 3420 1510 3484 Quod
1547 3426 1632 3476 est
1654 3422 1876 3478 dicere:
1907 3424 2021 3478 Hoc

420 3501 576 3573 quod
608 3501 720 3556 vita
752 3521 885 3559 mea
906 3506 1016 3560 erit
1044 3506 1123 3561 eis
1162 3507 1354 3575 taedio,
1375 3526 1541 3563 causa
1562 3509 1671 3565 erit
1703 3528 1881 3582 quare
1926 3528 2022 3566 me

420 3588 824 3649 observabunt.
855 3595 987 3667 Agit
1013 3597 1293 3670 autemlde
1321 3598 1687 3655 inimicorum
1709 3605 2027 3656 commuta-

418 3676 577 3733 tione
610 3682 667 3735 et
693 3683 873 3738 salute
899 3684 995 3741 sic.

511 3770 528 3856 Ι
698 3772 818 3828 Dixi
836 3775 990 3846 quod
1012 3778 1558 3846 me'conculcabunt,
1580 3783 1637 3834 et
1650 3780 2027 3835 exsecrabun-

418 3859 599 3925 tur,et
624 3861 923 3916 calcaneum
956 3882 1131 3918 meum
1152 3866 1590 3922 observabunt.Et
1611 3869 1872 3939 quamvis
1906 3869 2028 3924 haec

424 3946 623 4001 omnia
638 3964 903 4018 perverse
920 3952 1157 4020 faciant,
1174 3958 1367 4009 tamen
1386 3972 1486 4025 pro
1528 3956 1712 4024 nihilo,
1736 3956 1797 4009 id
1812 3951 2029 4012 estsine

423 4034 617 4105 aliquo
650 4038 856 4092 merito
875 4042 1287 4108 eorum,salros
1310 4044 1475 4112 facies
1509 4061 1591 4097 eos
1614 4062 1631 4108 ;
1658 4043 1747 4097 hic
1761 4045 1830 4098 ab
1855 4044 2028 4115 origi-

423 4121 542 4176 nali
572 4122 834 4190 crimine,
856 4129 914 4179 et
943 4127 1013 4180 ab
1039 4129 1370 4197 actualibus,
1404 4131 1489 4184 vel
1503 4131 1579 4184 sic
1609 4148 1622 4185 :
1648 4130 1781 4184 Dico
1804 4132 2028 4202 quodin

2124 3082 2434 3137 quacunque
2481 3066 2566 3121 die
2619 3069 2922 3120 invocarem
2949 3073 3015 3133 te,
3052 3064 3108 3121 id
3170 3065 3341 3119 estin
3389 3080 3740 3136 quocunque

2124 3156 2388 3226 tempore
2424 3155 2607 3209 aetatis
2639 3155 2986 3209 invocabunt
3015 3157 3071 3209 te
3101 3170 3205 3225 per
3235 3170 3429 3209 veram
3460 3169 3745 3223 compun-

2124 3241 2401 3309 ctionem,
2457 3243 2534 3297 sic
2592 3245 2655 3296 ut
2684 3245 2813 3314 post
2844 3259 2961 3297 non
2995 3245 3375 3297 revertantur.
3399 3242 3563 3295 Juxta
3594 3240 3740 3295 illud

2123 3330 2526 3401 propheticum
2562 3347 2574 3384 :
2613 3352 2641 3379 «
2671 3332 2731 3383 ln
2761 3346 3103 3402 quacunque
3129 3330 3275 3384 hora
3297 3327 3743 3400 peccatoringe-

2123 3417 2949 3490 mucrit(sicutingemendum
2974 3417 3268 3491 est)salvus
3298 3417 3407 3472 erit
3436 3416 3737 3489 (Isai.xxx,

2128 3509 2213 3575 iii,
2242 3507 2525 3561 secundum
2546 3506 2757 3579 LXX).
2810 3528 2837 3556 ››
2888 3506 3032 3571 Quia
3060 3523 3193 3561 vero
3227 3506 3468 3573 dixerat,
3509 3506 3612 3559 mei
3638 3522 3742 3559 an-

2126 3595 2474 3650 nuntiabunt
2512 3596 2687 3650 vitam
2710 3612 2895 3661 suam,
2934 3594 3211 3665 quoniam
3245 3594 3607 3649 annuntiatio
3637 3610 3740 3648 ne-

2128 3683 2253 3756 quit
2274 3702 2414 3753 esse,
2449 3683 2556 3738 nisi
2585 3684 2743 3755 prius
2766 3683 3049 3738 habeatur
3079 3683 3178 3737 Dei
3210 3682 3485 3753 cognitio,
3514 3681 3731 3736 subdit:

2130 3772 2264 3827 Dico
2292 3773 2445 3844 quod
2478 3771 2926 3837 annuntiabunt,
2972 3774 3030 3824 et
3060 3770 3216 3842 prius
3251 3787 3380 3836 ecce,
3435 3770 3491 3824 id
3539 3772 3624 3823 est
3672 3768 3735 3823 in

2128 3860 2420 3932 praesenti,
2447 3862 2666 3930 cognovi
2701 3858 2844 3931 quod
2871 3857 3015 3911 Deus
3035 3875 3180 3911 meus
3220 3876 3290 3925 es,
3319 3856 3378 3911 id
3397 3859 3481 3912 est
3500 3857 3611 3911 ﬁde
3644 3872 3738 3910 co-

2130 3952 2410 4021 gnoscent
2436 3948 2570 4015 mei,
2595 3948 2750 4020 quod
2769 3950 2825 4001 tu
2843 3963 2916 4001 es
2944 3948 3090 4001 Deus
3122 3946 3417 4000 eorum.Et
3442 3946 3576 4017 quia
3592 3945 3735 4000 ﬁdes

2130 4036 2252 4091 sine
2271 4034 2541 4107 operibus
2561 4037 2793 4090 mortua
2810 4039 2913 4102 est,
2936 4034 3042 4106 ipsi
3069 4032 3374 4089 existentes
3391 4036 3445 4088 in
3484 4034 3731 4099 Domino,

2131 4124 2190 4179 id
2219 4128 2305 4180 est
2332 4125 2389 4179 in
2422 4124 2755 4194 operatione
2800 4123 3053 4190 Domini,
3086 4122 3378 4176 laudabunt
3407 4124 3640 4190 verbum,
3676 4121 3735 4176 id

423 4225 520 4264 me
551 4211 856 4266 calcaneum
891 4213 1255 4269 observabant.
1293 4217 1361 4270 Et
1413 4220 1612 4272 tamen
1652 4219 1823 4273 salvos
1866 4221 2031 4290 facies
2053 4241 2106 4301 D
2131 4217 2217 4268 est
2244 4212 2528 4267 laudabile
2571 4211 2882 4267 Ostendent
2928 4212 3167 4266 verbum
3216 4227 3404 4278 suum,
3437 4210 3593 4265 110118
3620 4210 3736 4264 νίῐᾶ

422 4298 538 4353 illos
552 4317 656 4369 pro
686 4301 869 4370 nihilo,
897 4303 1039 4357 sicut
1054 4322 1154 4375 pro
1179 4306 1362 4373 nihilo,
1397 4305 1453 4360 id
1468 4310 1572 4373 est,
1594 4307 1714 4361 sine
1734 4325 1901 4363 causa
1912 4327 2029 4365 sus-

422 4386 692 4443 tinebunt
720 4392 957 4445 animam
990 4410 1184 4449 meam.
1218 4392 1522 4450 Sententia
1566 4395 1688 4449 fere
1711 4396 1915 4450 eadem
1948 4399 2034 4451 est

427 4493 554 4548 qua:
587 4480 644 4533 et
666 4481 943 4550 superius,
977 4483 1075 4537 sed
1108 4482 1394 4539 distinctio
1413 4486 1690 4553 mutatur,
1716 4484 1847 4540 etin
1869 4502 2035 4558 supe-

424 4564 563 4622 riori
594 4567 840 4624 lectione
869 4572 1023 4639 sicut,
1056 4588 1160 4643 pro
1195 4578 1370 4643 utpote
1422 4573 1658 4644 legitur.
1712 4573 1809 4629 Hic
1837 4576 2032 4629 autem

427 4656 817 4726 comparative
845 4659 1138 4731 accipitur.
1165 4659 1242 4714 Et
1264 4660 1600 4733 priusquam
1641 4662 1810 4717 salvos
1838 4662 2031 4729 facias,

426 4745 733 4815 con/ringes
750 4749 992 4817 populos,
1029 4749 1087 4804 id
1122 4751 1206 4803 est
1237 4749 1637 4805 multitudines
1664 4750 2035 4806 inimicorum

427 4834 747 4889 secundum
772 4836 927 4907 quod
952 4836 1089 4891 mali
1120 4840 1272 4905 sunt,
1305 4839 1359 4890 in
1385 4840 1487 4908 ira,
1530 4838 1589 4893 id
1638 4841 1723 4893 est
1747 4840 1806 4893 in
1836 4838 2035 4909 cogni-

427 4924 588 4978 tione
620 4923 719 4979 irm
746 4928 857 4979 tua:
886 4925 1113 4981 futurae.
1145 4925 1307 4990 Quod
1334 4930 1418 4982 est
1449 4927 1672 4982 dicere:
1706 4928 1814 4981 Per
1842 4925 2038 4998 cogni-

427 5009 649 5065 tionem
673 5009 773 5065 irae
796 5013 926 5079 tute;
945 5028 1121 5083 quam
1134 5012 1215 5067 eis
1226 5011 1404 5078 dabis,
1420 5013 1815 5084 confringetur
1838 5028 2042 5066 eorum

428 5098 865 5172 impietas.Cum
892 5102 1055 5171 ponit
1074 5103 1315 5173 populos
1335 5101 1653 5172 pluraliter,
1678 5101 1865 5157 innuit
1887 5100 2042 5173 quod

430 5201 550 5241 non
583 5188 746 5257 pauci
778 5193 967 5257 erunt,
994 5189 1093 5244 sed
1109 5189 1306 5257 multi;
1332 5188 1475 5244 sicut
1507 5206 1624 5243 una
1646 5188 1738 5244 die
1770 5189 1881 5243 tria
1911 5188 2040 5243 mil-

431 5275 532 5343 lia,
582 5276 694 5331 alia
739 5294 872 5333 vero
920 5278 1174 5350 quinque
1231 5279 1499 5349 leguntur
1553 5294 1827 5333 conversa
1867 5278 2038 5332 fuisse

435 5364 582 5427 (Act,
630 5381 688 5432 η,
716 5367 816 5434 41;
850 5383 923 5431 1v,
953 5366 1030 5439 4).
1066 5366 1134 5420 Et
1162 5367 1269 5438 ipsi
1297 5367 1633 5439 priusquam
1665 5366 2037 5438 confringan-

432 5455 548 5507 tur.
586 5453 634 5509 0
656 5452 821 5521 Deus,
847 5456 1013 5509 vitam
1034 5473 1207 5509 meam
1250 5456 1570 5513 annuntiavi
1592 5455 1707 5523 tibi,
1738 5454 1797 5509 id
1826 5456 1912 5509 est
1931 5453 2038 5526 ipsi

438 5538 557 5597 mei
586 5540 785 5611 futuri,
804 5543 1231 5601 annuntiabunt
1260 5543 1362 5605 tibi
1394 5560 1499 5619 per
1519 5542 2038 5603 confessionemfe-

2131 4316 2251 4367 sua,
2282 4302 2340 4353 in
2373 4300 2485 4353 Deo
2542 4306 2590 4353 et
2647 4301 2709 4354 in
2734 4300 2965 4355 Domino
2997 4299 3152 4354 idem
3198 4302 3302 4354 est.
3354 4299 3464 4354 Sed
3494 4300 3735 4354 verbum

2134 4392 2191 4443 et
2218 4404 2408 4443 sermo
2442 4387 2734 4443 differunt.
2767 4388 3115 4444 Sermonem
3138 4405 3389 4460 namque
3416 4388 3650 4459 proprie
3677 4391 3735 4443 et

2132 4476 2404 4532 usualiter
2441 4476 2684 4531 dicimus
2744 4476 2976 4547 quando
3017 4476 3220 4547 aliquis
3254 4493 3371 4531 non
3415 4477 3734 4548 composito

2133 4567 2364 4638 scripto,
2403 4566 2492 4620 vel
2513 4564 2833 4636 composita
2865 4567 2921 4618 et
2948 4568 3153 4620 ornata
3173 4565 3481 4633 locutione,
3505 4565 3606 4620 sed
3626 4564 3741 4619 vul-

2135 4654 2258 4727 gari
2292 4653 2545 4725 loquitur
2573 4653 2647 4707 ad
2698 4651 2974 4725 aliquem,
3006 4656 3107 4706 aut
3135 4653 3205 4708 ad
3238 4655 3449 4724 plures.
3484 4653 3740 4708 Verbum

2136 4749 2330 4799 autem
2351 4740 2581 4813 quando
2596 4740 3013 4813 compositione
3034 4740 3352 4796 Latinitatis
3374 4758 3472 4797 seu
3493 4741 3742 4813 vulgaris

2136 4832 2439 4887 locutionis
2470 4831 2543 4886 ad
2573 4830 2892 4903 quemlibet
2912 4830 3049 4902 agit.
3075 4831 3142 4884 Et
3161 4831 3269 4886 hoc
3292 4834 3476 4886 totum
3505 4833 3591 4885 est
3606 4846 3671 4885 ac
3697 4829 3742 4885 si

2141 4922 2417 4993 poneret:
2454 4921 2766 4990 Postquam
2797 4918 2910 4973 fide
2940 4920 3124 4972 Deum
3165 4917 3562 4989 cognoverint,
3591 4917 3743 4972 bene

2143 5009 2554 5078 operabuntur,
2589 5011 2645 5061 et
2674 5008 2751 5061 sic
2773 5011 2831 5061 et
2858 5023 3192 5061 sermonem
3229 5008 3287 5061 et
3312 5006 3547 5060 verbum
3576 5022 3744 5061 suum

2141 5097 2427 5152 laudabile
2458 5113 2577 5165 esse
2609 5097 2937 5152 ostendent.
2980 5094 3035 5149 Si
3088 5095 3246 5150 enim
3282 5096 3433 5150 male
3463 5094 3743 5161 viverent,

2141 5185 2542 5256 contemptilia
2572 5201 2693 5239 esse
2715 5184 2998 5240 facerent.
3021 5185 3189 5239 Juxta
3210 5184 3348 5239 illud
3366 5183 3514 5239 beati
3537 5183 3750 5254 Grego-

2140 5275 2230 5330 rii.
2246 5298 2273 5325 «
2301 5274 2469 5345 Cujus
2487 5274 2602 5329 vita
2619 5273 3127 5346 despicitur,restat
3143 5276 3201 5327 ut
3214 5272 3542 5345 praedicatio
3566 5268 3753 5344 despi-

2139 5364 2365 5420 ciatur»
2393 5364 2578 5427 (hom.
2611 5367 2670 5418 2t
2704 5366 2760 5416 in
2784 5362 3047 5433 Evang.),
3080 5364 3166 5417 vel
3197 5361 3274 5416 sic
3306 5361 3415 5432 legi
3448 5363 3655 5433 potest,
3685 5363 3752 5414 ut

2140 5456 2260 5508 tota
2277 5451 2523 5507 Trinitas
2536 5452 2623 5506 hic
2636 5450 2959 5506 denotetur.
2978 5449 3099 5505 Dixi
3123 5449 3278 5522 quod
3299 5448 3749 5516 annuntiabunt,

2140 5546 2197 5601 et
2221 5544 2283 5600 ut
2299 5541 2643 5600 annuntiare
2670 5540 2918 5613 valeant,
2959 5555 3090 5599 ecce
3119 5539 3181 5597 in
3210 5537 3481 5615 praesenti
3508 5538 3753 5617 cognovi,
