  <div class='ocr_page' id='page_1' title='image "/cluster/home/n/w/nwhite01/storage/ocr_20150623/152/hvd.32044054760103/452.png"; bbox 0 0 4004 6052; ppageno 0'>
   <div class='ocr_carea' id='block_1_1' title="bbox 336 286 440 347">
    <p class='ocr_par' dir='ltr' id='par_1_1' title="bbox 336 286 440 347">
     <span class='ocr_line' id='line_1_1' title="bbox 336 286 440 347; baseline 0 0"><span class='ocrx_word' id='word_1_1' title='bbox 336 286 440 347; x_wconf 75' lang='lat'><strong>893</strong></span> 
     </span>
    </p>
   </div>
   <div class='ocr_carea' id='block_1_2' title="bbox 1328 284 2654 355">
    <p class='ocr_par' dir='ltr' id='par_1_2' title="bbox 1328 284 2654 355">
     <span class='ocr_line' id='line_1_2' title="bbox 1328 284 2654 355; baseline 0.002 -6"><span class='ocrx_word' id='word_1_2' title='bbox 1328 284 1682 351; x_wconf 80' lang='lat' dir='ltr'><strong>EXPOSITIO</strong></span> <span class='ocrx_word' id='word_1_3' title='bbox 1715 291 1786 350; x_wconf 84' lang='lat' dir='ltr'><strong>IN</strong></span> <span class='ocrx_word' id='word_1_4' title='bbox 1825 288 2159 352; x_wconf 72' lang='lat' dir='ltr'><strong>PSAIMOS.</strong></span> <span class='ocrx_word' id='word_1_5' title='bbox 2200 324 2269 337; x_wconf 96' lang='lat'><strong>—</strong></span> <span class='ocrx_word' id='word_1_6' title='bbox 2307 294 2503 355; x_wconf 79' lang='lat' dir='ltr'><strong>PSAL.</strong></span> <span class='ocrx_word' id='word_1_7' title='bbox 2544 292 2654 351; x_wconf 80' lang='lat' dir='ltr'><strong>LVI</strong></span> 
     </span>
    </p>
   </div>
   <div class='ocr_carea' id='block_1_3' title="bbox 3541 297 3653 359">
    <p class='ocr_par' dir='ltr' id='par_1_3' title="bbox 3541 297 3653 359">
     <span class='ocr_line' id='line_1_3' title="bbox 3541 297 3653 359; baseline 0.036 -5"><span class='ocrx_word' id='word_1_8' title='bbox 3541 297 3653 359; x_wconf 67' lang='lat'><strong>891-</strong></span> 
     </span>
    </p>
   </div>
   <div class='ocr_carea' id='block_1_4' title="bbox 349 412 3647 506">
    <p class='ocr_par' dir='ltr' id='par_1_4' title="bbox 349 412 3647 506">
     <span class='ocr_line' id='line_1_4' title="bbox 349 412 3647 506; baseline 0.001 -32"><span class='ocrx_word' id='word_1_9' title='bbox 545 430 602 488; x_wconf 78' lang='lat' dir='ltr'><strong>id</strong></span> <span class='ocrx_word' id='word_1_10' title='bbox 636 433 741 496; x_wconf 57' lang='lat' dir='ltr'><strong>est,</strong></span> <span class='ocrx_word' id='word_1_11' title='bbox 788 435 1142 505; x_wconf 55' lang='lat' dir='ltr'><strong>cognoscent</strong></span> <span class='ocrx_word' id='word_1_12' title='bbox 1186 433 1320 506; x_wconf 68' lang='lat' dir='ltr'><strong>quia</strong></span> <span class='ocrx_word' id='word_1_13' title='bbox 1367 435 1513 492; x_wconf 64' lang='lat' dir='ltr'><strong>pm</strong></span> <span class='ocrx_word' id='word_1_14' title='bbox 1560 452 1705 492; x_wconf 60' lang='grc' dir='ltr'><strong><em>,ηεαδ</em></strong></span> <span class='ocrx_word' id='word_1_15' title='bbox 1741 439 1848 504; x_wconf 59' lang='grc' dir='ltr'><strong>ρει,</strong></span> <span class='ocrx_word' id='word_1_16' title='bbox 1881 435 1940 491; x_wconf 74' lang='lat' dir='ltr'><strong>id</strong></span> <span class='ocrx_word' id='word_1_17' title='bbox 1962 420 2019 481; x_wconf 80' lang='grc' dir='ltr'><strong>Α</strong></span> <span class='ocrx_word' id='word_1_18' title='bbox 2045 418 2255 491; x_wconf 91' lang='lat' dir='ltr'><strong>quippe</strong></span> <span class='ocrx_word' id='word_1_19' title='bbox 2287 417 2660 486; x_wconf 87' lang='lat' dir='ltr'><strong>David,Saulc</strong></span> <span class='ocrx_word' id='word_1_20' title='bbox 2691 421 3072 491; x_wconf 84' lang='lat' dir='ltr'><strong>persequente</strong></span> <span class='ocrx_word' id='word_1_21' title='bbox 3112 418 3170 475; x_wconf 87' lang='lat' dir='ltr'><strong>in</strong></span> <span class='ocrx_word' id='word_1_22' title='bbox 3203 421 3536 492; x_wconf 79' lang='lat' dir='ltr'><strong>speluncam</strong></span> <span class='ocrx_word' id='word_1_23' title='bbox 3563 421 3647 476; x_wconf 89' lang='lat' dir='ltr'><strong>fu-</strong></span> 
     </span>
    </p>
   </div>
   <div class='ocr_carea' id='block_1_5' title="bbox 333 521 1936 588">
    <p class='ocr_par' dir='ltr' id='par_1_5' title="bbox 333 521 1936 588">
     <span class='ocr_line' id='line_1_5' title="bbox 333 521 1936 588; baseline 0.003 -13"><span class='ocrx_word' id='word_1_24' title='bbox 333 523 415 575; x_wconf 88' lang='lat' dir='ltr'><strong>est</strong></span> <span class='ocrx_word' id='word_1_25' title='bbox 440 521 588 575; x_wconf 89' lang='lat' dir='ltr'><strong>Deus</strong></span> <span class='ocrx_word' id='word_1_26' title='bbox 608 521 798 588; x_wconf 88' lang='lat' dir='ltr'><strong>Pater,</strong></span> <span class='ocrx_word' id='word_1_27' title='bbox 818 524 904 576; x_wconf 91' lang='lat' dir='ltr'><strong>est</strong></span> <span class='ocrx_word' id='word_1_28' title='bbox 920 522 1069 577; x_wconf 91' lang='lat' dir='ltr'><strong>Deus</strong></span> <span class='ocrx_word' id='word_1_29' title='bbox 1086 538 1372 578; x_wconf 89' lang='lat' dir='ltr'><strong>meorum.</strong></span> <span class='ocrx_word' id='word_1_30' title='bbox 1403 523 1569 588; x_wconf 87' lang='lat' dir='ltr'><strong>Quod</strong></span> <span class='ocrx_word' id='word_1_31' title='bbox 1591 528 1677 581; x_wconf 92' lang='lat' dir='ltr'><strong>est</strong></span> <span class='ocrx_word' id='word_1_32' title='bbox 1704 525 1893 580; x_wconf 86' lang='lat' dir='ltr'><strong>dicere</strong></span> <span class='ocrx_word' id='word_1_33' title='bbox 1923 541 1936 580; x_wconf 87' lang='lat'><strong>:</strong></span> 
     </span>
    </p>
   </div>
   <div class='ocr_carea' id='block_1_6' title="bbox 333 608 1939 680">
    <p class='ocr_par' dir='ltr' id='par_1_6' title="bbox 333 608 1939 680">
     <span class='ocr_line' id='line_1_6' title="bbox 333 608 1939 680; baseline 0.003 -18"><span class='ocrx_word' id='word_1_34' title='bbox 333 608 693 680; x_wconf 87' lang='lat' dir='ltr'><strong>Cognoscent</strong></span> <span class='ocrx_word' id='word_1_35' title='bbox 715 611 896 664; x_wconf 93' lang='lat' dir='ltr'><strong>Deum</strong></span> <span class='ocrx_word' id='word_1_36' title='bbox 916 612 1167 677; x_wconf 78' lang='lat' dir='ltr'><strong>Patrem,</strong></span> <span class='ocrx_word' id='word_1_37' title='bbox 1196 615 1252 666; x_wconf 91' lang='lat' dir='ltr'><strong>et</strong></span> <span class='ocrx_word' id='word_1_38' title='bbox 1273 614 1327 665; x_wconf 87' lang='lat' dir='ltr'><strong>in</strong></span> <span class='ocrx_word' id='word_1_39' title='bbox 1348 612 1460 666; x_wconf 89' lang='lat' dir='ltr'><strong>Deo</strong></span> <span class='ocrx_word' id='word_1_40' title='bbox 1484 614 1670 679; x_wconf 80' lang='lat' dir='ltr'><strong>Patre,</strong></span> <span class='ocrx_word' id='word_1_41' title='bbox 1695 612 1752 667; x_wconf 90' lang='lat' dir='ltr'><strong>id</strong></span> <span class='ocrx_word' id='word_1_42' title='bbox 1774 612 1939 667; x_wconf 89' lang='lat' dir='ltr'><strong>estin</strong></span> 
     </span>
    </p>
   </div>
   <div class='ocr_carea' id='block_1_7' title="bbox 333 697 1941 768">
    <p class='ocr_par' dir='ltr' id='par_1_7' title="bbox 333 697 1941 768">
     <span class='ocr_line' id='line_1_7' title="bbox 333 697 1941 768; baseline 0.002 -17"><span class='ocrx_word' id='word_1_43' title='bbox 333 697 660 768; x_wconf 69' lang='lat' dir='ltr'><strong>mqualitate</strong></span> <span class='ocrx_word' id='word_1_44' title='bbox 710 697 811 753; x_wconf 90' lang='lat' dir='ltr'><strong>Dei</strong></span> <span class='ocrx_word' id='word_1_45' title='bbox 861 698 1065 765; x_wconf 81' lang='lat' dir='ltr'><strong>Patris,</strong></span> <span class='ocrx_word' id='word_1_46' title='bbox 1100 698 1345 766; x_wconf 82' lang='lat' dir='ltr'><strong>laudabo,</strong></span> <span class='ocrx_word' id='word_1_47' title='bbox 1396 700 1456 755; x_wconf 90' lang='lat' dir='ltr'><strong>id</strong></span> <span class='ocrx_word' id='word_1_48' title='bbox 1497 704 1581 754; x_wconf 90' lang='lat' dir='ltr'><strong>est</strong></span> <span class='ocrx_word' id='word_1_49' title='bbox 1620 701 1941 756; x_wconf 89' lang='lat' dir='ltr'><strong>laudabunt</strong></span> 
     </span>
    </p>
   </div>
   <div class='ocr_carea' id='block_1_8' title="bbox 329 784 1939 853">
    <p class='ocr_par' dir='ltr' id='par_1_8' title="bbox 329 784 1939 853">
     <span class='ocr_line' id='line_1_8' title="bbox 329 784 1939 853; baseline 0.002 -15"><span class='ocrx_word' id='word_1_50' title='bbox 329 784 615 853; x_wconf 84' lang='lat' dir='ltr'><strong>Verbum;</strong></span> <span class='ocrx_word' id='word_1_51' title='bbox 649 785 707 840; x_wconf 89' lang='lat' dir='ltr'><strong>id</strong></span> <span class='ocrx_word' id='word_1_52' title='bbox 739 790 822 840; x_wconf 91' lang='lat' dir='ltr'><strong>est</strong></span> <span class='ocrx_word' id='word_1_53' title='bbox 838 786 1042 841; x_wconf 86' lang='lat' dir='ltr'><strong>Filium</strong></span> <span class='ocrx_word' id='word_1_54' title='bbox 1072 787 1283 842; x_wconf 87' lang='lat' dir='ltr'><strong>scilicet</strong></span> <span class='ocrx_word' id='word_1_55' title='bbox 1311 804 1323 841; x_wconf 91' lang='lat'>:</span> <span class='ocrx_word' id='word_1_56' title='bbox 1358 790 1416 842; x_wconf 90' lang='lat' dir='ltr'><strong>et</strong></span> <span class='ocrx_word' id='word_1_57' title='bbox 1464 790 1518 841; x_wconf 88' lang='lat' dir='ltr'><strong>in</strong></span> <span class='ocrx_word' id='word_1_58' title='bbox 1558 788 1791 844; x_wconf 84' lang='lat' dir='ltr'><strong>Domino</strong></span> <span class='ocrx_word' id='word_1_59' title='bbox 1822 788 1939 842; x_wconf 88' lang='lat' dir='ltr'><strong>lau-</strong></span> 
     </span>
    </p>
   </div>
   <div class='ocr_carea' id='block_1_9' title="bbox 330 871 1939 948">
    <p class='ocr_par' dir='ltr' id='par_1_9' title="bbox 330 871 1939 948">
     <span class='ocr_line' id='line_1_9' title="bbox 330 871 1939 948; baseline 0.002 -22"><span class='ocrx_word' id='word_1_60' title='bbox 330 871 465 927; x_wconf 89' lang='lat' dir='ltr'><strong>dabo</strong></span> <span class='ocrx_word' id='word_1_61' title='bbox 496 890 808 941; x_wconf 82' lang='lat' dir='ltr'><strong>sermonem,</strong></span> <span class='ocrx_word' id='word_1_62' title='bbox 843 874 902 928; x_wconf 92' lang='lat' dir='ltr'><strong>id</strong></span> <span class='ocrx_word' id='word_1_63' title='bbox 928 877 1013 928; x_wconf 91' lang='lat' dir='ltr'><strong>est</strong></span> <span class='ocrx_word' id='word_1_64' title='bbox 1042 874 1101 929; x_wconf 91' lang='lat' dir='ltr'><strong>in</strong></span> <span class='ocrx_word' id='word_1_65' title='bbox 1132 875 1459 947; x_wconf 58' lang='lat' dir='ltr'><strong>aequalitate</strong></span> <span class='ocrx_word' id='word_1_66' title='bbox 1499 875 1731 930; x_wconf 91' lang='lat' dir='ltr'><strong>Domini</strong></span> <span class='ocrx_word' id='word_1_67' title='bbox 1762 875 1939 948; x_wconf 92' lang='lat' dir='ltr'><strong>Spiri-</strong></span> 
     </span>
    </p>
   </div>
   <div class='ocr_carea' id='block_1_10' title="bbox 329 961 1941 1035">
    <p class='ocr_par' dir='ltr' id='par_1_10' title="bbox 329 961 1941 1035">
     <span class='ocr_line' id='line_1_10' title="bbox 329 961 1941 1035; baseline 0.002 -20"><span class='ocrx_word' id='word_1_68' title='bbox 329 963 421 1015; x_wconf 90' lang='lat' dir='ltr'><strong>tus</strong></span> <span class='ocrx_word' id='word_1_69' title='bbox 449 961 770 1016; x_wconf 90' lang='lat' dir='ltr'><strong>laudabunt</strong></span> <span class='ocrx_word' id='word_1_70' title='bbox 791 978 884 1016; x_wconf 91' lang='lat' dir='ltr'><strong>me</strong></span> <span class='ocrx_word' id='word_1_71' title='bbox 904 961 1127 1029; x_wconf 89' lang='lat' dir='ltr'><strong>Filium,</strong></span> <span class='ocrx_word' id='word_1_72' title='bbox 1144 962 1239 1034; x_wconf 91' lang='lat' dir='ltr'><strong>qui</strong></span> <span class='ocrx_word' id='word_1_73' title='bbox 1264 979 1452 1018; x_wconf 87' lang='lat' dir='ltr'><strong>sermo</strong></span> <span class='ocrx_word' id='word_1_74' title='bbox 1470 981 1595 1018; x_wconf 91' lang='lat' dir='ltr'><strong>sum</strong></span> <span class='ocrx_word' id='word_1_75' title='bbox 1620 963 1823 1030; x_wconf 83' lang='lat' dir='ltr'><strong>Patris,</strong></span> <span class='ocrx_word' id='word_1_76' title='bbox 1839 980 1941 1035; x_wconf 92' lang='lat' dir='ltr'><strong>per</strong></span> 
     </span>
    </p>
   </div>
   <div class='ocr_carea' id='block_1_11' title="bbox 331 1050 1942 1123">
    <p class='ocr_par' dir='ltr' id='par_1_11' title="bbox 331 1050 1942 1123">
     <span class='ocr_line' id='line_1_11' title="bbox 331 1050 1942 1123; baseline 0.001 -19"><span class='ocrx_word' id='word_1_77' title='bbox 331 1066 506 1122; x_wconf 86' lang='lat' dir='ltr'><strong>quem</strong></span> <span class='ocrx_word' id='word_1_78' title='bbox 539 1050 697 1119; x_wconf 83' lang='lat' dir='ltr'><strong>dixit,</strong></span> <span class='ocrx_word' id='word_1_79' title='bbox 731 1050 788 1104; x_wconf 90' lang='lat' dir='ltr'><strong>id</strong></span> <span class='ocrx_word' id='word_1_80' title='bbox 833 1053 918 1104; x_wconf 91' lang='lat' dir='ltr'><strong>est</strong></span> <span class='ocrx_word' id='word_1_81' title='bbox 960 1050 1255 1123; x_wconf 88' lang='lat' dir='ltr'><strong>disposuit,</strong></span> <span class='ocrx_word' id='word_1_82' title='bbox 1289 1054 1347 1106; x_wconf 91' lang='lat' dir='ltr'><strong>et</strong></span> <span class='ocrx_word' id='word_1_83' title='bbox 1384 1052 1535 1106; x_wconf 90' lang='lat' dir='ltr'><strong>facta</strong></span> <span class='ocrx_word' id='word_1_84' title='bbox 1580 1055 1712 1106; x_wconf 89' lang='lat' dir='ltr'><strong>sunt</strong></span> <span class='ocrx_word' id='word_1_85' title='bbox 1743 1051 1942 1105; x_wconf 87' lang='lat' dir='ltr'><strong>omnia</strong></span> 
     </span>
    </p>
   </div>
   <div class='ocr_carea' id='block_1_12' title="bbox 332 1135 1936 1209">
    <p class='ocr_par' dir='ltr' id='par_1_12' title="bbox 332 1135 1936 1209">
     <span class='ocr_line' id='line_1_12' title="bbox 332 1135 1936 1209; baseline 0.002 -19"><span class='ocrx_word' id='word_1_86' title='bbox 332 1135 646 1209; x_wconf 83' lang='lat' dir='ltr'><strong>(IJoan.1,</strong></span> <span class='ocrx_word' id='word_1_87' title='bbox 691 1140 764 1203; x_wconf 88' lang='lat'><strong>3).</strong></span> <span class='ocrx_word' id='word_1_88' title='bbox 808 1138 877 1192; x_wconf 87' lang='lat' dir='ltr'><strong>Et</strong></span> <span class='ocrx_word' id='word_1_89' title='bbox 923 1138 1034 1193; x_wconf 92' lang='lat' dir='ltr'><strong>hoc</strong></span> <span class='ocrx_word' id='word_1_90' title='bbox 1082 1142 1268 1194; x_wconf 90' lang='lat' dir='ltr'><strong>totum</strong></span> <span class='ocrx_word' id='word_1_91' title='bbox 1319 1142 1403 1194; x_wconf 89' lang='lat' dir='ltr'><strong>est</strong></span> <span class='ocrx_word' id='word_1_92' title='bbox 1461 1156 1525 1194; x_wconf 89' lang='lat' dir='ltr'><strong>ac</strong></span> <span class='ocrx_word' id='word_1_93' title='bbox 1579 1139 1624 1195; x_wconf 91' lang='lat' dir='ltr'><strong>si</strong></span> <span class='ocrx_word' id='word_1_94' title='bbox 1678 1139 1936 1194; x_wconf 85' lang='lat' dir='ltr'><strong>diceret:</strong></span> 
     </span>
    </p>
   </div>
   <div class='ocr_carea' id='block_1_13' title="bbox 333 1225 1941 1299">
    <p class='ocr_par' dir='ltr' id='par_1_13' title="bbox 333 1225 1941 1299">
     <span class='ocr_line' id='line_1_13' title="bbox 333 1225 1941 1299; baseline 0.001 -18"><span class='ocrx_word' id='word_1_95' title='bbox 333 1225 695 1297; x_wconf 89' lang='lat' dir='ltr'><strong>Cognoscent</strong></span> <span class='ocrx_word' id='word_1_96' title='bbox 724 1228 956 1282; x_wconf 82' lang='lat' dir='ltr'><strong>Patrem</strong></span> <span class='ocrx_word' id='word_1_97' title='bbox 982 1244 1105 1282; x_wconf 90' lang='lat' dir='ltr'><strong>esse</strong></span> <span class='ocrx_word' id='word_1_98' title='bbox 1137 1229 1342 1295; x_wconf 91' lang='lat' dir='ltr'><strong>Deum,</strong></span> <span class='ocrx_word' id='word_1_99' title='bbox 1363 1231 1421 1282; x_wconf 93' lang='lat' dir='ltr'><strong>et</strong></span> <span class='ocrx_word' id='word_1_100' title='bbox 1452 1244 1546 1282; x_wconf 92' lang='lat' dir='ltr'><strong>me</strong></span> <span class='ocrx_word' id='word_1_101' title='bbox 1579 1244 1752 1299; x_wconf 88' lang='lat' dir='ltr'><strong>quem</strong></span> <span class='ocrx_word' id='word_1_102' title='bbox 1784 1228 1941 1298; x_wconf 91' lang='lat' dir='ltr'><strong>prius</strong></span> 
     </span>
    </p>
   </div>
   <div class='ocr_carea' id='block_1_14' title="bbox 333 1315 1937 1388">
    <p class='ocr_par' dir='ltr' id='par_1_14' title="bbox 333 1315 1937 1388">
     <span class='ocr_line' id='line_1_14' title="bbox 333 1315 1937 1388; baseline 0.001 -19"><span class='ocrx_word' id='word_1_103' title='bbox 333 1317 614 1386; x_wconf 64' lang='lat' dir='ltr'><strong>aequalem</strong></span> <span class='ocrx_word' id='word_1_104' title='bbox 638 1315 789 1370; x_wconf 83' lang='lat' dir='ltr'><strong>Patri</strong></span> <span class='ocrx_word' id='word_1_105' title='bbox 815 1332 935 1370; x_wconf 89' lang='lat' dir='ltr'><strong>esse</strong></span> <span class='ocrx_word' id='word_1_106' title='bbox 970 1320 1328 1388; x_wconf 85' lang='lat' dir='ltr'><strong>negaverunt</strong></span> <span class='ocrx_word' id='word_1_107' title='bbox 1353 1319 1409 1370; x_wconf 89' lang='lat' dir='ltr'><strong>et</strong></span> <span class='ocrx_word' id='word_1_108' title='bbox 1440 1319 1937 1388; x_wconf 89' lang='lat' dir='ltr'><strong>contempserunt,</strong></span> 
     </span>
    </p>
   </div>
   <div class='ocr_carea' id='block_1_15' title="bbox 333 1404 1942 1476">
    <p class='ocr_par' dir='ltr' id='par_1_15' title="bbox 333 1404 1942 1476">
     <span class='ocr_line' id='line_1_15' title="bbox 333 1404 1942 1476; baseline 0.001 -18"><span class='ocrx_word' id='word_1_109' title='bbox 333 1408 685 1475; x_wconf 84' lang='lat' dir='ltr'><strong>cognoscent</strong></span> <span class='ocrx_word' id='word_1_110' title='bbox 714 1406 897 1459; x_wconf 91' lang='lat' dir='ltr'><strong>Deum</strong></span> <span class='ocrx_word' id='word_1_111' title='bbox 930 1406 1213 1476; x_wconf 69' lang='lat' dir='ltr'><strong>aequalem</strong></span> <span class='ocrx_word' id='word_1_112' title='bbox 1242 1405 1395 1459; x_wconf 89' lang='lat' dir='ltr'><strong>Patri</strong></span> <span class='ocrx_word' id='word_1_113' title='bbox 1414 1408 1471 1459; x_wconf 91' lang='lat' dir='ltr'><strong>et</strong></span> <span class='ocrx_word' id='word_1_114' title='bbox 1492 1404 1723 1476; x_wconf 86' lang='lat' dir='ltr'><strong>Spiritui</strong></span> <span class='ocrx_word' id='word_1_115' title='bbox 1744 1423 1758 1473; x_wconf 88' lang='lat'><strong>;</strong></span> <span class='ocrx_word' id='word_1_116' title='bbox 1779 1408 1836 1460; x_wconf 91' lang='lat' dir='ltr'><strong>et</strong></span> <span class='ocrx_word' id='word_1_117' title='bbox 1865 1406 1942 1459; x_wconf 90' lang='lat' dir='ltr'><strong>sic</strong></span> 
     </span>
    </p>
   </div>
   <div class='ocr_carea' id='block_1_16' title="bbox 333 1492 1939 1564">
    <p class='ocr_par' dir='ltr' id='par_1_16' title="bbox 333 1492 1939 1564">
     <span class='ocr_line' id='line_1_16' title="bbox 333 1492 1939 1564; baseline 0.001 -18"><span class='ocrx_word' id='word_1_118' title='bbox 333 1508 429 1547; x_wconf 93' lang='lat' dir='ltr'><strong>me</strong></span> <span class='ocrx_word' id='word_1_119' title='bbox 454 1492 775 1547; x_wconf 88' lang='lat' dir='ltr'><strong>laudabunt</strong></span> <span class='ocrx_word' id='word_1_120' title='bbox 802 1493 937 1559; x_wconf 83' lang='lat' dir='ltr'><strong>fide,</strong></span> <span class='ocrx_word' id='word_1_121' title='bbox 973 1509 1169 1563; x_wconf 89' lang='lat' dir='ltr'><strong>opere,</strong></span> <span class='ocrx_word' id='word_1_122' title='bbox 1199 1495 1257 1547; x_wconf 92' lang='lat' dir='ltr'><strong>et</strong></span> <span class='ocrx_word' id='word_1_123' title='bbox 1283 1493 1608 1549; x_wconf 84' lang='lat' dir='ltr'><strong>devotione.</strong></span> <span class='ocrx_word' id='word_1_124' title='bbox 1634 1494 1700 1547; x_wconf 89' lang='lat' dir='ltr'><strong>Et</strong></span> <span class='ocrx_word' id='word_1_125' title='bbox 1727 1509 1939 1564; x_wconf 87' lang='lat' dir='ltr'><strong>cogno-</strong></span> 
     </span>
    </p>
   </div>
   <div class='ocr_carea' id='block_1_17' title="bbox 332 1580 1940 1652">
    <p class='ocr_par' dir='ltr' id='par_1_17' title="bbox 332 1580 1940 1652">
     <span class='ocr_line' id='line_1_17' title="bbox 332 1580 1940 1652; baseline 0 -17"><span class='ocrx_word' id='word_1_126' title='bbox 332 1580 546 1636; x_wconf 89' lang='lat' dir='ltr'><strong>scendo</strong></span> <span class='ocrx_word' id='word_1_127' title='bbox 578 1584 637 1635; x_wconf 89' lang='lat' dir='ltr'><strong>et</strong></span> <span class='ocrx_word' id='word_1_128' title='bbox 674 1580 963 1635; x_wconf 90' lang='lat' dir='ltr'><strong>laudando</strong></span> <span class='ocrx_word' id='word_1_129' title='bbox 996 1583 1177 1636; x_wconf 90' lang='lat' dir='ltr'><strong>Deum</strong></span> <span class='ocrx_word' id='word_1_130' title='bbox 1201 1581 1564 1648; x_wconf 87' lang='lat' dir='ltr'><strong>Trinitatem,</strong></span> <span class='ocrx_word' id='word_1_131' title='bbox 1597 1584 1652 1635; x_wconf 91' lang='lat' dir='ltr'><strong>in</strong></span> <span class='ocrx_word' id='word_1_132' title='bbox 1674 1582 1796 1652; x_wconf 91' lang='lat' dir='ltr'><strong>ipso</strong></span> <span class='ocrx_word' id='word_1_133' title='bbox 1828 1580 1940 1636; x_wconf 93' lang='lat' dir='ltr'><strong>Deo</strong></span> 
     </span>
    </p>
   </div>
   <div class='ocr_carea' id='block_1_18' title="bbox 331 1668 1938 1740">
    <p class='ocr_par' dir='ltr' id='par_1_18' title="bbox 331 1668 1938 1740">
     <span class='ocr_line' id='line_1_18' title="bbox 331 1668 1938 1740; baseline 0 -18"><span class='ocrx_word' id='word_1_134' title='bbox 331 1671 554 1740; x_wconf 78' lang='lat' dir='ltr'><strong>speravi,</strong></span> <span class='ocrx_word' id='word_1_135' title='bbox 588 1668 645 1723; x_wconf 92' lang='lat' dir='ltr'><strong>id</strong></span> <span class='ocrx_word' id='word_1_136' title='bbox 677 1672 763 1724; x_wconf 84' lang='lat' dir='ltr'><strong>est</strong></span> <span class='ocrx_word' id='word_1_137' title='bbox 792 1685 955 1740; x_wconf 90' lang='lat' dir='ltr'><strong>spem</strong></span> <span class='ocrx_word' id='word_1_138' title='bbox 987 1669 1315 1724; x_wconf 71' lang='lat' dir='ltr'><strong>salvationis</strong></span> <span class='ocrx_word' id='word_1_139' title='bbox 1344 1671 1576 1723; x_wconf 66' lang='lat' dir='ltr'><strong>reternaa</strong></span> <span class='ocrx_word' id='word_1_140' title='bbox 1621 1669 1938 1737; x_wconf 85' lang='lat' dir='ltr'><strong>habebunt,</strong></span> 
     </span>
    </p>
   </div>
   <div class='ocr_carea' id='block_1_19' title="bbox 331 1756 1939 1829">
    <p class='ocr_par' dir='ltr' id='par_1_19' title="bbox 331 1756 1939 1829">
     <span class='ocr_line' id='line_1_19' title="bbox 331 1756 1939 1829; baseline 0 -18"><span class='ocrx_word' id='word_1_141' title='bbox 331 1756 715 1829; x_wconf 82' lang='lat' dir='ltr'><strong>ideoque-non</strong></span> <span class='ocrx_word' id='word_1_142' title='bbox 746 1758 955 1825; x_wconf 89' lang='lat' dir='ltr'><strong>timebo,</strong></span> <span class='ocrx_word' id='word_1_143' title='bbox 990 1757 1047 1812; x_wconf 92' lang='lat' dir='ltr'><strong>id</strong></span> <span class='ocrx_word' id='word_1_144' title='bbox 1086 1761 1171 1812; x_wconf 89' lang='lat' dir='ltr'><strong>est</strong></span> <span class='ocrx_word' id='word_1_145' title='bbox 1204 1773 1321 1812; x_wconf 90' lang='lat' dir='ltr'><strong>non</strong></span> <span class='ocrx_word' id='word_1_146' title='bbox 1354 1758 1663 1820; x_wconf 89' lang='lat' dir='ltr'><strong>timebunt,</strong></span> <span class='ocrx_word' id='word_1_147' title='bbox 1695 1758 1824 1829; x_wconf 81' lang='lat' dir='ltr'><strong>quid</strong></span> <span class='ocrx_word' id='word_1_148' title='bbox 1850 1759 1939 1827; x_wconf 84' lang='lat' dir='ltr'><strong>fa-</strong></span> 
     </span>
    </p>
   </div>
   <div class='ocr_carea' id='block_1_20' title="bbox 332 1844 1939 1917">
    <p class='ocr_par' dir='ltr' id='par_1_20' title="bbox 332 1844 1939 1917">
     <span class='ocr_line' id='line_1_20' title="bbox 332 1844 1939 1917; baseline 0 -18"><span class='ocrx_word' id='word_1_149' title='bbox 332 1846 438 1899; x_wconf 90' lang='lat' dir='ltr'><strong>ciat</strong></span> <span class='ocrx_word' id='word_1_150' title='bbox 464 1846 597 1899; x_wconf 82' lang='lat' dir='ltr'><strong>mihi</strong></span> <span class='ocrx_word' id='word_1_151' title='bbox 618 1845 867 1913; x_wconf 71' lang='lat' dir='ltr'><strong>liomo,id</strong></span> <span class='ocrx_word' id='word_1_152' title='bbox 897 1848 981 1900; x_wconf 84' lang='lat' dir='ltr'><strong>est</strong></span> <span class='ocrx_word' id='word_1_153' title='bbox 1011 1844 1116 1900; x_wconf 89' lang='lat' dir='ltr'><strong>sibi</strong></span> <span class='ocrx_word' id='word_1_154' title='bbox 1146 1845 1347 1912; x_wconf 92' lang='lat' dir='ltr'><strong>homo,</strong></span> <span class='ocrx_word' id='word_1_155' title='bbox 1376 1845 1435 1900; x_wconf 91' lang='lat' dir='ltr'><strong>id</strong></span> <span class='ocrx_word' id='word_1_156' title='bbox 1478 1848 1563 1899; x_wconf 88' lang='lat' dir='ltr'><strong>est</strong></span> <span class='ocrx_word' id='word_1_157' title='bbox 1591 1848 1939 1917; x_wconf 89' lang='lat' dir='ltr'><strong>persecutor,</strong></span> 
     </span>
    </p>
   </div>
   <div class='ocr_carea' id='block_1_21' title="bbox 333 1932 1939 2007">
    <p class='ocr_par' dir='ltr' id='par_1_21' title="bbox 333 1932 1939 2007">
     <span class='ocr_line' id='line_1_21' title="bbox 333 1932 1939 2007; baseline 0 -19"><span class='ocrx_word' id='word_1_158' title='bbox 333 1932 431 2007; x_wconf 87' lang='lat' dir='ltr'><strong>qui</strong></span> <span class='ocrx_word' id='word_1_159' title='bbox 452 1934 818 1989; x_wconf 90' lang='lat' dir='ltr'><strong>solummodo</strong></span> <span class='ocrx_word' id='word_1_160' title='bbox 847 1934 1026 1989; x_wconf 92' lang='lat' dir='ltr'><strong>homo</strong></span> <span class='ocrx_word' id='word_1_161' title='bbox 1055 1936 1161 2002; x_wconf 90' lang='lat' dir='ltr'><strong>est,</strong></span> <span class='ocrx_word' id='word_1_162' title='bbox 1185 1934 1243 1988; x_wconf 89' lang='lat' dir='ltr'><strong>id</strong></span> <span class='ocrx_word' id='word_1_163' title='bbox 1272 1937 1357 1989; x_wconf 89' lang='lat' dir='ltr'><strong>est</strong></span> <span class='ocrx_word' id='word_1_164' title='bbox 1388 1934 1657 1989; x_wconf 86' lang='lat' dir='ltr'><strong>animalis</strong></span> <span class='ocrx_word' id='word_1_165' title='bbox 1687 1950 1803 1988; x_wconf 90' lang='lat' dir='ltr'><strong>non</strong></span> <span class='ocrx_word' id='word_1_166' title='bbox 1826 1934 1939 2006; x_wconf 87' lang='lat' dir='ltr'><strong>spi-</strong></span> 
     </span>
    </p>
   </div>
   <div class='ocr_carea' id='block_1_22' title="bbox 331 2022 1939 2087">
    <p class='ocr_par' dir='ltr' id='par_1_22' title="bbox 331 2022 1939 2087">
     <span class='ocr_line' id='line_1_22' title="bbox 331 2022 1939 2087; baseline 0.001 -10"><span class='ocrx_word' id='word_1_167' title='bbox 331 2022 568 2077; x_wconf 89' lang='lat' dir='ltr'><strong>ritualis.</strong></span> <span class='ocrx_word' id='word_1_168' title='bbox 595 2023 759 2087; x_wconf 88' lang='lat' dir='ltr'><strong>Quod</strong></span> <span class='ocrx_word' id='word_1_169' title='bbox 778 2026 863 2077; x_wconf 93' lang='lat' dir='ltr'><strong>est</strong></span> <span class='ocrx_word' id='word_1_170' title='bbox 892 2022 1081 2077; x_wconf 90' lang='lat' dir='ltr'><strong>dicere</strong></span> <span class='ocrx_word' id='word_1_171' title='bbox 1108 2040 1120 2077; x_wconf 92' lang='lat'><strong>:</strong></span> <span class='ocrx_word' id='word_1_172' title='bbox 1147 2023 1271 2077; x_wconf 91' lang='lat' dir='ltr'><strong>Non</strong></span> <span class='ocrx_word' id='word_1_173' title='bbox 1304 2023 1591 2078; x_wconf 86' lang='lat' dir='ltr'><strong>timebunt</strong></span> <span class='ocrx_word' id='word_1_174' title='bbox 1618 2023 1939 2079; x_wconf 86' lang='lat' dir='ltr'><strong>tribulatio-</strong></span> 
     </span>
    </p>
   </div>
   <div class='ocr_carea' id='block_1_23' title="bbox 333 2111 1938 2183">
    <p class='ocr_par' dir='ltr' id='par_1_23' title="bbox 333 2111 1938 2183">
     <span class='ocr_line' id='line_1_23' title="bbox 333 2111 1938 2183; baseline 0.001 -18"><span class='ocrx_word' id='word_1_175' title='bbox 333 2128 459 2179; x_wconf 89' lang='lat' dir='ltr'><strong>nes,</strong></span> <span class='ocrx_word' id='word_1_176' title='bbox 491 2115 765 2179; x_wconf 89' lang='lat' dir='ltr'><strong>mortem,</strong></span> <span class='ocrx_word' id='word_1_177' title='bbox 796 2111 1010 2166; x_wconf 89' lang='lat' dir='ltr'><strong>damna</strong></span> <span class='ocrx_word' id='word_1_178' title='bbox 1037 2111 1249 2166; x_wconf 90' lang='lat' dir='ltr'><strong>terreni</strong></span> <span class='ocrx_word' id='word_1_179' title='bbox 1267 2128 1486 2178; x_wconf 89' lang='lat' dir='ltr'><strong>census,</strong></span> <span class='ocrx_word' id='word_1_180' title='bbox 1506 2129 1633 2183; x_wconf 68' lang='lat' dir='ltr'><strong>quae</strong></span> <span class='ocrx_word' id='word_1_181' title='bbox 1656 2112 1761 2167; x_wconf 87' lang='lat' dir='ltr'><strong>sibi</strong></span> <span class='ocrx_word' id='word_1_182' title='bbox 1792 2112 1938 2166; x_wconf 79' lang='lat' dir='ltr'><strong>infe-</strong></span> 
     </span>
    </p>
   </div>
   <div class='ocr_carea' id='block_1_24' title="bbox 331 2199 1938 2272">
    <p class='ocr_par' dir='ltr' id='par_1_24' title="bbox 331 2199 1938 2272">
     <span class='ocr_line' id='line_1_24' title="bbox 331 2199 1938 2272; baseline 0.001 -19"><span class='ocrx_word' id='word_1_183' title='bbox 331 2203 534 2254; x_wconf 90' lang='lat' dir='ltr'><strong>rentur</strong></span> <span class='ocrx_word' id='word_1_184' title='bbox 590 2217 623 2255; x_wconf 93' lang='lat' dir='ltr'><strong>a</strong></span> <span class='ocrx_word' id='word_1_185' title='bbox 676 2199 1174 2272; x_wconf 89' lang='lat' dir='ltr'><strong>persecutoribus;</strong></span> <span class='ocrx_word' id='word_1_186' title='bbox 1222 2199 1437 2255; x_wconf 91' lang='lat' dir='ltr'><strong>diceret</strong></span> <span class='ocrx_word' id='word_1_187' title='bbox 1478 2201 1680 2272; x_wconf 87' lang='lat' dir='ltr'><strong>aliquis</strong></span> <span class='ocrx_word' id='word_1_188' title='bbox 1733 2218 1745 2255; x_wconf 94' lang='lat'>:</span> <span class='ocrx_word' id='word_1_189' title='bbox 1795 2200 1938 2254; x_wconf 89' lang='lat' dir='ltr'><strong>Vere</strong></span> 
     </span>
    </p>
   </div>
   <div class='ocr_carea' id='block_1_25' title="bbox 330 2288 1935 2361">
    <p class='ocr_par' dir='ltr' id='par_1_25' title="bbox 330 2288 1935 2361">
     <span class='ocr_line' id='line_1_25' title="bbox 330 2288 1935 2361; baseline 0 -18"><span class='ocrx_word' id='word_1_190' title='bbox 330 2288 625 2343; x_wconf 89' lang='lat' dir='ltr'><strong>timendus</strong></span> <span class='ocrx_word' id='word_1_191' title='bbox 641 2292 727 2343; x_wconf 90' lang='lat' dir='ltr'><strong>est</strong></span> <span class='ocrx_word' id='word_1_192' title='bbox 746 2292 1098 2360; x_wconf 90' lang='lat' dir='ltr'><strong>persecutor,</strong></span> <span class='ocrx_word' id='word_1_193' title='bbox 1115 2289 1249 2361; x_wconf 91' lang='lat' dir='ltr'><strong>quia</strong></span> <span class='ocrx_word' id='word_1_194' title='bbox 1270 2290 1492 2344; x_wconf 85' lang='lat' dir='ltr'><strong>auferet</strong></span> <span class='ocrx_word' id='word_1_195' title='bbox 1508 2292 1740 2345; x_wconf 90' lang='lat' dir='ltr'><strong>terrena</strong></span> <span class='ocrx_word' id='word_1_196' title='bbox 1762 2291 1935 2356; x_wconf 90' lang='lat' dir='ltr'><strong>bona,</strong></span> 
     </span>
    </p>
   </div>
   <div class='ocr_carea' id='block_1_26' title="bbox 332 2377 1935 2450">
    <p class='ocr_par' dir='ltr' id='par_1_26' title="bbox 332 2377 1935 2450">
     <span class='ocr_line' id='line_1_26' title="bbox 332 2377 1935 2450; baseline -0.002 -17"><span class='ocrx_word' id='word_1_197' title='bbox 332 2381 389 2433; x_wconf 90' lang='lat' dir='ltr'><strong>et</strong></span> <span class='ocrx_word' id='word_1_198' title='bbox 418 2380 618 2450; x_wconf 90' lang='lat' dir='ltr'><strong>postea</strong></span> <span class='ocrx_word' id='word_1_199' title='bbox 646 2394 764 2431; x_wconf 89' lang='lat' dir='ltr'><strong>non</strong></span> <span class='ocrx_word' id='word_1_200' title='bbox 795 2377 1091 2432; x_wconf 87' lang='lat' dir='ltr'><strong>habebunt</strong></span> <span class='ocrx_word' id='word_1_201' title='bbox 1122 2378 1274 2432; x_wconf 91' lang='lat' dir='ltr'><strong>unde</strong></span> <span class='ocrx_word' id='word_1_202' title='bbox 1301 2378 1510 2448; x_wconf 87' lang='lat' dir='ltr'><strong>legalia</strong></span> <span class='ocrx_word' id='word_1_203' title='bbox 1535 2382 1667 2433; x_wconf 87' lang='lat' dir='ltr'><strong>vota</strong></span> <span class='ocrx_word' id='word_1_204' title='bbox 1693 2379 1935 2444; x_wconf 88' lang='lat' dir='ltr'><strong>solvant,</strong></span> 
     </span>
    </p>
   </div>
   <div class='ocr_carea' id='block_1_27' title="bbox 330 2465 1940 2537">
    <p class='ocr_par' dir='ltr' id='par_1_27' title="bbox 330 2465 1940 2537">
     <span class='ocr_line' id='line_1_27' title="bbox 330 2465 1940 2537; baseline -0.001 -17"><span class='ocrx_word' id='word_1_205' title='bbox 330 2468 535 2520; x_wconf 91' lang='lat' dir='ltr'><strong>contra</strong></span> <span class='ocrx_word' id='word_1_206' title='bbox 565 2465 721 2537; x_wconf 89' lang='lat' dir='ltr'><strong>quod</strong></span> <span class='ocrx_word' id='word_1_207' title='bbox 758 2465 1071 2537; x_wconf 90' lang='lat' dir='ltr'><strong>subjungit.</strong></span> <span class='ocrx_word' id='word_1_208' title='bbox 1120 2465 1255 2520; x_wconf 93' lang='lat' dir='ltr'><strong>Dico</strong></span> <span class='ocrx_word' id='word_1_209' title='bbox 1296 2467 1451 2537; x_wconf 92' lang='lat' dir='ltr'><strong>quod</strong></span> <span class='ocrx_word' id='word_1_210' title='bbox 1489 2483 1606 2521; x_wconf 90' lang='lat' dir='ltr'><strong>non</strong></span> <span class='ocrx_word' id='word_1_211' title='bbox 1651 2466 1940 2521; x_wconf 89' lang='lat' dir='ltr'><strong>timebunt</strong></span> 
     </span>
    </p>
   </div>
   <div class='ocr_carea' id='block_1_28' title="bbox 330 2554 1935 2626">
    <p class='ocr_par' dir='ltr' id='par_1_28' title="bbox 330 2554 1935 2626">
     <span class='ocr_line' id='line_1_28' title="bbox 330 2554 1935 2626; baseline 0.001 -18"><span class='ocrx_word' id='word_1_212' title='bbox 330 2555 460 2626; x_wconf 76' lang='lat' dir='ltr'><strong>quid</strong></span> <span class='ocrx_word' id='word_1_213' title='bbox 486 2556 659 2624; x_wconf 82' lang='lat' dir='ltr'><strong>faciat</strong></span> <span class='ocrx_word' id='word_1_214' title='bbox 688 2554 794 2609; x_wconf 91' lang='lat' dir='ltr'><strong>sibi</strong></span> <span class='ocrx_word' id='word_1_215' title='bbox 836 2555 1010 2617; x_wconf 79' lang='lat' dir='ltr'><strong>homo,</strong></span> <span class='ocrx_word' id='word_1_216' title='bbox 1059 2570 1246 2626; x_wconf 90' lang='lat' dir='ltr'><strong>neque</strong></span> <span class='ocrx_word' id='word_1_217' title='bbox 1284 2554 1612 2609; x_wconf 85' lang='lat' dir='ltr'><strong>timendum</strong></span> <span class='ocrx_word' id='word_1_218' title='bbox 1651 2558 1763 2623; x_wconf 91' lang='lat' dir='ltr'><strong>est;</strong></span> <span class='ocrx_word' id='word_1_219' title='bbox 1799 2571 1935 2609; x_wconf 91' lang='lat' dir='ltr'><strong>nam</strong></span> 
     </span>
    </p>
   </div>
   <div class='ocr_carea' id='block_1_29' title="bbox 332 2643 1938 2716">
    <p class='ocr_par' dir='ltr' id='par_1_29' title="bbox 332 2643 1938 2716">
     <span class='ocr_line' id='line_1_29' title="bbox 332 2643 1938 2716; baseline -0.001 -18"><span class='ocrx_word' id='word_1_220' title='bbox 332 2643 466 2698; x_wconf 91' lang='lat' dir='ltr'><strong>licet</strong></span> <span class='ocrx_word' id='word_1_221' title='bbox 504 2643 728 2698; x_wconf 81' lang='lat' dir='ltr'><strong>auferat</strong></span> <span class='ocrx_word' id='word_1_222' title='bbox 768 2646 1019 2710; x_wconf 90' lang='lat' dir='ltr'><strong>terrena,</strong></span> <span class='ocrx_word' id='word_1_223' title='bbox 1066 2659 1183 2697; x_wconf 90' lang='lat' dir='ltr'><strong>non</strong></span> <span class='ocrx_word' id='word_1_224' title='bbox 1230 2646 1426 2698; x_wconf 84' lang='lat' dir='ltr'><strong>tamen</strong></span> <span class='ocrx_word' id='word_1_225' title='bbox 1476 2644 1700 2698; x_wconf 90' lang='lat' dir='ltr'><strong>auferre</strong></span> <span class='ocrx_word' id='word_1_226' title='bbox 1749 2646 1938 2716; x_wconf 90' lang='lat' dir='ltr'><strong>potest</strong></span> 
     </span>
    </p>
   </div>
   <div class='ocr_carea' id='block_1_30' title="bbox 332 2730 1937 2803">
    <p class='ocr_par' dir='ltr' id='par_1_30' title="bbox 332 2730 1937 2803">
     <span class='ocr_line' id='line_1_30' title="bbox 332 2730 1937 2803; baseline -0.001 -18"><span class='ocrx_word' id='word_1_227' title='bbox 332 2731 471 2803; x_wconf 89' lang='lat' dir='ltr'><strong>quin</strong></span> <span class='ocrx_word' id='word_1_228' title='bbox 501 2730 607 2785; x_wconf 84' lang='lat' dir='ltr'><strong>tibi</strong></span> <span class='ocrx_word' id='word_1_229' title='bbox 639 2730 961 2786; x_wconf 83' lang='lat' dir='ltr'><strong>sacriﬁcent</strong></span> <span class='ocrx_word' id='word_1_230' title='bbox 993 2747 1005 2785; x_wconf 92' lang='lat'>:</span> <span class='ocrx_word' id='word_1_231' title='bbox 1040 2733 1096 2784; x_wconf 89' lang='lat' dir='ltr'><strong>in</strong></span> <span class='ocrx_word' id='word_1_232' title='bbox 1131 2748 1213 2784; x_wconf 89' lang='lat' dir='ltr'><strong>me</strong></span> <span class='ocrx_word' id='word_1_233' title='bbox 1252 2730 1431 2798; x_wconf 91' lang='lat' dir='ltr'><strong>enim,</strong></span> <span class='ocrx_word' id='word_1_234' title='bbox 1469 2731 1527 2786; x_wconf 89' lang='lat' dir='ltr'><strong>id</strong></span> <span class='ocrx_word' id='word_1_235' title='bbox 1567 2734 1651 2786; x_wconf 89' lang='lat' dir='ltr'><strong>est</strong></span> <span class='ocrx_word' id='word_1_236' title='bbox 1690 2732 1747 2785; x_wconf 90' lang='lat' dir='ltr'><strong>in</strong></span> <span class='ocrx_word' id='word_1_237' title='bbox 1795 2731 1937 2786; x_wconf 91' lang='lat' dir='ltr'><strong>meis</strong></span> 
     </span>
    </p>
   </div>
   <div class='ocr_carea' id='block_1_31' title="bbox 330 2818 1939 2891">
    <p class='ocr_par' dir='ltr' id='par_1_31' title="bbox 330 2818 1939 2891">
     <span class='ocr_line' id='line_1_31' title="bbox 330 2818 1939 2891; baseline -0.001 -18"><span class='ocrx_word' id='word_1_238' title='bbox 330 2827 451 2873; x_wconf 85' lang='lat' dir='ltr'><strong>sunt</strong></span> <span class='ocrx_word' id='word_1_239' title='bbox 480 2827 624 2887; x_wconf 84' lang='lat' dir='ltr'><strong>vota,</strong></span> <span class='ocrx_word' id='word_1_240' title='bbox 655 2818 713 2874; x_wconf 93' lang='lat' dir='ltr'><strong>id</strong></span> <span class='ocrx_word' id='word_1_241' title='bbox 756 2821 842 2874; x_wconf 91' lang='lat' dir='ltr'><strong>est</strong></span> <span class='ocrx_word' id='word_1_242' title='bbox 880 2818 1155 2875; x_wconf 80' lang='lat' dir='ltr'><strong>sacrificia</strong></span> <span class='ocrx_word' id='word_1_243' title='bbox 1184 2822 1304 2886; x_wconf 89' lang='lat' dir='ltr'><strong>tua,</strong></span> <span class='ocrx_word' id='word_1_244' title='bbox 1337 2837 1453 2891; x_wconf 71' lang='lat' dir='ltr'><strong>quae</strong></span> <span class='ocrx_word' id='word_1_245' title='bbox 1496 2819 1733 2886; x_wconf 83' lang='lat' dir='ltr'><strong>reddam,</strong></span> <span class='ocrx_word' id='word_1_246' title='bbox 1765 2819 1823 2874; x_wconf 92' lang='lat' dir='ltr'><strong>id</strong></span> <span class='ocrx_word' id='word_1_247' title='bbox 1852 2821 1939 2874; x_wconf 89' lang='lat' dir='ltr'><strong>est</strong></span> 
     </span>
    </p>
   </div>
   <div class='ocr_carea' id='block_1_32' title="bbox 332 2906 1932 2974">
    <p class='ocr_par' dir='ltr' id='par_1_32' title="bbox 332 2906 1932 2974">
     <span class='ocr_line' id='line_1_32' title="bbox 332 2906 1932 2974; baseline -0.001 -12"><span class='ocrx_word' id='word_1_248' title='bbox 332 2908 583 2963; x_wconf 89' lang='lat' dir='ltr'><strong>reddant</strong></span> <span class='ocrx_word' id='word_1_249' title='bbox 607 2908 726 2974; x_wconf 86' lang='lat' dir='ltr'><strong>tibi,</strong></span> <span class='ocrx_word' id='word_1_250' title='bbox 761 2906 1091 2963; x_wconf 78' lang='lat' dir='ltr'><strong>laudationes</strong></span> <span class='ocrx_word' id='word_1_251' title='bbox 1130 2907 1361 2963; x_wconf 89' lang='lat' dir='ltr'><strong>scilicet.</strong></span> <span class='ocrx_word' id='word_1_252' title='bbox 1385 2907 1549 2971; x_wconf 87' lang='lat' dir='ltr'><strong>Quod</strong></span> <span class='ocrx_word' id='word_1_253' title='bbox 1580 2911 1665 2962; x_wconf 91' lang='lat' dir='ltr'><strong>est</strong></span> <span class='ocrx_word' id='word_1_254' title='bbox 1699 2907 1885 2962; x_wconf 92' lang='lat' dir='ltr'><strong>dicere</strong></span> <span class='ocrx_word' id='word_1_255' title='bbox 1919 2923 1932 2960; x_wconf 92' lang='lat'>:</span> 
     </span>
    </p>
   </div>
   <div class='ocr_carea' id='block_1_33' title="bbox 2041 506 3647 581">
    <p class='ocr_par' dir='ltr' id='par_1_33' title="bbox 2041 506 3647 581">
     <span class='ocr_line' id='line_1_33' title="bbox 2041 506 3647 581; baseline 0.002 -20"><span class='ocrx_word' id='word_1_256' title='bbox 2041 506 2188 578; x_wconf 88' lang='lat' dir='ltr'><strong>gisse</strong></span> <span class='ocrx_word' id='word_1_257' title='bbox 2215 506 2304 578; x_wconf 89' lang='lat' dir='ltr'><strong>(II</strong></span> <span class='ocrx_word' id='word_1_258' title='bbox 2328 506 2617 579; x_wconf 85' lang='lat' dir='ltr'><strong>Reg.xxn)</strong></span> <span class='ocrx_word' id='word_1_259' title='bbox 2652 524 2664 562; x_wconf 94' lang='lat'><strong>:</strong></span> <span class='ocrx_word' id='word_1_260' title='bbox 2696 507 2834 562; x_wconf 93' lang='lat' dir='ltr'><strong>illud</strong></span> <span class='ocrx_word' id='word_1_261' title='bbox 2865 524 3094 579; x_wconf 88' lang='lat' dir='ltr'><strong>quoque</strong></span> <span class='ocrx_word' id='word_1_262' title='bbox 3142 509 3298 579; x_wconf 90' lang='lat' dir='ltr'><strong>quod</strong></span> <span class='ocrx_word' id='word_1_263' title='bbox 3338 509 3647 581; x_wconf 90' lang='lat' dir='ltr'><strong>apponitur</strong></span> 
     </span>
    </p>
   </div>
   <div class='ocr_carea' id='block_1_34' title="bbox 2038 595 3646 665">
    <p class='ocr_par' dir='ltr' id='par_1_34' title="bbox 2038 595 3646 665">
     <span class='ocr_line' id='line_1_34' title="bbox 2038 595 3646 665; baseline 0.002 -16"><span class='ocrx_word' id='word_1_264' title='bbox 2038 595 2098 649; x_wconf 91' lang='lat' dir='ltr'><strong>in</strong></span> <span class='ocrx_word' id='word_1_265' title='bbox 2126 595 2313 662; x_wconf 87' lang='lat' dir='ltr'><strong>titulo,</strong></span> <span class='ocrx_word' id='word_1_266' title='bbox 2346 595 2559 650; x_wconf 91' lang='lat' dir='ltr'><strong>scilicet</strong></span> <span class='ocrx_word' id='word_1_267' title='bbox 2591 598 2645 649; x_wconf 88' lang='lat' dir='ltr'><strong>in</strong></span> <span class='ocrx_word' id='word_1_268' title='bbox 2678 595 2828 650; x_wconf 81' lang='lat' dir='ltr'><strong>tituli</strong></span> <span class='ocrx_word' id='word_1_269' title='bbox 2845 598 3199 665; x_wconf 76' lang='lat' dir='ltr'><strong>inscriptione,</strong></span> <span class='ocrx_word' id='word_1_270' title='bbox 3234 598 3559 652; x_wconf 87' lang='lat' dir='ltr'><strong>nullatenus</strong></span> <span class='ocrx_word' id='word_1_271' title='bbox 3572 597 3646 651; x_wconf 86' lang='lat' dir='ltr'><strong>ad</strong></span> 
     </span>
    </p>
   </div>
   <div class='ocr_carea' id='block_1_35' title="bbox 2038 670 3646 757">
    <p class='ocr_par' dir='ltr' id='par_1_35' title="bbox 2038 670 3646 757">
     <span class='ocr_line' id='line_1_35' title="bbox 2038 670 3646 757; baseline 0.001 -19"><span class='ocrx_word' id='word_1_272' title='bbox 2038 670 2337 739; x_wconf 81' lang='lat' dir='ltr'><strong>historiam</strong></span> <span class='ocrx_word' id='word_1_273' title='bbox 2376 684 2600 739; x_wconf 90' lang='lat' dir='ltr'><strong>videtur</strong></span> <span class='ocrx_word' id='word_1_274' title='bbox 2645 684 2911 750; x_wconf 86' lang='lat' dir='ltr'><strong>attinere,</strong></span> <span class='ocrx_word' id='word_1_275' title='bbox 2952 700 3081 738; x_wconf 91' lang='lat' dir='ltr'><strong>cum</strong></span> <span class='ocrx_word' id='word_1_276' title='bbox 3133 684 3309 738; x_wconf 88' lang='lat' dir='ltr'><strong>David</strong></span> <span class='ocrx_word' id='word_1_277' title='bbox 3350 687 3646 757; x_wconf 86' lang='lat' dir='ltr'><strong>pr0phetae</strong></span> 
     </span>
    </p>
   </div>
   <div class='ocr_carea' id='block_1_36' title="bbox 2040 771 3650 843">
    <p class='ocr_par' dir='ltr' id='par_1_36' title="bbox 2040 771 3650 843">
     <span class='ocr_line' id='line_1_36' title="bbox 2040 771 3650 843; baseline 0.001 -18"><span class='ocrx_word' id='word_1_278' title='bbox 2040 787 2327 842; x_wconf 89' lang='lat' dir='ltr'><strong>nusquam</strong></span> <span class='ocrx_word' id='word_1_279' title='bbox 2362 773 2590 843; x_wconf 85' lang='lat' dir='ltr'><strong>legatur</strong></span> <span class='ocrx_word' id='word_1_280' title='bbox 2614 771 2912 842; x_wconf 89' lang='lat' dir='ltr'><strong>inscriptio</strong></span> <span class='ocrx_word' id='word_1_281' title='bbox 2944 772 3091 825; x_wconf 88' lang='lat' dir='ltr'><strong>tituli</strong></span> <span class='ocrx_word' id='word_1_282' title='bbox 3120 772 3271 826; x_wconf 90' lang='lat' dir='ltr'><strong>facta</strong></span> <span class='ocrx_word' id='word_1_283' title='bbox 3299 772 3490 831; x_wconf 91' lang='lat' dir='ltr'><strong>fuisse.</strong></span> <span class='ocrx_word' id='word_1_284' title='bbox 3526 774 3650 828; x_wconf 91' lang='lat' dir='ltr'><strong>ldo-</strong></span> 
     </span>
    </p>
   </div>
   <div class='ocr_carea' id='block_1_37' title="bbox 2039 859 3649 931">
    <p class='ocr_par' dir='ltr' id='par_1_37' title="bbox 2039 859 3649 931">
     <span class='ocr_line' id='line_1_37' title="bbox 2039 859 3649 931; baseline 0.002 -18"><span class='ocrx_word' id='word_1_285' title='bbox 2039 876 2216 914; x_wconf 89' lang='lat' dir='ltr'><strong>neum</strong></span> <span class='ocrx_word' id='word_1_286' title='bbox 2235 875 2374 931; x_wconf 91' lang='lat' dir='ltr'><strong>ergo</strong></span> <span class='ocrx_word' id='word_1_287' title='bbox 2399 859 2642 926; x_wconf 90' lang='lat' dir='ltr'><strong>videtur,</strong></span> <span class='ocrx_word' id='word_1_288' title='bbox 2668 876 2784 915; x_wconf 91' lang='lat' dir='ltr'><strong>non</strong></span> <span class='ocrx_word' id='word_1_289' title='bbox 2817 860 2979 929; x_wconf 82' lang='lat' dir='ltr'><strong>juxta</strong></span> <span class='ocrx_word' id='word_1_290' title='bbox 3004 860 3325 928; x_wconf 89' lang='lat' dir='ltr'><strong>historiam,</strong></span> <span class='ocrx_word' id='word_1_291' title='bbox 3362 860 3462 915; x_wconf 92' lang='lat' dir='ltr'><strong>sed</strong></span> <span class='ocrx_word' id='word_1_292' title='bbox 3484 860 3649 930; x_wconf 85' lang='lat' dir='ltr'><strong>juxta</strong></span> 
     </span>
    </p>
   </div>
   <div class='ocr_carea' id='block_1_38' title="bbox 2039 946 3726 1020">
    <p class='ocr_par' dir='ltr' id='par_1_38' title="bbox 2039 946 3726 1020">
     <span class='ocr_line' id='line_1_38' title="bbox 2039 946 3726 1020; baseline 0.002 -21"><span class='ocrx_word' id='word_1_293' title='bbox 2039 947 2191 1002; x_wconf 82' lang='lat' dir='ltr'><strong>vocis</strong></span> <span class='ocrx_word' id='word_1_294' title='bbox 2211 946 3023 1017; x_wconf 88' lang='lat' dir='ltr'><strong>interpretationem,titulum</strong></span> <span class='ocrx_word' id='word_1_295' title='bbox 3048 949 3202 1003; x_wconf 90' lang='lat' dir='ltr'><strong>hunc</strong></span> <span class='ocrx_word' id='word_1_296' title='bbox 3232 948 3518 1019; x_wconf 88' lang='lat' dir='ltr'><strong>accipere;</strong></span> <span class='ocrx_word' id='word_1_297' title='bbox 3547 950 3644 1020; x_wconf 93' lang='lat' dir='ltr'><strong>qui</strong></span> <span class='ocrx_word' id='word_1_298' title='bbox 3720 946 3726 955; x_wconf 87' lang='grc'><strong>’</strong></span> 
     </span>
    </p>
   </div>
   <div class='ocr_carea' id='block_1_39' title="bbox 2040 1035 3646 1111">
    <p class='ocr_par' dir='ltr' id='par_1_39' title="bbox 2040 1035 3646 1111">
     <span class='ocr_line' id='line_1_39' title="bbox 2040 1035 3646 1111; baseline 0.002 -21"><span class='ocrx_word' id='word_1_299' title='bbox 2040 1035 2117 1090; x_wconf 91' lang='lat' dir='ltr'><strong>sic</strong></span> <span class='ocrx_word' id='word_1_300' title='bbox 2165 1037 2489 1107; x_wconf 87' lang='lat' dir='ltr'><strong>exponitur.</strong></span> <span class='ocrx_word' id='word_1_301' title='bbox 2537 1037 2793 1092; x_wconf 85' lang='lat' dir='ltr'><strong>Psalmus</strong></span> <span class='ocrx_word' id='word_1_302' title='bbox 2833 1036 2937 1091; x_wconf 91' lang='lat' dir='ltr'><strong>iste</strong></span> <span class='ocrx_word' id='word_1_303' title='bbox 2980 1042 3241 1109; x_wconf 89' lang='lat' dir='ltr'><strong>spectans</strong></span> <span class='ocrx_word' id='word_1_304' title='bbox 3282 1041 3338 1092; x_wconf 88' lang='lat' dir='ltr'><strong>in</strong></span> <span class='ocrx_word' id='word_1_305' title='bbox 3376 1037 3559 1111; x_wconf 86' lang='lat' dir='ltr'><strong>ﬁnem,</strong></span> <span class='ocrx_word' id='word_1_306' title='bbox 3587 1039 3646 1094; x_wconf 94' lang='lat' dir='ltr'><strong>id</strong></span> 
     </span>
    </p>
   </div>
   <div class='ocr_carea' id='block_1_40' title="bbox 2041 1124 3645 1198">
    <p class='ocr_par' dir='ltr' id='par_1_40' title="bbox 2041 1124 3645 1198">
     <span class='ocr_line' id='line_1_40' title="bbox 2041 1124 3645 1198; baseline 0.003 -21"><span class='ocrx_word' id='word_1_307' title='bbox 2041 1126 2125 1177; x_wconf 89' lang='lat' dir='ltr'><strong>est</strong></span> <span class='ocrx_word' id='word_1_308' title='bbox 2148 1124 2207 1178; x_wconf 93' lang='lat' dir='ltr'><strong>in</strong></span> <span class='ocrx_word' id='word_1_309' title='bbox 2232 1124 2541 1192; x_wconf 85' lang='lat' dir='ltr'><strong>Christum,</strong></span> <span class='ocrx_word' id='word_1_310' title='bbox 2583 1125 2922 1180; x_wconf 86' lang='lat' dir='ltr'><strong>adhortatur</strong></span> <span class='ocrx_word' id='word_1_311' title='bbox 2940 1144 3005 1180; x_wconf 88' lang='lat' dir='ltr'><strong>ne</strong></span> <span class='ocrx_word' id='word_1_312' title='bbox 3038 1129 3099 1180; x_wconf 93' lang='lat' dir='ltr'><strong>tu</strong></span> <span class='ocrx_word' id='word_1_313' title='bbox 3124 1126 3449 1198; x_wconf 88' lang='lat' dir='ltr'><strong>quicunque</strong></span> <span class='ocrx_word' id='word_1_314' title='bbox 3465 1128 3645 1182; x_wconf 91' lang='lat' dir='ltr'><strong>lector</strong></span> 
     </span>
    </p>
   </div>
   <div class='ocr_carea' id='block_1_41' title="bbox 2040 1211 3638 1283">
    <p class='ocr_par' dir='ltr' id='par_1_41' title="bbox 2040 1211 3638 1283">
     <span class='ocr_line' id='line_1_41' title="bbox 2040 1211 3638 1283; baseline 0.003 -19"><span class='ocrx_word' id='word_1_315' title='bbox 2040 1227 2344 1281; x_wconf 80' lang='lat' dir='ltr'><strong>corrumpas</strong></span> <span class='ocrx_word' id='word_1_316' title='bbox 2365 1211 2563 1277; x_wconf 85' lang='lat' dir='ltr'><strong>David,</strong></span> <span class='ocrx_word' id='word_1_317' title='bbox 2598 1211 2655 1266; x_wconf 91' lang='lat' dir='ltr'><strong>id</strong></span> <span class='ocrx_word' id='word_1_318' title='bbox 2681 1214 2767 1265; x_wconf 91' lang='lat' dir='ltr'><strong>est</strong></span> <span class='ocrx_word' id='word_1_319' title='bbox 2796 1211 3105 1278; x_wconf 88' lang='lat' dir='ltr'><strong>Christum,</strong></span> <span class='ocrx_word' id='word_1_320' title='bbox 3138 1216 3417 1283; x_wconf 89' lang='lat' dir='ltr'><strong>quantum</strong></span> <span class='ocrx_word' id='word_1_321' title='bbox 3451 1215 3524 1268; x_wconf 91' lang='lat' dir='ltr'><strong>ad</strong></span> <span class='ocrx_word' id='word_1_322' title='bbox 3561 1217 3638 1268; x_wconf 93' lang='lat' dir='ltr'><strong>te.</strong></span> 
     </span>
    </p>
   </div>
   <div class='ocr_carea' id='block_1_42' title="bbox 2040 1298 3638 1370">
    <p class='ocr_par' dir='ltr' id='par_1_42' title="bbox 2040 1298 3638 1370">
     <span class='ocr_line' id='line_1_42' title="bbox 2040 1298 3638 1370; baseline 0.002 -18"><span class='ocrx_word' id='word_1_323' title='bbox 2040 1298 2108 1352; x_wconf 90' lang='lat' dir='ltr'><strong>Et</strong></span> <span class='ocrx_word' id='word_1_324' title='bbox 2140 1299 2389 1353; x_wconf 91' lang='lat' dir='ltr'><strong>ostendit</strong></span> <span class='ocrx_word' id='word_1_325' title='bbox 2414 1298 2471 1353; x_wconf 90' lang='lat' dir='ltr'><strong>in</strong></span> <span class='ocrx_word' id='word_1_326' title='bbox 2516 1315 2629 1370; x_wconf 92' lang='lat' dir='ltr'><strong>quo</strong></span> <span class='ocrx_word' id='word_1_327' title='bbox 2665 1315 2781 1354; x_wconf 91' lang='lat' dir='ltr'><strong>non</strong></span> <span class='ocrx_word' id='word_1_328' title='bbox 2810 1315 3163 1370; x_wconf 89' lang='lat' dir='ltr'><strong>corrumpas,</strong></span> <span class='ocrx_word' id='word_1_329' title='bbox 3196 1300 3463 1355; x_wconf 89' lang='lat' dir='ltr'><strong>addnedo</strong></span> <span class='ocrx_word' id='word_1_330' title='bbox 3514 1301 3591 1355; x_wconf 90' lang='lat' dir='ltr'><strong>sic</strong></span> <span class='ocrx_word' id='word_1_331' title='bbox 3625 1318 3638 1356; x_wconf 91' lang='lat'>:</span> 
     </span>
    </p>
   </div>
   <div class='ocr_carea' id='block_1_43' title="bbox 2038 1386 3648 1462">
    <p class='ocr_par' dir='ltr' id='par_1_43' title="bbox 2038 1386 3648 1462">
     <span class='ocr_line' id='line_1_43' title="bbox 2038 1386 3648 1462; baseline 0.002 -21"><span class='ocrx_word' id='word_1_332' title='bbox 2038 1386 2127 1441; x_wconf 81' lang='lat' dir='ltr'><strong>Ne</strong></span> <span class='ocrx_word' id='word_1_333' title='bbox 2162 1404 2469 1458; x_wconf 81' lang='lat' dir='ltr'><strong>corrumpas</strong></span> <span class='ocrx_word' id='word_1_334' title='bbox 2526 1387 2675 1454; x_wconf 89' lang='lat' dir='ltr'><strong>dico,</strong></span> <span class='ocrx_word' id='word_1_335' title='bbox 2718 1391 2773 1440; x_wconf 89' lang='lat' dir='ltr'><strong>in</strong></span> <span class='ocrx_word' id='word_1_336' title='bbox 2820 1388 2967 1442; x_wconf 84' lang='lat' dir='ltr'><strong>tituli</strong></span> <span class='ocrx_word' id='word_1_337' title='bbox 2994 1390 3331 1459; x_wconf 80' lang='lat' dir='ltr'><strong>inscriptione</strong></span> <span class='ocrx_word' id='word_1_338' title='bbox 3368 1390 3517 1445; x_wconf 89' lang='lat' dir='ltr'><strong>facta</strong></span> <span class='ocrx_word' id='word_1_339' title='bbox 3547 1394 3648 1462; x_wconf 83' lang='lat' dir='ltr'><strong>ipsi</strong></span> 
     </span>
    </p>
   </div>
   <div class='ocr_carea' id='block_1_44' title="bbox 2038 1476 3644 1549">
    <p class='ocr_par' dir='ltr' id='par_1_44' title="bbox 2038 1476 3644 1549">
     <span class='ocr_line' id='line_1_44' title="bbox 2038 1476 3644 1549; baseline 0.001 -17"><span class='ocrx_word' id='word_1_340' title='bbox 2038 1477 2240 1542; x_wconf 85' lang='lat' dir='ltr'><strong>David,</strong></span> <span class='ocrx_word' id='word_1_341' title='bbox 2272 1476 2329 1530; x_wconf 91' lang='lat' dir='ltr'><strong>id</strong></span> <span class='ocrx_word' id='word_1_342' title='bbox 2360 1478 2444 1531; x_wconf 89' lang='lat' dir='ltr'><strong>est</strong></span> <span class='ocrx_word' id='word_1_343' title='bbox 2480 1476 2701 1531; x_wconf 88' lang='lat' dir='ltr'><strong>Christo</strong></span> <span class='ocrx_word' id='word_1_344' title='bbox 2735 1493 2769 1531; x_wconf 86' lang='lat' dir='ltr'><strong>a</strong></span> <span class='ocrx_word' id='word_1_345' title='bbox 2800 1477 2999 1531; x_wconf 87' lang='lat' dir='ltr'><strong>Pilato.</strong></span> <span class='ocrx_word' id='word_1_346' title='bbox 3035 1476 3218 1540; x_wconf 90' lang='lat' dir='ltr'><strong>Quam</strong></span> <span class='ocrx_word' id='word_1_347' title='bbox 3265 1478 3324 1532; x_wconf 91' lang='lat' dir='ltr'><strong>in</strong></span> <span class='ocrx_word' id='word_1_348' title='bbox 3365 1479 3644 1549; x_wconf 86' lang='lat' dir='ltr'><strong>superiori</strong></span> 
     </span>
    </p>
   </div>
   <div class='ocr_carea' id='block_1_45' title="bbox 2041 1564 3645 1634">
    <p class='ocr_par' dir='ltr' id='par_1_45' title="bbox 2041 1564 3645 1634">
     <span class='ocr_line' id='line_1_45' title="bbox 2041 1564 3645 1634; baseline 0.003 -17"><span class='ocrx_word' id='word_1_349' title='bbox 2041 1565 2263 1634; x_wconf 87' lang='lat' dir='ltr'><strong>psalmo</strong></span> <span class='ocrx_word' id='word_1_350' title='bbox 2297 1564 2671 1619; x_wconf 90' lang='lat' dir='ltr'><strong>ostendimus.</strong></span> <span class='ocrx_word' id='word_1_351' title='bbox 2710 1564 2873 1628; x_wconf 86' lang='lat' dir='ltr'><strong>Quod</strong></span> <span class='ocrx_word' id='word_1_352' title='bbox 2899 1567 2983 1618; x_wconf 89' lang='lat' dir='ltr'><strong>est</strong></span> <span class='ocrx_word' id='word_1_353' title='bbox 3009 1564 3195 1620; x_wconf 89' lang='lat' dir='ltr'><strong>dicere</strong></span> <span class='ocrx_word' id='word_1_354' title='bbox 3230 1582 3243 1619; x_wconf 86' lang='lat'>:</span> <span class='ocrx_word' id='word_1_355' title='bbox 3282 1566 3359 1620; x_wconf 88' lang='lat' dir='ltr'><strong>Ne</strong></span> <span class='ocrx_word' id='word_1_356' title='bbox 3390 1583 3645 1622; x_wconf 85' lang='lat' dir='ltr'><strong>corrum-</strong></span> 
     </span>
    </p>
   </div>
   <div class='ocr_carea' id='block_1_46' title="bbox 2041 1651 3646 1725">
    <p class='ocr_par' dir='ltr' id='par_1_46' title="bbox 2041 1651 3646 1725">
     <span class='ocr_line' id='line_1_46' title="bbox 2041 1651 3646 1725; baseline 0.002 -19"><span class='ocrx_word' id='word_1_357' title='bbox 2041 1669 2143 1723; x_wconf 90' lang='lat' dir='ltr'><strong>pas</strong></span> <span class='ocrx_word' id='word_1_358' title='bbox 2167 1651 2602 1723; x_wconf 87' lang='lat' dir='ltr'><strong>inscriptionem</strong></span> <span class='ocrx_word' id='word_1_359' title='bbox 2635 1652 2807 1713; x_wconf 85' lang='lat' dir='ltr'><strong>tituli,</strong></span> <span class='ocrx_word' id='word_1_360' title='bbox 2828 1652 2885 1705; x_wconf 91' lang='lat' dir='ltr'><strong>id</strong></span> <span class='ocrx_word' id='word_1_361' title='bbox 2916 1656 2999 1706; x_wconf 88' lang='lat' dir='ltr'><strong>est</strong></span> <span class='ocrx_word' id='word_1_362' title='bbox 3021 1652 3159 1706; x_wconf 93' lang='lat' dir='ltr'><strong>illud</strong></span> <span class='ocrx_word' id='word_1_363' title='bbox 3182 1654 3335 1725; x_wconf 87' lang='lat' dir='ltr'><strong>quod</strong></span> <span class='ocrx_word' id='word_1_364' title='bbox 3362 1653 3421 1707; x_wconf 90' lang='lat' dir='ltr'><strong>in</strong></span> <span class='ocrx_word' id='word_1_365' title='bbox 3448 1654 3646 1709; x_wconf 89' lang='lat' dir='ltr'><strong>inscri-</strong></span> 
     </span>
    </p>
   </div>
   <div class='ocr_carea' id='block_1_47' title="bbox 1963 1726 3640 1813">
    <p class='ocr_par' dir='ltr' id='par_1_47' title="bbox 1963 1726 3640 1813">
     <span class='ocr_line' id='line_1_47' title="bbox 1963 1726 3640 1813; baseline 0.003 -20"><span class='ocrx_word' id='word_1_366' title='bbox 1963 1726 2013 1784; x_wconf 83' lang='lat' dir='ltr'>B</span> <span class='ocrx_word' id='word_1_367' title='bbox 2042 1743 2237 1810; x_wconf 91' lang='lat' dir='ltr'><strong>ptione</strong></span> <span class='ocrx_word' id='word_1_368' title='bbox 2266 1739 2414 1797; x_wconf 89' lang='lat' dir='ltr'><strong>tituli</strong></span> <span class='ocrx_word' id='word_1_369' title='bbox 2441 1743 2696 1806; x_wconf 91' lang='lat' dir='ltr'><strong>notatur,</strong></span> <span class='ocrx_word' id='word_1_370' title='bbox 2730 1738 2943 1793; x_wconf 78' lang='lat' dir='ltr'><strong>scilicet</strong></span> <span class='ocrx_word' id='word_1_371' title='bbox 2960 1740 3246 1795; x_wconf 87' lang='lat' dir='ltr'><strong>Christum</strong></span> <span class='ocrx_word' id='word_1_372' title='bbox 3275 1758 3474 1813; x_wconf 83' lang='lat' dir='ltr'><strong>regem</strong></span> <span class='ocrx_word' id='word_1_373' title='bbox 3501 1760 3640 1798; x_wconf 92' lang='lat' dir='ltr'><strong>esse.</strong></span> 
     </span>
    </p>
   </div>
   <div class='ocr_carea' id='block_1_48' title="bbox 2043 1828 3641 1903">
    <p class='ocr_par' dir='ltr' id='par_1_48' title="bbox 2043 1828 3641 1903">
     <span class='ocr_line' id='line_1_48' title="bbox 2043 1828 3641 1903; baseline 0.001 -19"><span class='ocrx_word' id='word_1_374' title='bbox 2043 1828 2207 1892; x_wconf 90' lang='lat' dir='ltr'><strong>Quod</strong></span> <span class='ocrx_word' id='word_1_375' title='bbox 2238 1834 2299 1884; x_wconf 93' lang='lat' dir='ltr'><strong>tu</strong></span> <span class='ocrx_word' id='word_1_376' title='bbox 2329 1844 2748 1903; x_wconf 73' lang='lat' dir='ltr'><strong>corrumperes,</strong></span> <span class='ocrx_word' id='word_1_377' title='bbox 2783 1831 3063 1899; x_wconf 89' lang='lat' dir='ltr'><strong>quantum</strong></span> <span class='ocrx_word' id='word_1_378' title='bbox 3097 1829 3170 1882; x_wconf 90' lang='lat' dir='ltr'><strong>ad</strong></span> <span class='ocrx_word' id='word_1_379' title='bbox 3198 1832 3286 1896; x_wconf 92' lang='lat' dir='ltr'><strong>te;</strong></span> <span class='ocrx_word' id='word_1_380' title='bbox 3318 1846 3434 1884; x_wconf 90' lang='lat' dir='ltr'><strong>non</strong></span> <span class='ocrx_word' id='word_1_381' title='bbox 3460 1846 3641 1901; x_wconf 90' lang='lat' dir='ltr'><strong>quan-</strong></span> 
     </span>
    </p>
   </div>
   <div class='ocr_carea' id='block_1_49' title="bbox 2041 1915 3646 1987">
    <p class='ocr_par' dir='ltr' id='par_1_49' title="bbox 2041 1915 3646 1987">
     <span class='ocr_line' id='line_1_49' title="bbox 2041 1915 3646 1987; baseline 0.001 -16"><span class='ocrx_word' id='word_1_382' title='bbox 2041 1918 2167 1971; x_wconf 90' lang='lat' dir='ltr'><strong>tum</strong></span> <span class='ocrx_word' id='word_1_383' title='bbox 2211 1917 2284 1971; x_wconf 88' lang='lat' dir='ltr'><strong>ad</strong></span> <span class='ocrx_word' id='word_1_384' title='bbox 2329 1932 2463 1970; x_wconf 89' lang='lat' dir='ltr'><strong>eum</strong></span> <span class='ocrx_word' id='word_1_385' title='bbox 2511 1915 2556 1969; x_wconf 93' lang='lat' dir='ltr'><strong>si</strong></span> <span class='ocrx_word' id='word_1_386' title='bbox 2598 1931 2732 1968; x_wconf 90' lang='lat' dir='ltr'><strong>cum</strong></span> <span class='ocrx_word' id='word_1_387' title='bbox 2770 1931 2969 1985; x_wconf 83' lang='lat' dir='ltr'><strong>regem</strong></span> <span class='ocrx_word' id='word_1_388' title='bbox 3017 1932 3138 1969; x_wconf 87' lang='lat' dir='ltr'><strong>esse</strong></span> <span class='ocrx_word' id='word_1_389' title='bbox 3179 1916 3515 1987; x_wconf 81' lang='lat' dir='ltr'><strong>denegares,</strong></span> <span class='ocrx_word' id='word_1_390' title='bbox 3558 1920 3646 1973; x_wconf 87' lang='lat' dir='ltr'><strong>vel</strong></span> 
     </span>
    </p>
   </div>
   <div class='ocr_carea' id='block_1_50' title="bbox 2041 2002 3645 2076">
    <p class='ocr_par' dir='ltr' id='par_1_50' title="bbox 2041 2002 3645 2076">
     <span class='ocr_line' id='line_1_50' title="bbox 2041 2002 3645 2076; baseline 0.001 -17"><span class='ocrx_word' id='word_1_391' title='bbox 2041 2004 2362 2070; x_wconf 81' lang='lat' dir='ltr'><strong>affectione,</strong></span> <span class='ocrx_word' id='word_1_392' title='bbox 2390 2003 2476 2056; x_wconf 85' lang='lat' dir='ltr'><strong>vel</strong></span> <span class='ocrx_word' id='word_1_393' title='bbox 2509 2019 2667 2069; x_wconf 91' lang='lat' dir='ltr'><strong>voce,</strong></span> <span class='ocrx_word' id='word_1_394' title='bbox 2706 2003 2791 2056; x_wconf 90' lang='lat' dir='ltr'><strong>vel</strong></span> <span class='ocrx_word' id='word_1_395' title='bbox 2834 2002 3192 2073; x_wconf 89' lang='lat' dir='ltr'><strong>negligentia</strong></span> <span class='ocrx_word' id='word_1_396' title='bbox 3221 2008 3645 2076; x_wconf 82' lang='lat' dir='ltr'><strong>praeceptorum</strong></span> 
     </span>
    </p>
   </div>
   <div class='ocr_carea' id='block_1_51' title="bbox 2040 2090 3647 2164">
    <p class='ocr_par' dir='ltr' id='par_1_51' title="bbox 2040 2090 3647 2164">
     <span class='ocr_line' id='line_1_51' title="bbox 2040 2090 3647 2164; baseline 0.001 -17"><span class='ocrx_word' id='word_1_397' title='bbox 2040 2093 2164 2164; x_wconf 91' lang='lat' dir='ltr'><strong>ejus</strong></span> <span class='ocrx_word' id='word_1_398' title='bbox 2219 2092 2361 2146; x_wconf 89' lang='lat' dir='ltr'><strong>sicut</strong></span> <span class='ocrx_word' id='word_1_399' title='bbox 2401 2090 2580 2145; x_wconf 59' lang='lat' dir='ltr'><strong>Judaei</strong></span> <span class='ocrx_word' id='word_1_400' title='bbox 2638 2106 3011 2161; x_wconf 90' lang='lat' dir='ltr'><strong>corrumpere</strong></span> <span class='ocrx_word' id='word_1_401' title='bbox 3050 2092 3372 2158; x_wconf 89' lang='lat' dir='ltr'><strong>voluerunt,</strong></span> <span class='ocrx_word' id='word_1_402' title='bbox 3414 2094 3647 2163; x_wconf 89' lang='lat' dir='ltr'><strong>quando</strong></span> 
     </span>
    </p>
   </div>
   <div class='ocr_carea' id='block_1_52' title="bbox 2041 2176 3645 2249">
    <p class='ocr_par' dir='ltr' id='par_1_52' title="bbox 2041 2176 3645 2249">
     <span class='ocr_line' id='line_1_52' title="bbox 2041 2176 3645 2249; baseline -0.002 -13"><span class='ocrx_word' id='word_1_403' title='bbox 2041 2197 2171 2236; x_wconf 91' lang='lat' dir='ltr'><strong>eam</strong></span> <span class='ocrx_word' id='word_1_404' title='bbox 2190 2176 2723 2235; x_wconf 75' lang='lat' dir='ltr'><strong>coinmutaverunt:</strong></span> <span class='ocrx_word' id='word_1_405' title='bbox 2754 2178 2891 2232; x_wconf 92' lang='lat' dir='ltr'><strong>Dico</strong></span> <span class='ocrx_word' id='word_1_406' title='bbox 2921 2196 2987 2231; x_wconf 88' lang='lat' dir='ltr'><strong>ne</strong></span> <span class='ocrx_word' id='word_1_407' title='bbox 3010 2195 3334 2249; x_wconf 84' lang='lat' dir='ltr'><strong>corrumpas,</strong></span> <span class='ocrx_word' id='word_1_408' title='bbox 3353 2180 3554 2245; x_wconf 84' lang='lat' dir='ltr'><strong>David,</strong></span> <span class='ocrx_word' id='word_1_409' title='bbox 3589 2182 3645 2234; x_wconf 89' lang='lat' dir='ltr'><strong>in</strong></span> 
     </span>
    </p>
   </div>
   <div class='ocr_carea' id='block_1_53' title="bbox 2040 2251 3639 2339">
    <p class='ocr_par' dir='ltr' id='par_1_53' title="bbox 2040 2251 3639 2339">
     <span class='ocr_line' id='line_1_53' title="bbox 2040 2251 3639 2339; baseline -0.003 -14"><span class='ocrx_word' id='word_1_410' title='bbox 2040 2269 2185 2325; x_wconf 85' lang='lat' dir='ltr'><strong>tituli</strong></span> <span class='ocrx_word' id='word_1_411' title='bbox 2198 2270 2534 2339; x_wconf 79' lang='lat' dir='ltr'><strong>inscriptione</strong></span> <span class='ocrx_word' id='word_1_412' title='bbox 2564 2251 2580 2336; x_wconf 83' lang='lat' dir='ltr'><strong>I</strong></span> <span class='ocrx_word' id='word_1_413' title='bbox 2751 2268 3132 2333; x_wconf 89' lang='lat' dir='ltr'><strong>commutata,</strong></span> <span class='ocrx_word' id='word_1_414' title='bbox 3149 2267 3299 2320; x_wconf 89' lang='lat' dir='ltr'><strong>facta</strong></span> <span class='ocrx_word' id='word_1_415' title='bbox 3313 2268 3419 2337; x_wconf 86' lang='lat' dir='ltr'><strong>ipsi</strong></span> <span class='ocrx_word' id='word_1_416' title='bbox 3437 2267 3639 2336; x_wconf 86' lang='lat' dir='ltr'><strong>David,</strong></span> 
     </span>
    </p>
   </div>
   <div class='ocr_carea' id='block_1_54' title="bbox 2040 2354 3643 2429">
    <p class='ocr_par' dir='ltr' id='par_1_54' title="bbox 2040 2354 3643 2429">
     <span class='ocr_line' id='line_1_54' title="bbox 2040 2354 3643 2429; baseline -0.002 -15"><span class='ocrx_word' id='word_1_417' title='bbox 2040 2375 2171 2414; x_wconf 90' lang='lat' dir='ltr'><strong>cum</strong></span> <span class='ocrx_word' id='word_1_418' title='bbox 2200 2359 2411 2429; x_wconf 79' lang='lat' dir='ltr'><strong>fugeret</strong></span> <span class='ocrx_word' id='word_1_419' title='bbox 2444 2375 2475 2410; x_wconf 93' lang='lat' dir='ltr'><strong>a</strong></span> <span class='ocrx_word' id='word_1_420' title='bbox 2518 2357 2659 2427; x_wconf 78' lang='lat' dir='ltr'><strong>facie</strong></span> <span class='ocrx_word' id='word_1_421' title='bbox 2704 2354 2843 2411; x_wconf 87' lang='lat' dir='ltr'><strong>Saul</strong></span> <span class='ocrx_word' id='word_1_422' title='bbox 2892 2358 2948 2409; x_wconf 89' lang='lat' dir='ltr'><strong>in</strong></span> <span class='ocrx_word' id='word_1_423' title='bbox 3000 2354 3269 2426; x_wconf 84' lang='lat' dir='ltr'><strong>spelunca.</strong></span> <span class='ocrx_word' id='word_1_424' title='bbox 3334 2354 3499 2419; x_wconf 88' lang='lat' dir='ltr'><strong>Quod</strong></span> <span class='ocrx_word' id='word_1_425' title='bbox 3556 2359 3643 2411; x_wconf 92' lang='lat' dir='ltr'><strong>est</strong></span> 
     </span>
    </p>
   </div>
   <div class='ocr_carea' id='block_1_55' title="bbox 2039 2442 3640 2515">
    <p class='ocr_par' dir='ltr' id='par_1_55' title="bbox 2039 2442 3640 2515">
     <span class='ocr_line' id='line_1_55' title="bbox 2039 2442 3640 2515; baseline -0.002 -13"><span class='ocrx_word' id='word_1_426' title='bbox 2039 2447 2227 2502; x_wconf 90' lang='lat' dir='ltr'><strong>dicere</strong></span> <span class='ocrx_word' id='word_1_427' title='bbox 2262 2462 2275 2500; x_wconf 92' lang='lat'>:</span> <span class='ocrx_word' id='word_1_428' title='bbox 2309 2444 2396 2499; x_wconf 90' lang='lat' dir='ltr'><strong>Ne</strong></span> <span class='ocrx_word' id='word_1_429' title='bbox 2423 2461 2751 2514; x_wconf 85' lang='lat' dir='ltr'><strong>corrumpas,</strong></span> <span class='ocrx_word' id='word_1_430' title='bbox 2784 2459 2915 2497; x_wconf 92' lang='lat' dir='ltr'><strong>cum</strong></span> <span class='ocrx_word' id='word_1_431' title='bbox 2947 2444 3056 2497; x_wconf 89' lang='lat' dir='ltr'><strong>hoc</strong></span> <span class='ocrx_word' id='word_1_432' title='bbox 3088 2442 3178 2510; x_wconf 91' lang='lat' dir='ltr'><strong>sit,</strong></span> <span class='ocrx_word' id='word_1_433' title='bbox 3211 2443 3367 2515; x_wconf 86' lang='lat' dir='ltr'><strong>quod</strong></span> <span class='ocrx_word' id='word_1_434' title='bbox 3396 2443 3518 2513; x_wconf 89' lang='lat' dir='ltr'><strong>ipse</strong></span> <span class='ocrx_word' id='word_1_435' title='bbox 3556 2444 3640 2498; x_wconf 86' lang='lat' dir='ltr'><strong>la-</strong></span> 
     </span>
    </p>
   </div>
   <div class='ocr_carea' id='block_1_56' title="bbox 2037 2531 3643 2604">
    <p class='ocr_par' dir='ltr' id='par_1_56' title="bbox 2037 2531 3643 2604">
     <span class='ocr_line' id='line_1_56' title="bbox 2037 2531 3643 2604; baseline -0.002 -14"><span class='ocrx_word' id='word_1_436' title='bbox 2037 2539 2165 2591; x_wconf 90' lang='lat' dir='ltr'><strong>tens</strong></span> <span class='ocrx_word' id='word_1_437' title='bbox 2188 2534 2247 2589; x_wconf 89' lang='lat' dir='ltr'><strong>in</strong></span> <span class='ocrx_word' id='word_1_438' title='bbox 2272 2535 2564 2604; x_wconf 89' lang='lat' dir='ltr'><strong>spelunca,</strong></span> <span class='ocrx_word' id='word_1_439' title='bbox 2597 2532 2654 2587; x_wconf 94' lang='lat' dir='ltr'><strong>id</strong></span> <span class='ocrx_word' id='word_1_440' title='bbox 2690 2535 2775 2587; x_wconf 91' lang='lat' dir='ltr'><strong>est</strong></span> <span class='ocrx_word' id='word_1_441' title='bbox 2804 2531 2863 2585; x_wconf 92' lang='lat' dir='ltr'><strong>in</strong></span> <span class='ocrx_word' id='word_1_442' title='bbox 2890 2532 3271 2598; x_wconf 88' lang='lat' dir='ltr'><strong>humanitate,</strong></span> <span class='ocrx_word' id='word_1_443' title='bbox 3326 2531 3643 2586; x_wconf 88' lang='lat' dir='ltr'><strong>secundum</strong></span> 
     </span>
    </p>
   </div>
   <div class='ocr_carea' id='block_1_57' title="bbox 2038 2618 3639 2691">
    <p class='ocr_par' dir='ltr' id='par_1_57' title="bbox 2038 2618 3639 2691">
     <span class='ocr_line' id='line_1_57' title="bbox 2038 2618 3639 2691; baseline -0.004 -12"><span class='ocrx_word' id='word_1_444' title='bbox 2038 2623 2396 2679; x_wconf 86' lang='lat' dir='ltr'><strong>divinitatem</strong></span> <span class='ocrx_word' id='word_1_445' title='bbox 2414 2620 2581 2691; x_wconf 83' lang='lat' dir='ltr'><strong>fugit,</strong></span> <span class='ocrx_word' id='word_1_446' title='bbox 2596 2620 2653 2675; x_wconf 91' lang='lat' dir='ltr'><strong>id</strong></span> <span class='ocrx_word' id='word_1_447' title='bbox 2667 2623 2751 2674; x_wconf 90' lang='lat' dir='ltr'><strong>est</strong></span> <span class='ocrx_word' id='word_1_448' title='bbox 2770 2620 2842 2674; x_wconf 89' lang='lat' dir='ltr'><strong>ad</strong></span> <span class='ocrx_word' id='word_1_449' title='bbox 2855 2620 3097 2675; x_wconf 90' lang='lat' dir='ltr'><strong>modum</strong></span> <span class='ocrx_word' id='word_1_450' title='bbox 3111 2618 3385 2691; x_wconf 87' lang='lat' dir='ltr'><strong>fugientis</strong></span> <span class='ocrx_word' id='word_1_451' title='bbox 3399 2618 3639 2673; x_wconf 89' lang='lat' dir='ltr'><strong>omnino</strong></span> 
     </span>
    </p>
   </div>
   <div class='ocr_carea' id='block_1_58' title="bbox 2038 2707 3645 2780">
    <p class='ocr_par' dir='ltr' id='par_1_58' title="bbox 2038 2707 3645 2780">
     <span class='ocr_line' id='line_1_58' title="bbox 2038 2707 3645 2780; baseline -0.003 -14"><span class='ocrx_word' id='word_1_452' title='bbox 2038 2711 2330 2766; x_wconf 89' lang='lat' dir='ltr'><strong>discessit:</strong></span> <span class='ocrx_word' id='word_1_453' title='bbox 2352 2710 2543 2779; x_wconf 80' lang='lat' dir='ltr'><strong>afacie</strong></span> <span class='ocrx_word' id='word_1_454' title='bbox 2565 2708 2725 2774; x_wconf 91' lang='lat' dir='ltr'><strong>Saul,</strong></span> <span class='ocrx_word' id='word_1_455' title='bbox 2758 2708 2816 2762; x_wconf 92' lang='lat' dir='ltr'><strong>id</strong></span> <span class='ocrx_word' id='word_1_456' title='bbox 2845 2712 2932 2763; x_wconf 89' lang='lat' dir='ltr'><strong>est</strong></span> <span class='ocrx_word' id='word_1_457' title='bbox 2958 2725 2990 2762; x_wconf 91' lang='lat' dir='ltr'><strong>a</strong></span> <span class='ocrx_word' id='word_1_458' title='bbox 3020 2708 3327 2780; x_wconf 64' lang='lat' dir='ltr'><strong>praesentia</strong></span> <span class='ocrx_word' id='word_1_459' title='bbox 3369 2707 3645 2778; x_wconf 87' lang='lat' dir='ltr'><strong>cognitio-</strong></span> 
     </span>
    </p>
   </div>
   <div class='ocr_carea' id='block_1_59' title="bbox 2037 2796 3644 2869">
    <p class='ocr_par' dir='ltr' id='par_1_59' title="bbox 2037 2796 3644 2869">
     <span class='ocr_line' id='line_1_59' title="bbox 2037 2796 3644 2869; baseline -0.003 -15"><span class='ocrx_word' id='word_1_460' title='bbox 2037 2800 2127 2855; x_wconf 87' lang='lat' dir='ltr'><strong>nis</strong></span> <span class='ocrx_word' id='word_1_461' title='bbox 2146 2798 2364 2854; x_wconf 87' lang='lat' dir='ltr'><strong>Judaici</strong></span> <span class='ocrx_word' id='word_1_462' title='bbox 2392 2797 2609 2869; x_wconf 90' lang='lat' dir='ltr'><strong>populi.</strong></span> <span class='ocrx_word' id='word_1_463' title='bbox 2644 2798 2720 2850; x_wconf 80' lang='lat' dir='ltr'><strong>Ac</strong></span> <span class='ocrx_word' id='word_1_464' title='bbox 2747 2796 2793 2850; x_wconf 90' lang='lat' dir='ltr'><strong>si</strong></span> <span class='ocrx_word' id='word_1_465' title='bbox 2818 2799 3092 2867; x_wconf 89' lang='lat' dir='ltr'><strong>poneret:</strong></span> <span class='ocrx_word' id='word_1_466' title='bbox 3112 2796 3374 2850; x_wconf 78' lang='lat' dir='ltr'><strong>Iudaicus</strong></span> <span class='ocrx_word' id='word_1_467' title='bbox 3397 2796 3644 2866; x_wconf 90' lang='lat' dir='ltr'><strong>populus</strong></span> 
     </span>
    </p>
   </div>
   <div class='ocr_carea' id='block_1_60' title="bbox 2036 2884 3641 2957">
    <p class='ocr_par' dir='ltr' id='par_1_60' title="bbox 2036 2884 3641 2957">
     <span class='ocr_line' id='line_1_60' title="bbox 2036 2884 3641 2957; baseline -0.004 -14"><span class='ocrx_word' id='word_1_468' title='bbox 2036 2889 2166 2943; x_wconf 92' lang='lat' dir='ltr'><strong>ideo</strong></span> <span class='ocrx_word' id='word_1_469' title='bbox 2185 2886 2440 2957; x_wconf 88' lang='lat' dir='ltr'><strong>corrupit</strong></span> <span class='ocrx_word' id='word_1_470' title='bbox 2454 2885 2887 2955; x_wconf 90' lang='lat' dir='ltr'><strong>inscriptionem</strong></span> <span class='ocrx_word' id='word_1_471' title='bbox 2902 2884 3051 2938; x_wconf 90' lang='lat' dir='ltr'><strong>tituli</strong></span> <span class='ocrx_word' id='word_1_472' title='bbox 3064 2884 3475 2939; x_wconf 90' lang='lat' dir='ltr'><strong>commutando</strong></span> <span class='ocrx_word' id='word_1_473' title='bbox 3488 2900 3641 2950; x_wconf 91' lang='lat' dir='ltr'><strong>eam,</strong></span> 
     </span>
    </p>
   </div>
   <div class='ocr_carea' id='block_1_61' title="bbox 329 2971 3643 3067">
    <p class='ocr_par' dir='ltr' id='par_1_61' title="bbox 329 2971 3643 3067">
     <span class='ocr_line' id='line_1_61' title="bbox 329 2971 3643 3067; baseline -0.001 -17"><span class='ocrx_word' id='word_1_474' title='bbox 329 2997 391 3050; x_wconf 91' lang='lat' dir='ltr'><strong>In</strong></span> <span class='ocrx_word' id='word_1_475' title='bbox 422 3013 480 3050; x_wconf 90' lang='lat' dir='ltr'><strong>se</strong></span> <span class='ocrx_word' id='word_1_476' title='bbox 507 2971 724 3051; x_wconf 84' lang='lat' dir='ltr'><strong>habent</strong></span> <span class='ocrx_word' id='word_1_477' title='bbox 751 2996 907 3067; x_wconf 92' lang='lat' dir='ltr'><strong>quod</strong></span> <span class='ocrx_word' id='word_1_478' title='bbox 947 2996 1053 3050; x_wconf 83' lang='lat' dir='ltr'><strong>tibi</strong></span> <span class='ocrx_word' id='word_1_479' title='bbox 1091 2995 1513 3062; x_wconf 84' lang='lat' dir='ltr'><strong>sacrificabunt,</strong></span> <span class='ocrx_word' id='word_1_480' title='bbox 1542 2996 1759 3051; x_wconf 92' lang='lat' dir='ltr'><strong>scilicet</strong></span> <span class='ocrx_word' id='word_1_481' title='bbox 1789 2999 1851 3051; x_wconf 92' lang='lat' dir='ltr'><strong>ut</strong></span> <span class='ocrx_word' id='word_1_482' title='bbox 1883 2998 1937 3050; x_wconf 88' lang='lat' dir='ltr'><strong>te</strong></span> <span class='ocrx_word' id='word_1_483' title='bbox 1968 3000 2015 3059; x_wconf 88' lang='lat' dir='ltr'><strong>C</strong></span> <span class='ocrx_word' id='word_1_484' title='bbox 2037 2976 2311 3067; x_wconf 67' lang='grc' dir='ltr'><strong>Ψιὶθίρεθ</strong></span> <span class='ocrx_word' id='word_1_485' title='bbox 2329 2972 2860 3067; x_wconf 39' lang='grc' dir='ltr'><strong>βξπίδίιξε-Ῑθίβηδίη</strong></span> <span class='ocrx_word' id='word_1_486' title='bbox 2879 2973 3261 3067; x_wconf 48' lang='grc' dir='ltr'><strong>δυωδῐξξίθίθν</strong></span> <span class='ocrx_word' id='word_1_487' title='bbox 3280 2971 3536 3067; x_wconf 43' lang='lat' dir='ltr'><strong>disce?“</strong></span> <span class='ocrx_word' id='word_1_488' title='bbox 3572 2971 3643 3026; x_wconf 67' lang='lat' dir='ltr'><strong>ab</strong></span> 
     </span>
    </p>
   </div>
   <div class='ocr_carea' id='block_1_62' title="bbox 330 3083 1936 3156">
    <p class='ocr_par' dir='ltr' id='par_1_62' title="bbox 330 3083 1936 3156">
     <span class='ocr_line' id='line_1_62' title="bbox 330 3083 1936 3156; baseline -0.001 -18"><span class='ocrx_word' id='word_1_489' title='bbox 330 3083 569 3139; x_wconf 90' lang='lat' dir='ltr'><strong>laudent</strong></span> <span class='ocrx_word' id='word_1_490' title='bbox 598 3101 753 3152; x_wconf 93' lang='lat' dir='ltr'><strong>voce,</strong></span> <span class='ocrx_word' id='word_1_491' title='bbox 788 3086 1056 3156; x_wconf 90' lang='lat' dir='ltr'><strong>opere,et</strong></span> <span class='ocrx_word' id='word_1_492' title='bbox 1073 3083 1397 3150; x_wconf 87' lang='lat' dir='ltr'><strong>devotione,</strong></span> <span class='ocrx_word' id='word_1_493' title='bbox 1427 3084 1582 3155; x_wconf 90' lang='lat' dir='ltr'><strong>quod</strong></span> <span class='ocrx_word' id='word_1_494' title='bbox 1604 3084 1792 3138; x_wconf 93' lang='lat' dir='ltr'><strong>nullus</strong></span> <span class='ocrx_word' id='word_1_495' title='bbox 1806 3099 1936 3155; x_wconf 87' lang='lat' dir='ltr'><strong>per-</strong></span> 
     </span>
    </p>
   </div>
   <div class='ocr_carea' id='block_1_63' title="bbox 331 3170 1935 3243">
    <p class='ocr_par' dir='ltr' id='par_1_63' title="bbox 331 3170 1935 3243">
     <span class='ocr_line' id='line_1_63' title="bbox 331 3170 1935 3243; baseline -0.001 -16"><span class='ocrx_word' id='word_1_496' title='bbox 331 3175 559 3227; x_wconf 89' lang='lat' dir='ltr'><strong>secutor</strong></span> <span class='ocrx_word' id='word_1_497' title='bbox 586 3175 776 3243; x_wconf 89' lang='lat' dir='ltr'><strong>potest</strong></span> <span class='ocrx_word' id='word_1_498' title='bbox 814 3172 895 3226; x_wconf 92' lang='lat' dir='ltr'><strong>eis</strong></span> <span class='ocrx_word' id='word_1_499' title='bbox 917 3171 1165 3239; x_wconf 90' lang='lat' dir='ltr'><strong>auferre,</strong></span> <span class='ocrx_word' id='word_1_500' title='bbox 1200 3175 1258 3226; x_wconf 90' lang='lat' dir='ltr'><strong>et</strong></span> <span class='ocrx_word' id='word_1_501' title='bbox 1285 3171 1529 3243; x_wconf 90' lang='lat' dir='ltr'><strong>dignum</strong></span> <span class='ocrx_word' id='word_1_502' title='bbox 1571 3172 1680 3227; x_wconf 90' lang='lat' dir='ltr'><strong>erit</strong></span> <span class='ocrx_word' id='word_1_503' title='bbox 1715 3174 1777 3225; x_wconf 94' lang='lat' dir='ltr'><strong>ut</strong></span> <span class='ocrx_word' id='word_1_504' title='bbox 1805 3170 1935 3226; x_wconf 91' lang='lat' dir='ltr'><strong>red-</strong></span> 
     </span>
    </p>
   </div>
   <div class='ocr_carea' id='block_1_64' title="bbox 332 3258 1937 3330">
    <p class='ocr_par' dir='ltr' id='par_1_64' title="bbox 332 3258 1937 3330">
     <span class='ocr_line' id='line_1_64' title="bbox 332 3258 1937 3330; baseline 0 -16"><span class='ocrx_word' id='word_1_505' title='bbox 332 3260 493 3314; x_wconf 91' lang='lat' dir='ltr'><strong>dant.</strong></span> <span class='ocrx_word' id='word_1_506' title='bbox 511 3258 784 3325; x_wconf 83' lang='lat' dir='ltr'><strong>Quoniam</strong></span> <span class='ocrx_word' id='word_1_507' title='bbox 818 3261 1059 3330; x_wconf 86' lang='lat' dir='ltr'><strong>eripuisti</strong></span> <span class='ocrx_word' id='word_1_508' title='bbox 1079 3261 1317 3313; x_wconf 89' lang='lat' dir='ltr'><strong>animam</strong></span> <span class='ocrx_word' id='word_1_509' title='bbox 1359 3276 1530 3313; x_wconf 88' lang='lat' dir='ltr'><strong>meam</strong></span> <span class='ocrx_word' id='word_1_510' title='bbox 1564 3260 1628 3313; x_wconf 89' lang='lat' dir='ltr'><strong>de</strong></span> <span class='ocrx_word' id='word_1_511' title='bbox 1662 3265 1845 3326; x_wconf 88' lang='lat' dir='ltr'><strong>morte,</strong></span> <span class='ocrx_word' id='word_1_512' title='bbox 1879 3259 1937 3314; x_wconf 91' lang='lat' dir='ltr'><strong>id</strong></span> 
     </span>
    </p>
   </div>
   <div class='ocr_carea' id='block_1_65' title="bbox 334 3346 1935 3419">
    <p class='ocr_par' dir='ltr' id='par_1_65' title="bbox 334 3346 1935 3419">
     <span class='ocr_line' id='line_1_65' title="bbox 334 3346 1935 3419; baseline -0.001 -17"><span class='ocrx_word' id='word_1_513' title='bbox 334 3349 419 3402; x_wconf 90' lang='lat' dir='ltr'><strong>est</strong></span> <span class='ocrx_word' id='word_1_514' title='bbox 449 3346 657 3419; x_wconf 91' lang='lat' dir='ltr'><strong>eripies</strong></span> <span class='ocrx_word' id='word_1_515' title='bbox 684 3346 942 3401; x_wconf 90' lang='lat' dir='ltr'><strong>animam</strong></span> <span class='ocrx_word' id='word_1_516' title='bbox 963 3364 1227 3403; x_wconf 87' lang='lat' dir='ltr'><strong>meorum</strong></span> <span class='ocrx_word' id='word_1_517' title='bbox 1246 3348 1316 3402; x_wconf 93' lang='lat' dir='ltr'><strong>de</strong></span> <span class='ocrx_word' id='word_1_518' title='bbox 1349 3347 1719 3402; x_wconf 91' lang='lat' dir='ltr'><strong>multitudine</strong></span> <span class='ocrx_word' id='word_1_519' title='bbox 1736 3363 1935 3419; x_wconf 88' lang='lat' dir='ltr'><strong>pecca-</strong></span> 
     </span>
    </p>
   </div>
   <div class='ocr_carea' id='block_1_66' title="bbox 330 3434 1936 3507">
    <p class='ocr_par' dir='ltr' id='par_1_66' title="bbox 330 3434 1936 3507">
     <span class='ocr_line' id='line_1_66' title="bbox 330 3434 1936 3507; baseline 0.001 -18"><span class='ocrx_word' id='word_1_520' title='bbox 330 3437 527 3490; x_wconf 86' lang='lat' dir='ltr'><strong>torum</strong></span> <span class='ocrx_word' id='word_1_521' title='bbox 548 3450 652 3506; x_wconf 88' lang='lat' dir='ltr'><strong>per</strong></span> <span class='ocrx_word' id='word_1_522' title='bbox 669 3450 796 3507; x_wconf 65' lang='lat' dir='ltr'><strong>quae</strong></span> <span class='ocrx_word' id='word_1_523' title='bbox 820 3434 1085 3490; x_wconf 89' lang='lat' dir='ltr'><strong>venirent</strong></span> <span class='ocrx_word' id='word_1_524' title='bbox 1110 3436 1183 3490; x_wconf 91' lang='lat' dir='ltr'><strong>ad</strong></span> <span class='ocrx_word' id='word_1_525' title='bbox 1204 3438 1479 3502; x_wconf 91' lang='lat' dir='ltr'><strong>mortem,</strong></span> <span class='ocrx_word' id='word_1_526' title='bbox 1508 3435 1617 3489; x_wconf 88' lang='lat' dir='ltr'><strong>nisi</strong></span> <span class='ocrx_word' id='word_1_527' title='bbox 1648 3435 1728 3489; x_wconf 92' lang='lat' dir='ltr'><strong>eis</strong></span> <span class='ocrx_word' id='word_1_528' title='bbox 1749 3435 1936 3490; x_wconf 91' lang='lat' dir='ltr'><strong>indul-</strong></span> 
     </span>
    </p>
   </div>
   <div class='ocr_carea' id='block_1_67' title="bbox 331 3523 1938 3596">
    <p class='ocr_par' dir='ltr' id='par_1_67' title="bbox 331 3523 1938 3596">
     <span class='ocr_line' id='line_1_67' title="bbox 331 3523 1938 3596; baseline -0.001 -18"><span class='ocrx_word' id='word_1_529' title='bbox 331 3539 496 3594; x_wconf 88' lang='lat' dir='ltr'><strong>geres</strong></span> <span class='ocrx_word' id='word_1_530' title='bbox 521 3542 535 3592; x_wconf 89' lang='lat'><strong>;</strong></span> <span class='ocrx_word' id='word_1_531' title='bbox 560 3526 616 3578; x_wconf 91' lang='lat' dir='ltr'><strong>et</strong></span> <span class='ocrx_word' id='word_1_532' title='bbox 636 3527 942 3595; x_wconf 88' lang='lat' dir='ltr'><strong>postquam</strong></span> <span class='ocrx_word' id='word_1_533' title='bbox 967 3523 1175 3596; x_wconf 88' lang='lat' dir='ltr'><strong>eripies</strong></span> <span class='ocrx_word' id='word_1_534' title='bbox 1194 3540 1228 3577; x_wconf 90' lang='lat' dir='ltr'><strong>a</strong></span> <span class='ocrx_word' id='word_1_535' title='bbox 1245 3527 1433 3579; x_wconf 89' lang='lat' dir='ltr'><strong>morte</strong></span> <span class='ocrx_word' id='word_1_536' title='bbox 1450 3539 1555 3596; x_wconf 91' lang='lat' dir='ltr'><strong>per</strong></span> <span class='ocrx_word' id='word_1_537' title='bbox 1569 3526 1938 3593; x_wconf 89' lang='lat' dir='ltr'><strong>peccatorum</strong></span> 
     </span>
    </p>
   </div>
   <div class='ocr_carea' id='block_1_68' title="bbox 330 3609 1940 3682">
    <p class='ocr_par' dir='ltr' id='par_1_68' title="bbox 330 3609 1940 3682">
     <span class='ocr_line' id='line_1_68' title="bbox 330 3609 1940 3682; baseline 0 -17"><span class='ocrx_word' id='word_1_538' title='bbox 330 3610 779 3682; x_wconf 89' lang='lat' dir='ltr'><strong>indulgentiam,</strong></span> <span class='ocrx_word' id='word_1_539' title='bbox 814 3611 1023 3681; x_wconf 90' lang='lat' dir='ltr'><strong>eripies</strong></span> <span class='ocrx_word' id='word_1_540' title='bbox 1044 3611 1202 3682; x_wconf 86' lang='lat' dir='ltr'><strong>pedes</strong></span> <span class='ocrx_word' id='word_1_541' title='bbox 1239 3629 1398 3680; x_wconf 87' lang='lat' dir='ltr'><strong>meos,</strong></span> <span class='ocrx_word' id='word_1_542' title='bbox 1427 3611 1487 3666; x_wconf 89' lang='lat' dir='ltr'><strong>id</strong></span> <span class='ocrx_word' id='word_1_543' title='bbox 1504 3613 1588 3665; x_wconf 90' lang='lat' dir='ltr'><strong>est</strong></span> <span class='ocrx_word' id='word_1_544' title='bbox 1610 3609 1940 3665; x_wconf 80' lang='lat' dir='ltr'><strong>affectiones</strong></span> 
     </span>
    </p>
   </div>
   <div class='ocr_carea' id='block_1_69' title="bbox 333 3698 1938 3770">
    <p class='ocr_par' dir='ltr' id='par_1_69' title="bbox 333 3698 1938 3770">
     <span class='ocr_line' id='line_1_69' title="bbox 333 3698 1938 3770; baseline 0 -17"><span class='ocrx_word' id='word_1_545' title='bbox 333 3714 600 3753; x_wconf 89' lang='lat' dir='ltr'><strong>meorum</strong></span> <span class='ocrx_word' id='word_1_546' title='bbox 626 3716 659 3753; x_wconf 89' lang='lat' dir='ltr'><strong>a</strong></span> <span class='ocrx_word' id='word_1_547' title='bbox 690 3698 861 3770; x_wconf 87' lang='lat' dir='ltr'><strong>lapsu,</strong></span> <span class='ocrx_word' id='word_1_548' title='bbox 891 3715 963 3754; x_wconf 91' lang='lat' dir='ltr'><strong>ne</strong></span> <span class='ocrx_word' id='word_1_549' title='bbox 995 3702 1270 3754; x_wconf 90' lang='lat' dir='ltr'><strong>corruant</strong></span> <span class='ocrx_word' id='word_1_550' title='bbox 1296 3717 1329 3754; x_wconf 88' lang='lat' dir='ltr'><strong>a</strong></span> <span class='ocrx_word' id='word_1_551' title='bbox 1354 3698 1656 3754; x_wconf 89' lang='lat' dir='ltr'><strong>sanctitate</strong></span> <span class='ocrx_word' id='word_1_552' title='bbox 1684 3714 1790 3770; x_wconf 89' lang='lat' dir='ltr'><strong>per</strong></span> <span class='ocrx_word' id='word_1_553' title='bbox 1813 3715 1938 3753; x_wconf 85' lang='lat' dir='ltr'><strong>ma-</strong></span> 
     </span>
    </p>
   </div>
   <div class='ocr_carea' id='block_1_70' title="bbox 333 3786 1942 3859">
    <p class='ocr_par' dir='ltr' id='par_1_70' title="bbox 333 3786 1942 3859">
     <span class='ocr_line' id='line_1_70' title="bbox 333 3786 1942 3859; baseline 0.001 -19"><span class='ocrx_word' id='word_1_554' title='bbox 333 3786 451 3841; x_wconf 90' lang='lat' dir='ltr'><strong>lam</strong></span> <span class='ocrx_word' id='word_1_555' title='bbox 482 3788 1006 3857; x_wconf 90' lang='lat' dir='ltr'><strong>concupiscentiam</strong></span> <span class='ocrx_word' id='word_1_556' title='bbox 1052 3788 1327 3859; x_wconf 88' lang='lat' dir='ltr'><strong>aliquam,</strong></span> <span class='ocrx_word' id='word_1_557' title='bbox 1367 3795 1425 3841; x_wconf 89' lang='lat' dir='ltr'><strong>ut</strong></span> <span class='ocrx_word' id='word_1_558' title='bbox 1453 3788 1718 3858; x_wconf 84' lang='lat' dir='ltr'><strong>placeam,</strong></span> <span class='ocrx_word' id='word_1_559' title='bbox 1759 3786 1820 3841; x_wconf 91' lang='lat' dir='ltr'><strong>id</strong></span> <span class='ocrx_word' id='word_1_560' title='bbox 1858 3789 1942 3841; x_wconf 87' lang='lat' dir='ltr'><strong>est</strong></span> 
     </span>
    </p>
   </div>
   <div class='ocr_carea' id='block_1_71' title="bbox 336 3874 1943 3947">
    <p class='ocr_par' dir='ltr' id='par_1_71' title="bbox 336 3874 1943 3947">
     <span class='ocr_line' id='line_1_71' title="bbox 336 3874 1943 3947; baseline -0.001 -18"><span class='ocrx_word' id='word_1_561' title='bbox 336 3874 726 3947; x_wconf 87' lang='lat' dir='ltr'><strong>placeantDeo</strong></span> <span class='ocrx_word' id='word_1_562' title='bbox 754 3876 808 3928; x_wconf 91' lang='lat' dir='ltr'><strong>in</strong></span> <span class='ocrx_word' id='word_1_563' title='bbox 830 3874 1025 3929; x_wconf 88' lang='lat' dir='ltr'><strong>lumine</strong></span> <span class='ocrx_word' id='word_1_564' title='bbox 1044 3878 1356 3943; x_wconf 87' lang='lat' dir='ltr'><strong>viventium,</strong></span> <span class='ocrx_word' id='word_1_565' title='bbox 1378 3875 1435 3931; x_wconf 92' lang='lat' dir='ltr'><strong>id</strong></span> <span class='ocrx_word' id='word_1_566' title='bbox 1449 3878 1534 3930; x_wconf 89' lang='lat' dir='ltr'><strong>est</strong></span> <span class='ocrx_word' id='word_1_567' title='bbox 1552 3875 1607 3929; x_wconf 91' lang='lat' dir='ltr'><strong>in</strong></span> <span class='ocrx_word' id='word_1_568' title='bbox 1634 3875 1943 3930; x_wconf 88' lang='lat' dir='ltr'><strong>conformi-</strong></span> 
     </span>
    </p>
   </div>
   <div class='ocr_carea' id='block_1_72' title="bbox 334 3962 1939 4035">
    <p class='ocr_par' dir='ltr' id='par_1_72' title="bbox 334 3962 1939 4035">
     <span class='ocr_line' id='line_1_72' title="bbox 334 3962 1939 4035; baseline -0.001 -17"><span class='ocrx_word' id='word_1_569' title='bbox 334 3965 455 4018; x_wconf 85' lang='lat' dir='ltr'><strong>tate</strong></span> <span class='ocrx_word' id='word_1_570' title='bbox 484 3962 599 4017; x_wconf 91' lang='lat' dir='ltr'><strong>mei</strong></span> <span class='ocrx_word' id='word_1_571' title='bbox 629 3962 819 4033; x_wconf 90' lang='lat' dir='ltr'><strong>positi,</strong></span> <span class='ocrx_word' id='word_1_572' title='bbox 847 3962 944 4034; x_wconf 91' lang='lat' dir='ltr'><strong>qui</strong></span> <span class='ocrx_word' id='word_1_573' title='bbox 985 3981 1113 4018; x_wconf 91' lang='lat' dir='ltr'><strong>sum</strong></span> <span class='ocrx_word' id='word_1_574' title='bbox 1159 3965 1355 4018; x_wconf 90' lang='lat' dir='ltr'><strong>lumen</strong></span> <span class='ocrx_word' id='word_1_575' title='bbox 1403 3963 1666 4018; x_wconf 91' lang='lat' dir='ltr'><strong>omnium</strong></span> <span class='ocrx_word' id='word_1_576' title='bbox 1707 3963 1766 4017; x_wconf 91' lang='lat' dir='ltr'><strong>in</strong></span> <span class='ocrx_word' id='word_1_577' title='bbox 1811 3981 1939 4035; x_wconf 89' lang='lat' dir='ltr'><strong>per-</strong></span> 
     </span>
    </p>
   </div>
   <div class='ocr_carea' id='block_1_73' title="bbox 336 4050 1941 4123">
    <p class='ocr_par' dir='ltr' id='par_1_73' title="bbox 336 4050 1941 4123">
     <span class='ocr_line' id='line_1_73' title="bbox 336 4050 1941 4123; baseline 0 -18"><span class='ocrx_word' id='word_1_578' title='bbox 336 4050 585 4106; x_wconf 86' lang='lat' dir='ltr'><strong>fectione</strong></span> <span class='ocrx_word' id='word_1_579' title='bbox 614 4050 891 4106; x_wconf 88' lang='lat' dir='ltr'><strong>virtutum</strong></span> <span class='ocrx_word' id='word_1_580' title='bbox 930 4051 1265 4120; x_wconf 90' lang='lat' dir='ltr'><strong>viventium,</strong></span> <span class='ocrx_word' id='word_1_581' title='bbox 1312 4068 1427 4106; x_wconf 89' lang='lat' dir='ltr'><strong>non</strong></span> <span class='ocrx_word' id='word_1_582' title='bbox 1469 4052 1528 4106; x_wconf 93' lang='lat' dir='ltr'><strong>in</strong></span> <span class='ocrx_word' id='word_1_583' title='bbox 1574 4055 1941 4123; x_wconf 89' lang='lat' dir='ltr'><strong>peccatorum</strong></span> 
     </span>
    </p>
   </div>
   <div class='ocr_carea' id='block_1_74' title="bbox 337 4139 1942 4211">
    <p class='ocr_par' dir='ltr' id='par_1_74' title="bbox 337 4139 1942 4211">
     <span class='ocr_line' id='line_1_74' title="bbox 337 4139 1942 4211; baseline 0 -18"><span class='ocrx_word' id='word_1_584' title='bbox 337 4140 493 4193; x_wconf 86' lang='lat' dir='ltr'><strong>mole</strong></span> <span class='ocrx_word' id='word_1_585' title='bbox 533 4141 920 4194; x_wconf 89' lang='lat' dir='ltr'><strong>mortuorum.</strong></span> <span class='ocrx_word' id='word_1_586' title='bbox 961 4139 1125 4204; x_wconf 91' lang='lat' dir='ltr'><strong>Quod</strong></span> <span class='ocrx_word' id='word_1_587' title='bbox 1165 4142 1250 4194; x_wconf 89' lang='lat' dir='ltr'><strong>est</strong></span> <span class='ocrx_word' id='word_1_588' title='bbox 1290 4139 1479 4195; x_wconf 91' lang='lat' dir='ltr'><strong>dicere</strong></span> <span class='ocrx_word' id='word_1_589' title='bbox 1519 4157 1531 4195; x_wconf 89' lang='lat'>:</span> <span class='ocrx_word' id='word_1_590' title='bbox 1564 4140 1696 4195; x_wconf 94' lang='lat' dir='ltr'><strong>Ideo</strong></span> <span class='ocrx_word' id='word_1_591' title='bbox 1740 4139 1942 4211; x_wconf 80' lang='lat' dir='ltr'><strong>eripies</strong></span> 
     </span>
    </p>
   </div>
   <div class='ocr_carea' id='block_1_75' title="bbox 336 4226 1941 4299">
    <p class='ocr_par' dir='ltr' id='par_1_75' title="bbox 336 4226 1941 4299">
     <span class='ocr_line' id='line_1_75' title="bbox 336 4226 1941 4299; baseline 0.001 -18"><span class='ocrx_word' id='word_1_592' title='bbox 336 4228 401 4281; x_wconf 92' lang='lat' dir='ltr'><strong>ut</strong></span> <span class='ocrx_word' id='word_1_593' title='bbox 428 4226 530 4281; x_wconf 88' lang='lat' dir='ltr'><strong>tibi</strong></span> <span class='ocrx_word' id='word_1_594' title='bbox 551 4229 819 4297; x_wconf 89' lang='lat' dir='ltr'><strong>placeant</strong></span> <span class='ocrx_word' id='word_1_595' title='bbox 846 4228 1178 4283; x_wconf 84' lang='lat' dir='ltr'><strong>conformes</strong></span> <span class='ocrx_word' id='word_1_596' title='bbox 1206 4229 1322 4283; x_wconf 92' lang='lat' dir='ltr'><strong>mei</strong></span> <span class='ocrx_word' id='word_1_597' title='bbox 1353 4227 1509 4296; x_wconf 88' lang='lat' dir='ltr'><strong>facti,</strong></span> <span class='ocrx_word' id='word_1_598' title='bbox 1544 4228 1640 4299; x_wconf 84' lang='lat' dir='ltr'><strong>qui</strong></span> <span class='ocrx_word' id='word_1_599' title='bbox 1661 4246 1785 4283; x_wconf 92' lang='lat' dir='ltr'><strong>sum</strong></span> <span class='ocrx_word' id='word_1_600' title='bbox 1814 4228 1941 4282; x_wconf 90' lang='lat' dir='ltr'><strong>illu-</strong></span> 
     </span>
    </p>
   </div>
   <div class='ocr_carea' id='block_1_76' title="bbox 339 4313 1946 4390">
    <p class='ocr_par' dir='ltr' id='par_1_76' title="bbox 339 4313 1946 4390">
     <span class='ocr_line' id='line_1_76' title="bbox 339 4313 1946 4390; baseline 0.001 -20"><span class='ocrx_word' id='word_1_601' title='bbox 339 4313 597 4370; x_wconf 90' lang='lat' dir='ltr'><strong>minator</strong></span> <span class='ocrx_word' id='word_1_602' title='bbox 618 4316 885 4370; x_wconf 91' lang='lat' dir='ltr'><strong>omnium</strong></span> <span class='ocrx_word' id='word_1_603' title='bbox 898 4316 1046 4371; x_wconf 91' lang='lat' dir='ltr'><strong>bene</strong></span> <span class='ocrx_word' id='word_1_604' title='bbox 1062 4315 1516 4387; x_wconf 89' lang='lat' dir='ltr'><strong>viventium.lpsi</strong></span> <span class='ocrx_word' id='word_1_605' title='bbox 1535 4317 1661 4371; x_wconf 92' lang='lat' dir='ltr'><strong>dico</strong></span> <span class='ocrx_word' id='word_1_606' title='bbox 1682 4318 1946 4390; x_wconf 89' lang='lat' dir='ltr'><strong>placeant</strong></span> 
     </span>
    </p>
   </div>
   <div class='ocr_carea' id='block_1_77' title="bbox 336 4404 1946 4477">
    <p class='ocr_par' dir='ltr' id='par_1_77' title="bbox 336 4404 1946 4477">
     <span class='ocr_line' id='line_1_77' title="bbox 336 4404 1946 4477; baseline 0 -18"><span class='ocrx_word' id='word_1_607' title='bbox 336 4418 534 4459; x_wconf 88' lang='lat' dir='ltr'><strong>coram</strong></span> <span class='ocrx_word' id='word_1_608' title='bbox 574 4405 690 4459; x_wconf 89' lang='lat' dir='ltr'><strong>Deo</strong></span> <span class='ocrx_word' id='word_1_609' title='bbox 722 4404 1051 4473; x_wconf 87' lang='lat' dir='ltr'><strong>existentes,</strong></span> <span class='ocrx_word' id='word_1_610' title='bbox 1082 4405 1140 4459; x_wconf 93' lang='lat' dir='ltr'><strong>id</strong></span> <span class='ocrx_word' id='word_1_611' title='bbox 1170 4408 1254 4459; x_wconf 91' lang='lat' dir='ltr'><strong>est</strong></span> <span class='ocrx_word' id='word_1_612' title='bbox 1302 4404 1361 4459; x_wconf 91' lang='lat' dir='ltr'><strong>in</strong></span> <span class='ocrx_word' id='word_1_613' title='bbox 1407 4404 1712 4459; x_wconf 88' lang='lat' dir='ltr'><strong>manifesta</strong></span> <span class='ocrx_word' id='word_1_614' title='bbox 1752 4406 1946 4477; x_wconf 87' lang='lat' dir='ltr'><strong>cogni-</strong></span> 
     </span>
    </p>
   </div>
   <div class='ocr_carea' id='block_1_78' title="bbox 334 4489 1941 4564">
    <p class='ocr_par' dir='ltr' id='par_1_78' title="bbox 334 4489 1941 4564">
     <span class='ocr_line' id='line_1_78' title="bbox 334 4489 1941 4564; baseline 0.001 -19"><span class='ocrx_word' id='word_1_615' title='bbox 334 4489 493 4546; x_wconf 92' lang='lat' dir='ltr'><strong>tione</strong></span> <span class='ocrx_word' id='word_1_616' title='bbox 534 4491 656 4558; x_wconf 92' lang='lat' dir='ltr'><strong>Dei,</strong></span> <span class='ocrx_word' id='word_1_617' title='bbox 709 4495 771 4545; x_wconf 92' lang='lat' dir='ltr'><strong>ut</strong></span> <span class='ocrx_word' id='word_1_618' title='bbox 822 4508 956 4546; x_wconf 93' lang='lat' dir='ltr'><strong>eum</strong></span> <span class='ocrx_word' id='word_1_619' title='bbox 1007 4494 1258 4547; x_wconf 88' lang='lat' dir='ltr'><strong>revelata</strong></span> <span class='ocrx_word' id='word_1_620' title='bbox 1298 4491 1441 4546; x_wconf 89' lang='lat' dir='ltr'><strong>facie</strong></span> <span class='ocrx_word' id='word_1_621' title='bbox 1493 4492 1814 4564; x_wconf 89' lang='lat' dir='ltr'><strong>specialiter</strong></span> <span class='ocrx_word' id='word_1_622' title='bbox 1862 4493 1941 4548; x_wconf 83' lang='lat' dir='ltr'><strong>vi-</strong></span> 
     </span>
    </p>
   </div>
   <div class='ocr_carea' id='block_1_79' title="bbox 338 4577 1943 4652">
    <p class='ocr_par' dir='ltr' id='par_1_79' title="bbox 338 4577 1943 4652">
     <span class='ocr_line' id='line_1_79' title="bbox 338 4577 1943 4652; baseline 0.002 -18"><span class='ocrx_word' id='word_1_623' title='bbox 338 4577 513 4634; x_wconf 88' lang='lat' dir='ltr'><strong>deant</strong></span> <span class='ocrx_word' id='word_1_624' title='bbox 539 4595 573 4633; x_wconf 91' lang='lat' dir='ltr'><strong>a</strong></span> <span class='ocrx_word' id='word_1_625' title='bbox 602 4578 1144 4636; x_wconf 89' lang='lat' dir='ltr'><strong>similitudineillius</strong></span> <span class='ocrx_word' id='word_1_626' title='bbox 1167 4580 1263 4652; x_wconf 91' lang='lat' dir='ltr'><strong>qui</strong></span> <span class='ocrx_word' id='word_1_627' title='bbox 1294 4580 1597 4636; x_wconf 89' lang='lat' dir='ltr'><strong>manifeste</strong></span> <span class='ocrx_word' id='word_1_628' title='bbox 1626 4580 1780 4637; x_wconf 89' lang='lat' dir='ltr'><strong>videt</strong></span> <span class='ocrx_word' id='word_1_629' title='bbox 1809 4596 1943 4637; x_wconf 92' lang='lat' dir='ltr'><strong>eum</strong></span> 
     </span>
    </p>
   </div>
   <div class='ocr_carea' id='block_1_80' title="bbox 336 4672 803 4740">
    <p class='ocr_par' dir='ltr' id='par_1_80' title="bbox 336 4672 803 4740">
     <span class='ocr_line' id='line_1_80' title="bbox 336 4672 803 4740; baseline 0.004 -18"><span class='ocrx_word' id='word_1_630' title='bbox 336 4681 535 4723; x_wconf 90' lang='lat' dir='ltr'><strong>coram</strong></span> <span class='ocrx_word' id='word_1_631' title='bbox 562 4684 676 4740; x_wconf 93' lang='lat' dir='ltr'><strong>quo</strong></span> <span class='ocrx_word' id='word_1_632' title='bbox 699 4672 803 4724; x_wconf 87' lang='lat' dir='ltr'><strong>est.</strong></span> 
     </span>
    </p>
   </div>
   <div class='ocr_carea' id='block_1_81' title="bbox 836 4739 1443 4797">
    <p class='ocr_par' dir='ltr' id='par_1_81' title="bbox 836 4739 1443 4797">
     <span class='ocr_line' id='line_1_81' title="bbox 836 4739 1443 4797; baseline 0.002 -3"><span class='ocrx_word' id='word_1_633' title='bbox 836 4740 905 4794; x_wconf 88' lang='lat' dir='ltr'><strong>IN</strong></span> <span class='ocrx_word' id='word_1_634' title='bbox 946 4740 1272 4797; x_wconf 84' lang='lat' dir='ltr'><strong>PSALMUM</strong></span> <span class='ocrx_word' id='word_1_635' title='bbox 1315 4739 1443 4795; x_wconf 85' lang='lat' dir='ltr'><strong>LVI.</strong></span> 
     </span>
    </p>
   </div>
   <div class='ocr_carea' id='block_1_82' title="bbox 406 4825 1939 4900">
    <p class='ocr_par' dir='ltr' id='par_1_82' title="bbox 406 4825 1939 4900">
     <span class='ocr_line' id='line_1_82' title="bbox 406 4825 1939 4900; baseline 0.003 -21"><span class='ocrx_word' id='word_1_636' title='bbox 406 4825 623 4881; x_wconf 87' lang='lat' dir='ltr'><strong>Titulus</strong></span> <span class='ocrx_word' id='word_1_637' title='bbox 645 4826 1110 4900; x_wconf 87' lang='lat' dir='ltr'><strong>quinquagesimi</strong></span> <span class='ocrx_word' id='word_1_638' title='bbox 1135 4829 1298 4883; x_wconf 87' lang='lat' dir='ltr'><strong>sexti.</strong></span> <span class='ocrx_word' id='word_1_639' title='bbox 1320 4828 1392 4883; x_wconf 87' lang='lat' dir='ltr'><strong>In</strong></span> <span class='ocrx_word' id='word_1_640' title='bbox 1419 4829 1580 4898; x_wconf 81' lang='lat' dir='ltr'><strong>ﬁnem</strong></span> <span class='ocrx_word' id='word_1_641' title='bbox 1605 4846 1671 4883; x_wconf 90' lang='lat' dir='ltr'><strong>ne</strong></span> <span class='ocrx_word' id='word_1_642' title='bbox 1701 4845 1939 4884; x_wconf 84' lang='lat' dir='ltr'><strong>corrum-</strong></span> 
     </span>
    </p>
   </div>
   <div class='ocr_carea' id='block_1_83' title="bbox 328 4914 1940 4987">
    <p class='ocr_par' dir='ltr' id='par_1_83' title="bbox 328 4914 1940 4987">
     <span class='ocr_line' id='line_1_83' title="bbox 328 4914 1940 4987; baseline 0.004 -20"><span class='ocrx_word' id='word_1_643' title='bbox 328 4927 431 4984; x_wconf 84' lang='lat' dir='ltr'><strong>pas</strong></span> <span class='ocrx_word' id='word_1_644' title='bbox 475 4914 800 4987; x_wconf 73' lang='lat' dir='ltr'><strong>[disperdas],</strong></span> <span class='ocrx_word' id='word_1_645' title='bbox 842 4918 943 4987; x_wconf 86' lang='lat' dir='ltr'><strong>ipsi</strong></span> <span class='ocrx_word' id='word_1_646' title='bbox 1002 4916 1202 4971; x_wconf 85' lang='lat' dir='ltr'><strong>David.</strong></span> <span class='ocrx_word' id='word_1_647' title='bbox 1258 4916 1328 4970; x_wconf 88' lang='lat' dir='ltr'><strong>In</strong></span> <span class='ocrx_word' id='word_1_648' title='bbox 1389 4917 1537 4973; x_wconf 76' lang='lat' dir='ltr'><strong>tituli</strong></span> <span class='ocrx_word' id='word_1_649' title='bbox 1587 4920 1940 4987; x_wconf 85' lang='lat' dir='ltr'><strong>inscriptione,</strong></span> 
     </span>
    </p>
   </div>
   <div class='ocr_carea' id='block_1_84' title="bbox 335 5002 1942 5076">
    <p class='ocr_par' dir='ltr' id='par_1_84' title="bbox 335 5002 1942 5076">
     <span class='ocr_line' id='line_1_84' title="bbox 335 5002 1942 5076; baseline 0.004 -21"><span class='ocrx_word' id='word_1_650' title='bbox 335 5016 458 5055; x_wconf 86' lang='lat' dir='ltr'><strong>cum</strong></span> <span class='ocrx_word' id='word_1_651' title='bbox 484 5002 697 5072; x_wconf 79' lang='lat' dir='ltr'><strong>fugeret</strong></span> <span class='ocrx_word' id='word_1_652' title='bbox 724 5021 756 5057; x_wconf 91' lang='lat' dir='ltr'><strong>a</strong></span> <span class='ocrx_word' id='word_1_653' title='bbox 784 5004 924 5074; x_wconf 78' lang='lat' dir='ltr'><strong>facie</strong></span> <span class='ocrx_word' id='word_1_654' title='bbox 952 5004 1095 5060; x_wconf 78' lang='lat' dir='ltr'><strong>Saul</strong></span> <span class='ocrx_word' id='word_1_655' title='bbox 1126 5007 1181 5058; x_wconf 89' lang='lat' dir='ltr'><strong>in</strong></span> <span class='ocrx_word' id='word_1_656' title='bbox 1202 5004 1523 5076; x_wconf 87' lang='lat' dir='ltr'><strong>speluncam.</strong></span> <span class='ocrx_word' id='word_1_657' title='bbox 1553 5007 1615 5059; x_wconf 93' lang='lat' dir='ltr'><strong>In</strong></span> <span class='ocrx_word' id='word_1_658' title='bbox 1644 5007 1751 5061; x_wconf 94' lang='lat' dir='ltr'><strong>hoc</strong></span> <span class='ocrx_word' id='word_1_659' title='bbox 1776 5006 1942 5062; x_wconf 91' lang='lat' dir='ltr'><strong>titulo</strong></span> 
     </span>
    </p>
   </div>
   <div class='ocr_carea' id='block_1_85' title="bbox 338 5088 1940 5165">
    <p class='ocr_par' dir='ltr' id='par_1_85' title="bbox 338 5088 1940 5165">
     <span class='ocr_line' id='line_1_85' title="bbox 338 5088 1940 5165; baseline 0.005 -23"><span class='ocrx_word' id='word_1_660' title='bbox 338 5088 481 5143; x_wconf 83' lang='lat' dir='ltr'><strong>sicut</strong></span> <span class='ocrx_word' id='word_1_661' title='bbox 500 5090 559 5144; x_wconf 89' lang='lat' dir='ltr'><strong>in</strong></span> <span class='ocrx_word' id='word_1_662' title='bbox 590 5091 870 5162; x_wconf 89' lang='lat' dir='ltr'><strong>superiori</strong></span> <span class='ocrx_word' id='word_1_663' title='bbox 901 5093 1168 5165; x_wconf 72' lang='lat' dir='ltr'><strong>qusedam</strong></span> <span class='ocrx_word' id='word_1_664' title='bbox 1204 5093 1378 5147; x_wconf 89' lang='lat' dir='ltr'><strong>verba</strong></span> <span class='ocrx_word' id='word_1_665' title='bbox 1422 5095 1737 5149; x_wconf 89' lang='lat' dir='ltr'><strong>secundum</strong></span> <span class='ocrx_word' id='word_1_666' title='bbox 1756 5095 1940 5150; x_wconf 87' lang='lat' dir='ltr'><strong>histo-</strong></span> 
     </span>
    </p>
   </div>
   <div class='ocr_carea' id='block_1_86' title="bbox 336 5176 1943 5255">
    <p class='ocr_par' dir='ltr' id='par_1_86' title="bbox 336 5176 1943 5255">
     <span class='ocr_line' id='line_1_86' title="bbox 336 5176 1943 5255; baseline 0.004 -23"><span class='ocrx_word' id='word_1_667' title='bbox 336 5176 485 5233; x_wconf 70' lang='lat' dir='ltr'><strong>riat’n</strong></span> <span class='ocrx_word' id='word_1_668' title='bbox 506 5179 774 5234; x_wconf 88' lang='lat' dir='ltr'><strong>videntur</strong></span> <span class='ocrx_word' id='word_1_669' title='bbox 801 5181 1082 5252; x_wconf 84' lang='lat' dir='ltr'><strong>apposita,</strong></span> <span class='ocrx_word' id='word_1_670' title='bbox 1114 5198 1241 5252; x_wconf 68' lang='lat' dir='ltr'><strong>qua:</strong></span> <span class='ocrx_word' id='word_1_671' title='bbox 1280 5184 1416 5236; x_wconf 90' lang='lat' dir='ltr'><strong>sunt</strong></span> <span class='ocrx_word' id='word_1_672' title='bbox 1442 5183 1597 5249; x_wconf 61' lang='lat' dir='ltr'><strong>haec;</strong></span> <span class='ocrx_word' id='word_1_673' title='bbox 1643 5200 1761 5237; x_wconf 90' lang='lat' dir='ltr'><strong>cum</strong></span> <span class='ocrx_word' id='word_1_674' title='bbox 1790 5183 1943 5255; x_wconf 81' lang='lat' dir='ltr'><strong>fuge-</strong></span> 
     </span>
    </p>
   </div>
   <div class='ocr_carea' id='block_1_87' title="bbox 338 5266 1943 5343">
    <p class='ocr_par' dir='ltr' id='par_1_87' title="bbox 338 5266 1943 5343">
     <span class='ocr_line' id='line_1_87' title="bbox 338 5266 1943 5343; baseline 0.004 -24"><span class='ocrx_word' id='word_1_675' title='bbox 338 5273 416 5319; x_wconf 84' lang='lat' dir='ltr'><strong>ret</strong></span> <span class='ocrx_word' id='word_1_676' title='bbox 444 5284 477 5320; x_wconf 90' lang='lat' dir='ltr'><strong>a</strong></span> <span class='ocrx_word' id='word_1_677' title='bbox 502 5267 644 5337; x_wconf 78' lang='lat' dir='ltr'><strong>facie</strong></span> <span class='ocrx_word' id='word_1_678' title='bbox 670 5266 826 5323; x_wconf 90' lang='lat' dir='ltr'><strong>Saul.</strong></span> <span class='ocrx_word' id='word_1_679' title='bbox 865 5269 977 5324; x_wconf 91' lang='lat' dir='ltr'><strong>Sed</strong></span> <span class='ocrx_word' id='word_1_680' title='bbox 1018 5269 1171 5341; x_wconf 91' lang='lat' dir='ltr'><strong>quod</strong></span> <span class='ocrx_word' id='word_1_681' title='bbox 1202 5269 1536 5341; x_wconf 87' lang='lat' dir='ltr'><strong>adjungitur</strong></span> <span class='ocrx_word' id='word_1_682' title='bbox 1574 5287 1691 5325; x_wconf 91' lang='lat' dir='ltr'><strong>non</strong></span> <span class='ocrx_word' id='word_1_683' title='bbox 1727 5271 1786 5324; x_wconf 92' lang='lat' dir='ltr'><strong>in</strong></span> <span class='ocrx_word' id='word_1_684' title='bbox 1820 5288 1943 5343; x_wconf 92' lang='lat' dir='ltr'><strong>spe-</strong></span> 
     </span>
    </p>
   </div>
   <div class='ocr_carea' id='block_1_88' title="bbox 336 5353 1939 5429">
    <p class='ocr_par' dir='ltr' id='par_1_88' title="bbox 336 5353 1939 5429">
     <span class='ocr_line' id='line_1_88' title="bbox 336 5353 1939 5429; baseline 0.002 -20"><span class='ocrx_word' id='word_1_685' title='bbox 336 5353 589 5423; x_wconf 90' lang='lat' dir='ltr'><strong>luncam,</strong></span> <span class='ocrx_word' id='word_1_686' title='bbox 621 5356 722 5411; x_wconf 88' lang='lat' dir='ltr'><strong>sed</strong></span> <span class='ocrx_word' id='word_1_687' title='bbox 750 5356 811 5411; x_wconf 87' lang='lat' dir='ltr'><strong>in</strong></span> <span class='ocrx_word' id='word_1_688' title='bbox 836 5357 1107 5429; x_wconf 88' lang='lat' dir='ltr'><strong>spelunca</strong></span> <span class='ocrx_word' id='word_1_689' title='bbox 1135 5372 1253 5411; x_wconf 88' lang='lat' dir='ltr'><strong>non</strong></span> <span class='ocrx_word' id='word_1_690' title='bbox 1280 5358 1561 5428; x_wconf 88' lang='lat' dir='ltr'><strong>procedit,</strong></span> <span class='ocrx_word' id='word_1_691' title='bbox 1590 5358 1634 5411; x_wconf 88' lang='lat' dir='ltr'><strong>si</strong></span> <span class='ocrx_word' id='word_1_692' title='bbox 1673 5359 1748 5413; x_wconf 87' lang='lat' dir='ltr'><strong>ad</strong></span> <span class='ocrx_word' id='word_1_693' title='bbox 1762 5359 1939 5414; x_wconf 88' lang='lat' dir='ltr'><strong>histo-</strong></span> 
     </span>
    </p>
   </div>
   <div class='ocr_carea' id='block_1_89' title="bbox 336 5442 1944 5519">
    <p class='ocr_par' dir='ltr' id='par_1_89' title="bbox 336 5442 1944 5519">
     <span class='ocr_line' id='line_1_89' title="bbox 336 5442 1944 5519; baseline 0.002 -19"><span class='ocrx_word' id='word_1_694' title='bbox 336 5442 486 5500; x_wconf 87' lang='lat' dir='ltr'><strong>riam</strong></span> <span class='ocrx_word' id='word_1_695' title='bbox 504 5444 809 5501; x_wconf 86' lang='lat' dir='ltr'><strong>referatur.</strong></span> <span class='ocrx_word' id='word_1_696' title='bbox 841 5446 938 5500; x_wconf 87' lang='lat' dir='ltr'><strong>Est</strong></span> <span class='ocrx_word' id='word_1_697' title='bbox 966 5444 1180 5501; x_wconf 86' lang='lat' dir='ltr'><strong>etenim</strong></span> <span class='ocrx_word' id='word_1_698' title='bbox 1234 5445 1313 5500; x_wconf 87' lang='lat' dir='ltr'><strong>ibi</strong></span> <span class='ocrx_word' id='word_1_699' title='bbox 1353 5446 1603 5519; x_wconf 89' lang='lat' dir='ltr'><strong>positum</strong></span> <span class='ocrx_word' id='word_1_700' title='bbox 1652 5448 1708 5501; x_wconf 84' lang='lat' dir='ltr'><strong>in</strong></span> <span class='ocrx_word' id='word_1_701' title='bbox 1739 5448 1944 5519; x_wconf 88' lang='lat' dir='ltr'><strong>spelun-</strong></span> 
     </span>
    </p>
   </div>
   <div class='ocr_carea' id='block_1_90' title="bbox 337 5533 1945 5611">
    <p class='ocr_par' dir='ltr' id='par_1_90' title="bbox 337 5533 1945 5611">
     <span class='ocr_line' id='line_1_90' title="bbox 337 5533 1945 5611; baseline 0.002 -20"><span class='ocrx_word' id='word_1_702' title='bbox 337 5547 479 5603; x_wconf 81' lang='lat' dir='ltr'><strong>cam,</strong></span> <span class='ocrx_word' id='word_1_703' title='bbox 506 5548 638 5589; x_wconf 90' lang='lat' dir='ltr'><strong>cum</strong></span> <span class='ocrx_word' id='word_1_704' title='bbox 668 5533 1020 5608; x_wconf 87' lang='lat' dir='ltr'><strong>expositores</strong></span> <span class='ocrx_word' id='word_1_705' title='bbox 1037 5533 1291 5591; x_wconf 90' lang='lat' dir='ltr'><strong>habeant</strong></span> <span class='ocrx_word' id='word_1_706' title='bbox 1314 5533 1374 5590; x_wconf 90' lang='lat' dir='ltr'><strong>in</strong></span> <span class='ocrx_word' id='word_1_707' title='bbox 1403 5535 1693 5607; x_wconf 85' lang='lat' dir='ltr'><strong>spelunca.</strong></span> <span class='ocrx_word' id='word_1_708' title='bbox 1710 5536 1945 5611; x_wconf 82' lang='lat' dir='ltr'><strong>Legitur</strong></span> 
     </span>
    </p>
   </div>
   <div class='ocr_carea' id='block_1_91' title="bbox 2038 3060 3641 3135">
    <p class='ocr_par' dir='ltr' id='par_1_91' title="bbox 2038 3060 3641 3135">
     <span class='ocr_line' id='line_1_91' title="bbox 2038 3060 3641 3135; baseline -0.004 -16"><span class='ocrx_word' id='word_1_709' title='bbox 2038 3065 2159 3135; x_wconf 91' lang='lat' dir='ltr'><strong>ejus</strong></span> <span class='ocrx_word' id='word_1_710' title='bbox 2180 3063 2531 3135; x_wconf 86' lang='lat' dir='ltr'><strong>cognitione,</strong></span> <span class='ocrx_word' id='word_1_711' title='bbox 2548 3062 2606 3116; x_wconf 92' lang='lat' dir='ltr'><strong>id</strong></span> <span class='ocrx_word' id='word_1_712' title='bbox 2622 3064 2839 3116; x_wconf 91' lang='lat' dir='ltr'><strong>estnon</strong></span> <span class='ocrx_word' id='word_1_713' title='bbox 2857 3060 3124 3132; x_wconf 89' lang='lat' dir='ltr'><strong>cognovit</strong></span> <span class='ocrx_word' id='word_1_714' title='bbox 3142 3078 3274 3115; x_wconf 90' lang='lat' dir='ltr'><strong>eum</strong></span> <span class='ocrx_word' id='word_1_715' title='bbox 3299 3077 3417 3115; x_wconf 89' lang='lat' dir='ltr'><strong>esse</strong></span> <span class='ocrx_word' id='word_1_716' title='bbox 3435 3062 3641 3116; x_wconf 91' lang='lat' dir='ltr'><strong>Deum.</strong></span> 
     </span>
    </p>
   </div>
   <div class='ocr_carea' id='block_1_92' title="bbox 2039 3148 3644 3222">
    <p class='ocr_par' dir='ltr' id='par_1_92' title="bbox 2039 3148 3644 3222">
     <span class='ocr_line' id='line_1_92' title="bbox 2039 3148 3644 3222; baseline -0.002 -15"><span class='ocrx_word' id='word_1_717' title='bbox 2039 3152 2152 3207; x_wconf 87' lang='lat' dir='ltr'><strong>Sed</strong></span> <span class='ocrx_word' id='word_1_718' title='bbox 2178 3156 2259 3219; x_wconf 94' lang='lat' dir='ltr'><strong>tu,</strong></span> <span class='ocrx_word' id='word_1_719' title='bbox 2279 3153 2478 3217; x_wconf 89' lang='lat' dir='ltr'><strong>lector,</strong></span> <span class='ocrx_word' id='word_1_720' title='bbox 2501 3168 2565 3204; x_wconf 85' lang='lat' dir='ltr'><strong>ne</strong></span> <span class='ocrx_word' id='word_1_721' title='bbox 2590 3166 2897 3219; x_wconf 85' lang='lat' dir='ltr'><strong>corrumpas</strong></span> <span class='ocrx_word' id='word_1_722' title='bbox 2930 3148 3081 3215; x_wconf 91' lang='lat' dir='ltr'><strong>ideo,</strong></span> <span class='ocrx_word' id='word_1_723' title='bbox 3102 3150 3257 3220; x_wconf 92' lang='lat' dir='ltr'><strong>quod</strong></span> <span class='ocrx_word' id='word_1_724' title='bbox 3288 3148 3345 3202; x_wconf 91' lang='lat' dir='ltr'><strong>in</strong></span> <span class='ocrx_word' id='word_1_725' title='bbox 3369 3151 3644 3222; x_wconf 87' lang='lat' dir='ltr'><strong>spelunca</strong></span> 
     </span>
    </p>
   </div>
   <div class='ocr_carea' id='block_1_93' title="bbox 2036 3236 3645 3308">
    <p class='ocr_par' dir='ltr' id='par_1_93' title="bbox 2036 3236 3645 3308">
     <span class='ocr_line' id='line_1_93' title="bbox 2036 3236 3645 3308; baseline -0.003 -13"><span class='ocrx_word' id='word_1_726' title='bbox 2036 3243 2241 3308; x_wconf 90' lang='lat' dir='ltr'><strong>latens,</strong></span> <span class='ocrx_word' id='word_1_727' title='bbox 2255 3240 2314 3294; x_wconf 92' lang='lat' dir='ltr'><strong>id</strong></span> <span class='ocrx_word' id='word_1_728' title='bbox 2335 3243 2421 3294; x_wconf 93' lang='lat' dir='ltr'><strong>est</strong></span> <span class='ocrx_word' id='word_1_729' title='bbox 2442 3239 2501 3293; x_wconf 92' lang='lat' dir='ltr'><strong>in</strong></span> <span class='ocrx_word' id='word_1_730' title='bbox 2525 3237 2907 3303; x_wconf 90' lang='lat' dir='ltr'><strong>humanitate,</strong></span> <span class='ocrx_word' id='word_1_731' title='bbox 2930 3237 3077 3308; x_wconf 89' lang='lat' dir='ltr'><strong>fugit</strong></span> <span class='ocrx_word' id='word_1_732' title='bbox 3097 3254 3129 3290; x_wconf 88' lang='lat' dir='ltr'><strong>a</strong></span> <span class='ocrx_word' id='word_1_733' title='bbox 3145 3238 3287 3307; x_wconf 78' lang='lat' dir='ltr'><strong>[acie</strong></span> <span class='ocrx_word' id='word_1_734' title='bbox 3308 3236 3528 3304; x_wconf 86' lang='lat' dir='ltr'><strong>Saul,id</strong></span> <span class='ocrx_word' id='word_1_735' title='bbox 3560 3239 3645 3291; x_wconf 89' lang='lat' dir='ltr'><strong>est</strong></span> 
     </span>
    </p>
   </div>
   <div class='ocr_carea' id='block_1_94' title="bbox 2039 3324 3643 3402">
    <p class='ocr_par' dir='ltr' id='par_1_94' title="bbox 2039 3324 3643 3402">
     <span class='ocr_line' id='line_1_94' title="bbox 2039 3324 3643 3402; baseline -0.003 -18"><span class='ocrx_word' id='word_1_736' title='bbox 2039 3347 2073 3385; x_wconf 90' lang='lat' dir='ltr'><strong>a</strong></span> <span class='ocrx_word' id='word_1_737' title='bbox 2088 3328 2393 3402; x_wconf 71' lang='lat' dir='ltr'><strong>praesentia</strong></span> <span class='ocrx_word' id='word_1_738' title='bbox 2406 3326 2754 3399; x_wconf 89' lang='lat' dir='ltr'><strong>cognitionis</strong></span> <span class='ocrx_word' id='word_1_739' title='bbox 2765 3326 2982 3380; x_wconf 84' lang='lat' dir='ltr'><strong>Judaici</strong></span> <span class='ocrx_word' id='word_1_740' title='bbox 2996 3326 3214 3397; x_wconf 89' lang='lat' dir='ltr'><strong>populi,</strong></span> <span class='ocrx_word' id='word_1_741' title='bbox 3235 3326 3330 3397; x_wconf 91' lang='lat' dir='ltr'><strong>qui</strong></span> <span class='ocrx_word' id='word_1_742' title='bbox 3342 3326 3492 3381; x_wconf 90' lang='lat' dir='ltr'><strong>bene</strong></span> <span class='ocrx_word' id='word_1_743' title='bbox 3504 3324 3643 3380; x_wconf 82' lang='lat' dir='ltr'><strong>dici-</strong></span> 
     </span>
    </p>
   </div>
   <div class='ocr_carea' id='block_1_95' title="bbox 2038 3415 3642 3488">
    <p class='ocr_par' dir='ltr' id='par_1_95' title="bbox 2038 3415 3642 3488">
     <span class='ocr_line' id='line_1_95' title="bbox 2038 3415 3642 3488; baseline -0.002 -15"><span class='ocrx_word' id='word_1_744' title='bbox 2038 3422 2133 3473; x_wconf 90' lang='lat' dir='ltr'><strong>tur</strong></span> <span class='ocrx_word' id='word_1_745' title='bbox 2144 3418 2298 3483; x_wconf 92' lang='lat' dir='ltr'><strong>Saul,</strong></span> <span class='ocrx_word' id='word_1_746' title='bbox 2315 3416 2373 3470; x_wconf 93' lang='lat' dir='ltr'><strong>id</strong></span> <span class='ocrx_word' id='word_1_747' title='bbox 2386 3420 2471 3470; x_wconf 90' lang='lat' dir='ltr'><strong>est</strong></span> <span class='ocrx_word' id='word_1_748' title='bbox 2484 3418 2764 3488; x_wconf 85' lang='lat' dir='ltr'><strong>appetens</strong></span> <span class='ocrx_word' id='word_1_749' title='bbox 2780 3418 3031 3469; x_wconf 90' lang='lat' dir='ltr'><strong>mortem</strong></span> <span class='ocrx_word' id='word_1_750' title='bbox 3043 3431 3147 3485; x_wconf 92' lang='lat' dir='ltr'><strong>per</strong></span> <span class='ocrx_word' id='word_1_751' title='bbox 3160 3415 3314 3469; x_wconf 86' lang='lat' dir='ltr'><strong>mala</strong></span> <span class='ocrx_word' id='word_1_752' title='bbox 3329 3430 3506 3485; x_wconf 91' lang='lat' dir='ltr'><strong>opera</strong></span> <span class='ocrx_word' id='word_1_753' title='bbox 3520 3430 3642 3481; x_wconf 87' lang='lat' dir='ltr'><strong>sua,</strong></span> 
     </span>
    </p>
   </div>
   <div class='ocr_carea' id='block_1_96' title="bbox 2041 3494 3640 3574">
    <p class='ocr_par' dir='ltr' id='par_1_96' title="bbox 2041 3494 3640 3574">
     <span class='ocr_line' id='line_1_96' title="bbox 2041 3494 3640 3574; baseline -0.003 -14"><span class='ocrx_word' id='word_1_754' title='bbox 2041 3507 2126 3561; x_wconf 90' lang='lat' dir='ltr'><strong>vel</strong></span> <span class='ocrx_word' id='word_1_755' title='bbox 2147 3506 2275 3561; x_wconf 89' lang='lat' dir='ltr'><strong>ideo</strong></span> <span class='ocrx_word' id='word_1_756' title='bbox 2296 3504 2503 3559; x_wconf 91' lang='lat' dir='ltr'><strong>dicitur</strong></span> <span class='ocrx_word' id='word_1_757' title='bbox 2523 3504 2678 3565; x_wconf 90' lang='lat' dir='ltr'><strong>Saul,</strong></span> <span class='ocrx_word' id='word_1_758' title='bbox 2700 3502 2833 3574; x_wconf 90' lang='lat' dir='ltr'><strong>quia</strong></span> <span class='ocrx_word' id='word_1_759' title='bbox 2861 3506 3194 3573; x_wconf 89' lang='lat' dir='ltr'><strong>persecutus</strong></span> <span class='ocrx_word' id='word_1_760' title='bbox 3213 3506 3299 3557; x_wconf 92' lang='lat' dir='ltr'><strong>est</strong></span> <span class='ocrx_word' id='word_1_761' title='bbox 3329 3494 3640 3569; x_wconf 82' lang='lat' dir='ltr'><strong>Christum,</strong></span> 
     </span>
    </p>
   </div>
   <div class='ocr_carea' id='block_1_97' title="bbox 2040 3589 3644 3662">
    <p class='ocr_par' dir='ltr' id='par_1_97' title="bbox 2040 3589 3644 3662">
     <span class='ocr_line' id='line_1_97' title="bbox 2040 3589 3644 3662; baseline -0.002 -14"><span class='ocrx_word' id='word_1_762' title='bbox 2040 3594 2183 3649; x_wconf 89' lang='lat' dir='ltr'><strong>sicut</strong></span> <span class='ocrx_word' id='word_1_763' title='bbox 2212 3592 2343 3647; x_wconf 88' lang='lat' dir='ltr'><strong>Saul</strong></span> <span class='ocrx_word' id='word_1_764' title='bbox 2377 3594 2703 3661; x_wconf 88' lang='lat' dir='ltr'><strong>persecutus</strong></span> <span class='ocrx_word' id='word_1_765' title='bbox 2734 3593 2821 3644; x_wconf 90' lang='lat' dir='ltr'><strong>est</strong></span> <span class='ocrx_word' id='word_1_766' title='bbox 2851 3590 3047 3644; x_wconf 90' lang='lat' dir='ltr'><strong>David.</strong></span> <span class='ocrx_word' id='word_1_767' title='bbox 3082 3590 3369 3660; x_wconf 89' lang='lat' dir='ltr'><strong>Spelunca</strong></span> <span class='ocrx_word' id='word_1_768' title='bbox 3408 3589 3644 3662; x_wconf 88' lang='lat' dir='ltr'><strong>quidem</strong></span> 
     </span>
    </p>
   </div>
   <div class='ocr_carea' id='block_1_98' title="bbox 2037 3678 3643 3748">
    <p class='ocr_par' dir='ltr' id='par_1_98' title="bbox 2037 3678 3643 3748">
     <span class='ocr_line' id='line_1_98' title="bbox 2037 3678 3643 3748; baseline -0.004 -11"><span class='ocrx_word' id='word_1_769' title='bbox 2037 3681 2367 3736; x_wconf 89' lang='lat' dir='ltr'><strong>humanitas</strong></span> <span class='ocrx_word' id='word_1_770' title='bbox 2383 3683 2537 3733; x_wconf 91' lang='lat' dir='ltr'><strong>recte</strong></span> <span class='ocrx_word' id='word_1_771' title='bbox 2564 3679 2791 3744; x_wconf 91' lang='lat' dir='ltr'><strong>dicitur,</strong></span> <span class='ocrx_word' id='word_1_772' title='bbox 2824 3694 2892 3732; x_wconf 94' lang='lat' dir='ltr'><strong>eo</strong></span> <span class='ocrx_word' id='word_1_773' title='bbox 2927 3678 3081 3748; x_wconf 92' lang='lat' dir='ltr'><strong>quod</strong></span> <span class='ocrx_word' id='word_1_774' title='bbox 3112 3678 3342 3732; x_wconf 88' lang='lat' dir='ltr'><strong>humilis</strong></span> <span class='ocrx_word' id='word_1_775' title='bbox 3370 3678 3562 3744; x_wconf 91' lang='lat' dir='ltr'><strong>fuit,et</strong></span> <span class='ocrx_word' id='word_1_776' title='bbox 3582 3678 3643 3732; x_wconf 93' lang='lat' dir='ltr'><strong>in</strong></span> 
     </span>
    </p>
   </div>
   <div class='ocr_carea' id='block_1_99' title="bbox 2041 3766 3647 3836">
    <p class='ocr_par' dir='ltr' id='par_1_99' title="bbox 2041 3766 3647 3836">
     <span class='ocr_line' id='line_1_99' title="bbox 2041 3766 3647 3836; baseline -0.002 -11"><span class='ocrx_word' id='word_1_777' title='bbox 2041 3787 2109 3826; x_wconf 90' lang='lat' dir='ltr'><strong>ea</strong></span> <span class='ocrx_word' id='word_1_778' title='bbox 2137 3768 2399 3824; x_wconf 91' lang='lat' dir='ltr'><strong>divinitas</strong></span> <span class='ocrx_word' id='word_1_779' title='bbox 2428 3767 2611 3834; x_wconf 90' lang='lat' dir='ltr'><strong>latuit,</strong></span> <span class='ocrx_word' id='word_1_780' title='bbox 2632 3767 2777 3821; x_wconf 92' lang='lat' dir='ltr'><strong>sicut</strong></span> <span class='ocrx_word' id='word_1_781' title='bbox 2805 3766 3422 3836; x_wconf 89' lang='lat' dir='ltr'><strong>speluncahumilisres</strong></span> <span class='ocrx_word' id='word_1_782' title='bbox 3449 3769 3555 3833; x_wconf 88' lang='lat' dir='ltr'><strong>est,</strong></span> <span class='ocrx_word' id='word_1_783' title='bbox 3588 3770 3647 3821; x_wconf 86' lang='lat' dir='ltr'><strong>et</strong></span> 
     </span>
    </p>
   </div>
   <div class='ocr_carea' id='block_1_100' title="bbox 2039 3854 3646 3925">
    <p class='ocr_par' dir='ltr' id='par_1_100' title="bbox 2039 3854 3646 3925">
     <span class='ocr_line' id='line_1_100' title="bbox 2039 3854 3646 3925; baseline -0.004 -12"><span class='ocrx_word' id='word_1_784' title='bbox 2039 3858 2099 3913; x_wconf 89' lang='lat' dir='ltr'><strong>in</strong></span> <span class='ocrx_word' id='word_1_785' title='bbox 2130 3875 2199 3912; x_wconf 89' lang='lat' dir='ltr'><strong>ea</strong></span> <span class='ocrx_word' id='word_1_786' title='bbox 2236 3858 2414 3911; x_wconf 88' lang='lat' dir='ltr'><strong>latere</strong></span> <span class='ocrx_word' id='word_1_787' title='bbox 2445 3855 2645 3922; x_wconf 85' lang='lat' dir='ltr'><strong>aliquis</strong></span> <span class='ocrx_word' id='word_1_788' title='bbox 2682 3857 2888 3925; x_wconf 90' lang='lat' dir='ltr'><strong>potest.</strong></span> <span class='ocrx_word' id='word_1_789' title='bbox 2926 3854 3254 3908; x_wconf 88' lang='lat' dir='ltr'><strong>Notandum</strong></span> <span class='ocrx_word' id='word_1_790' title='bbox 3294 3854 3469 3925; x_wconf 90' lang='lat' dir='ltr'><strong>quod,</strong></span> <span class='ocrx_word' id='word_1_791' title='bbox 3511 3868 3646 3908; x_wconf 91' lang='lat' dir='ltr'><strong>cum</strong></span> 
     </span>
    </p>
   </div>
   <div class='ocr_carea' id='block_1_101' title="bbox 2042 3942 3645 4014">
    <p class='ocr_par' dir='ltr' id='par_1_101' title="bbox 2042 3942 3645 4014">
     <span class='ocr_line' id='line_1_101' title="bbox 2042 3942 3645 4014; baseline -0.004 -13"><span class='ocrx_word' id='word_1_792' title='bbox 2042 3947 2299 4001; x_wconf 90' lang='lat' dir='ltr'><strong>dicamus</strong></span> <span class='ocrx_word' id='word_1_793' title='bbox 2330 3946 2483 3999; x_wconf 90' lang='lat' dir='ltr'><strong>hunc</strong></span> <span class='ocrx_word' id='word_1_794' title='bbox 2508 3944 2797 4014; x_wconf 90' lang='lat' dir='ltr'><strong>psalmum</strong></span> <span class='ocrx_word' id='word_1_795' title='bbox 2820 3942 3115 3997; x_wconf 88' lang='lat' dir='ltr'><strong>adhortari</strong></span> <span class='ocrx_word' id='word_1_796' title='bbox 3141 3943 3417 3997; x_wconf 90' lang='lat' dir='ltr'><strong>lectorem</strong></span> <span class='ocrx_word' id='word_1_797' title='bbox 3439 3958 3511 3996; x_wconf 90' lang='lat' dir='ltr'><strong>ne</strong></span> <span class='ocrx_word' id='word_1_798' title='bbox 3523 3958 3645 3997; x_wconf 82' lang='lat' dir='ltr'><strong>cor-</strong></span> 
     </span>
    </p>
   </div>
   <div class='ocr_carea' id='block_1_102' title="bbox 2041 4030 3647 4105">
    <p class='ocr_par' dir='ltr' id='par_1_102' title="bbox 2041 4030 3647 4105">
     <span class='ocr_line' id='line_1_102' title="bbox 2041 4030 3647 4105; baseline -0.002 -17"><span class='ocrx_word' id='word_1_799' title='bbox 2041 4037 2297 4105; x_wconf 85' lang='lat' dir='ltr'><strong>rumpat,</strong></span> <span class='ocrx_word' id='word_1_800' title='bbox 2330 4050 2447 4087; x_wconf 89' lang='lat' dir='ltr'><strong>non</strong></span> <span class='ocrx_word' id='word_1_801' title='bbox 2489 4035 2685 4086; x_wconf 90' lang='lat' dir='ltr'><strong>tamen</strong></span> <span class='ocrx_word' id='word_1_802' title='bbox 2730 4034 2927 4103; x_wconf 87' lang='lat' dir='ltr'><strong>aperte</strong></span> <span class='ocrx_word' id='word_1_803' title='bbox 2964 4032 3074 4085; x_wconf 92' lang='lat' dir='ltr'><strong>hoc</strong></span> <span class='ocrx_word' id='word_1_804' title='bbox 3117 4031 3413 4086; x_wconf 90' lang='lat' dir='ltr'><strong>admonet.</strong></span> <span class='ocrx_word' id='word_1_805' title='bbox 3456 4030 3570 4086; x_wconf 91' lang='lat' dir='ltr'><strong>Sed</strong></span> <span class='ocrx_word' id='word_1_806' title='bbox 3599 4030 3647 4085; x_wconf 87' lang='lat' dir='ltr'><strong>si</strong></span> 
     </span>
    </p>
   </div>
   <div class='ocr_carea' id='block_1_103' title="bbox 2041 4119 3643 4192">
    <p class='ocr_par' dir='ltr' id='par_1_103' title="bbox 2041 4119 3643 4192">
     <span class='ocr_line' id='line_1_103' title="bbox 2041 4119 3643 4192; baseline -0.002 -15"><span class='ocrx_word' id='word_1_807' title='bbox 2041 4123 2189 4178; x_wconf 91' lang='lat' dir='ltr'><strong>bene</strong></span> <span class='ocrx_word' id='word_1_808' title='bbox 2210 4122 2331 4192; x_wconf 92' lang='lat' dir='ltr'><strong>ejus</strong></span> <span class='ocrx_word' id='word_1_809' title='bbox 2352 4120 2526 4175; x_wconf 89' lang='lat' dir='ltr'><strong>verba</strong></span> <span class='ocrx_word' id='word_1_810' title='bbox 2545 4122 2838 4188; x_wconf 91' lang='lat' dir='ltr'><strong>notentur,</strong></span> <span class='ocrx_word' id='word_1_811' title='bbox 2868 4119 3056 4174; x_wconf 90' lang='lat' dir='ltr'><strong>innuit</strong></span> <span class='ocrx_word' id='word_1_812' title='bbox 3084 4136 3200 4174; x_wconf 90' lang='lat' dir='ltr'><strong>non</strong></span> <span class='ocrx_word' id='word_1_813' title='bbox 3232 4136 3352 4175; x_wconf 88' lang='lat' dir='ltr'><strong>esse</strong></span> <span class='ocrx_word' id='word_1_814' title='bbox 3384 4135 3643 4175; x_wconf 85' lang='lat' dir='ltr'><strong>corrum-</strong></span> 
     </span>
    </p>
   </div>
   <div class='ocr_carea' id='block_1_104' title="bbox 2042 4207 3647 4281">
    <p class='ocr_par' dir='ltr' id='par_1_104' title="bbox 2042 4207 3647 4281">
     <span class='ocr_line' id='line_1_104' title="bbox 2042 4207 3647 4281; baseline -0.002 -17"><span class='ocrx_word' id='word_1_815' title='bbox 2042 4210 2318 4281; x_wconf 90' lang='lat' dir='ltr'><strong>pendum.</strong></span> <span class='ocrx_word' id='word_1_816' title='bbox 2348 4208 2735 4263; x_wconf 89' lang='lat' dir='ltr'><strong>Introducitur</strong></span> <span class='ocrx_word' id='word_1_817' title='bbox 2765 4207 2923 4262; x_wconf 90' lang='lat' dir='ltr'><strong>enim</strong></span> <span class='ocrx_word' id='word_1_818' title='bbox 2954 4208 3011 4262; x_wconf 91' lang='lat' dir='ltr'><strong>in</strong></span> <span class='ocrx_word' id='word_1_819' title='bbox 3028 4208 3137 4263; x_wconf 92' lang='lat' dir='ltr'><strong>hoc</strong></span> <span class='ocrx_word' id='word_1_820' title='bbox 3153 4210 3375 4279; x_wconf 87' lang='lat' dir='ltr'><strong>psalmo</strong></span> <span class='ocrx_word' id='word_1_821' title='bbox 3389 4207 3647 4263; x_wconf 87' lang='lat' dir='ltr'><strong>Domini-</strong></span> 
     </span>
    </p>
   </div>
   <div class='ocr_carea' id='block_1_105' title="bbox 2045 4296 3646 4368">
    <p class='ocr_par' dir='ltr' id='par_1_105' title="bbox 2045 4296 3646 4368">
     <span class='ocr_line' id='line_1_105' title="bbox 2045 4296 3646 4368; baseline -0.001 -15"><span class='ocrx_word' id='word_1_822' title='bbox 2045 4316 2141 4353; x_wconf 89' lang='lat' dir='ltr'><strong>cus</strong></span> <span class='ocrx_word' id='word_1_823' title='bbox 2166 4299 2363 4365; x_wconf 91' lang='lat' dir='ltr'><strong>bomo,</strong></span> <span class='ocrx_word' id='word_1_824' title='bbox 2398 4313 2569 4351; x_wconf 88' lang='lat' dir='ltr'><strong>orans</strong></span> <span class='ocrx_word' id='word_1_825' title='bbox 2603 4300 2737 4351; x_wconf 86' lang='lat' dir='ltr'><strong>ante</strong></span> <span class='ocrx_word' id='word_1_826' title='bbox 2784 4296 3131 4367; x_wconf 85' lang='lat' dir='ltr'><strong>passionem,</strong></span> <span class='ocrx_word' id='word_1_827' title='bbox 3176 4300 3239 4351; x_wconf 95' lang='lat' dir='ltr'><strong>ut</strong></span> <span class='ocrx_word' id='word_1_828' title='bbox 3282 4297 3339 4350; x_wconf 91' lang='lat' dir='ltr'><strong>in</strong></span> <span class='ocrx_word' id='word_1_829' title='bbox 3380 4297 3646 4368; x_wconf 88' lang='lat' dir='ltr'><strong>passione</strong></span> 
     </span>
    </p>
   </div>
   <div class='ocr_carea' id='block_1_106' title="bbox 2045 4385 3649 4453">
    <p class='ocr_par' dir='ltr' id='par_1_106' title="bbox 2045 4385 3649 4453">
     <span class='ocr_line' id='line_1_106' title="bbox 2045 4385 3649 4453; baseline -0.002 -10"><span class='ocrx_word' id='word_1_830' title='bbox 2045 4390 2195 4443; x_wconf 90' lang='lat' dir='ltr'><strong>Deus</strong></span> <span class='ocrx_word' id='word_1_831' title='bbox 2224 4405 2282 4442; x_wconf 92' lang='lat' dir='ltr'><strong>se</strong></span> <span class='ocrx_word' id='word_1_832' title='bbox 2313 4388 2676 4441; x_wconf 91' lang='lat' dir='ltr'><strong>constantem</strong></span> <span class='ocrx_word' id='word_1_833' title='bbox 2701 4385 2873 4439; x_wconf 88' lang='lat' dir='ltr'><strong>faciat</strong></span> <span class='ocrx_word' id='word_1_834' title='bbox 2903 4389 2961 4440; x_wconf 93' lang='lat' dir='ltr'><strong>et</strong></span> <span class='ocrx_word' id='word_1_835' title='bbox 2988 4386 3303 4453; x_wconf 87' lang='lat' dir='ltr'><strong>resuscitet,</strong></span> <span class='ocrx_word' id='word_1_836' title='bbox 3323 4389 3379 4440; x_wconf 89' lang='lat' dir='ltr'><strong>et</strong></span> <span class='ocrx_word' id='word_1_837' title='bbox 3394 4385 3649 4441; x_wconf 89' lang='lat' dir='ltr'><strong>ostendit</strong></span> 
     </span>
    </p>
   </div>
   <div class='ocr_carea' id='block_1_107' title="bbox 2044 4474 3646 4549">
    <p class='ocr_par' dir='ltr' id='par_1_107' title="bbox 2044 4474 3646 4549">
     <span class='ocr_line' id='line_1_107' title="bbox 2044 4474 3646 4549; baseline -0.002 -18"><span class='ocrx_word' id='word_1_838' title='bbox 2044 4475 2369 4549; x_wconf 89' lang='lat' dir='ltr'><strong>passionem</strong></span> <span class='ocrx_word' id='word_1_839' title='bbox 2384 4490 2569 4528; x_wconf 88' lang='lat' dir='ltr'><strong>suam.</strong></span> <span class='ocrx_word' id='word_1_840' title='bbox 2592 4474 2725 4545; x_wconf 86' lang='lat' dir='ltr'><strong>Agit</strong></span> <span class='ocrx_word' id='word_1_841' title='bbox 2746 4489 2881 4528; x_wconf 91' lang='lat' dir='ltr'><strong>vero</strong></span> <span class='ocrx_word' id='word_1_842' title='bbox 2902 4476 3101 4544; x_wconf 89' lang='lat' dir='ltr'><strong>postea</strong></span> <span class='ocrx_word' id='word_1_843' title='bbox 3133 4474 3204 4530; x_wconf 92' lang='lat' dir='ltr'><strong>de</strong></span> <span class='ocrx_word' id='word_1_844' title='bbox 3225 4475 3646 4530; x_wconf 85' lang='lat' dir='ltr'><strong>resurrectione</strong></span> 
     </span>
    </p>
   </div>
   <div class='ocr_carea' id='block_1_108' title="bbox 2043 4563 3648 4636">
    <p class='ocr_par' dir='ltr' id='par_1_108' title="bbox 2043 4563 3648 4636">
     <span class='ocr_line' id='line_1_108' title="bbox 2043 4563 3648 4636; baseline -0.002 -15"><span class='ocrx_word' id='word_1_845' title='bbox 2043 4568 2103 4621; x_wconf 93' lang='lat' dir='ltr'><strong>et</strong></span> <span class='ocrx_word' id='word_1_846' title='bbox 2126 4564 2492 4630; x_wconf 89' lang='lat' dir='ltr'><strong>exaltatione,</strong></span> <span class='ocrx_word' id='word_1_847' title='bbox 2525 4565 2583 4617; x_wconf 91' lang='lat' dir='ltr'><strong>et</strong></span> <span class='ocrx_word' id='word_1_848' title='bbox 2623 4563 2797 4617; x_wconf 91' lang='lat' dir='ltr'><strong>totius</strong></span> <span class='ocrx_word' id='word_1_849' title='bbox 2840 4563 3045 4617; x_wconf 91' lang='lat' dir='ltr'><strong>mundi</strong></span> <span class='ocrx_word' id='word_1_850' title='bbox 3079 4564 3502 4636; x_wconf 89' lang='lat' dir='ltr'><strong>subjugatione,</strong></span> <span class='ocrx_word' id='word_1_851' title='bbox 3544 4579 3648 4634; x_wconf 90' lang='lat' dir='ltr'><strong>per</strong></span> 
     </span>
    </p>
   </div>
   <div class='ocr_carea' id='block_1_109' title="bbox 2044 4649 3644 4725">
    <p class='ocr_par' dir='ltr' id='par_1_109' title="bbox 2044 4649 3644 4725">
     <span class='ocr_line' id='line_1_109' title="bbox 2044 4649 3644 4725; baseline -0.002 -19"><span class='ocrx_word' id='word_1_852' title='bbox 2044 4652 2201 4725; x_wconf 91' lang='lat' dir='ltr'><strong>quod</strong></span> <span class='ocrx_word' id='word_1_853' title='bbox 2226 4652 2395 4707; x_wconf 91' lang='lat' dir='ltr'><strong>datur</strong></span> <span class='ocrx_word' id='word_1_854' title='bbox 2423 4649 2664 4721; x_wconf 86' lang='lat' dir='ltr'><strong>intelligi</strong></span> <span class='ocrx_word' id='word_1_855' title='bbox 2694 4666 2827 4705; x_wconf 91' lang='lat' dir='ltr'><strong>eum</strong></span> <span class='ocrx_word' id='word_1_856' title='bbox 2848 4650 3161 4705; x_wconf 92' lang='lat' dir='ltr'><strong>Dominum</strong></span> <span class='ocrx_word' id='word_1_857' title='bbox 3194 4666 3314 4704; x_wconf 86' lang='lat' dir='ltr'><strong>esse</strong></span> <span class='ocrx_word' id='word_1_858' title='bbox 3336 4652 3394 4704; x_wconf 90' lang='lat' dir='ltr'><strong>et</strong></span> <span class='ocrx_word' id='word_1_859' title='bbox 3420 4665 3644 4721; x_wconf 88' lang='lat' dir='ltr'><strong>regem,</strong></span> 
     </span>
    </p>
   </div>
   <div class='ocr_carea' id='block_1_110' title="bbox 1920 4732 3648 4806">
    <p class='ocr_par' dir='ltr' id='par_1_110' title="bbox 1920 4732 3648 4806">
     <span class='ocr_line' id='line_1_110' title="bbox 1920 4732 3648 4806; baseline -0.002 -11"><span class='ocrx_word' id='word_1_860' title='bbox 1920 4732 1931 4739; x_wconf 75' lang='grc'><strong>’</strong></span> <span class='ocrx_word' id='word_1_861' title='bbox 2043 4757 2174 4796; x_wconf 89' lang='lat' dir='ltr'><strong>cum</strong></span> <span class='ocrx_word' id='word_1_862' title='bbox 2204 4742 2623 4794; x_wconf 89' lang='lat' dir='ltr'><strong>resurrecturus</strong></span> <span class='ocrx_word' id='word_1_863' title='bbox 2665 4738 2739 4793; x_wconf 91' lang='lat' dir='ltr'><strong>sit</strong></span> <span class='ocrx_word' id='word_1_864' title='bbox 2787 4742 2845 4793; x_wconf 92' lang='lat' dir='ltr'><strong>et</strong></span> <span class='ocrx_word' id='word_1_865' title='bbox 2883 4739 3237 4806; x_wconf 90' lang='lat' dir='ltr'><strong>exaltandus,</strong></span> <span class='ocrx_word' id='word_1_866' title='bbox 3286 4741 3343 4792; x_wconf 93' lang='lat' dir='ltr'><strong>et</strong></span> <span class='ocrx_word' id='word_1_867' title='bbox 3379 4737 3457 4792; x_wconf 89' lang='lat' dir='ltr'><strong>sic</strong></span> <span class='ocrx_word' id='word_1_868' title='bbox 3494 4737 3546 4792; x_wconf 91' lang='lat' dir='ltr'><strong>ei</strong></span> <span class='ocrx_word' id='word_1_869' title='bbox 3575 4738 3648 4791; x_wconf 92' lang='lat' dir='ltr'><strong>sit</strong></span> 
     </span>
    </p>
   </div>
   <div class='ocr_carea' id='block_1_111' title="bbox 2040 4826 3646 4899">
    <p class='ocr_par' dir='ltr' id='par_1_111' title="bbox 2040 4826 3646 4899">
     <span class='ocr_line' id='line_1_111' title="bbox 2040 4826 3646 4899; baseline -0.003 -14"><span class='ocrx_word' id='word_1_870' title='bbox 2040 4833 2194 4885; x_wconf 91' lang='lat' dir='ltr'><strong>totus</strong></span> <span class='ocrx_word' id='word_1_871' title='bbox 2218 4828 2469 4883; x_wconf 90' lang='lat' dir='ltr'><strong>mundus</strong></span> <span class='ocrx_word' id='word_1_872' title='bbox 2498 4826 2882 4899; x_wconf 79' lang='lat' dir='ltr'><strong>subjiciendus</strong></span> <span class='ocrx_word' id='word_1_873' title='bbox 2931 4828 3005 4883; x_wconf 90' lang='lat' dir='ltr'><strong>ad</strong></span> <span class='ocrx_word' id='word_1_874' title='bbox 3053 4826 3398 4899; x_wconf 89' lang='lat' dir='ltr'><strong>regendum,</strong></span> <span class='ocrx_word' id='word_1_875' title='bbox 3440 4829 3497 4880; x_wconf 90' lang='lat' dir='ltr'><strong>et</strong></span> <span class='ocrx_word' id='word_1_876' title='bbox 3539 4842 3646 4896; x_wconf 91' lang='lat' dir='ltr'><strong>per</strong></span> 
     </span>
    </p>
   </div>
   <div class='ocr_carea' id='block_1_112' title="bbox 2041 4916 3640 4994">
    <p class='ocr_par' dir='ltr' id='par_1_112' title="bbox 2041 4916 3640 4994">
     <span class='ocr_line' id='line_1_112' title="bbox 2041 4916 3640 4994; baseline -0.004 -20"><span class='ocrx_word' id='word_1_877' title='bbox 2041 4921 2153 4974; x_wconf 92' lang='lat' dir='ltr'><strong>hoc</strong></span> <span class='ocrx_word' id='word_1_878' title='bbox 2198 4918 2387 4972; x_wconf 85' lang='lat' dir='ltr'><strong>innuit</strong></span> <span class='ocrx_word' id='word_1_879' title='bbox 2420 4916 2620 4972; x_wconf 89' lang='lat' dir='ltr'><strong>lectori</strong></span> <span class='ocrx_word' id='word_1_880' title='bbox 2656 4917 3087 4994; x_wconf 81' lang='lat' dir='ltr'><strong>inscriptionem</strong></span> <span class='ocrx_word' id='word_1_881' title='bbox 3151 4931 3270 4968; x_wconf 89' lang='lat' dir='ltr'><strong>non</strong></span> <span class='ocrx_word' id='word_1_882' title='bbox 3314 4930 3434 4967; x_wconf 91' lang='lat' dir='ltr'><strong>esse</strong></span> <span class='ocrx_word' id='word_1_883' title='bbox 3481 4930 3640 4968; x_wconf 83' lang='lat' dir='ltr'><strong>com-</strong></span> 
     </span>
    </p>
   </div>
   <div class='ocr_carea' id='block_1_113' title="bbox 2045 5001 3642 5077">
    <p class='ocr_par' dir='ltr' id='par_1_113' title="bbox 2045 5001 3642 5077">
     <span class='ocr_line' id='line_1_113' title="bbox 2045 5001 3642 5077; baseline -0.003 -14"><span class='ocrx_word' id='word_1_884' title='bbox 2045 5009 2383 5063; x_wconf 85' lang='lat' dir='ltr'><strong>mutandam</strong></span> <span class='ocrx_word' id='word_1_885' title='bbox 2415 5022 2521 5061; x_wconf 91' lang='lat' dir='ltr'><strong>nec</strong></span> <span class='ocrx_word' id='word_1_886' title='bbox 2548 5005 3058 5077; x_wconf 90' lang='lat' dir='ltr'><strong>corrumpendam,</strong></span> <span class='ocrx_word' id='word_1_887' title='bbox 3087 5020 3217 5060; x_wconf 91' lang='lat' dir='ltr'><strong>cum</strong></span> <span class='ocrx_word' id='word_1_888' title='bbox 3240 5002 3358 5072; x_wconf 89' lang='lat' dir='ltr'><strong>ipse</strong></span> <span class='ocrx_word' id='word_1_889' title='bbox 3388 5001 3642 5059; x_wconf 88' lang='lat' dir='ltr'><strong>Christus</strong></span> 
     </span>
    </p>
   </div>
   <div class='ocr_carea' id='block_1_114' title="bbox 2041 5094 2547 5150">
    <p class='ocr_par' dir='ltr' id='par_1_114' title="bbox 2041 5094 2547 5150">
     <span class='ocr_line' id='line_1_114' title="bbox 2041 5094 2547 5150; baseline -0.004 0"><span class='ocrx_word' id='word_1_890' title='bbox 2041 5112 2140 5150; x_wconf 89' lang='lat' dir='ltr'><strong>rex</strong></span> <span class='ocrx_word' id='word_1_891' title='bbox 2170 5097 2241 5149; x_wconf 90' lang='lat' dir='ltr'><strong>sit</strong></span> <span class='ocrx_word' id='word_1_892' title='bbox 2266 5094 2547 5150; x_wconf 90' lang='lat' dir='ltr'><strong>omnium.</strong></span> 
     </span>
    </p>
   </div>
   <div class='ocr_carea' id='block_1_115' title="bbox 2112 5180 3636 5250">
    <p class='ocr_par' dir='ltr' id='par_1_115' title="bbox 2112 5180 3636 5250">
     <span class='ocr_line' id='line_1_115' title="bbox 2112 5180 3636 5250; baseline -0.001 -13"><span class='ocrx_word' id='word_1_893' title='bbox 2112 5183 2365 5238; x_wconf 82' lang='lat' dir='ltr'><strong>Miserere</strong></span> <span class='ocrx_word' id='word_1_894' title='bbox 2393 5185 2516 5250; x_wconf 86' lang='lat' dir='ltr'><strong>mei,</strong></span> <span class='ocrx_word' id='word_1_895' title='bbox 2544 5182 2689 5237; x_wconf 87' lang='lat' dir='ltr'><strong>Deus</strong></span> <span class='ocrx_word' id='word_1_896' title='bbox 2720 5184 2907 5248; x_wconf 90' lang='lat' dir='ltr'><strong>Pater,</strong></span> <span class='ocrx_word' id='word_1_897' title='bbox 2941 5184 3005 5236; x_wconf 94' lang='lat' dir='ltr'><strong>ut</strong></span> <span class='ocrx_word' id='word_1_898' title='bbox 3035 5185 3399 5238; x_wconf 89' lang='lat' dir='ltr'><strong>constantem</strong></span> <span class='ocrx_word' id='word_1_899' title='bbox 3442 5180 3636 5249; x_wconf 86' lang='lat' dir='ltr'><strong>facias,</strong></span> 
     </span>
    </p>
   </div>
   <div class='ocr_carea' id='block_1_116' title="bbox 2040 5271 3636 5340">
    <p class='ocr_par' dir='ltr' id='par_1_116' title="bbox 2040 5271 3636 5340">
     <span class='ocr_line' id='line_1_116' title="bbox 2040 5271 3636 5340; baseline -0.001 -14"><span class='ocrx_word' id='word_1_900' title='bbox 2040 5274 2281 5326; x_wconf 88' lang='lat' dir='ltr'><strong>miserere</strong></span> <span class='ocrx_word' id='word_1_901' title='bbox 2332 5273 2454 5337; x_wconf 88' lang='lat' dir='ltr'><strong>mei,</strong></span> <span class='ocrx_word' id='word_1_902' title='bbox 2509 5274 2573 5325; x_wconf 91' lang='lat' dir='ltr'><strong>ut</strong></span> <span class='ocrx_word' id='word_1_903' title='bbox 2622 5271 2920 5325; x_wconf 90' lang='lat' dir='ltr'><strong>resuscites</strong></span> <span class='ocrx_word' id='word_1_904' title='bbox 2975 5274 3033 5326; x_wconf 91' lang='lat' dir='ltr'><strong>et</strong></span> <span class='ocrx_word' id='word_1_905' title='bbox 3090 5273 3323 5340; x_wconf 90' lang='lat' dir='ltr'><strong>exaltes,</strong></span> <span class='ocrx_word' id='word_1_906' title='bbox 3370 5274 3454 5327; x_wconf 88' lang='lat' dir='ltr'><strong>vel</strong></span> <span class='ocrx_word' id='word_1_907' title='bbox 3513 5271 3636 5326; x_wconf 86' lang='lat' dir='ltr'><strong>sic:</strong></span> 
     </span>
    </p>
   </div>
   <div class='ocr_carea' id='block_1_117' title="bbox 2039 5358 3646 5415">
    <p class='ocr_par' dir='ltr' id='par_1_117' title="bbox 2039 5358 3646 5415">
     <span class='ocr_line' id='line_1_117' title="bbox 2039 5358 3646 5415; baseline -0.001 0"><span class='ocrx_word' id='word_1_908' title='bbox 2039 5358 2292 5415; x_wconf 79' lang='lat' dir='ltr'><strong>Miserere</strong></span> <span class='ocrx_word' id='word_1_909' title='bbox 2321 5361 2428 5414; x_wconf 89' lang='lat' dir='ltr'><strong>mei</strong></span> <span class='ocrx_word' id='word_1_910' title='bbox 2456 5361 2516 5413; x_wconf 94' lang='lat' dir='ltr'><strong>ut</strong></span> <span class='ocrx_word' id='word_1_911' title='bbox 2544 5361 2905 5413; x_wconf 87' lang='lat' dir='ltr'><strong>constantem</strong></span> <span class='ocrx_word' id='word_1_912' title='bbox 2936 5358 3109 5414; x_wconf 88' lang='lat' dir='ltr'><strong>facias</strong></span> <span class='ocrx_word' id='word_1_913' title='bbox 3146 5364 3204 5415; x_wconf 90' lang='lat' dir='ltr'><strong>et</strong></span> <span class='ocrx_word' id='word_1_914' title='bbox 3249 5360 3548 5415; x_wconf 88' lang='lat' dir='ltr'><strong>resuscites</strong></span> <span class='ocrx_word' id='word_1_915' title='bbox 3585 5364 3646 5414; x_wconf 88' lang='lat' dir='ltr'><strong>et</strong></span> 
     </span>
    </p>
   </div>
   <div class='ocr_carea' id='block_1_118' title="bbox 2045 5446 3642 5518">
    <p class='ocr_par' dir='ltr' id='par_1_118' title="bbox 2045 5446 3642 5518">
     <span class='ocr_line' id='line_1_118' title="bbox 2045 5446 3642 5518; baseline -0.001 -13"><span class='ocrx_word' id='word_1_916' title='bbox 2045 5451 2295 5518; x_wconf 87' lang='lat' dir='ltr'><strong>exaltes;</strong></span> <span class='ocrx_word' id='word_1_917' title='bbox 2329 5450 2387 5503; x_wconf 93' lang='lat' dir='ltr'><strong>et</strong></span> <span class='ocrx_word' id='word_1_918' title='bbox 2414 5450 2655 5502; x_wconf 87' lang='lat' dir='ltr'><strong>miserere</strong></span> <span class='ocrx_word' id='word_1_919' title='bbox 2678 5449 2799 5514; x_wconf 91' lang='lat' dir='ltr'><strong>mei,</strong></span> <span class='ocrx_word' id='word_1_920' title='bbox 2824 5446 2883 5502; x_wconf 93' lang='lat' dir='ltr'><strong>id</strong></span> <span class='ocrx_word' id='word_1_921' title='bbox 2916 5451 3003 5502; x_wconf 92' lang='lat' dir='ltr'><strong>est</strong></span> <span class='ocrx_word' id='word_1_922' title='bbox 3045 5465 3314 5504; x_wconf 90' lang='lat' dir='ltr'><strong>meorum</strong></span> <span class='ocrx_word' id='word_1_923' title='bbox 3350 5453 3415 5503; x_wconf 94' lang='lat' dir='ltr'><strong>ut</strong></span> <span class='ocrx_word' id='word_1_924' title='bbox 3451 5451 3642 5503; x_wconf 89' lang='lat' dir='ltr'><strong>morte</strong></span> 
     </span>
    </p>
   </div>
   <div class='ocr_carea' id='block_1_119' title="bbox 2043 5534 3643 5611">
    <p class='ocr_par' dir='ltr' id='par_1_119' title="bbox 2043 5534 3643 5611">
     <span class='ocr_line' id='line_1_119' title="bbox 2043 5534 3643 5611; baseline 0.001 -15"><span class='ocrx_word' id='word_1_925' title='bbox 2043 5554 2178 5596; x_wconf 90' lang='lat' dir='ltr'><strong>mea</strong></span> <span class='ocrx_word' id='word_1_926' title='bbox 2204 5539 2513 5595; x_wconf 79' lang='lat' dir='ltr'><strong>salvantur.</strong></span> <span class='ocrx_word' id='word_1_927' title='bbox 2546 5537 2617 5593; x_wconf 86' lang='lat' dir='ltr'><strong>Et</strong></span> <span class='ocrx_word' id='word_1_928' title='bbox 2644 5534 2888 5611; x_wconf 83' lang='lat' dir='ltr'><strong>dignum</strong></span> <span class='ocrx_word' id='word_1_929' title='bbox 2908 5540 2994 5595; x_wconf 91' lang='lat' dir='ltr'><strong>est</strong></span> <span class='ocrx_word' id='word_1_930' title='bbox 3013 5540 3077 5594; x_wconf 94' lang='lat' dir='ltr'><strong>ut</strong></span> <span class='ocrx_word' id='word_1_931' title='bbox 3103 5538 3214 5598; x_wconf 91' lang='lat' dir='ltr'><strong>hoc</strong></span> <span class='ocrx_word' id='word_1_932' title='bbox 3242 5537 3415 5600; x_wconf 83' lang='lat' dir='ltr'><strong>facias</strong></span> <span class='ocrx_word' id='word_1_933' title='bbox 3448 5556 3462 5597; x_wconf 88' lang='lat'><strong>:</strong></span> <span class='ocrx_word' id='word_1_934' title='bbox 3493 5537 3643 5609; x_wconf 85' lang='lat' dir='ltr'><strong>Quo-</strong></span> 
     </span>
    </p>
   </div>
  </div>
