  <div class='ocr_page' id='page_1' title='image "/cluster/home/n/w/nwhite01/storage/ocr_20150623/152/hvd.32044054760103/453.png"; bbox 0 0 4004 6052; ppageno 0'>
   <div class='ocr_carea' id='block_1_1' title="bbox 380 295 483 353">
    <p class='ocr_par' dir='ltr' id='par_1_1' title="bbox 380 295 483 353">
     <span class='ocr_line' id='line_1_1' title="bbox 380 295 483 353; baseline -0.019 0"><span class='ocrx_word' id='word_1_1' title='bbox 380 295 483 353; x_wconf 78' lang='grc'>893</span> 
     </span>
    </p>
   </div>
   <div class='ocr_carea' id='block_1_2' title="bbox 993 285 3091 351">
    <p class='ocr_par' dir='ltr' id='par_1_2' title="bbox 993 285 3091 351">
     <span class='ocr_line' id='line_1_2' title="bbox 993 285 3091 351; baseline -0.003 -1"><span class='ocrx_word' id='word_1_2' title='bbox 993 293 1052 350; x_wconf 88' lang='lat' dir='ltr'>S.</span> <span class='ocrx_word' id='word_1_3' title='bbox 1093 293 1437 351; x_wconf 84' lang='lat' dir='ltr'>BRUNONlS</span> <span class='ocrx_word' id='word_1_4' title='bbox 1479 285 2108 349; x_wconf 79' lang='lat' dir='ltr'>CARTHUSIANORUM</span> <span class='ocrx_word' id='word_1_5' title='bbox 2147 290 2616 349; x_wconf 82' lang='lat' dir='ltr'>lNSTl&#39;l‘UTORlS</span> <span class='ocrx_word' id='word_1_6' title='bbox 2657 289 2811 347; x_wconf 85' lang='lat' dir='ltr'>OPP.</span> <span class='ocrx_word' id='word_1_7' title='bbox 2851 285 3029 345; x_wconf 85' lang='lat' dir='ltr'>PARS</span> <span class='ocrx_word' id='word_1_8' title='bbox 3067 290 3091 345; x_wconf 93' lang='grc' dir='ltr'>Ι</span> 
     </span>
    </p>
   </div>
   <div class='ocr_carea' id='block_1_3' title="bbox 3587 288 3693 343">
    <p class='ocr_par' dir='ltr' id='par_1_3' title="bbox 3587 288 3693 343">
     <span class='ocr_line' id='line_1_3' title="bbox 3587 288 3693 343; baseline 0 0"><span class='ocrx_word' id='word_1_9' title='bbox 3587 288 3693 343; x_wconf 80' lang='lat'><strong>896</strong></span> 
     </span>
    </p>
   </div>
   <div class='ocr_carea' id='block_1_4' title="bbox 380 406 3696 484">
    <p class='ocr_par' dir='ltr' id='par_1_4' title="bbox 380 406 3696 484">
     <span class='ocr_line' id='line_1_4' title="bbox 380 406 3696 484; baseline -0.001 -17"><span class='ocrx_word' id='word_1_10' title='bbox 380 416 527 468; x_wconf 87' lang='lat' dir='ltr'>niam</span> <span class='ocrx_word' id='word_1_11' title='bbox 557 414 740 469; x_wconf 88' lang='lat' dir='ltr'>anima</span> <span class='ocrx_word' id='word_1_12' title='bbox 768 431 883 469; x_wconf 89' lang='lat' dir='ltr'>mea</span> <span class='ocrx_word' id='word_1_13' title='bbox 910 415 1127 483; x_wconf 78' lang='lat' dir='ltr'>conﬁdit</span> <span class='ocrx_word' id='word_1_14' title='bbox 1157 417 1212 469; x_wconf 89' lang='lat' dir='ltr'>in</span> <span class='ocrx_word' id='word_1_15' title='bbox 1241 422 1308 483; x_wconf 92' lang='lat' dir='ltr'>te,</span> <span class='ocrx_word' id='word_1_16' title='bbox 1342 415 1403 470; x_wconf 90' lang='lat' dir='ltr'>id</span> <span class='ocrx_word' id='word_1_17' title='bbox 1432 417 1516 470; x_wconf 89' lang='lat' dir='ltr'>est</span> <span class='ocrx_word' id='word_1_18' title='bbox 1543 413 1601 469; x_wconf 89' lang='lat' dir='ltr'>in</span> <span class='ocrx_word' id='word_1_19' title='bbox 1629 417 1727 468; x_wconf 88' lang='lat' dir='ltr'>tua</span> <span class='ocrx_word' id='word_1_20' title='bbox 1758 412 1988 469; x_wconf 87' lang='lat' dir='ltr'>miseri-</span> <span class='ocrx_word' id='word_1_21' title='bbox 2012 419 2063 478; x_wconf 83' lang='grc' dir='ltr'><strong>Α</strong></span> <span class='ocrx_word' id='word_1_22' title='bbox 2088 412 2348 470; x_wconf 80' lang='lat' dir='ltr'>Ostendit</span> <span class='ocrx_word' id='word_1_23' title='bbox 2371 416 2565 469; x_wconf 88' lang='lat' dir='ltr'>autem</span> <span class='ocrx_word' id='word_1_24' title='bbox 2590 411 2880 484; x_wconf 90' lang='lat' dir='ltr'>quomodo</span> <span class='ocrx_word' id='word_1_25' title='bbox 2911 410 2974 465; x_wconf 88' lang='lat' dir='ltr'>de</span> <span class='ocrx_word' id='word_1_26' title='bbox 3006 407 3175 464; x_wconf 89' lang='lat' dir='ltr'>medio</span> <span class='ocrx_word' id='word_1_27' title='bbox 3211 406 3510 463; x_wconf 82' lang='lat' dir='ltr'>catulorum</span> <span class='ocrx_word' id='word_1_28' title='bbox 3547 406 3696 464; x_wconf 85' lang='lat' dir='ltr'>libe-</span> 
     </span>
    </p>
   </div>
   <div class='ocr_carea' id='block_1_5' title="bbox 379 503 1986 574">
    <p class='ocr_par' dir='ltr' id='par_1_5' title="bbox 379 503 1986 574">
     <span class='ocr_line' id='line_1_5' title="bbox 379 503 1986 574; baseline 0 -18"><span class='ocrx_word' id='word_1_29' title='bbox 379 503 595 570; x_wconf 90' lang='lat' dir='ltr'>cordia,</span> <span class='ocrx_word' id='word_1_30' title='bbox 616 505 673 557; x_wconf 89' lang='lat' dir='ltr'>et</span> <span class='ocrx_word' id='word_1_31' title='bbox 694 503 971 574; x_wconf 89' lang='lat' dir='ltr'>potentia,</span> <span class='ocrx_word' id='word_1_32' title='bbox 996 504 1076 573; x_wconf 90' lang='lat' dir='ltr'>etj</span> <span class='ocrx_word' id='word_1_33' title='bbox 1088 503 1298 559; x_wconf 87' lang='lat' dir='ltr'>ustitia.</span> <span class='ocrx_word' id='word_1_34' title='bbox 1315 504 1448 559; x_wconf 87' lang='lat' dir='ltr'>Dico</span> <span class='ocrx_word' id='word_1_35' title='bbox 1473 504 1627 574; x_wconf 90' lang='lat' dir='ltr'>quod</span> <span class='ocrx_word' id='word_1_36' title='bbox 1665 506 1722 557; x_wconf 89' lang='lat' dir='ltr'>in</span> <span class='ocrx_word' id='word_1_37' title='bbox 1750 510 1797 557; x_wconf 90' lang='lat' dir='ltr'>te</span> <span class='ocrx_word' id='word_1_38' title='bbox 1823 503 1986 572; x_wconf 83' lang='lat' dir='ltr'>conﬁ-</span> 
     </span>
    </p>
   </div>
   <div class='ocr_carea' id='block_1_6' title="bbox 379 591 1988 663">
    <p class='ocr_par' dir='ltr' id='par_1_6' title="bbox 379 591 1988 663">
     <span class='ocr_line' id='line_1_6' title="bbox 379 591 1988 663; baseline 0.001 -20"><span class='ocrx_word' id='word_1_39' title='bbox 379 592 459 643; x_wconf 89' lang='lat' dir='ltr'>dit</span> <span class='ocrx_word' id='word_1_40' title='bbox 488 593 670 644; x_wconf 87' lang='lat' dir='ltr'>anima</span> <span class='ocrx_word' id='word_1_41' title='bbox 698 609 835 658; x_wconf 87' lang='lat' dir='ltr'>mea,</span> <span class='ocrx_word' id='word_1_42' title='bbox 884 599 931 645; x_wconf 88' lang='lat' dir='ltr'>et</span> <span class='ocrx_word' id='word_1_43' title='bbox 972 591 1159 646; x_wconf 89' lang='lat' dir='ltr'>adhuc</span> <span class='ocrx_word' id='word_1_44' title='bbox 1206 593 1422 663; x_wconf 77' lang='lat' dir='ltr'>sperabo</span> <span class='ocrx_word' id='word_1_45' title='bbox 1456 593 1511 645; x_wconf 84' lang='lat' dir='ltr'>in</span> <span class='ocrx_word' id='word_1_46' title='bbox 1556 592 1743 645; x_wconf 90' lang='lat' dir='ltr'>umbra</span> <span class='ocrx_word' id='word_1_47' title='bbox 1779 591 1988 645; x_wconf 88' lang='lat' dir='ltr'>alarum</span> 
     </span>
    </p>
   </div>
   <div class='ocr_carea' id='block_1_7' title="bbox 383 678 1988 751">
    <p class='ocr_par' dir='ltr' id='par_1_7' title="bbox 383 678 1988 751">
     <span class='ocr_line' id='line_1_7' title="bbox 383 678 1988 751; baseline 0.001 -20"><span class='ocrx_word' id='word_1_48' title='bbox 383 684 620 745; x_wconf 85' lang='lat' dir='ltr'>tuarum,</span> <span class='ocrx_word' id='word_1_49' title='bbox 643 678 701 741; x_wconf 87' lang='lat' dir='ltr'>id</span> <span class='ocrx_word' id='word_1_50' title='bbox 730 683 815 733; x_wconf 89' lang='lat' dir='ltr'>est</span> <span class='ocrx_word' id='word_1_51' title='bbox 837 678 895 733; x_wconf 91' lang='lat' dir='ltr'>in</span> <span class='ocrx_word' id='word_1_52' title='bbox 924 679 1226 750; x_wconf 87' lang='lat' dir='ltr'>refrigerio</span> <span class='ocrx_word' id='word_1_53' title='bbox 1258 679 1635 751; x_wconf 81' lang='lat' dir='ltr'>protectionis</span> <span class='ocrx_word' id='word_1_54' title='bbox 1666 683 1798 746; x_wconf 66' lang='lat' dir='ltr'>tum,</span> <span class='ocrx_word' id='word_1_55' title='bbox 1827 680 1988 733; x_wconf 85' lang='lat' dir='ltr'>donec</span> 
     </span>
    </p>
   </div>
   <div class='ocr_carea' id='block_1_8' title="bbox 380 766 1986 838">
    <p class='ocr_par' dir='ltr' id='par_1_8' title="bbox 380 766 1986 838">
     <span class='ocr_line' id='line_1_8' title="bbox 380 766 1986 838; baseline 0.002 -20"><span class='ocrx_word' id='word_1_56' title='bbox 380 772 618 820; x_wconf 82' lang='lat' dir='ltr'>transeat</span> <span class='ocrx_word' id='word_1_57' title='bbox 647 769 918 838; x_wconf 72' lang='lat' dir='ltr'>iniquitas,</span> <span class='ocrx_word' id='word_1_58' title='bbox 968 768 1027 822; x_wconf 91' lang='lat' dir='ltr'>id</span> <span class='ocrx_word' id='word_1_59' title='bbox 1073 770 1157 822; x_wconf 89' lang='lat' dir='ltr'>est</span> <span class='ocrx_word' id='word_1_60' title='bbox 1212 769 1396 823; x_wconf 90' lang='lat' dir='ltr'>donec</span> <span class='ocrx_word' id='word_1_61' title='bbox 1443 771 1879 822; x_wconf 80' lang='lat' dir='ltr'>consummatur</span> <span class='ocrx_word' id='word_1_62' title='bbox 1926 766 1986 821; x_wconf 91' lang='lat' dir='ltr'>in</span> 
     </span>
    </p>
   </div>
   <div class='ocr_carea' id='block_1_9' title="bbox 379 852 1989 928">
    <p class='ocr_par' dir='ltr' id='par_1_9' title="bbox 379 852 1989 928">
     <span class='ocr_line' id='line_1_9' title="bbox 379 852 1989 928; baseline 0.001 -20"><span class='ocrx_word' id='word_1_63' title='bbox 379 869 478 908; x_wconf 90' lang='lat' dir='ltr'>me</span> <span class='ocrx_word' id='word_1_64' title='bbox 506 871 682 921; x_wconf 89' lang='lat' dir='ltr'>mors,</span> <span class='ocrx_word' id='word_1_65' title='bbox 705 872 880 927; x_wconf 91' lang='lat' dir='ltr'>quam</span> <span class='ocrx_word' id='word_1_66' title='bbox 910 852 1089 911; x_wconf 63' lang='lat' dir='ltr'>Judaei</span> <span class='ocrx_word' id='word_1_67' title='bbox 1128 856 1325 928; x_wconf 91' lang='lat' dir='ltr'>inique</span> <span class='ocrx_word' id='word_1_68' title='bbox 1376 857 1784 928; x_wconf 89' lang='lat' dir='ltr'>operabuntur.</span> <span class='ocrx_word' id='word_1_69' title='bbox 1824 855 1989 920; x_wconf 88' lang='lat' dir='ltr'>Quod</span> 
     </span>
    </p>
   </div>
   <div class='ocr_carea' id='block_1_10' title="bbox 382 942 1985 1014">
    <p class='ocr_par' dir='ltr' id='par_1_10' title="bbox 382 942 1985 1014">
     <span class='ocr_line' id='line_1_10' title="bbox 382 942 1985 1014; baseline 0.002 -20"><span class='ocrx_word' id='word_1_70' title='bbox 382 943 469 995; x_wconf 90' lang='lat' dir='ltr'>est</span> <span class='ocrx_word' id='word_1_71' title='bbox 497 942 686 997; x_wconf 85' lang='lat' dir='ltr'>dicere</span> <span class='ocrx_word' id='word_1_72' title='bbox 712 960 724 997; x_wconf 89' lang='lat'><strong>:</strong></span> <span class='ocrx_word' id='word_1_73' title='bbox 750 942 1004 1014; x_wconf 90' lang='lat' dir='ltr'>Sperabo</span> <span class='ocrx_word' id='word_1_74' title='bbox 1036 944 1093 999; x_wconf 90' lang='lat' dir='ltr'>in</span> <span class='ocrx_word' id='word_1_75' title='bbox 1121 943 1480 1014; x_wconf 89' lang='lat' dir='ltr'>protectione</span> <span class='ocrx_word' id='word_1_76' title='bbox 1514 948 1610 998; x_wconf 88' lang='lat' dir='ltr'>tua</span> <span class='ocrx_word' id='word_1_77' title='bbox 1655 943 1985 999; x_wconf 88' lang='lat' dir='ltr'>indesinen-</span> 
     </span>
    </p>
   </div>
   <div class='ocr_carea' id='block_1_11' title="bbox 382 1030 1987 1104">
    <p class='ocr_par' dir='ltr' id='par_1_11' title="bbox 382 1030 1987 1104">
     <span class='ocr_line' id='line_1_11' title="bbox 382 1030 1987 1104; baseline 0.002 -23"><span class='ocrx_word' id='word_1_78' title='bbox 382 1031 492 1097; x_wconf 85' lang='lat' dir='ltr'>ter,</span> <span class='ocrx_word' id='word_1_79' title='bbox 522 1030 706 1086; x_wconf 89' lang='lat' dir='ltr'>donec</span> <span class='ocrx_word' id='word_1_80' title='bbox 731 1048 764 1087; x_wconf 90' lang='lat' dir='ltr'>a</span> <span class='ocrx_word' id='word_1_81' title='bbox 794 1035 982 1087; x_wconf 89' lang='lat' dir='ltr'>morte</span> <span class='ocrx_word' id='word_1_82' title='bbox 1012 1031 1243 1101; x_wconf 90' lang='lat' dir='ltr'>liberer,</span> <span class='ocrx_word' id='word_1_83' title='bbox 1274 1050 1403 1104; x_wconf 59' lang='lat' dir='ltr'>quas</span> <span class='ocrx_word' id='word_1_84' title='bbox 1436 1031 1717 1104; x_wconf 89' lang='lat' dir='ltr'>protectio</span> <span class='ocrx_word' id='word_1_85' title='bbox 1748 1030 1987 1086; x_wconf 90' lang='lat' dir='ltr'>estmihi</span> 
     </span>
    </p>
   </div>
   <div class='ocr_carea' id='block_1_12' title="bbox 380 1117 1989 1189">
    <p class='ocr_par' dir='ltr' id='par_1_12' title="bbox 380 1117 1989 1189">
     <span class='ocr_line' id='line_1_12' title="bbox 380 1117 1989 1189; baseline 0.001 -17"><span class='ocrx_word' id='word_1_86' title='bbox 380 1117 747 1189; x_wconf 84' lang='lat' dir='ltr'>refrigerium</span> <span class='ocrx_word' id='word_1_87' title='bbox 773 1138 806 1175; x_wconf 84' lang='lat' dir='ltr'>a</span> <span class='ocrx_word' id='word_1_88' title='bbox 837 1121 1223 1176; x_wconf 80' lang='lat' dir='ltr'>tribulationis</span> <span class='ocrx_word' id='word_1_89' title='bbox 1239 1125 1402 1187; x_wconf 64' lang='lat' dir='ltr'>aestu,</span> <span class='ocrx_word' id='word_1_90' title='bbox 1427 1121 1570 1176; x_wconf 90' lang='lat' dir='ltr'>sicut</span> <span class='ocrx_word' id='word_1_91' title='bbox 1595 1121 1804 1175; x_wconf 87' lang='lat' dir='ltr'>umbra</span> <span class='ocrx_word' id='word_1_92' title='bbox 1827 1119 1989 1174; x_wconf 90' lang='lat' dir='ltr'>refri-</span> 
     </span>
    </p>
   </div>
   <div class='ocr_carea' id='block_1_13' title="bbox 382 1206 1988 1277">
    <p class='ocr_par' dir='ltr' id='par_1_13' title="bbox 382 1206 1988 1277">
     <span class='ocr_line' id='line_1_13' title="bbox 382 1206 1988 1277; baseline -0.001 -17"><span class='ocrx_word' id='word_1_93' title='bbox 382 1206 605 1276; x_wconf 91' lang='lat' dir='ltr'>gerium</span> <span class='ocrx_word' id='word_1_94' title='bbox 633 1211 717 1261; x_wconf 87' lang='lat' dir='ltr'>est</span> <span class='ocrx_word' id='word_1_95' title='bbox 752 1225 785 1262; x_wconf 91' lang='lat' dir='ltr'>a</span> <span class='ocrx_word' id='word_1_96' title='bbox 815 1210 1004 1263; x_wconf 89' lang='lat' dir='ltr'>calore</span> <span class='ocrx_word' id='word_1_97' title='bbox 1048 1210 1181 1263; x_wconf 90' lang='lat' dir='ltr'>solis</span> <span class='ocrx_word' id='word_1_98' title='bbox 1221 1209 1613 1263; x_wconf 60' lang='lat' dir='ltr'>mstuantibus.</span> <span class='ocrx_word' id='word_1_99' title='bbox 1648 1209 1780 1261; x_wconf 84' lang='lat' dir='ltr'>Alas</span> <span class='ocrx_word' id='word_1_100' title='bbox 1824 1206 1988 1277; x_wconf 90' lang='lat' dir='ltr'>ponit</span> 
     </span>
    </p>
   </div>
   <div class='ocr_carea' id='block_1_14' title="bbox 378 1294 1986 1366">
    <p class='ocr_par' dir='ltr' id='par_1_14' title="bbox 378 1294 1986 1366">
     <span class='ocr_line' id='line_1_14' title="bbox 378 1294 1986 1366; baseline 0 -19"><span class='ocrx_word' id='word_1_101' title='bbox 378 1309 485 1363; x_wconf 90' lang='lat' dir='ltr'>pro</span> <span class='ocrx_word' id='word_1_102' title='bbox 515 1294 894 1364; x_wconf 90' lang='lat' dir='ltr'>protectione,</span> <span class='ocrx_word' id='word_1_103' title='bbox 927 1312 994 1350; x_wconf 91' lang='lat' dir='ltr'>eo</span> <span class='ocrx_word' id='word_1_104' title='bbox 1033 1297 1188 1366; x_wconf 88' lang='lat' dir='ltr'>quod</span> <span class='ocrx_word' id='word_1_105' title='bbox 1218 1296 1320 1349; x_wconf 89' lang='lat' dir='ltr'>alis</span> <span class='ocrx_word' id='word_1_106' title='bbox 1350 1295 1603 1365; x_wconf 81' lang='lat' dir='ltr'>protegit</span> <span class='ocrx_word' id='word_1_107' title='bbox 1644 1294 1760 1348; x_wconf 85' lang='lat' dir='ltr'>avis</span> <span class='ocrx_word' id='word_1_108' title='bbox 1802 1294 1986 1364; x_wconf 90' lang='lat' dir='ltr'>pullos</span> 
     </span>
    </p>
   </div>
   <div class='ocr_carea' id='block_1_15' title="bbox 379 1381 1984 1454">
    <p class='ocr_par' dir='ltr' id='par_1_15' title="bbox 379 1381 1984 1454">
     <span class='ocr_line' id='line_1_15' title="bbox 379 1381 1984 1454; baseline 0.001 -21"><span class='ocrx_word' id='word_1_109' title='bbox 379 1396 510 1436; x_wconf 90' lang='lat' dir='ltr'>suos</span> <span class='ocrx_word' id='word_1_110' title='bbox 527 1398 560 1435; x_wconf 90' lang='lat' dir='ltr'>a</span> <span class='ocrx_word' id='word_1_111' title='bbox 582 1383 769 1452; x_wconf 86' lang='lat' dir='ltr'>pluvia</span> <span class='ocrx_word' id='word_1_112' title='bbox 786 1386 842 1437; x_wconf 88' lang='lat' dir='ltr'>et</span> <span class='ocrx_word' id='word_1_113' title='bbox 862 1387 1025 1449; x_wconf 79' lang='lat' dir='ltr'>aestu,</span> <span class='ocrx_word' id='word_1_114' title='bbox 1041 1386 1098 1437; x_wconf 90' lang='lat' dir='ltr'>et</span> <span class='ocrx_word' id='word_1_115' title='bbox 1110 1384 1406 1454; x_wconf 83' lang='lat' dir='ltr'>rapacium</span> <span class='ocrx_word' id='word_1_116' title='bbox 1426 1384 1724 1438; x_wconf 90' lang='lat' dir='ltr'>volucrum</span> <span class='ocrx_word' id='word_1_117' title='bbox 1745 1381 1984 1451; x_wconf 86' lang='lat' dir='ltr'>impetu.</span> 
     </span>
    </p>
   </div>
   <div class='ocr_carea' id='block_1_16' title="bbox 380 1468 1986 1542">
    <p class='ocr_par' dir='ltr' id='par_1_16' title="bbox 380 1468 1986 1542">
     <span class='ocr_line' id='line_1_16' title="bbox 380 1468 1986 1542; baseline 0.001 -20"><span class='ocrx_word' id='word_1_118' title='bbox 380 1468 708 1525; x_wconf 74' lang='lat' dir='ltr'>Notandum</span> <span class='ocrx_word' id='word_1_119' title='bbox 728 1488 863 1525; x_wconf 85' lang='lat' dir='ltr'>sane</span> <span class='ocrx_word' id='word_1_120' title='bbox 880 1472 1088 1526; x_wconf 85' lang='lat' dir='ltr'>certius</span> <span class='ocrx_word' id='word_1_121' title='bbox 1102 1488 1220 1526; x_wconf 89' lang='lat' dir='ltr'>esse</span> <span class='ocrx_word' id='word_1_122' title='bbox 1235 1472 1524 1526; x_wconf 85' lang='lat' dir='ltr'>conﬁdere</span> <span class='ocrx_word' id='word_1_123' title='bbox 1543 1488 1716 1542; x_wconf 88' lang='lat' dir='ltr'>quam</span> <span class='ocrx_word' id='word_1_124' title='bbox 1735 1486 1986 1541; x_wconf 90' lang='lat' dir='ltr'>sperare;</span> 
     </span>
    </p>
   </div>
   <div class='ocr_carea' id='block_1_17' title="bbox 379 1555 1987 1631">
    <p class='ocr_par' dir='ltr' id='par_1_17' title="bbox 379 1555 1987 1631">
     <span class='ocr_line' id='line_1_17' title="bbox 379 1555 1987 1631; baseline 0.002 -23"><span class='ocrx_word' id='word_1_125' title='bbox 379 1555 481 1609; x_wconf 90' lang='lat' dir='ltr'>sed</span> <span class='ocrx_word' id='word_1_126' title='bbox 533 1558 625 1611; x_wconf 91' lang='lat' dir='ltr'>hic</span> <span class='ocrx_word' id='word_1_127' title='bbox 678 1562 875 1613; x_wconf 89' lang='lat' dir='ltr'>tamen</span> <span class='ocrx_word' id='word_1_128' title='bbox 928 1576 1031 1630; x_wconf 93' lang='lat' dir='ltr'>pro</span> <span class='ocrx_word' id='word_1_129' title='bbox 1087 1560 1295 1614; x_wconf 90' lang='lat' dir='ltr'>eodem</span> <span class='ocrx_word' id='word_1_130' title='bbox 1343 1559 1640 1631; x_wconf 84' lang='lat' dir='ltr'>accipitur,</span> <span class='ocrx_word' id='word_1_131' title='bbox 1675 1559 1780 1612; x_wconf 89' lang='lat' dir='ltr'>nisi</span> <span class='ocrx_word' id='word_1_132' title='bbox 1832 1557 1987 1629; x_wconf 91' lang='lat' dir='ltr'>quod</span> 
     </span>
    </p>
   </div>
   <div class='ocr_carea' id='block_1_18' title="bbox 383 1647 1985 1717">
    <p class='ocr_par' dir='ltr' id='par_1_18' title="bbox 383 1647 1985 1717">
     <span class='ocr_line' id='line_1_18' title="bbox 383 1647 1985 1717; baseline 0.001 -20"><span class='ocrx_word' id='word_1_133' title='bbox 383 1660 563 1699; x_wconf 90' lang='lat' dir='ltr'>unum</span> <span class='ocrx_word' id='word_1_134' title='bbox 596 1663 847 1717; x_wconf 70' lang='lat' dir='ltr'>przesens</span> <span class='ocrx_word' id='word_1_135' title='bbox 880 1652 983 1714; x_wconf 90' lang='lat' dir='ltr'>est,</span> <span class='ocrx_word' id='word_1_136' title='bbox 1005 1647 1221 1702; x_wconf 89' lang='lat' dir='ltr'>scilicet</span> <span class='ocrx_word' id='word_1_137' title='bbox 1239 1648 1476 1717; x_wconf 83' lang='lat' dir='ltr'>conﬁdit,</span> <span class='ocrx_word' id='word_1_138' title='bbox 1512 1650 1759 1702; x_wconf 77' lang='lat' dir='ltr'>alterum</span> <span class='ocrx_word' id='word_1_139' title='bbox 1790 1649 1985 1701; x_wconf 90' lang='lat' dir='ltr'>autem</span> 
     </span>
    </p>
   </div>
   <div class='ocr_carea' id='block_1_19' title="bbox 377 1731 1987 1805">
    <p class='ocr_par' dir='ltr' id='par_1_19' title="bbox 377 1731 1987 1805">
     <span class='ocr_line' id='line_1_19' title="bbox 377 1731 1987 1805; baseline 0.002 -21"><span class='ocrx_word' id='word_1_140' title='bbox 377 1731 656 1800; x_wconf 86' lang='lat' dir='ltr'>futurum,</span> <span class='ocrx_word' id='word_1_141' title='bbox 690 1734 902 1789; x_wconf 88' lang='lat' dir='ltr'>scilicet</span> <span class='ocrx_word' id='word_1_142' title='bbox 925 1735 1161 1804; x_wconf 81' lang='lat' dir='ltr'>sperabo.</span> <span class='ocrx_word' id='word_1_143' title='bbox 1182 1734 1306 1789; x_wconf 83' lang='lat' dir='ltr'>Dixi</span> <span class='ocrx_word' id='word_1_144' title='bbox 1338 1735 1492 1805; x_wconf 90' lang='lat' dir='ltr'>quod</span> <span class='ocrx_word' id='word_1_145' title='bbox 1519 1735 1755 1805; x_wconf 81' lang='lat' dir='ltr'>sperabo,</span> <span class='ocrx_word' id='word_1_146' title='bbox 1783 1737 1839 1789; x_wconf 89' lang='lat' dir='ltr'>et</span> <span class='ocrx_word' id='word_1_147' title='bbox 1870 1750 1987 1788; x_wconf 92' lang='lat' dir='ltr'>non</span> 
     </span>
    </p>
   </div>
   <div class='ocr_carea' id='block_1_20' title="bbox 376 1820 1983 1889">
    <p class='ocr_par' dir='ltr' id='par_1_20' title="bbox 376 1820 1983 1889">
     <span class='ocr_line' id='line_1_20' title="bbox 376 1820 1983 1889; baseline 0.001 -16"><span class='ocrx_word' id='word_1_148' title='bbox 376 1820 565 1874; x_wconf 91' lang='lat' dir='ltr'>solum</span> <span class='ocrx_word' id='word_1_149' title='bbox 585 1821 714 1889; x_wconf 91' lang='lat' dir='ltr'>hoc,</span> <span class='ocrx_word' id='word_1_150' title='bbox 738 1823 836 1877; x_wconf 90' lang='lat' dir='ltr'>sed</span> <span class='ocrx_word' id='word_1_151' title='bbox 865 1822 1041 1876; x_wconf 90' lang='lat' dir='ltr'>etiam</span> <span class='ocrx_word' id='word_1_152' title='bbox 1059 1823 1315 1889; x_wconf 84' lang='lat' dir='ltr'>clamabo,</span> <span class='ocrx_word' id='word_1_153' title='bbox 1333 1827 1389 1877; x_wconf 92' lang='lat' dir='ltr'>et</span> <span class='ocrx_word' id='word_1_154' title='bbox 1411 1824 1736 1888; x_wconf 82' lang='lat' dir='ltr'>devotione,</span> <span class='ocrx_word' id='word_1_155' title='bbox 1751 1826 1809 1877; x_wconf 91' lang='lat' dir='ltr'>et</span> <span class='ocrx_word' id='word_1_156' title='bbox 1828 1838 1983 1889; x_wconf 89' lang='lat' dir='ltr'>voce,</span> 
     </span>
    </p>
   </div>
   <div class='ocr_carea' id='block_1_21' title="bbox 377 1909 1986 1980">
    <p class='ocr_par' dir='ltr' id='par_1_21' title="bbox 377 1909 1986 1980">
     <span class='ocr_line' id='line_1_21' title="bbox 377 1909 1986 1980; baseline 0.002 -19"><span class='ocrx_word' id='word_1_157' title='bbox 377 1911 437 1961; x_wconf 82' lang='lat' dir='ltr'>et</span> <span class='ocrx_word' id='word_1_158' title='bbox 463 1925 656 1980; x_wconf 87' lang='lat' dir='ltr'>opere,</span> <span class='ocrx_word' id='word_1_159' title='bbox 708 1909 779 1963; x_wconf 86' lang='lat' dir='ltr'>ad</span> <span class='ocrx_word' id='word_1_160' title='bbox 817 1910 993 1964; x_wconf 87' lang='lat' dir='ltr'>Deum</span> <span class='ocrx_word' id='word_1_161' title='bbox 1032 1911 1364 1965; x_wconf 73' lang='lat' dir='ltr'>altissimum.</span> <span class='ocrx_word' id='word_1_162' title='bbox 1404 1914 1483 1965; x_wconf 87' lang='lat' dir='ltr'>Ac</span> <span class='ocrx_word' id='word_1_163' title='bbox 1522 1911 1568 1965; x_wconf 88' lang='lat' dir='ltr'>si</span> <span class='ocrx_word' id='word_1_164' title='bbox 1611 1911 1762 1966; x_wconf 85' lang='lat' dir='ltr'>dicat</span> <span class='ocrx_word' id='word_1_165' title='bbox 1793 1929 1807 1966; x_wconf 71' lang='grc' dir='ltr'>ε</span> <span class='ocrx_word' id='word_1_166' title='bbox 1844 1911 1986 1966; x_wconf 88' lang='lat' dir='ltr'>Cum</span> 
     </span>
    </p>
   </div>
   <div class='ocr_carea' id='block_1_22' title="bbox 378 1996 1987 2070">
    <p class='ocr_par' dir='ltr' id='par_1_22' title="bbox 378 1996 1987 2070">
     <span class='ocr_line' id='line_1_22' title="bbox 378 1996 1987 2070; baseline 0.003 -21"><span class='ocrx_word' id='word_1_167' title='bbox 378 1996 684 2052; x_wconf 89' lang='lat' dir='ltr'>altissimus</span> <span class='ocrx_word' id='word_1_168' title='bbox 714 1998 804 2065; x_wconf 90' lang='lat' dir='ltr'>sit,</span> <span class='ocrx_word' id='word_1_169' title='bbox 839 2003 896 2053; x_wconf 88' lang='lat' dir='ltr'>et</span> <span class='ocrx_word' id='word_1_170' title='bbox 935 1999 1175 2054; x_wconf 84' lang='lat' dir='ltr'>altitudo</span> <span class='ocrx_word' id='word_1_171' title='bbox 1218 1999 1512 2070; x_wconf 84' lang='lat' dir='ltr'>dignitatis</span> <span class='ocrx_word' id='word_1_172' title='bbox 1556 2000 1678 2069; x_wconf 86' lang='lat' dir='ltr'>ejus</span> <span class='ocrx_word' id='word_1_173' title='bbox 1721 2002 1987 2070; x_wconf 85' lang='lat' dir='ltr'>expostu-</span> 
     </span>
    </p>
   </div>
   <div class='ocr_carea' id='block_1_23' title="bbox 378 2084 1983 2157">
    <p class='ocr_par' dir='ltr' id='par_1_23' title="bbox 378 2084 1983 2157">
     <span class='ocr_line' id='line_1_23' title="bbox 378 2084 1983 2157; baseline 0.002 -20"><span class='ocrx_word' id='word_1_174' title='bbox 378 2084 460 2138; x_wconf 89' lang='lat' dir='ltr'>let</span> <span class='ocrx_word' id='word_1_175' title='bbox 512 2088 573 2138; x_wconf 93' lang='lat' dir='ltr'>ut</span> <span class='ocrx_word' id='word_1_176' title='bbox 630 2085 853 2141; x_wconf 90' lang='lat' dir='ltr'>intense</span> <span class='ocrx_word' id='word_1_177' title='bbox 910 2088 1179 2154; x_wconf 83' lang='lat' dir='ltr'>clamem,</span> <span class='ocrx_word' id='word_1_178' title='bbox 1241 2088 1502 2152; x_wconf 86' lang='lat' dir='ltr'>clamabo,</span> <span class='ocrx_word' id='word_1_179' title='bbox 1573 2104 1681 2157; x_wconf 86' lang='lat' dir='ltr'>ego</span> <span class='ocrx_word' id='word_1_180' title='bbox 1740 2087 1983 2153; x_wconf 88' lang='lat' dir='ltr'>intensc,</span> 
     </span>
    </p>
   </div>
   <div class='ocr_carea' id='block_1_24' title="bbox 375 2170 1987 2247">
    <p class='ocr_par' dir='ltr' id='par_1_24' title="bbox 375 2170 1987 2247">
     <span class='ocr_line' id='line_1_24' title="bbox 375 2170 1987 2247; baseline 0.005 -25"><span class='ocrx_word' id='word_1_181' title='bbox 375 2170 575 2235; x_wconf 87' lang='lat' dir='ltr'>Deum,</span> <span class='ocrx_word' id='word_1_182' title='bbox 598 2174 857 2244; x_wconf 89' lang='lat' dir='ltr'>inquam,</span> <span class='ocrx_word' id='word_1_183' title='bbox 880 2178 973 2246; x_wconf 83' lang='lat' dir='ltr'>qui</span> <span class='ocrx_word' id='word_1_184' title='bbox 994 2176 1232 2244; x_wconf 81' lang='lat' dir='ltr'>beneﬁcii</span> <span class='ocrx_word' id='word_1_185' title='bbox 1259 2177 1413 2230; x_wconf 83' lang='lat' dir='ltr'>mihi.</span> <span class='ocrx_word' id='word_1_186' title='bbox 1446 2175 1818 2245; x_wconf 81' lang='lat' dir='ltr'>Bene/ecit,‘et</span> <span class='ocrx_word' id='word_1_187' title='bbox 1839 2192 1987 2247; x_wconf 72' lang='lat' dir='ltr'>pl‘tB-</span> 
     </span>
    </p>
   </div>
   <div class='ocr_carea' id='block_1_25' title="bbox 379 2258 1983 2335">
    <p class='ocr_par' dir='ltr' id='par_1_25' title="bbox 379 2258 1983 2335">
     <span class='ocr_line' id='line_1_25' title="bbox 379 2258 1983 2335; baseline 0.004 -24"><span class='ocrx_word' id='word_1_188' title='bbox 379 2258 548 2313; x_wconf 88' lang='lat' dir='ltr'>terite</span> <span class='ocrx_word' id='word_1_189' title='bbox 576 2259 1019 2333; x_wconf 89' lang='lat' dir='ltr'>intelligendum</span> <span class='ocrx_word' id='word_1_190' title='bbox 1047 2264 1154 2330; x_wconf 88' lang='lat' dir='ltr'>est,</span> <span class='ocrx_word' id='word_1_191' title='bbox 1182 2266 1240 2317; x_wconf 90' lang='lat' dir='ltr'>et</span> <span class='ocrx_word' id='word_1_192' title='bbox 1286 2262 1500 2329; x_wconf 86' lang='lat' dir='ltr'>future,</span> <span class='ocrx_word' id='word_1_193' title='bbox 1535 2263 1697 2335; x_wconf 90' lang='lat' dir='ltr'>quasi</span> <span class='ocrx_word' id='word_1_194' title='bbox 1726 2263 1941 2318; x_wconf 86' lang='lat' dir='ltr'>diceret</span> <span class='ocrx_word' id='word_1_195' title='bbox 1971 2280 1983 2317; x_wconf 90' lang='lat'><strong>:</strong></span> 
     </span>
    </p>
   </div>
   <div class='ocr_carea' id='block_1_26' title="bbox 378 2347 1989 2421">
    <p class='ocr_par' dir='ltr' id='par_1_26' title="bbox 378 2347 1989 2421">
     <span class='ocr_line' id='line_1_26' title="bbox 378 2347 1989 2421; baseline 0.002 -20"><span class='ocrx_word' id='word_1_196' title='bbox 378 2348 513 2402; x_wconf 89' lang='lat' dir='ltr'>Ideo</span> <span class='ocrx_word' id='word_1_197' title='bbox 544 2347 802 2417; x_wconf 86' lang='lat' dir='ltr'>clamabo,</span> <span class='ocrx_word' id='word_1_198' title='bbox 837 2351 972 2421; x_wconf 85' lang='lat' dir='ltr'>quia</span> <span class='ocrx_word' id='word_1_199' title='bbox 994 2351 1119 2420; x_wconf 88' lang='lat' dir='ltr'>jam</span> <span class='ocrx_word' id='word_1_200' title='bbox 1154 2350 1299 2404; x_wconf 88' lang='lat' dir='ltr'>mihi</span> <span class='ocrx_word' id='word_1_201' title='bbox 1330 2351 1610 2406; x_wconf 83' lang='lat' dir='ltr'>beneﬁcia</span> <span class='ocrx_word' id='word_1_202' title='bbox 1640 2352 1902 2418; x_wconf 89' lang='lat' dir='ltr'>contulit,</span> <span class='ocrx_word' id='word_1_203' title='bbox 1930 2352 1989 2405; x_wconf 87' lang='lat' dir='ltr'>et</span> 
     </span>
    </p>
   </div>
   <div class='ocr_carea' id='block_1_27' title="bbox 379 2435 1987 2511">
    <p class='ocr_par' dir='ltr' id='par_1_27' title="bbox 379 2435 1987 2511">
     <span class='ocr_line' id='line_1_27' title="bbox 379 2435 1987 2511; baseline 0.002 -20"><span class='ocrx_word' id='word_1_204' title='bbox 379 2435 566 2491; x_wconf 81' lang='lat' dir='ltr'>adhuc</span> <span class='ocrx_word' id='word_1_205' title='bbox 586 2438 698 2492; x_wconf 88' lang='lat' dir='ltr'>alia</span> <span class='ocrx_word' id='word_1_206' title='bbox 713 2439 987 2493; x_wconf 88' lang='lat' dir='ltr'>conferet.</span> <span class='ocrx_word' id='word_1_207' title='bbox 1004 2440 1247 2511; x_wconf 82' lang='lat' dir='ltr'>Exponit</span> <span class='ocrx_word' id='word_1_208' title='bbox 1264 2444 1455 2494; x_wconf 89' lang='lat' dir='ltr'>autem</span> <span class='ocrx_word' id='word_1_209' title='bbox 1473 2440 1630 2510; x_wconf 92' lang='lat' dir='ltr'>quod</span> <span class='ocrx_word' id='word_1_210' title='bbox 1643 2440 1987 2495; x_wconf 85' lang='lat' dir='ltr'>beneﬁcium</span> 
     </span>
    </p>
   </div>
   <div class='ocr_carea' id='block_1_28' title="bbox 380 2526 1983 2593">
    <p class='ocr_par' dir='ltr' id='par_1_28' title="bbox 380 2526 1983 2593">
     <span class='ocr_line' id='line_1_28' title="bbox 380 2526 1983 2593; baseline 0.002 -15"><span class='ocrx_word' id='word_1_211' title='bbox 380 2526 642 2587; x_wconf 84' lang='lat' dir='ltr'>contulit,</span> <span class='ocrx_word' id='word_1_212' title='bbox 693 2542 823 2580; x_wconf 92' lang='lat' dir='ltr'>cum</span> <span class='ocrx_word' id='word_1_213' title='bbox 876 2527 1053 2593; x_wconf 88' lang='lat' dir='ltr'>addit,</span> <span class='ocrx_word' id='word_1_214' title='bbox 1086 2529 1229 2581; x_wconf 85' lang='lat' dir='ltr'>misit</span> <span class='ocrx_word' id='word_1_215' title='bbox 1269 2528 1332 2582; x_wconf 84' lang='lat' dir='ltr'>de</span> <span class='ocrx_word' id='word_1_216' title='bbox 1376 2528 1517 2582; x_wconf 72' lang='lat' dir='ltr'>calo.</span> <span class='ocrx_word' id='word_1_217' title='bbox 1562 2530 1641 2582; x_wconf 89' lang='lat' dir='ltr'>Ac</span> <span class='ocrx_word' id='word_1_218' title='bbox 1683 2529 1727 2581; x_wconf 90' lang='lat' dir='ltr'>si</span> <span class='ocrx_word' id='word_1_219' title='bbox 1782 2528 1983 2582; x_wconf 87' lang='lat' dir='ltr'>dicat:</span> 
     </span>
    </p>
   </div>
   <div class='ocr_carea' id='block_1_29' title="bbox 379 2612 1983 2683">
    <p class='ocr_par' dir='ltr' id='par_1_29' title="bbox 379 2612 1983 2683">
     <span class='ocr_line' id='line_1_29' title="bbox 379 2612 1983 2683; baseline 0.001 -16"><span class='ocrx_word' id='word_1_220' title='bbox 379 2612 496 2667; x_wconf 85' lang='lat' dir='ltr'>Hoc</span> <span class='ocrx_word' id='word_1_221' title='bbox 540 2613 885 2669; x_wconf 83' lang='lat' dir='ltr'>beneficium</span> <span class='ocrx_word' id='word_1_222' title='bbox 934 2615 1076 2669; x_wconf 91' lang='lat' dir='ltr'>mihi</span> <span class='ocrx_word' id='word_1_223' title='bbox 1120 2616 1390 2670; x_wconf 64' lang='lat' dir='ltr'>humanas</span> <span class='ocrx_word' id='word_1_224' title='bbox 1448 2620 1669 2671; x_wconf 66' lang='lat' dir='ltr'>natura:</span> <span class='ocrx_word' id='word_1_225' title='bbox 1723 2616 1983 2683; x_wconf 87' lang='lat' dir='ltr'>contulit,</span> 
     </span>
    </p>
   </div>
   <div class='ocr_carea' id='block_1_30' title="bbox 378 2700 1988 2777">
    <p class='ocr_par' dir='ltr' id='par_1_30' title="bbox 378 2700 1988 2777">
     <span class='ocr_line' id='line_1_30' title="bbox 378 2700 1988 2777; baseline 0.002 -22"><span class='ocrx_word' id='word_1_226' title='bbox 378 2700 534 2773; x_wconf 90' lang='lat' dir='ltr'>quod</span> <span class='ocrx_word' id='word_1_227' title='bbox 556 2703 626 2757; x_wconf 92' lang='lat' dir='ltr'>de</span> <span class='ocrx_word' id='word_1_228' title='bbox 660 2705 800 2758; x_wconf 63' lang='lat' dir='ltr'>caelo</span> <span class='ocrx_word' id='word_1_229' title='bbox 829 2704 1442 2776; x_wconf 91' lang='lat' dir='ltr'>misitVerbum,quod</span> <span class='ocrx_word' id='word_1_230' title='bbox 1455 2704 1595 2758; x_wconf 90' lang='lat' dir='ltr'>mihi</span> <span class='ocrx_word' id='word_1_231' title='bbox 1608 2704 1988 2777; x_wconf 89' lang='lat' dir='ltr'>personaliter</span> 
     </span>
    </p>
   </div>
   <div class='ocr_carea' id='block_1_31' title="bbox 377 2788 1985 2863">
    <p class='ocr_par' dir='ltr' id='par_1_31' title="bbox 377 2788 1985 2863">
     <span class='ocr_line' id='line_1_31' title="bbox 377 2788 1985 2863; baseline 0.002 -20"><span class='ocrx_word' id='word_1_232' title='bbox 377 2788 658 2857; x_wconf 89' lang='lat' dir='ltr'>uniretur,</span> <span class='ocrx_word' id='word_1_233' title='bbox 688 2795 745 2846; x_wconf 90' lang='lat' dir='ltr'>et</span> <span class='ocrx_word' id='word_1_234' title='bbox 774 2792 1097 2847; x_wconf 91' lang='lat' dir='ltr'>immunem</span> <span class='ocrx_word' id='word_1_235' title='bbox 1131 2810 1224 2847; x_wconf 90' lang='lat' dir='ltr'>me</span> <span class='ocrx_word' id='word_1_236' title='bbox 1256 2793 1471 2847; x_wconf 87' lang='lat' dir='ltr'>faceret</span> <span class='ocrx_word' id='word_1_237' title='bbox 1503 2810 1537 2847; x_wconf 92' lang='lat' dir='ltr'>a</span> <span class='ocrx_word' id='word_1_238' title='bbox 1584 2796 1840 2863; x_wconf 90' lang='lat' dir='ltr'>peccato.</span> <span class='ocrx_word' id='word_1_239' title='bbox 1875 2793 1985 2847; x_wconf 84' lang='lat' dir='ltr'>No-</span> 
     </span>
    </p>
   </div>
   <div class='ocr_carea' id='block_1_32' title="bbox 378 2878 1985 2952">
    <p class='ocr_par' dir='ltr' id='par_1_32' title="bbox 378 2878 1985 2952">
     <span class='ocr_line' id='line_1_32' title="bbox 378 2878 1985 2952; baseline 0.003 -21"><span class='ocrx_word' id='word_1_240' title='bbox 378 2878 620 2932; x_wconf 85' lang='lat' dir='ltr'>tandum</span> <span class='ocrx_word' id='word_1_241' title='bbox 643 2883 859 2947; x_wconf 89' lang='lat' dir='ltr'>autem,</span> <span class='ocrx_word' id='word_1_242' title='bbox 893 2881 1048 2952; x_wconf 91' lang='lat' dir='ltr'>quod</span> <span class='ocrx_word' id='word_1_243' title='bbox 1076 2881 1321 2935; x_wconf 88' lang='lat' dir='ltr'>Verbum</span> <span class='ocrx_word' id='word_1_244' title='bbox 1346 2898 1462 2935; x_wconf 90' lang='lat' dir='ltr'>non</span> <span class='ocrx_word' id='word_1_245' title='bbox 1479 2885 1564 2936; x_wconf 89' lang='lat' dir='ltr'>est</span> <span class='ocrx_word' id='word_1_246' title='bbox 1589 2882 1657 2935; x_wconf 89' lang='lat' dir='ltr'>de</span> <span class='ocrx_word' id='word_1_247' title='bbox 1685 2882 1825 2937; x_wconf 64' lang='lat' dir='ltr'>caelo</span> <span class='ocrx_word' id='word_1_248' title='bbox 1850 2881 1985 2936; x_wconf 91' lang='lat' dir='ltr'>mis-</span> 
     </span>
    </p>
   </div>
   <div class='ocr_carea' id='block_1_33' title="bbox 376 2968 1984 3044">
    <p class='ocr_par' dir='ltr' id='par_1_33' title="bbox 376 2968 1984 3044">
     <span class='ocr_line' id='line_1_33' title="bbox 376 2968 1984 3044; baseline 0.003 -25"><span class='ocrx_word' id='word_1_249' title='bbox 376 2981 506 3020; x_wconf 86' lang='lat' dir='ltr'>sum</span> <span class='ocrx_word' id='word_1_250' title='bbox 527 2968 807 3044; x_wconf 78' lang='lat' dir='ltr'>localiter.</span> <span class='ocrx_word' id='word_1_251' title='bbox 838 2969 998 3023; x_wconf 84' lang='lat' dir='ltr'>Absit</span> <span class='ocrx_word' id='word_1_252' title='bbox 1017 2969 1197 3036; x_wconf 91' lang='lat' dir='ltr'>enim,</span> <span class='ocrx_word' id='word_1_253' title='bbox 1222 2971 1401 3024; x_wconf 90' lang='lat' dir='ltr'>Deum</span> <span class='ocrx_word' id='word_1_254' title='bbox 1430 2970 1670 3024; x_wconf 89' lang='lat' dir='ltr'>localem</span> <span class='ocrx_word' id='word_1_255' title='bbox 1697 2987 1818 3024; x_wconf 91' lang='lat' dir='ltr'>esse</span> <span class='ocrx_word' id='word_1_256' title='bbox 1847 2986 1984 3024; x_wconf 88' lang='lat' dir='ltr'>con-</span> 
     </span>
    </p>
   </div>
   <div class='ocr_carea' id='block_1_34' title="bbox 375 3051 1988 3127">
    <p class='ocr_par' dir='ltr' id='par_1_34' title="bbox 375 3051 1988 3127">
     <span class='ocr_line' id='line_1_34' title="bbox 375 3051 1988 3127; baseline 0.002 -19"><span class='ocrx_word' id='word_1_257' title='bbox 375 3051 562 3108; x_wconf 77' lang='lat' dir='ltr'>ﬁteri!</span> <span class='ocrx_word' id='word_1_258' title='bbox 599 3055 712 3110; x_wconf 89' lang='lat' dir='ltr'>Sed</span> <span class='ocrx_word' id='word_1_259' title='bbox 743 3057 900 3127; x_wconf 90' lang='lat' dir='ltr'>quod</span> <span class='ocrx_word' id='word_1_260' title='bbox 931 3057 1160 3125; x_wconf 90' lang='lat' dir='ltr'>dicitur,</span> <span class='ocrx_word' id='word_1_261' title='bbox 1189 3057 1253 3112; x_wconf 88' lang='lat' dir='ltr'>de</span> <span class='ocrx_word' id='word_1_262' title='bbox 1284 3058 1404 3111; x_wconf 70' lang='lat' dir='ltr'>coelo</span> <span class='ocrx_word' id='word_1_263' title='bbox 1441 3058 1590 3112; x_wconf 81' lang='lat' dir='ltr'>misit</span> <span class='ocrx_word' id='word_1_264' title='bbox 1634 3059 1786 3113; x_wconf 89' lang='lat' dir='ltr'>Deus</span> <span class='ocrx_word' id='word_1_265' title='bbox 1817 3059 1988 3112; x_wconf 89' lang='lat' dir='ltr'>Pater</span> 
     </span>
    </p>
   </div>
   <div class='ocr_carea' id='block_1_35' title="bbox 376 3140 1984 3216">
    <p class='ocr_par' dir='ltr' id='par_1_35' title="bbox 376 3140 1984 3216">
     <span class='ocr_line' id='line_1_35' title="bbox 376 3140 1984 3216; baseline 0.003 -22"><span class='ocrx_word' id='word_1_266' title='bbox 376 3140 651 3210; x_wconf 85' lang='lat' dir='ltr'>Verbum,</span> <span class='ocrx_word' id='word_1_267' title='bbox 685 3143 763 3198; x_wconf 90' lang='lat' dir='ltr'>sic</span> <span class='ocrx_word' id='word_1_268' title='bbox 796 3145 1117 3215; x_wconf 83' lang='lat' dir='ltr'>exponitur.</span> <span class='ocrx_word' id='word_1_269' title='bbox 1151 3145 1401 3200; x_wconf 87' lang='lat' dir='ltr'>Verbum</span> <span class='ocrx_word' id='word_1_270' title='bbox 1430 3147 1590 3216; x_wconf 89' lang='lat' dir='ltr'>cujus</span> <span class='ocrx_word' id='word_1_271' title='bbox 1620 3145 1984 3200; x_wconf 89' lang='lat' dir='ltr'>solummodo</span> 
     </span>
    </p>
   </div>
   <div class='ocr_carea' id='block_1_36' title="bbox 378 3229 1984 3299">
    <p class='ocr_par' dir='ltr' id='par_1_36' title="bbox 378 3229 1984 3299">
     <span class='ocr_line' id='line_1_36' title="bbox 378 3229 1984 3299; baseline 0.003 -17"><span class='ocrx_word' id='word_1_272' title='bbox 378 3229 647 3285; x_wconf 88' lang='lat' dir='ltr'>notitiam</span> <span class='ocrx_word' id='word_1_273' title='bbox 678 3232 973 3286; x_wconf 87' lang='lat' dir='ltr'>habebant</span> <span class='ocrx_word' id='word_1_274' title='bbox 1001 3233 1149 3287; x_wconf 83' lang='lat' dir='ltr'>cives</span> <span class='ocrx_word' id='word_1_275' title='bbox 1181 3233 1380 3299; x_wconf 89' lang='lat' dir='ltr'>coelici,</span> <span class='ocrx_word' id='word_1_276' title='bbox 1409 3233 1480 3287; x_wconf 91' lang='lat' dir='ltr'>de</span> <span class='ocrx_word' id='word_1_277' title='bbox 1509 3234 1674 3295; x_wconf 89' lang='lat' dir='ltr'>coelo,</span> <span class='ocrx_word' id='word_1_278' title='bbox 1701 3233 1758 3287; x_wconf 94' lang='lat' dir='ltr'>id</span> <span class='ocrx_word' id='word_1_279' title='bbox 1791 3236 1875 3287; x_wconf 91' lang='lat' dir='ltr'>est</span> <span class='ocrx_word' id='word_1_280' title='bbox 1914 3233 1984 3287; x_wconf 90' lang='lat' dir='ltr'>de</span> 
     </span>
    </p>
   </div>
   <div class='ocr_carea' id='block_1_37' title="bbox 378 3318 1986 3392">
    <p class='ocr_par' dir='ltr' id='par_1_37' title="bbox 378 3318 1986 3392">
     <span class='ocr_line' id='line_1_37' title="bbox 378 3318 1986 3392; baseline 0.002 -22"><span class='ocrx_word' id='word_1_281' title='bbox 378 3318 714 3387; x_wconf 85' lang='lat' dir='ltr'>cognitione</span> <span class='ocrx_word' id='word_1_282' title='bbox 746 3320 951 3374; x_wconf 86' lang='lat' dir='ltr'>civium</span> <span class='ocrx_word' id='word_1_283' title='bbox 981 3321 1319 3389; x_wconf 69' lang='lat' dir='ltr'>caelestium,</span> <span class='ocrx_word' id='word_1_284' title='bbox 1354 3321 1536 3388; x_wconf 87' lang='lat' dir='ltr'>misit,</span> <span class='ocrx_word' id='word_1_285' title='bbox 1569 3320 1889 3392; x_wconf 88' lang='lat' dir='ltr'>specialiter</span> <span class='ocrx_word' id='word_1_286' title='bbox 1913 3320 1986 3374; x_wconf 88' lang='lat' dir='ltr'>ad</span> 
     </span>
    </p>
   </div>
   <div class='ocr_carea' id='block_1_38' title="bbox 379 3406 1986 3481">
    <p class='ocr_par' dir='ltr' id='par_1_38' title="bbox 379 3406 1986 3481">
     <span class='ocr_line' id='line_1_38' title="bbox 379 3406 1986 3481; baseline 0.004 -23"><span class='ocrx_word' id='word_1_287' title='bbox 379 3406 773 3476; x_wconf 85' lang='lat' dir='ltr'>cognitionem</span> <span class='ocrx_word' id='word_1_288' title='bbox 810 3408 1135 3476; x_wconf 88' lang='lat' dir='ltr'>hominum,</span> <span class='ocrx_word' id='word_1_289' title='bbox 1164 3426 1294 3464; x_wconf 89' lang='lat' dir='ltr'>cum</span> <span class='ocrx_word' id='word_1_290' title='bbox 1327 3409 1462 3465; x_wconf 88' lang='lat' dir='ltr'>fecit</span> <span class='ocrx_word' id='word_1_291' title='bbox 1490 3409 1677 3481; x_wconf 91' lang='lat' dir='ltr'>ipsum</span> <span class='ocrx_word' id='word_1_292' title='bbox 1715 3409 1986 3464; x_wconf 63' lang='lat' dir='ltr'>humana:</span> 
     </span>
    </p>
   </div>
   <div class='ocr_carea' id='block_1_39' title="bbox 379 3495 1988 3568">
    <p class='ocr_par' dir='ltr' id='par_1_39' title="bbox 379 3495 1988 3568">
     <span class='ocr_line' id='line_1_39' title="bbox 379 3495 1988 3568; baseline 0.004 -22"><span class='ocrx_word' id='word_1_293' title='bbox 379 3495 600 3548; x_wconf 61' lang='lat' dir='ltr'>naturas</span> <span class='ocrx_word' id='word_1_294' title='bbox 633 3496 1012 3566; x_wconf 87' lang='lat' dir='ltr'>personaliter</span> <span class='ocrx_word' id='word_1_295' title='bbox 1042 3497 1387 3562; x_wconf 90' lang='lat' dir='ltr'>uniri.Quod</span> <span class='ocrx_word' id='word_1_296' title='bbox 1416 3500 1501 3551; x_wconf 91' lang='lat' dir='ltr'>est</span> <span class='ocrx_word' id='word_1_297' title='bbox 1531 3497 1719 3552; x_wconf 90' lang='lat' dir='ltr'>dicere</span> <span class='ocrx_word' id='word_1_298' title='bbox 1744 3514 1758 3552; x_wconf 89' lang='lat'>:</span> <span class='ocrx_word' id='word_1_299' title='bbox 1785 3496 1988 3568; x_wconf 89' lang='lat' dir='ltr'>Cogni-</span> 
     </span>
    </p>
   </div>
   <div class='ocr_carea' id='block_1_40' title="bbox 376 3580 1987 3657">
    <p class='ocr_par' dir='ltr' id='par_1_40' title="bbox 376 3580 1987 3657">
     <span class='ocr_line' id='line_1_40' title="bbox 376 3580 1987 3657; baseline 0.003 -22"><span class='ocrx_word' id='word_1_300' title='bbox 376 3580 600 3637; x_wconf 89' lang='lat' dir='ltr'>tionem</span> <span class='ocrx_word' id='word_1_301' title='bbox 631 3583 752 3655; x_wconf 87' lang='lat' dir='ltr'>ejus</span> <span class='ocrx_word' id='word_1_302' title='bbox 782 3601 956 3657; x_wconf 85' lang='lat' dir='ltr'>quam</span> <span class='ocrx_word' id='word_1_303' title='bbox 990 3586 1285 3641; x_wconf 86' lang='lat' dir='ltr'>habebant</span> <span class='ocrx_word' id='word_1_304' title='bbox 1314 3587 1459 3641; x_wconf 88' lang='lat' dir='ltr'>cives</span> <span class='ocrx_word' id='word_1_305' title='bbox 1490 3586 1690 3653; x_wconf 88' lang='lat' dir='ltr'>coelici,</span> <span class='ocrx_word' id='word_1_306' title='bbox 1728 3586 1799 3641; x_wconf 90' lang='lat' dir='ltr'>ab</span> <span class='ocrx_word' id='word_1_307' title='bbox 1853 3584 1987 3657; x_wconf 87' lang='lat' dir='ltr'>ipsis</span> 
     </span>
    </p>
   </div>
   <div class='ocr_carea' id='block_1_41' title="bbox 379 3670 1984 3747">
    <p class='ocr_par' dir='ltr' id='par_1_41' title="bbox 379 3670 1984 3747">
     <span class='ocr_line' id='line_1_41' title="bbox 379 3670 1984 3747; baseline 0.002 -24"><span class='ocrx_word' id='word_1_308' title='bbox 379 3684 559 3743; x_wconf 87' lang='lat' dir='ltr'>usque</span> <span class='ocrx_word' id='word_1_309' title='bbox 585 3672 659 3727; x_wconf 90' lang='lat' dir='ltr'>ad</span> <span class='ocrx_word' id='word_1_310' title='bbox 684 3673 949 3729; x_wconf 86' lang='lat' dir='ltr'>homines</span> <span class='ocrx_word' id='word_1_311' title='bbox 975 3675 1234 3730; x_wconf 84' lang='lat' dir='ltr'>dilatavit</span> <span class='ocrx_word' id='word_1_312' title='bbox 1257 3692 1361 3747; x_wconf 90' lang='lat' dir='ltr'>per</span> <span class='ocrx_word' id='word_1_313' title='bbox 1380 3676 1698 3729; x_wconf 86' lang='lat' dir='ltr'>humanam</span> <span class='ocrx_word' id='word_1_314' title='bbox 1717 3670 1984 3729; x_wconf 88' lang='lat' dir='ltr'>naturam</span> 
     </span>
    </p>
   </div>
   <div class='ocr_carea' id='block_1_42' title="bbox 377 3758 1983 3836">
    <p class='ocr_par' dir='ltr' id='par_1_42' title="bbox 377 3758 1983 3836">
     <span class='ocr_line' id='line_1_42' title="bbox 377 3758 1983 3836; baseline 0.002 -22"><span class='ocrx_word' id='word_1_315' title='bbox 377 3758 468 3814; x_wconf 89' lang='lat' dir='ltr'>cui</span> <span class='ocrx_word' id='word_1_316' title='bbox 498 3760 723 3815; x_wconf 89' lang='lat' dir='ltr'>unitum</span> <span class='ocrx_word' id='word_1_317' title='bbox 756 3765 859 3819; x_wconf 89' lang='lat' dir='ltr'>est.</span> <span class='ocrx_word' id='word_1_318' title='bbox 902 3762 1150 3836; x_wconf 86' lang='lat' dir='ltr'>Exponit</span> <span class='ocrx_word' id='word_1_319' title='bbox 1178 3764 1355 3819; x_wconf 87' lang='lat' dir='ltr'>etiam</span> <span class='ocrx_word' id='word_1_320' title='bbox 1398 3764 1679 3819; x_wconf 83' lang='lat' dir='ltr'>beneﬁcia</span> <span class='ocrx_word' id='word_1_321' title='bbox 1721 3779 1848 3835; x_wconf 80' lang='lat' dir='ltr'>quae</span> <span class='ocrx_word' id='word_1_322' title='bbox 1877 3762 1983 3817; x_wconf 87' lang='lat' dir='ltr'>hu-</span> 
     </span>
    </p>
   </div>
   <div class='ocr_carea' id='block_1_43' title="bbox 377 3850 1984 3922">
    <p class='ocr_par' dir='ltr' id='par_1_43' title="bbox 377 3850 1984 3922">
     <span class='ocr_line' id='line_1_43' title="bbox 377 3850 1984 3922; baseline 0 -20"><span class='ocrx_word' id='word_1_323' title='bbox 377 3862 568 3903; x_wconf 69' lang='lat' dir='ltr'>manae</span> <span class='ocrx_word' id='word_1_324' title='bbox 595 3852 814 3906; x_wconf 59' lang='lat' dir='ltr'>natura;</span> <span class='ocrx_word' id='word_1_325' title='bbox 834 3852 1112 3920; x_wconf 82' lang='lat' dir='ltr'>conferet,</span> <span class='ocrx_word' id='word_1_326' title='bbox 1133 3869 1264 3907; x_wconf 91' lang='lat' dir='ltr'>cum</span> <span class='ocrx_word' id='word_1_327' title='bbox 1286 3852 1449 3906; x_wconf 89' lang='lat' dir='ltr'>addit</span> <span class='ocrx_word' id='word_1_328' title='bbox 1469 3869 1482 3906; x_wconf 90' lang='lat'>:</span> <span class='ocrx_word' id='word_1_329' title='bbox 1499 3850 1633 3906; x_wconf 91' lang='lat' dir='ltr'>Dico</span> <span class='ocrx_word' id='word_1_330' title='bbox 1660 3851 1815 3922; x_wconf 90' lang='lat' dir='ltr'>quod</span> <span class='ocrx_word' id='word_1_331' title='bbox 1840 3851 1984 3903; x_wconf 89' lang='lat' dir='ltr'>misit</span> 
     </span>
    </p>
   </div>
   <div class='ocr_carea' id='block_1_44' title="bbox 375 3935 1981 4011">
    <p class='ocr_par' dir='ltr' id='par_1_44' title="bbox 375 3935 1981 4011">
     <span class='ocr_line' id='line_1_44' title="bbox 375 3935 1981 4011; baseline 0.002 -22"><span class='ocrx_word' id='word_1_332' title='bbox 375 3935 441 3989; x_wconf 87' lang='lat' dir='ltr'>de</span> <span class='ocrx_word' id='word_1_333' title='bbox 460 3937 580 3991; x_wconf 71' lang='lat' dir='ltr'>caelo</span> <span class='ocrx_word' id='word_1_334' title='bbox 602 3938 875 4005; x_wconf 88' lang='lat' dir='ltr'>Verbum,</span> <span class='ocrx_word' id='word_1_335' title='bbox 909 3940 1010 3995; x_wconf 90' lang='lat' dir='ltr'>sed</span> <span class='ocrx_word' id='word_1_336' title='bbox 1041 3947 1090 3993; x_wconf 91' lang='lat' dir='ltr'>et</span> <span class='ocrx_word' id='word_1_337' title='bbox 1120 3957 1224 4011; x_wconf 88' lang='lat' dir='ltr'>per</span> <span class='ocrx_word' id='word_1_338' title='bbox 1254 3940 1441 4011; x_wconf 91' lang='lat' dir='ltr'>ipsum</span> <span class='ocrx_word' id='word_1_339' title='bbox 1494 3940 1747 3993; x_wconf 88' lang='lat' dir='ltr'>Verbum</span> <span class='ocrx_word' id='word_1_340' title='bbox 1792 3938 1981 3992; x_wconf 89' lang='lat' dir='ltr'>libera-</span> 
     </span>
    </p>
   </div>
   <div class='ocr_carea' id='block_1_45' title="bbox 377 4011 1982 4097">
    <p class='ocr_par' dir='ltr' id='par_1_45' title="bbox 377 4011 1982 4097">
     <span class='ocr_line' id='line_1_45' title="bbox 377 4011 1982 4097; baseline 0.002 -21"><span class='ocrx_word' id='word_1_341' title='bbox 377 4027 476 4090; x_wconf 82' lang='lat' dir='ltr'>vit,</span> <span class='ocrx_word' id='word_1_342' title='bbox 508 4025 569 4078; x_wconf 92' lang='lat' dir='ltr'>id</span> <span class='ocrx_word' id='word_1_343' title='bbox 595 4029 680 4080; x_wconf 90' lang='lat' dir='ltr'>cst</span> <span class='ocrx_word' id='word_1_344' title='bbox 708 4027 976 4082; x_wconf 88' lang='lat' dir='ltr'>liberabit</span> <span class='ocrx_word' id='word_1_345' title='bbox 1006 4046 1106 4094; x_wconf 88' lang='lat' dir='ltr'>me,</span> <span class='ocrx_word' id='word_1_346' title='bbox 1150 4030 1469 4082; x_wconf 88' lang='lat' dir='ltr'>humanam</span> <span class='ocrx_word' id='word_1_347' title='bbox 1714 4030 1982 4081; x_wconf 85' lang='lat' dir='ltr'>naturam</span> 
     </span>
    </p>
   </div>
   <div class='ocr_carea' id='block_1_46' title="bbox 376 4110 1983 4186">
    <p class='ocr_par' dir='ltr' id='par_1_46' title="bbox 376 4110 1983 4186">
     <span class='ocr_line' id='line_1_46' title="bbox 376 4110 1983 4186; baseline 0.001 -20"><span class='ocrx_word' id='word_1_348' title='bbox 376 4110 752 4168; x_wconf 88' lang='lat' dir='ltr'>innocentem</span> <span class='ocrx_word' id='word_1_349' title='bbox 782 4118 841 4168; x_wconf 89' lang='lat' dir='ltr'>et</span> <span class='ocrx_word' id='word_1_350' title='bbox 870 4119 1127 4169; x_wconf 89' lang='lat' dir='ltr'>sanctam</span> <span class='ocrx_word' id='word_1_351' title='bbox 1165 4132 1198 4169; x_wconf 89' lang='lat' dir='ltr'>a</span> <span class='ocrx_word' id='word_1_352' title='bbox 1226 4118 1511 4186; x_wconf 88' lang='lat' dir='ltr'>potestate</span> <span class='ocrx_word' id='word_1_353' title='bbox 1542 4115 1895 4179; x_wconf 70' lang='lat' dir='ltr'>Iudaeorum,</span> <span class='ocrx_word' id='word_1_354' title='bbox 1925 4116 1983 4168; x_wconf 90' lang='lat' dir='ltr'>et</span> 
     </span>
    </p>
   </div>
   <div class='ocr_carea' id='block_1_47' title="bbox 377 4192 1982 4274">
    <p class='ocr_par' dir='ltr' id='par_1_47' title="bbox 377 4192 1982 4274">
     <span class='ocr_line' id='line_1_47' title="bbox 377 4192 1982 4274; baseline 0.003 -21"><span class='ocrx_word' id='word_1_355' title='bbox 377 4198 541 4266; x_wconf 82' lang='lat' dir='ltr'>dedit,</span> <span class='ocrx_word' id='word_1_356' title='bbox 574 4200 632 4254; x_wconf 91' lang='lat' dir='ltr'>id</span> <span class='ocrx_word' id='word_1_357' title='bbox 665 4204 751 4255; x_wconf 89' lang='lat' dir='ltr'>est</span> <span class='ocrx_word' id='word_1_358' title='bbox 776 4201 936 4256; x_wconf 90' lang='lat' dir='ltr'>dabit</span> <span class='ocrx_word' id='word_1_359' title='bbox 965 4206 1020 4257; x_wconf 88' lang='lat' dir='ltr'>in</span> <span class='ocrx_word' id='word_1_360' title='bbox 1057 4204 1414 4274; x_wconf 82' lang='lat' dir='ltr'>opprobrium,</span> <span class='ocrx_word' id='word_1_361' title='bbox 1458 4192 1843 4274; x_wconf 84' lang='lat' dir='ltr'>dispergendo</span> <span class='ocrx_word' id='word_1_362' title='bbox 1884 4219 1982 4258; x_wconf 91' lang='lat' dir='ltr'>eos</span> 
     </span>
    </p>
   </div>
   <div class='ocr_carea' id='block_1_48' title="bbox 2014 3021 2061 3081">
    <p class='ocr_par' dir='ltr' id='par_1_48' title="bbox 2014 3021 2061 3081">
     <span class='ocr_line' id='line_1_48' title="bbox 2014 3021 2061 3081; baseline 0 0"><span class='ocrx_word' id='word_1_363' title='bbox 2014 3021 2061 3081; x_wconf 92' lang='lat' dir='ltr'>C</span> 
     </span>
    </p>
   </div>
   <div class='ocr_carea' id='block_1_49' title="bbox 2087 496 3695 572">
    <p class='ocr_par' dir='ltr' id='par_1_49' title="bbox 2087 496 3695 572">
     <span class='ocr_line' id='line_1_49' title="bbox 2087 496 3695 572; baseline -0.004 -16"><span class='ocrx_word' id='word_1_364' title='bbox 2087 502 2376 569; x_wconf 88' lang='lat' dir='ltr'>rabit,sic:</span> <span class='ocrx_word' id='word_1_365' title='bbox 2408 502 2543 557; x_wconf 91' lang='lat' dir='ltr'>Dico</span> <span class='ocrx_word' id='word_1_366' title='bbox 2574 500 2730 572; x_wconf 89' lang='lat' dir='ltr'>quod</span> <span class='ocrx_word' id='word_1_367' title='bbox 2758 515 2840 554; x_wconf 87' lang='lat' dir='ltr'>me</span> <span class='ocrx_word' id='word_1_368' title='bbox 2882 498 3150 553; x_wconf 89' lang='lat' dir='ltr'>liberabit</span> <span class='ocrx_word' id='word_1_369' title='bbox 3187 496 3249 551; x_wconf 89' lang='lat' dir='ltr'>de</span> <span class='ocrx_word' id='word_1_370' title='bbox 3281 497 3449 551; x_wconf 87' lang='lat' dir='ltr'>medio</span> <span class='ocrx_word' id='word_1_371' title='bbox 3486 496 3695 552; x_wconf 85' lang='lat' dir='ltr'>catulo-</span> 
     </span>
    </p>
   </div>
   <div class='ocr_carea' id='block_1_50' title="bbox 2088 585 3697 659">
    <p class='ocr_par' dir='ltr' id='par_1_50' title="bbox 2088 585 3697 659">
     <span class='ocr_line' id='line_1_50' title="bbox 2088 585 3697 659; baseline -0.002 -16"><span class='ocrx_word' id='word_1_372' title='bbox 2088 609 2229 658; x_wconf 86' lang='lat' dir='ltr'>rum,</span> <span class='ocrx_word' id='word_1_373' title='bbox 2259 594 2317 645; x_wconf 90' lang='lat' dir='ltr'>et</span> <span class='ocrx_word' id='word_1_374' title='bbox 2340 607 2569 645; x_wconf 87' lang='lat' dir='ltr'>necesse</span> <span class='ocrx_word' id='word_1_375' title='bbox 2601 589 2726 643; x_wconf 88' lang='lat' dir='ltr'>erit.</span> <span class='ocrx_word' id='word_1_376' title='bbox 2755 589 2899 643; x_wconf 87' lang='lat' dir='ltr'>Nam</span> <span class='ocrx_word' id='word_1_377' title='bbox 2943 604 3049 659; x_wconf 86' lang='lat' dir='ltr'>ego</span> <span class='ocrx_word' id='word_1_378' title='bbox 3099 586 3438 641; x_wconf 75' lang='lat' dir='ltr'>conturbatus</span> <span class='ocrx_word' id='word_1_379' title='bbox 3483 585 3697 640; x_wconf 86' lang='lat' dir='ltr'>timore</span> 
     </span>
    </p>
   </div>
   <div class='ocr_carea' id='block_1_51' title="bbox 2088 675 3701 751">
    <p class='ocr_par' dir='ltr' id='par_1_51' title="bbox 2088 675 3701 751">
     <span class='ocr_line' id='line_1_51' title="bbox 2088 675 3701 751; baseline -0.004 -17"><span class='ocrx_word' id='word_1_380' title='bbox 2088 683 2429 751; x_wconf 88' lang='lat' dir='ltr'>spontaneo,</span> <span class='ocrx_word' id='word_1_381' title='bbox 2461 679 2708 745; x_wconf 82' lang='lat' dir='ltr'>dormivi,</span> <span class='ocrx_word' id='word_1_382' title='bbox 2744 677 2803 732; x_wconf 92' lang='lat' dir='ltr'>id</span> <span class='ocrx_word' id='word_1_383' title='bbox 2843 680 2928 732; x_wconf 88' lang='lat' dir='ltr'>est</span> <span class='ocrx_word' id='word_1_384' title='bbox 2953 675 3242 731; x_wconf 89' lang='lat' dir='ltr'>dormiam</span> <span class='ocrx_word' id='word_1_385' title='bbox 3282 675 3342 729; x_wconf 90' lang='lat' dir='ltr'>in</span> <span class='ocrx_word' id='word_1_386' title='bbox 3372 676 3560 729; x_wconf 86' lang='lat' dir='ltr'>morte</span> <span class='ocrx_word' id='word_1_387' title='bbox 3590 689 3701 745; x_wconf 90' lang='lat' dir='ltr'>per</span> 
     </span>
    </p>
   </div>
   <div class='ocr_carea' id='block_1_52' title="bbox 2088 762 3696 840">
    <p class='ocr_par' dir='ltr' id='par_1_52' title="bbox 2088 762 3696 840">
     <span class='ocr_line' id='line_1_52' title="bbox 2088 762 3696 840; baseline -0.002 -20"><span class='ocrx_word' id='word_1_388' title='bbox 2088 767 2240 840; x_wconf 90' lang='lat' dir='ltr'>ipsos</span> <span class='ocrx_word' id='word_1_389' title='bbox 2269 768 2507 823; x_wconf 90' lang='lat' dir='ltr'>catulos.</span> <span class='ocrx_word' id='word_1_390' title='bbox 2541 766 2683 822; x_wconf 89' lang='lat' dir='ltr'>Cum</span> <span class='ocrx_word' id='word_1_391' title='bbox 2714 765 2876 838; x_wconf 88' lang='lat' dir='ltr'>ponit</span> <span class='ocrx_word' id='word_1_392' title='bbox 2903 765 3187 831; x_wconf 86' lang='lat' dir='ltr'>dormiam,</span> <span class='ocrx_word' id='word_1_393' title='bbox 3221 762 3410 817; x_wconf 90' lang='lat' dir='ltr'>innuit</span> <span class='ocrx_word' id='word_1_394' title='bbox 3455 763 3696 817; x_wconf 88' lang='lat' dir='ltr'>brevem</span> 
     </span>
    </p>
   </div>
   <div class='ocr_carea' id='block_1_53' title="bbox 2087 850 3694 921">
    <p class='ocr_par' dir='ltr' id='par_1_53' title="bbox 2087 850 3694 921">
     <span class='ocr_line' id='line_1_53' title="bbox 2087 850 3694 921; baseline -0.005 -10"><span class='ocrx_word' id='word_1_395' title='bbox 2087 856 2340 911; x_wconf 86' lang='lat' dir='ltr'>futuram</span> <span class='ocrx_word' id='word_1_396' title='bbox 2392 872 2511 911; x_wconf 91' lang='lat' dir='ltr'>esse</span> <span class='ocrx_word' id='word_1_397' title='bbox 2563 857 2838 921; x_wconf 90' lang='lat' dir='ltr'>mortem,</span> <span class='ocrx_word' id='word_1_398' title='bbox 2899 853 2974 908; x_wconf 87' lang='lat' dir='ltr'>ad</span> <span class='ocrx_word' id='word_1_399' title='bbox 3017 853 3260 908; x_wconf 91' lang='lat' dir='ltr'>modum</span> <span class='ocrx_word' id='word_1_400' title='bbox 3306 850 3694 906; x_wconf 88' lang='lat' dir='ltr'>dormitionis.</span> 
     </span>
    </p>
   </div>
   <div class='ocr_carea' id='block_1_54' title="bbox 2086 937 3700 1015">
    <p class='ocr_par' dir='ltr' id='par_1_54' title="bbox 2086 937 3700 1015">
     <span class='ocr_line' id='line_1_54' title="bbox 2086 937 3700 1015; baseline -0.003 -18"><span class='ocrx_word' id='word_1_401' title='bbox 2086 944 2335 999; x_wconf 88' lang='lat' dir='ltr'>Verbum</span> <span class='ocrx_word' id='word_1_402' title='bbox 2356 943 2589 1015; x_wconf 89' lang='lat' dir='ltr'>quidem</span> <span class='ocrx_word' id='word_1_403' title='bbox 2613 959 2718 1014; x_wconf 90' lang='lat' dir='ltr'>per</span> <span class='ocrx_word' id='word_1_404' title='bbox 2729 941 3049 1015; x_wconf 88' lang='lat' dir='ltr'>emphasim</span> <span class='ocrx_word' id='word_1_405' title='bbox 3079 939 3471 996; x_wconf 80' lang='lat' dir='ltr'>misericordia</span> <span class='ocrx_word' id='word_1_406' title='bbox 3482 941 3540 994; x_wconf 91' lang='lat' dir='ltr'>et</span> <span class='ocrx_word' id='word_1_407' title='bbox 3554 937 3700 993; x_wconf 85' lang='lat' dir='ltr'>veri-</span> 
     </span>
    </p>
   </div>
   <div class='ocr_carea' id='block_1_55' title="bbox 2087 1028 3697 1104">
    <p class='ocr_par' dir='ltr' id='par_1_55' title="bbox 2087 1028 3697 1104">
     <span class='ocr_line' id='line_1_55' title="bbox 2087 1028 3697 1104; baseline -0.004 -18"><span class='ocrx_word' id='word_1_408' title='bbox 2087 1035 2173 1086; x_wconf 89' lang='lat' dir='ltr'>tas</span> <span class='ocrx_word' id='word_1_409' title='bbox 2199 1031 2423 1099; x_wconf 90' lang='lat' dir='ltr'>dicitur,</span> <span class='ocrx_word' id='word_1_410' title='bbox 2453 1047 2520 1086; x_wconf 92' lang='lat' dir='ltr'>eo</span> <span class='ocrx_word' id='word_1_411' title='bbox 2543 1030 2696 1102; x_wconf 91' lang='lat' dir='ltr'>quod</span> <span class='ocrx_word' id='word_1_412' title='bbox 2718 1047 2822 1104; x_wconf 90' lang='lat' dir='ltr'>per</span> <span class='ocrx_word' id='word_1_413' title='bbox 2850 1029 3037 1100; x_wconf 91' lang='lat' dir='ltr'>ipsum</span> <span class='ocrx_word' id='word_1_414' title='bbox 3066 1030 3212 1083; x_wconf 89' lang='lat' dir='ltr'>Deus</span> <span class='ocrx_word' id='word_1_415' title='bbox 3230 1028 3488 1081; x_wconf 89' lang='lat' dir='ltr'>humano</span> <span class='ocrx_word' id='word_1_416' title='bbox 3515 1042 3697 1097; x_wconf 88' lang='lat' dir='ltr'>gene-</span> 
     </span>
    </p>
   </div>
   <div class='ocr_carea' id='block_1_56' title="bbox 2087 1113 3697 1188">
    <p class='ocr_par' dir='ltr' id='par_1_56' title="bbox 2087 1113 3697 1188">
     <span class='ocr_line' id='line_1_56' title="bbox 2087 1113 3697 1188; baseline -0.005 -14"><span class='ocrx_word' id='word_1_417' title='bbox 2087 1120 2138 1174; x_wconf 91' lang='lat' dir='ltr'>ri</span> <span class='ocrx_word' id='word_1_418' title='bbox 2165 1119 2430 1174; x_wconf 89' lang='lat' dir='ltr'>misertus</span> <span class='ocrx_word' id='word_1_419' title='bbox 2459 1123 2563 1187; x_wconf 90' lang='lat' dir='ltr'>est,</span> <span class='ocrx_word' id='word_1_420' title='bbox 2593 1122 2652 1174; x_wconf 88' lang='lat' dir='ltr'>et</span> <span class='ocrx_word' id='word_1_421' title='bbox 2676 1118 2734 1172; x_wconf 92' lang='lat' dir='ltr'>in</span> <span class='ocrx_word' id='word_1_422' title='bbox 2766 1134 2834 1173; x_wconf 88' lang='lat' dir='ltr'>eo</span> <span class='ocrx_word' id='word_1_423' title='bbox 2887 1117 3240 1188; x_wconf 90' lang='lat' dir='ltr'>completum</span> <span class='ocrx_word' id='word_1_424' title='bbox 3286 1118 3371 1169; x_wconf 91' lang='lat' dir='ltr'>est</span> <span class='ocrx_word' id='word_1_425' title='bbox 3414 1113 3697 1186; x_wconf 83' lang='lat' dir='ltr'>quidquid</span> 
     </span>
    </p>
   </div>
   <div class='ocr_carea' id='block_1_57' title="bbox 2088 1200 3697 1278">
    <p class='ocr_par' dir='ltr' id='par_1_57' title="bbox 2088 1200 3697 1278">
     <span class='ocr_line' id='line_1_57' title="bbox 2088 1200 3697 1278; baseline -0.005 -16"><span class='ocrx_word' id='word_1_426' title='bbox 2088 1209 2235 1262; x_wconf 88' lang='lat' dir='ltr'>Deus</span> <span class='ocrx_word' id='word_1_427' title='bbox 2252 1224 2355 1278; x_wconf 90' lang='lat' dir='ltr'>per</span> <span class='ocrx_word' id='word_1_428' title='bbox 2381 1208 2691 1278; x_wconf 87' lang='lat' dir='ltr'>prophetas</span> <span class='ocrx_word' id='word_1_429' title='bbox 2717 1205 3081 1278; x_wconf 84' lang='lat' dir='ltr'>promiserat.</span> <span class='ocrx_word' id='word_1_430' title='bbox 3107 1203 3351 1276; x_wconf 81' lang='lat' dir='ltr'>Exponit</span> <span class='ocrx_word' id='word_1_431' title='bbox 3375 1206 3569 1256; x_wconf 91' lang='lat' dir='ltr'>autem</span> <span class='ocrx_word' id='word_1_432' title='bbox 3596 1200 3697 1272; x_wconf 90' lang='lat' dir='ltr'>qui</span> 
     </span>
    </p>
   </div>
   <div class='ocr_carea' id='block_1_58' title="bbox 2088 1289 3693 1366">
    <p class='ocr_par' dir='ltr' id='par_1_58' title="bbox 2088 1289 3693 1366">
     <span class='ocr_line' id='line_1_58' title="bbox 2088 1289 3693 1366; baseline -0.004 -16"><span class='ocrx_word' id='word_1_433' title='bbox 2088 1296 2201 1350; x_wconf 90' lang='lat' dir='ltr'>sint</span> <span class='ocrx_word' id='word_1_434' title='bbox 2231 1296 2307 1350; x_wconf 91' lang='lat' dir='ltr'>illi</span> <span class='ocrx_word' id='word_1_435' title='bbox 2336 1296 2529 1362; x_wconf 89' lang='lat' dir='ltr'>catuli,</span> <span class='ocrx_word' id='word_1_436' title='bbox 2550 1295 2647 1366; x_wconf 86' lang='lat' dir='ltr'>qui</span> <span class='ocrx_word' id='word_1_437' title='bbox 2679 1294 2866 1366; x_wconf 91' lang='lat' dir='ltr'>ipsum</span> <span class='ocrx_word' id='word_1_438' title='bbox 2886 1293 2946 1347; x_wconf 91' lang='lat' dir='ltr'>in</span> <span class='ocrx_word' id='word_1_439' title='bbox 2969 1296 3158 1348; x_wconf 90' lang='lat' dir='ltr'>morte</span> <span class='ocrx_word' id='word_1_440' title='bbox 3189 1290 3444 1346; x_wconf 88' lang='lat' dir='ltr'>dormire</span> <span class='ocrx_word' id='word_1_441' title='bbox 3457 1289 3693 1355; x_wconf 80' lang='lat' dir='ltr'>facient,</span> 
     </span>
    </p>
   </div>
   <div class='ocr_carea' id='block_1_59' title="bbox 2088 1380 3695 1454">
    <p class='ocr_par' dir='ltr' id='par_1_59' title="bbox 2088 1380 3695 1454">
     <span class='ocr_line' id='line_1_59' title="bbox 2088 1380 3695 1454; baseline -0.003 -18"><span class='ocrx_word' id='word_1_442' title='bbox 2088 1386 2145 1436; x_wconf 90' lang='lat' dir='ltr'>et</span> <span class='ocrx_word' id='word_1_443' title='bbox 2166 1383 2372 1454; x_wconf 89' lang='lat' dir='ltr'>quibus</span> <span class='ocrx_word' id='word_1_444' title='bbox 2391 1382 2566 1437; x_wconf 88' lang='lat' dir='ltr'>armis</span> <span class='ocrx_word' id='word_1_445' title='bbox 2586 1382 2958 1448; x_wconf 85' lang='lat' dir='ltr'>interficient,</span> <span class='ocrx_word' id='word_1_446' title='bbox 2976 1398 3050 1435; x_wconf 94' lang='lat' dir='ltr'>ne</span> <span class='ocrx_word' id='word_1_447' title='bbox 3069 1380 3193 1452; x_wconf 88' lang='lat' dir='ltr'>quis</span> <span class='ocrx_word' id='word_1_448' title='bbox 3213 1380 3381 1433; x_wconf 88' lang='lat' dir='ltr'>vellet</span> <span class='ocrx_word' id='word_1_449' title='bbox 3398 1395 3495 1433; x_wconf 89' lang='lat' dir='ltr'>eos</span> <span class='ocrx_word' id='word_1_450' title='bbox 3524 1394 3695 1432; x_wconf 83' lang='lat' dir='ltr'>excu-</span> 
     </span>
    </p>
   </div>
   <div class='ocr_carea' id='block_1_60' title="bbox 2089 1467 3699 1541">
    <p class='ocr_par' dir='ltr' id='par_1_60' title="bbox 2089 1467 3699 1541">
     <span class='ocr_line' id='line_1_60' title="bbox 2089 1467 3699 1541; baseline -0.004 -16"><span class='ocrx_word' id='word_1_451' title='bbox 2089 1487 2235 1537; x_wconf 89' lang='lat' dir='ltr'>sare,</span> <span class='ocrx_word' id='word_1_452' title='bbox 2254 1470 2529 1541; x_wconf 90' lang='lat' dir='ltr'>quoniam</span> <span class='ocrx_word' id='word_1_453' title='bbox 2553 1469 2739 1539; x_wconf 90' lang='lat' dir='ltr'>ipsum</span> <span class='ocrx_word' id='word_1_454' title='bbox 2756 1468 2977 1539; x_wconf 86' lang='lat' dir='ltr'>sagittis</span> <span class='ocrx_word' id='word_1_455' title='bbox 2999 1472 3051 1522; x_wconf 85' lang='lat' dir='ltr'>et</span> <span class='ocrx_word' id='word_1_456' title='bbox 3084 1467 3275 1538; x_wconf 87' lang='lat' dir='ltr'>gladio</span> <span class='ocrx_word' id='word_1_457' title='bbox 3298 1482 3412 1520; x_wconf 91' lang='lat' dir='ltr'>non</span> <span class='ocrx_word' id='word_1_458' title='bbox 3435 1480 3699 1537; x_wconf 86' lang='lat' dir='ltr'>pereme-</span> 
     </span>
    </p>
   </div>
   <div class='ocr_carea' id='block_1_61' title="bbox 2087 1553 3693 1624">
    <p class='ocr_par' dir='ltr' id='par_1_61' title="bbox 2087 1553 3693 1624">
     <span class='ocr_line' id='line_1_61' title="bbox 2087 1553 3693 1624; baseline -0.003 -13"><span class='ocrx_word' id='word_1_459' title='bbox 2087 1561 2242 1612; x_wconf 85' lang='lat' dir='ltr'>runt.</span> <span class='ocrx_word' id='word_1_460' title='bbox 2277 1559 2343 1611; x_wconf 90' lang='lat' dir='ltr'>Et</span> <span class='ocrx_word' id='word_1_461' title='bbox 2368 1559 2477 1612; x_wconf 92' lang='lat' dir='ltr'>hoc</span> <span class='ocrx_word' id='word_1_462' title='bbox 2525 1556 2601 1610; x_wconf 89' lang='lat' dir='ltr'>sic</span> <span class='ocrx_word' id='word_1_463' title='bbox 2636 1556 2773 1611; x_wconf 89' lang='lat' dir='ltr'>dicit</span> <span class='ocrx_word' id='word_1_464' title='bbox 2806 1573 2818 1610; x_wconf 89' lang='lat'><strong>:</strong></span> <span class='ocrx_word' id='word_1_465' title='bbox 2846 1554 2984 1610; x_wconf 82' lang='lat' dir='ltr'>Filii</span> <span class='ocrx_word' id='word_1_466' title='bbox 3027 1556 3321 1621; x_wconf 80' lang='lat' dir='ltr'>hominum,</span> <span class='ocrx_word' id='word_1_467' title='bbox 3363 1556 3471 1607; x_wconf 86' lang='lat' dir='ltr'>etc.</span> <span class='ocrx_word' id='word_1_468' title='bbox 3506 1553 3693 1624; x_wconf 90' lang='lat' dir='ltr'>Usque</span> 
     </span>
    </p>
   </div>
   <div class='ocr_carea' id='block_1_62' title="bbox 2089 1639 3695 1716">
    <p class='ocr_par' dir='ltr' id='par_1_62' title="bbox 2089 1639 3695 1716">
     <span class='ocr_line' id='line_1_62' title="bbox 2089 1639 3695 1716; baseline -0.004 -16"><span class='ocrx_word' id='word_1_469' title='bbox 2089 1646 2162 1701; x_wconf 89' lang='lat' dir='ltr'>ad</span> <span class='ocrx_word' id='word_1_470' title='bbox 2191 1663 2428 1716; x_wconf 68' lang='lat' dir='ltr'>ersurge,</span> <span class='ocrx_word' id='word_1_471' title='bbox 2457 1648 2514 1699; x_wconf 91' lang='lat' dir='ltr'>et</span> <span class='ocrx_word' id='word_1_472' title='bbox 2546 1661 2663 1699; x_wconf 91' lang='lat' dir='ltr'>non</span> <span class='ocrx_word' id='word_1_473' title='bbox 2694 1646 2828 1711; x_wconf 78' lang='lat' dir='ltr'>sunt</span> <span class='ocrx_word' id='word_1_474' title='bbox 2858 1643 3103 1715; x_wconf 90' lang='lat' dir='ltr'>legenda</span> <span class='ocrx_word' id='word_1_475' title='bbox 3134 1643 3306 1697; x_wconf 87' lang='lat' dir='ltr'>verba</span> <span class='ocrx_word' id='word_1_476' title='bbox 3334 1642 3457 1696; x_wconf 63' lang='lat' dir='ltr'>hanc</span> <span class='ocrx_word' id='word_1_477' title='bbox 3483 1639 3565 1695; x_wconf 89' lang='lat' dir='ltr'>ita</span> <span class='ocrx_word' id='word_1_478' title='bbox 3602 1656 3695 1694; x_wconf 81' lang='lat' dir='ltr'>se-</span> 
     </span>
    </p>
   </div>
   <div class='ocr_carea' id='block_1_63' title="bbox 2020 1727 3693 1806">
    <p class='ocr_par' dir='ltr' id='par_1_63' title="bbox 2020 1727 3693 1806">
     <span class='ocr_line' id='line_1_63' title="bbox 2020 1727 3693 1806; baseline -0.004 -17"><span class='ocrx_word' id='word_1_479' title='bbox 2020 1747 2053 1789; x_wconf 64' lang='lat' dir='ltr'>t‘</span> <span class='ocrx_word' id='word_1_480' title='bbox 2085 1734 2280 1789; x_wconf 87' lang='lat' dir='ltr'>riatim</span> <span class='ocrx_word' id='word_1_481' title='bbox 2309 1737 2369 1787; x_wconf 90' lang='lat' dir='ltr'>ut</span> <span class='ocrx_word' id='word_1_482' title='bbox 2400 1737 2713 1806; x_wconf 88' lang='lat' dir='ltr'>ponuntur,</span> <span class='ocrx_word' id='word_1_483' title='bbox 2738 1732 2837 1787; x_wconf 89' lang='lat' dir='ltr'>sed</span> <span class='ocrx_word' id='word_1_484' title='bbox 2863 1730 3248 1786; x_wconf 88' lang='lat' dir='ltr'>construenda</span> <span class='ocrx_word' id='word_1_485' title='bbox 3270 1730 3366 1784; x_wconf 90' lang='lat' dir='ltr'>sic.</span> <span class='ocrx_word' id='word_1_486' title='bbox 3384 1729 3503 1784; x_wconf 87' lang='lat' dir='ltr'>Dixi</span> <span class='ocrx_word' id='word_1_487' title='bbox 3539 1727 3693 1799; x_wconf 90' lang='lat' dir='ltr'>quod</span> 
     </span>
    </p>
   </div>
   <div class='ocr_carea' id='block_1_64' title="bbox 2088 1816 3697 1889">
    <p class='ocr_par' dir='ltr' id='par_1_64' title="bbox 2088 1816 3697 1889">
     <span class='ocr_line' id='line_1_64' title="bbox 2088 1816 3697 1889; baseline -0.006 -12"><span class='ocrx_word' id='word_1_488' title='bbox 2088 1821 2375 1878; x_wconf 88' lang='lat' dir='ltr'>dormiam</span> <span class='ocrx_word' id='word_1_489' title='bbox 2391 1822 2827 1889; x_wconf 85' lang='lat' dir='ltr'>conturbatus,et</span> <span class='ocrx_word' id='word_1_490' title='bbox 2856 1836 3053 1874; x_wconf 83' lang='lat' dir='ltr'>verum</span> <span class='ocrx_word' id='word_1_491' title='bbox 3086 1823 3188 1873; x_wconf 90' lang='lat' dir='ltr'>est.</span> <span class='ocrx_word' id='word_1_492' title='bbox 3215 1819 3355 1872; x_wconf 85' lang='lat' dir='ltr'>Nam</span> <span class='ocrx_word' id='word_1_493' title='bbox 3397 1818 3500 1885; x_wconf 78' lang='lat' dir='ltr'>ﬁlii</span> <span class='ocrx_word' id='word_1_494' title='bbox 3529 1816 3697 1869; x_wconf 81' lang='lat' dir='ltr'>homi-</span> 
     </span>
    </p>
   </div>
   <div class='ocr_carea' id='block_1_65' title="bbox 2087 1904 3697 1981">
    <p class='ocr_par' dir='ltr' id='par_1_65' title="bbox 2087 1904 3697 1981">
     <span class='ocr_line' id='line_1_65' title="bbox 2087 1904 3697 1981; baseline -0.003 -18"><span class='ocrx_word' id='word_1_495' title='bbox 2087 1929 2233 1976; x_wconf 85' lang='lat' dir='ltr'>num,</span> <span class='ocrx_word' id='word_1_496' title='bbox 2264 1911 2320 1965; x_wconf 91' lang='lat' dir='ltr'>id</span> <span class='ocrx_word' id='word_1_497' title='bbox 2352 1913 2434 1965; x_wconf 89' lang='lat' dir='ltr'>est</span> <span class='ocrx_word' id='word_1_498' title='bbox 2462 1910 2642 1965; x_wconf 60' lang='lat' dir='ltr'>Judaai</span> <span class='ocrx_word' id='word_1_499' title='bbox 2685 1909 2781 1981; x_wconf 91' lang='lat' dir='ltr'>qui</span> <span class='ocrx_word' id='word_1_500' title='bbox 2816 1908 3236 1963; x_wconf 88' lang='lat' dir='ltr'>rationabiliter</span> <span class='ocrx_word' id='word_1_501' title='bbox 3266 1923 3323 1961; x_wconf 89' lang='lat' dir='ltr'>se</span> <span class='ocrx_word' id='word_1_502' title='bbox 3364 1906 3577 1960; x_wconf 88' lang='lat' dir='ltr'>habere</span> <span class='ocrx_word' id='word_1_503' title='bbox 3599 1904 3697 1958; x_wconf 79' lang='lat' dir='ltr'>de-</span> 
     </span>
    </p>
   </div>
   <div class='ocr_carea' id='block_1_66' title="bbox 2085 1993 3696 2064">
    <p class='ocr_par' dir='ltr' id='par_1_66' title="bbox 2085 1993 3696 2064">
     <span class='ocr_line' id='line_1_66' title="bbox 2085 1993 3696 2064; baseline -0.005 -11"><span class='ocrx_word' id='word_1_504' title='bbox 2085 1999 2289 2053; x_wconf 84' lang='lat' dir='ltr'>herent</span> <span class='ocrx_word' id='word_1_505' title='bbox 2320 2002 2381 2052; x_wconf 92' lang='lat' dir='ltr'>ut</span> <span class='ocrx_word' id='word_1_506' title='bbox 2410 1997 2696 2063; x_wconf 86' lang='lat' dir='ltr'>homines,</span> <span class='ocrx_word' id='word_1_507' title='bbox 2727 2013 2859 2051; x_wconf 88' lang='lat' dir='ltr'>cum</span> <span class='ocrx_word' id='word_1_508' title='bbox 2903 1996 3017 2050; x_wconf 89' lang='lat' dir='ltr'>sint</span> <span class='ocrx_word' id='word_1_509' title='bbox 3053 1996 3157 2064; x_wconf 77' lang='lat' dir='ltr'>ﬁlii</span> <span class='ocrx_word' id='word_1_510' title='bbox 3199 1996 3492 2060; x_wconf 81' lang='lat' dir='ltr'>hominum,</span> <span class='ocrx_word' id='word_1_511' title='bbox 3518 1993 3579 2047; x_wconf 93' lang='lat' dir='ltr'>id</span> <span class='ocrx_word' id='word_1_512' title='bbox 3608 1995 3696 2046; x_wconf 89' lang='lat' dir='ltr'>est</span> 
     </span>
    </p>
   </div>
   <div class='ocr_carea' id='block_1_67' title="bbox 2086 2083 3696 2158">
    <p class='ocr_par' dir='ltr' id='par_1_67' title="bbox 2086 2083 3696 2158">
     <span class='ocr_line' id='line_1_67' title="bbox 2086 2083 3696 2158; baseline -0.004 -18"><span class='ocrx_word' id='word_1_513' title='bbox 2086 2087 2523 2158; x_wconf 89' lang='lat' dir='ltr'>prophetarum,</span> <span class='ocrx_word' id='word_1_514' title='bbox 2562 2086 2659 2157; x_wconf 89' lang='lat' dir='ltr'>qui</span> <span class='ocrx_word' id='word_1_515' title='bbox 2708 2083 3129 2139; x_wconf 84' lang='lat' dir='ltr'>rationabiliter</span> <span class='ocrx_word' id='word_1_516' title='bbox 3162 2100 3220 2138; x_wconf 91' lang='lat' dir='ltr'>se</span> <span class='ocrx_word' id='word_1_517' title='bbox 3258 2083 3586 2137; x_wconf 87' lang='lat' dir='ltr'>habuerunt</span> <span class='ocrx_word' id='word_1_518' title='bbox 3632 2083 3696 2134; x_wconf 89' lang='lat' dir='ltr'>ut</span> 
     </span>
    </p>
   </div>
   <div class='ocr_carea' id='block_1_68' title="bbox 2086 2169 3694 2245">
    <p class='ocr_par' dir='ltr' id='par_1_68' title="bbox 2086 2169 3694 2245">
     <span class='ocr_line' id='line_1_68' title="bbox 2086 2169 3694 2245; baseline -0.004 -16"><span class='ocrx_word' id='word_1_519' title='bbox 2086 2174 2372 2240; x_wconf 89' lang='lat' dir='ltr'>homines,</span> <span class='ocrx_word' id='word_1_520' title='bbox 2411 2175 2653 2245; x_wconf 86' lang='lat' dir='ltr'>laqueum</span> <span class='ocrx_word' id='word_1_521' title='bbox 2676 2179 3007 2244; x_wconf 83' lang='lat' dir='ltr'>paraverunt</span> <span class='ocrx_word' id='word_1_522' title='bbox 3040 2171 3265 2242; x_wconf 83' lang='lat' dir='ltr'>pedibus</span> <span class='ocrx_word' id='word_1_523' title='bbox 3308 2172 3454 2236; x_wconf 79' lang='lat' dir='ltr'>meis,</span> <span class='ocrx_word' id='word_1_524' title='bbox 3506 2169 3566 2223; x_wconf 91' lang='lat' dir='ltr'>id</span> <span class='ocrx_word' id='word_1_525' title='bbox 3607 2172 3694 2223; x_wconf 86' lang='lat' dir='ltr'>est</span> 
     </span>
    </p>
   </div>
   <div class='ocr_carea' id='block_1_69' title="bbox 2088 2258 3694 2334">
    <p class='ocr_par' dir='ltr' id='par_1_69' title="bbox 2088 2258 3694 2334">
     <span class='ocr_line' id='line_1_69' title="bbox 2088 2258 3694 2334; baseline -0.004 -18"><span class='ocrx_word' id='word_1_526' title='bbox 2088 2265 2336 2317; x_wconf 90' lang='lat' dir='ltr'>mortem</span> <span class='ocrx_word' id='word_1_527' title='bbox 2372 2263 2658 2334; x_wconf 88' lang='lat' dir='ltr'>parabunt</span> <span class='ocrx_word' id='word_1_528' title='bbox 2688 2260 3082 2315; x_wconf 76' lang='lat' dir='ltr'>affectionibus</span> <span class='ocrx_word' id='word_1_529' title='bbox 3104 2258 3269 2325; x_wconf 89' lang='lat' dir='ltr'>meis,</span> <span class='ocrx_word' id='word_1_530' title='bbox 3286 2275 3390 2331; x_wconf 90' lang='lat' dir='ltr'>per</span> <span class='ocrx_word' id='word_1_531' title='bbox 3402 2274 3577 2329; x_wconf 86' lang='lat' dir='ltr'>quam</span> <span class='ocrx_word' id='word_1_532' title='bbox 3595 2273 3694 2311; x_wconf 88' lang='lat' dir='ltr'>eas</span> 
     </span>
    </p>
   </div>
   <div class='ocr_carea' id='block_1_70' title="bbox 2088 2345 3693 2416">
    <p class='ocr_par' dir='ltr' id='par_1_70' title="bbox 2088 2345 3693 2416">
     <span class='ocr_line' id='line_1_70' title="bbox 2088 2345 3693 2416; baseline -0.004 -12"><span class='ocrx_word' id='word_1_533' title='bbox 2088 2350 2158 2405; x_wconf 89' lang='lat' dir='ltr'>ab</span> <span class='ocrx_word' id='word_1_534' title='bbox 2209 2350 2414 2404; x_wconf 72' lang='lat' dir='ltr'>affectu</span> <span class='ocrx_word' id='word_1_535' title='bbox 2469 2350 2723 2404; x_wconf 88' lang='lat' dir='ltr'>detineat</span> <span class='ocrx_word' id='word_1_536' title='bbox 2750 2366 2763 2404; x_wconf 90' lang='lat'>:</span> <span class='ocrx_word' id='word_1_537' title='bbox 2798 2366 2832 2403; x_wconf 88' lang='lat' dir='ltr'>a</span> <span class='ocrx_word' id='word_1_538' title='bbox 2860 2347 3235 2403; x_wconf 88' lang='lat' dir='ltr'>similitudine</span> <span class='ocrx_word' id='word_1_539' title='bbox 3268 2345 3530 2411; x_wconf 91' lang='lat' dir='ltr'>volucris,</span> <span class='ocrx_word' id='word_1_540' title='bbox 3563 2361 3693 2416; x_wconf 65' lang='lat' dir='ltr'>quin</span> 
     </span>
    </p>
   </div>
   <div class='ocr_carea' id='block_1_71' title="bbox 2087 2433 3694 2509">
    <p class='ocr_par' dir='ltr' id='par_1_71' title="bbox 2087 2433 3694 2509">
     <span class='ocr_line' id='line_1_71' title="bbox 2087 2433 3694 2509; baseline -0.004 -18"><span class='ocrx_word' id='word_1_541' title='bbox 2087 2437 2668 2508; x_wconf 82' lang='lat' dir='ltr'>pedibusillaqueala,</span> <span class='ocrx_word' id='word_1_542' title='bbox 2692 2454 2764 2491; x_wconf 86' lang='lat' dir='ltr'>ne</span> <span class='ocrx_word' id='word_1_543' title='bbox 2783 2436 2959 2509; x_wconf 89' lang='lat' dir='ltr'>possit</span> <span class='ocrx_word' id='word_1_544' title='bbox 2977 2435 3243 2503; x_wconf 87' lang='lat' dir='ltr'>evadere,</span> <span class='ocrx_word' id='word_1_545' title='bbox 3263 2433 3552 2488; x_wconf 88' lang='lat' dir='ltr'>detinetur</span> <span class='ocrx_word' id='word_1_546' title='bbox 3585 2449 3598 2486; x_wconf 89' lang='lat'><strong>:</strong></span> <span class='ocrx_word' id='word_1_547' title='bbox 3628 2435 3694 2486; x_wconf 90' lang='lat' dir='ltr'>ut</span> 
     </span>
    </p>
   </div>
   <div class='ocr_carea' id='block_1_72' title="bbox 2089 2520 3696 2594">
    <p class='ocr_par' dir='ltr' id='par_1_72' title="bbox 2089 2520 3696 2594">
     <span class='ocr_line' id='line_1_72' title="bbox 2089 2520 3696 2594; baseline -0.004 -15"><span class='ocrx_word' id='word_1_548' title='bbox 2089 2542 2217 2579; x_wconf 90' lang='lat' dir='ltr'>cum</span> <span class='ocrx_word' id='word_1_549' title='bbox 2235 2526 2447 2579; x_wconf 90' lang='lat' dir='ltr'>scilicet</span> <span class='ocrx_word' id='word_1_550' title='bbox 2460 2524 2825 2579; x_wconf 74' lang='lat' dir='ltr'>affectionem</span> <span class='ocrx_word' id='word_1_551' title='bbox 2839 2524 3086 2579; x_wconf 87' lang='lat' dir='ltr'>habeam</span> <span class='ocrx_word' id='word_1_552' title='bbox 3109 2520 3529 2594; x_wconf 87' lang='lat' dir='ltr'>resurgendi,et</span> <span class='ocrx_word' id='word_1_553' title='bbox 3546 2520 3696 2574; x_wconf 87' lang='lat' dir='ltr'>exal-</span> 
     </span>
    </p>
   </div>
   <div class='ocr_carea' id='block_1_73' title="bbox 2086 2611 3696 2688">
    <p class='ocr_par' dir='ltr' id='par_1_73' title="bbox 2086 2611 3696 2688">
     <span class='ocr_line' id='line_1_73' title="bbox 2086 2611 3696 2688; baseline -0.004 -15"><span class='ocrx_word' id='word_1_554' title='bbox 2086 2619 2266 2685; x_wconf 87' lang='lat' dir='ltr'>tandi,</span> <span class='ocrx_word' id='word_1_555' title='bbox 2300 2622 2358 2673; x_wconf 90' lang='lat' dir='ltr'>et</span> <span class='ocrx_word' id='word_1_556' title='bbox 2389 2618 2678 2673; x_wconf 91' lang='lat' dir='ltr'>mundum</span> <span class='ocrx_word' id='word_1_557' title='bbox 2710 2618 2854 2672; x_wconf 89' lang='lat' dir='ltr'>mihi</span> <span class='ocrx_word' id='word_1_558' title='bbox 2879 2616 3245 2688; x_wconf 88' lang='lat' dir='ltr'>subjugandi,</span> <span class='ocrx_word' id='word_1_559' title='bbox 3277 2616 3427 2685; x_wconf 89' lang='lat' dir='ltr'>ipsas</span> <span class='ocrx_word' id='word_1_560' title='bbox 3443 2611 3696 2669; x_wconf 79' lang='lat' dir='ltr'>affectio-</span> 
     </span>
    </p>
   </div>
   <div class='ocr_carea' id='block_1_74' title="bbox 2086 2703 3689 2762">
    <p class='ocr_par' dir='ltr' id='par_1_74' title="bbox 2086 2703 3689 2762">
     <span class='ocr_line' id='line_1_74' title="bbox 2086 2703 3689 2762; baseline -0.004 -1"><span class='ocrx_word' id='word_1_561' title='bbox 2086 2724 2187 2761; x_wconf 88' lang='lat' dir='ltr'>nes</span> <span class='ocrx_word' id='word_1_562' title='bbox 2227 2708 2300 2761; x_wconf 91' lang='lat' dir='ltr'>ab</span> <span class='ocrx_word' id='word_1_563' title='bbox 2353 2707 2557 2762; x_wconf 77' lang='lat' dir='ltr'>effectu</span> <span class='ocrx_word' id='word_1_564' title='bbox 2611 2707 2909 2762; x_wconf 85' lang='lat' dir='ltr'>detineant</span> <span class='ocrx_word' id='word_1_565' title='bbox 2963 2708 3021 2760; x_wconf 89' lang='lat' dir='ltr'>et</span> <span class='ocrx_word' id='word_1_566' title='bbox 3072 2705 3133 2759; x_wconf 92' lang='lat' dir='ltr'>in</span> <span class='ocrx_word' id='word_1_567' title='bbox 3183 2704 3411 2759; x_wconf 90' lang='lat' dir='ltr'>irritum</span> <span class='ocrx_word' id='word_1_568' title='bbox 3455 2703 3689 2757; x_wconf 90' lang='lat' dir='ltr'>ducant.</span> 
     </span>
    </p>
   </div>
   <div class='ocr_carea' id='block_1_75' title="bbox 2086 2789 3691 2866">
    <p class='ocr_par' dir='ltr' id='par_1_75' title="bbox 2086 2789 3691 2866">
     <span class='ocr_line' id='line_1_75' title="bbox 2086 2789 3691 2866; baseline -0.004 -17"><span class='ocrx_word' id='word_1_569' title='bbox 2086 2795 2222 2850; x_wconf 92' lang='lat' dir='ltr'>Dico</span> <span class='ocrx_word' id='word_1_570' title='bbox 2252 2795 2407 2866; x_wconf 90' lang='lat' dir='ltr'>quod</span> <span class='ocrx_word' id='word_1_571' title='bbox 2428 2795 2717 2865; x_wconf 90' lang='lat' dir='ltr'>parabunt</span> <span class='ocrx_word' id='word_1_572' title='bbox 2740 2796 3034 2866; x_wconf 89' lang='lat' dir='ltr'>laqueum,</span> <span class='ocrx_word' id='word_1_573' title='bbox 3053 2792 3110 2847; x_wconf 92' lang='lat' dir='ltr'>id</span> <span class='ocrx_word' id='word_1_574' title='bbox 3134 2796 3219 2847; x_wconf 90' lang='lat' dir='ltr'>est</span> <span class='ocrx_word' id='word_1_575' title='bbox 3248 2794 3517 2858; x_wconf 69' lang='lat' dir='ltr'>mortem,</span> <span class='ocrx_word' id='word_1_576' title='bbox 3550 2793 3608 2843; x_wconf 90' lang='lat' dir='ltr'>et</span> <span class='ocrx_word' id='word_1_577' title='bbox 3630 2789 3691 2843; x_wconf 91' lang='lat' dir='ltr'>in</span> 
     </span>
    </p>
   </div>
   <div class='ocr_carea' id='block_1_76' title="bbox 2085 2879 3693 2954">
    <p class='ocr_par' dir='ltr' id='par_1_76' title="bbox 2085 2879 3693 2954">
     <span class='ocr_line' id='line_1_76' title="bbox 2085 2879 3693 2954; baseline -0.004 -18"><span class='ocrx_word' id='word_1_578' title='bbox 2085 2882 2207 2954; x_wconf 91' lang='lat' dir='ltr'>ipsa</span> <span class='ocrx_word' id='word_1_579' title='bbox 2238 2885 2425 2937; x_wconf 86' lang='lat' dir='ltr'>morte</span> <span class='ocrx_word' id='word_1_580' title='bbox 2457 2885 2886 2949; x_wconf 78' lang='lat' dir='ltr'>incurvaverunt,</span> <span class='ocrx_word' id='word_1_581' title='bbox 2935 2881 2994 2936; x_wconf 93' lang='lat' dir='ltr'>id</span> <span class='ocrx_word' id='word_1_582' title='bbox 3043 2885 3128 2935; x_wconf 89' lang='lat' dir='ltr'>est</span> <span class='ocrx_word' id='word_1_583' title='bbox 3168 2879 3475 2935; x_wconf 89' lang='lat' dir='ltr'>humiliare</span> <span class='ocrx_word' id='word_1_584' title='bbox 3524 2880 3693 2949; x_wconf 87' lang='lat' dir='ltr'>puta-</span> 
     </span>
    </p>
   </div>
   <div class='ocr_carea' id='block_1_77' title="bbox 2084 2964 3698 3039">
    <p class='ocr_par' dir='ltr' id='par_1_77' title="bbox 2084 2964 3698 3039">
     <span class='ocr_line' id='line_1_77' title="bbox 2084 2964 3698 3039; baseline -0.004 -15"><span class='ocrx_word' id='word_1_585' title='bbox 2084 2970 2229 3025; x_wconf 89' lang='lat' dir='ltr'>bunt</span> <span class='ocrx_word' id='word_1_586' title='bbox 2258 2972 2495 3024; x_wconf 87' lang='lat' dir='ltr'>animam</span> <span class='ocrx_word' id='word_1_587' title='bbox 2534 2986 2725 3035; x_wconf 89' lang='lat' dir='ltr'>meam,</span> <span class='ocrx_word' id='word_1_588' title='bbox 2760 2969 2837 3024; x_wconf 90' lang='lat' dir='ltr'>sic</span> <span class='ocrx_word' id='word_1_589' title='bbox 2867 2972 2930 3023; x_wconf 89' lang='lat' dir='ltr'>ut</span> <span class='ocrx_word' id='word_1_590' title='bbox 2970 2985 3086 3023; x_wconf 88' lang='lat' dir='ltr'>non</span> <span class='ocrx_word' id='word_1_591' title='bbox 3136 2970 3418 3039; x_wconf 87' lang='lat' dir='ltr'>resurgat.</span> <span class='ocrx_word' id='word_1_592' title='bbox 3466 2964 3698 3035; x_wconf 84' lang='lat' dir='ltr'>Repetit</span> 
     </span>
    </p>
   </div>
   <div class='ocr_carea' id='block_1_78' title="bbox 2087 3053 3694 3127">
    <p class='ocr_par' dir='ltr' id='par_1_78' title="bbox 2087 3053 3694 3127">
     <span class='ocr_line' id='line_1_78' title="bbox 2087 3053 3694 3127; baseline -0.004 -15"><span class='ocrx_word' id='word_1_593' title='bbox 2087 3062 2280 3112; x_wconf 89' lang='lat' dir='ltr'>autem</span> <span class='ocrx_word' id='word_1_594' title='bbox 2309 3058 2417 3113; x_wconf 89' lang='lat' dir='ltr'>alia</span> <span class='ocrx_word' id='word_1_595' title='bbox 2450 3057 2822 3112; x_wconf 85' lang='lat' dir='ltr'>similitudine</span> <span class='ocrx_word' id='word_1_596' title='bbox 2866 3058 2975 3111; x_wconf 92' lang='lat' dir='ltr'>hoc</span> <span class='ocrx_word' id='word_1_597' title='bbox 3005 3056 3159 3127; x_wconf 91' lang='lat' dir='ltr'>quod</span> <span class='ocrx_word' id='word_1_598' title='bbox 3209 3055 3368 3121; x_wconf 81' lang='lat' dir='ltr'>dixit,</span> <span class='ocrx_word' id='word_1_599' title='bbox 3402 3053 3694 3126; x_wconf 86' lang='lat' dir='ltr'>parabunt</span> 
     </span>
    </p>
   </div>
   <div class='ocr_carea' id='block_1_79' title="bbox 2086 3140 3694 3218">
    <p class='ocr_par' dir='ltr' id='par_1_79' title="bbox 2086 3140 3694 3218">
     <span class='ocr_line' id='line_1_79' title="bbox 2086 3140 3694 3218; baseline -0.005 -17"><span class='ocrx_word' id='word_1_600' title='bbox 2086 3146 2453 3218; x_wconf 89' lang='lat' dir='ltr'>laqueum,id</span> <span class='ocrx_word' id='word_1_601' title='bbox 2476 3147 2847 3211; x_wconf 87' lang='lat' dir='ltr'>estmortcm,</span> <span class='ocrx_word' id='word_1_602' title='bbox 2869 3148 2930 3199; x_wconf 90' lang='lat' dir='ltr'>ut</span> <span class='ocrx_word' id='word_1_603' title='bbox 2951 3145 3153 3198; x_wconf 85' lang='lat' dir='ltr'>innuat</span> <span class='ocrx_word' id='word_1_604' title='bbox 3174 3160 3287 3198; x_wconf 91' lang='lat' dir='ltr'>non</span> <span class='ocrx_word' id='word_1_605' title='bbox 3312 3140 3500 3213; x_wconf 90' lang='lat' dir='ltr'>parari</span> <span class='ocrx_word' id='word_1_606' title='bbox 3530 3140 3694 3194; x_wconf 87' lang='lat' dir='ltr'>illam</span> 
     </span>
    </p>
   </div>
   <div class='ocr_carea' id='block_1_80' title="bbox 2086 3228 3695 3306">
    <p class='ocr_par' dir='ltr' id='par_1_80' title="bbox 2086 3228 3695 3306">
     <span class='ocr_line' id='line_1_80' title="bbox 2086 3228 3695 3306; baseline -0.005 -17"><span class='ocrx_word' id='word_1_607' title='bbox 2086 3237 2335 3289; x_wconf 89' lang='lat' dir='ltr'>mortem</span> <span class='ocrx_word' id='word_1_608' title='bbox 2350 3233 2452 3288; x_wconf 91' lang='lat' dir='ltr'>sibi</span> <span class='ocrx_word' id='word_1_609' title='bbox 2476 3233 2790 3306; x_wconf 88' lang='lat' dir='ltr'>ignoranti,</span> <span class='ocrx_word' id='word_1_610' title='bbox 2807 3233 2903 3287; x_wconf 92' lang='lat' dir='ltr'>sed</span> <span class='ocrx_word' id='word_1_611' title='bbox 2917 3231 3136 3286; x_wconf 88' lang='lat' dir='ltr'>scienti.</span> <span class='ocrx_word' id='word_1_612' title='bbox 3162 3232 3230 3285; x_wconf 89' lang='lat' dir='ltr'>Et</span> <span class='ocrx_word' id='word_1_613' title='bbox 3257 3248 3361 3303; x_wconf 91' lang='lat' dir='ltr'>per</span> <span class='ocrx_word' id='word_1_614' title='bbox 3384 3231 3493 3284; x_wconf 91' lang='lat' dir='ltr'>hoc</span> <span class='ocrx_word' id='word_1_615' title='bbox 3522 3228 3695 3283; x_wconf 87' lang='lat' dir='ltr'>datur</span> 
     </span>
    </p>
   </div>
   <div class='ocr_carea' id='block_1_81' title="bbox 2086 3317 3690 3392">
    <p class='ocr_par' dir='ltr' id='par_1_81' title="bbox 2086 3317 3690 3392">
     <span class='ocr_line' id='line_1_81' title="bbox 2086 3317 3690 3392; baseline -0.002 -15"><span class='ocrx_word' id='word_1_616' title='bbox 2086 3321 2328 3392; x_wconf 90' lang='lat' dir='ltr'>intelligi</span> <span class='ocrx_word' id='word_1_617' title='bbox 2359 3338 2491 3376; x_wconf 92' lang='lat' dir='ltr'>eum</span> <span class='ocrx_word' id='word_1_618' title='bbox 2537 3323 2718 3376; x_wconf 89' lang='lat' dir='ltr'>Deum</span> <span class='ocrx_word' id='word_1_619' title='bbox 2763 3338 2905 3388; x_wconf 88' lang='lat' dir='ltr'>esse,</span> <span class='ocrx_word' id='word_1_620' title='bbox 2943 3337 3072 3375; x_wconf 91' lang='lat' dir='ltr'>cum</span> <span class='ocrx_word' id='word_1_621' title='bbox 3124 3320 3315 3374; x_wconf 85' lang='lat' dir='ltr'>futura</span> <span class='ocrx_word' id='word_1_622' title='bbox 3355 3317 3690 3390; x_wconf 77' lang='lat' dir='ltr'>praevideat.</span> 
     </span>
    </p>
   </div>
   <div class='ocr_carea' id='block_1_82' title="bbox 2086 3405 3687 3482">
    <p class='ocr_par' dir='ltr' id='par_1_82' title="bbox 2086 3405 3687 3482">
     <span class='ocr_line' id='line_1_82' title="bbox 2086 3405 3687 3482; baseline -0.005 -16"><span class='ocrx_word' id='word_1_623' title='bbox 2086 3411 2207 3467; x_wconf 88' lang='lat' dir='ltr'>Dixi</span> <span class='ocrx_word' id='word_1_624' title='bbox 2227 3411 2381 3482; x_wconf 91' lang='lat' dir='ltr'>quod</span> <span class='ocrx_word' id='word_1_625' title='bbox 2398 3410 2991 3482; x_wconf 86' lang='lat' dir='ltr'>parabuntlaqueum,</span> <span class='ocrx_word' id='word_1_626' title='bbox 3026 3409 3215 3463; x_wconf 90' lang='lat' dir='ltr'>ethoc</span> <span class='ocrx_word' id='word_1_627' title='bbox 3247 3424 3365 3463; x_wconf 92' lang='lat' dir='ltr'>non</span> <span class='ocrx_word' id='word_1_628' title='bbox 3402 3405 3687 3473; x_wconf 90' lang='lat' dir='ltr'>inscienti,</span> 
     </span>
    </p>
   </div>
   <div class='ocr_carea' id='block_1_83' title="bbox 2086 3493 3693 3569">
    <p class='ocr_par' dir='ltr' id='par_1_83' title="bbox 2086 3493 3693 3569">
     <span class='ocr_line' id='line_1_83' title="bbox 2086 3493 3693 3569; baseline -0.004 -14"><span class='ocrx_word' id='word_1_629' title='bbox 2086 3500 2186 3555; x_wconf 92' lang='lat' dir='ltr'>scd</span> <span class='ocrx_word' id='word_1_630' title='bbox 2214 3499 2467 3569; x_wconf 80' lang='lat' dir='ltr'>foderunt</span> <span class='ocrx_word' id='word_1_631' title='bbox 2489 3499 2701 3569; x_wconf 78' lang='lat' dir='ltr'>foveam</span> <span class='ocrx_word' id='word_1_632' title='bbox 2748 3505 2871 3552; x_wconf 87' lang='lat' dir='ltr'>ante</span> <span class='ocrx_word' id='word_1_633' title='bbox 2914 3498 3111 3568; x_wconf 83' lang='lat' dir='ltr'>faciem</span> <span class='ocrx_word' id='word_1_634' title='bbox 3150 3513 3342 3550; x_wconf 88' lang='lat' dir='ltr'>meam.</span> <span class='ocrx_word' id='word_1_635' title='bbox 3398 3493 3561 3559; x_wconf 89' lang='lat' dir='ltr'>Quod</span> <span class='ocrx_word' id='word_1_636' title='bbox 3606 3498 3693 3548; x_wconf 88' lang='lat' dir='ltr'>est</span> 
     </span>
    </p>
   </div>
   <div class='ocr_carea' id='block_1_84' title="bbox 2088 3580 3688 3658">
    <p class='ocr_par' dir='ltr' id='par_1_84' title="bbox 2088 3580 3688 3658">
     <span class='ocr_line' id='line_1_84' title="bbox 2088 3580 3688 3658; baseline -0.004 -17"><span class='ocrx_word' id='word_1_637' title='bbox 2088 3587 2277 3642; x_wconf 89' lang='lat' dir='ltr'>dicere</span> <span class='ocrx_word' id='word_1_638' title='bbox 2299 3605 2311 3641; x_wconf 74' lang='grc' dir='ltr'>ε</span> <span class='ocrx_word' id='word_1_639' title='bbox 2329 3587 2440 3641; x_wconf 91' lang='lat' dir='ltr'>Sed</span> <span class='ocrx_word' id='word_1_640' title='bbox 2456 3588 2744 3657; x_wconf 85' lang='lat' dir='ltr'>parabunt</span> <span class='ocrx_word' id='word_1_641' title='bbox 2759 3585 3268 3658; x_wconf 79' lang='lat' dir='ltr'>profundissimam</span> <span class='ocrx_word' id='word_1_642' title='bbox 3284 3587 3530 3639; x_wconf 86' lang='lat' dir='ltr'>mortem</span> <span class='ocrx_word' id='word_1_643' title='bbox 3546 3580 3688 3637; x_wconf 89' lang='lat' dir='ltr'>mihi</span> 
     </span>
    </p>
   </div>
   <div class='ocr_carea' id='block_1_85' title="bbox 2086 3669 3690 3748">
    <p class='ocr_par' dir='ltr' id='par_1_85' title="bbox 2086 3669 3690 3748">
     <span class='ocr_line' id='line_1_85' title="bbox 2086 3669 3690 3748; baseline -0.006 -17"><span class='ocrx_word' id='word_1_644' title='bbox 2086 3677 2155 3731; x_wconf 93' lang='lat' dir='ltr'>de</span> <span class='ocrx_word' id='word_1_645' title='bbox 2176 3694 2289 3748; x_wconf 89' lang='lat' dir='ltr'>qua</span> <span class='ocrx_word' id='word_1_646' title='bbox 2317 3692 2435 3731; x_wconf 91' lang='lat' dir='ltr'>non</span> <span class='ocrx_word' id='word_1_647' title='bbox 2467 3675 2730 3741; x_wconf 89' lang='lat' dir='ltr'>evadam,</span> <span class='ocrx_word' id='word_1_648' title='bbox 2759 3690 2794 3728; x_wconf 90' lang='lat' dir='ltr'>a</span> <span class='ocrx_word' id='word_1_649' title='bbox 2819 3673 3192 3729; x_wconf 89' lang='lat' dir='ltr'>similitudine</span> <span class='ocrx_word' id='word_1_650' title='bbox 3219 3672 3367 3726; x_wconf 89' lang='lat' dir='ltr'>illius</span> <span class='ocrx_word' id='word_1_651' title='bbox 3406 3670 3503 3743; x_wconf 88' lang='lat' dir='ltr'>qui</span> <span class='ocrx_word' id='word_1_652' title='bbox 3544 3669 3690 3724; x_wconf 82' lang='lat' dir='ltr'>fodit</span> 
     </span>
    </p>
   </div>
   <div class='ocr_carea' id='block_1_86' title="bbox 2084 3756 3686 3833">
    <p class='ocr_par' dir='ltr' id='par_1_86' title="bbox 2084 3756 3686 3833">
     <span class='ocr_line' id='line_1_86' title="bbox 2084 3756 3686 3833; baseline -0.006 -14"><span class='ocrx_word' id='word_1_653' title='bbox 2084 3765 2331 3829; x_wconf 86' lang='lat' dir='ltr'>foveam,</span> <span class='ocrx_word' id='word_1_654' title='bbox 2392 3763 2451 3818; x_wconf 92' lang='lat' dir='ltr'>id</span> <span class='ocrx_word' id='word_1_655' title='bbox 2502 3766 2587 3816; x_wconf 86' lang='lat' dir='ltr'>est</span> <span class='ocrx_word' id='word_1_656' title='bbox 2637 3761 3146 3833; x_wconf 82' lang='lat' dir='ltr'>profundissimam</span> <span class='ocrx_word' id='word_1_657' title='bbox 3180 3760 3405 3815; x_wconf 85' lang='lat' dir='ltr'>foveam</span> <span class='ocrx_word' id='word_1_658' title='bbox 3438 3756 3596 3825; x_wconf 87' lang='lat' dir='ltr'>facit,</span> <span class='ocrx_word' id='word_1_659' title='bbox 3628 3756 3686 3811; x_wconf 93' lang='lat' dir='ltr'>in</span> 
     </span>
    </p>
   </div>
   <div class='ocr_carea' id='block_1_87' title="bbox 2084 3848 3689 3926">
    <p class='ocr_par' dir='ltr' id='par_1_87' title="bbox 2084 3848 3689 3926">
     <span class='ocr_line' id='line_1_87' title="bbox 2084 3848 3689 3926; baseline -0.004 -18"><span class='ocrx_word' id='word_1_660' title='bbox 2084 3871 2256 3926; x_wconf 91' lang='lat' dir='ltr'>quam</span> <span class='ocrx_word' id='word_1_661' title='bbox 2280 3853 2529 3924; x_wconf 89' lang='lat' dir='ltr'>aliquem</span> <span class='ocrx_word' id='word_1_662' title='bbox 2560 3853 2846 3920; x_wconf 89' lang='lat' dir='ltr'>detrudat,</span> <span class='ocrx_word' id='word_1_663' title='bbox 2862 3853 2958 3924; x_wconf 91' lang='lat' dir='ltr'>qui</span> <span class='ocrx_word' id='word_1_664' title='bbox 2986 3851 3118 3906; x_wconf 91' lang='lat' dir='ltr'>inde</span> <span class='ocrx_word' id='word_1_665' title='bbox 3141 3848 3291 3905; x_wconf 82' lang='lat' dir='ltr'>exire</span> <span class='ocrx_word' id='word_1_666' title='bbox 3319 3851 3586 3921; x_wconf 89' lang='lat' dir='ltr'>nequeat.</span> <span class='ocrx_word' id='word_1_667' title='bbox 3620 3848 3689 3902; x_wconf 88' lang='lat' dir='ltr'>Et</span> 
     </span>
    </p>
   </div>
   <div class='ocr_carea' id='block_1_88' title="bbox 2082 3936 3687 4011">
    <p class='ocr_par' dir='ltr' id='par_1_88' title="bbox 2082 3936 3687 4011">
     <span class='ocr_line' id='line_1_88' title="bbox 2082 3936 3687 4011; baseline -0.004 -14"><span class='ocrx_word' id='word_1_668' title='bbox 2082 3943 2240 3998; x_wconf 90' lang='lat' dir='ltr'>illam</span> <span class='ocrx_word' id='word_1_669' title='bbox 2254 3942 2481 3997; x_wconf 88' lang='lat' dir='ltr'>foveam</span> <span class='ocrx_word' id='word_1_670' title='bbox 2495 3941 2718 3995; x_wconf 79' lang='lat' dir='ltr'>fodiant</span> <span class='ocrx_word' id='word_1_671' title='bbox 2740 3947 2863 3995; x_wconf 84' lang='lat' dir='ltr'>ante</span> <span class='ocrx_word' id='word_1_672' title='bbox 2890 3942 3083 4011; x_wconf 79' lang='lat' dir='ltr'>faciem</span> <span class='ocrx_word' id='word_1_673' title='bbox 3111 3956 3303 4005; x_wconf 88' lang='lat' dir='ltr'>meam,</span> <span class='ocrx_word' id='word_1_674' title='bbox 3326 3938 3384 3992; x_wconf 93' lang='lat' dir='ltr'>id</span> <span class='ocrx_word' id='word_1_675' title='bbox 3408 3941 3512 4003; x_wconf 89' lang='lat' dir='ltr'>est,</span> <span class='ocrx_word' id='word_1_676' title='bbox 3541 3936 3687 3992; x_wconf 80' lang='lat' dir='ltr'>sicut</span> 
     </span>
    </p>
   </div>
   <div class='ocr_carea' id='block_1_89' title="bbox 2084 4023 3684 4101">
    <p class='ocr_par' dir='ltr' id='par_1_89' title="bbox 2084 4023 3684 4101">
     <span class='ocr_line' id='line_1_89' title="bbox 2084 4023 3684 4101; baseline -0.004 -17"><span class='ocrx_word' id='word_1_677' title='bbox 2084 4045 2427 4101; x_wconf 89' lang='lat' dir='ltr'>cognoscam</span> <span class='ocrx_word' id='word_1_678' title='bbox 2446 4032 2503 4083; x_wconf 90' lang='lat' dir='ltr'>et</span> <span class='ocrx_word' id='word_1_679' title='bbox 2518 4028 2890 4100; x_wconf 82' lang='lat' dir='ltr'>praevideam,</span> <span class='ocrx_word' id='word_1_680' title='bbox 2907 4027 2979 4081; x_wconf 90' lang='lat' dir='ltr'>ad</span> <span class='ocrx_word' id='word_1_681' title='bbox 2993 4025 3235 4081; x_wconf 90' lang='lat' dir='ltr'>modum</span> <span class='ocrx_word' id='word_1_682' title='bbox 3255 4025 3401 4079; x_wconf 89' lang='lat' dir='ltr'>illius</span> <span class='ocrx_word' id='word_1_683' title='bbox 3422 4024 3518 4096; x_wconf 89' lang='lat' dir='ltr'>qui</span> <span class='ocrx_word' id='word_1_684' title='bbox 3544 4023 3684 4079; x_wconf 90' lang='lat' dir='ltr'>illud</span> 
     </span>
    </p>
   </div>
   <div class='ocr_carea' id='block_1_90' title="bbox 2080 4114 3791 4189">
    <p class='ocr_par' dir='ltr' id='par_1_90' title="bbox 2080 4114 3791 4189">
     <span class='ocr_line' id='line_1_90' title="bbox 2080 4114 3791 4189; baseline -0.003 -17"><span class='ocrx_word' id='word_1_685' title='bbox 2080 4118 2252 4185; x_wconf 87' lang='lat' dir='ltr'>videt,</span> <span class='ocrx_word' id='word_1_686' title='bbox 2269 4117 2425 4189; x_wconf 90' lang='lat' dir='ltr'>quod</span> <span class='ocrx_word' id='word_1_687' title='bbox 2441 4121 2573 4171; x_wconf 84' lang='lat' dir='ltr'>ante</span> <span class='ocrx_word' id='word_1_688' title='bbox 2595 4115 2799 4170; x_wconf 88' lang='lat' dir='ltr'>faciem</span> <span class='ocrx_word' id='word_1_689' title='bbox 2825 4131 2987 4170; x_wconf 90' lang='lat' dir='ltr'>suam</span> <span class='ocrx_word' id='word_1_690' title='bbox 3010 4117 3113 4168; x_wconf 86' lang='lat' dir='ltr'>est.</span> <span class='ocrx_word' id='word_1_691' title='bbox 3140 4114 3207 4168; x_wconf 90' lang='lat' dir='ltr'>Et</span> <span class='ocrx_word' id='word_1_692' title='bbox 3235 4114 3345 4168; x_wconf 91' lang='lat' dir='ltr'>hoc</span> <span class='ocrx_word' id='word_1_693' title='bbox 3370 4115 3555 4167; x_wconf 87' lang='lat' dir='ltr'>totum</span> <span class='ocrx_word' id='word_1_694' title='bbox 3575 4114 3680 4178; x_wconf 90' lang='lat' dir='ltr'>est,</span> <span class='ocrx_word' id='word_1_695' title='bbox 3780 4170 3791 4177; x_wconf 87' lang='lat'><em>_</em></span> 
     </span>
    </p>
   </div>
   <div class='ocr_carea' id='block_1_91' title="bbox 2081 4200 3680 4273">
    <p class='ocr_par' dir='ltr' id='par_1_91' title="bbox 2081 4200 3680 4273">
     <span class='ocr_line' id='line_1_91' title="bbox 2081 4200 3680 4273; baseline -0.004 -13"><span class='ocrx_word' id='word_1_696' title='bbox 2081 4222 2145 4260; x_wconf 91' lang='lat' dir='ltr'>ac</span> <span class='ocrx_word' id='word_1_697' title='bbox 2163 4205 2207 4260; x_wconf 92' lang='lat' dir='ltr'>si</span> <span class='ocrx_word' id='word_1_698' title='bbox 2230 4206 2478 4261; x_wconf 90' lang='lat' dir='ltr'>diceret:</span> <span class='ocrx_word' id='word_1_699' title='bbox 2509 4205 2664 4258; x_wconf 84' lang='lat' dir='ltr'>Hanc</span> <span class='ocrx_word' id='word_1_700' title='bbox 2692 4206 2942 4259; x_wconf 91' lang='lat' dir='ltr'>mortem</span> <span class='ocrx_word' id='word_1_701' title='bbox 2965 4219 3081 4258; x_wconf 92' lang='lat' dir='ltr'>non</span> <span class='ocrx_word' id='word_1_702' title='bbox 3102 4202 3181 4257; x_wconf 91' lang='lat' dir='ltr'>sic</span> <span class='ocrx_word' id='word_1_703' title='bbox 3211 4200 3353 4256; x_wconf 89' lang='lat' dir='ltr'>mihi</span> <span class='ocrx_word' id='word_1_704' title='bbox 3371 4200 3680 4273; x_wconf 86' lang='lat' dir='ltr'>parabunt,</span> 
     </span>
    </p>
   </div>
   <div class='ocr_carea' id='block_1_92' title="bbox 380 4286 3683 4369">
    <p class='ocr_par' dir='ltr' id='par_1_92' title="bbox 380 4286 3683 4369">
     <span class='ocr_line' id='line_1_92' title="bbox 380 4286 3683 4369; baseline 0.001 -28"><span class='ocrx_word' id='word_1_705' title='bbox 380 4286 593 4358; x_wconf 88' lang='lat' dir='ltr'>ubique</span> <span class='ocrx_word' id='word_1_706' title='bbox 636 4290 998 4345; x_wconf 87' lang='lat' dir='ltr'>conculcantes</span> <span class='ocrx_word' id='word_1_707' title='bbox 1037 4308 1138 4360; x_wconf 88' lang='lat' dir='ltr'>me,</span> <span class='ocrx_word' id='word_1_708' title='bbox 1179 4291 1239 4347; x_wconf 91' lang='lat' dir='ltr'>id</span> <span class='ocrx_word' id='word_1_709' title='bbox 1279 4295 1363 4346; x_wconf 90' lang='lat' dir='ltr'>est</span> <span class='ocrx_word' id='word_1_710' title='bbox 1398 4292 1624 4347; x_wconf 69' lang='lat' dir='ltr'>Judtros</span> <span class='ocrx_word' id='word_1_711' title='bbox 1680 4290 1983 4361; x_wconf 81' lang='lat' dir='ltr'>afﬁgentes</span> <span class='ocrx_word' id='word_1_712' title='bbox 2005 4310 2057 4369; x_wconf 84' lang='lat' dir='ltr'><strong>D</strong></span> <span class='ocrx_word' id='word_1_713' title='bbox 2080 4296 2142 4348; x_wconf 92' lang='lat' dir='ltr'>ut</span> <span class='ocrx_word' id='word_1_714' title='bbox 2164 4294 2449 4365; x_wconf 87' lang='lat' dir='ltr'>ignorem,</span> <span class='ocrx_word' id='word_1_715' title='bbox 2478 4292 2599 4357; x_wconf 90' lang='lat' dir='ltr'>sed,</span> <span class='ocrx_word' id='word_1_716' title='bbox 2625 4292 2766 4347; x_wconf 89' lang='lat' dir='ltr'>sicut</span> <span class='ocrx_word' id='word_1_717' title='bbox 2786 4292 2859 4346; x_wconf 90' lang='lat' dir='ltr'>sit</span> <span class='ocrx_word' id='word_1_718' title='bbox 2882 4298 3004 4346; x_wconf 90' lang='lat' dir='ltr'>ante</span> <span class='ocrx_word' id='word_1_719' title='bbox 3020 4292 3237 4362; x_wconf 86' lang='lat' dir='ltr'>faciem,</span> <span class='ocrx_word' id='word_1_720' title='bbox 3261 4289 3320 4344; x_wconf 92' lang='lat' dir='ltr'>id</span> <span class='ocrx_word' id='word_1_721' title='bbox 3364 4294 3449 4344; x_wconf 89' lang='lat' dir='ltr'>est</span> <span class='ocrx_word' id='word_1_722' title='bbox 3484 4289 3683 4361; x_wconf 88' lang='lat' dir='ltr'>cogni-</span> 
     </span>
    </p>
   </div>
   <div class='ocr_carea' id='block_1_93' title="bbox 380 4378 1983 4451">
    <p class='ocr_par' dir='ltr' id='par_1_93' title="bbox 380 4378 1983 4451">
     <span class='ocr_line' id='line_1_93' title="bbox 380 4378 1983 4451; baseline 0.002 -22"><span class='ocrx_word' id='word_1_723' title='bbox 380 4390 478 4429; x_wconf 91' lang='lat' dir='ltr'>me</span> <span class='ocrx_word' id='word_1_724' title='bbox 509 4380 695 4431; x_wconf 89' lang='lat' dir='ltr'>morte</span> <span class='ocrx_word' id='word_1_725' title='bbox 727 4380 785 4431; x_wconf 87' lang='lat' dir='ltr'>et</span> <span class='ocrx_word' id='word_1_726' title='bbox 826 4378 1260 4451; x_wconf 84' lang='lat' dir='ltr'>vilipeudentes,</span> <span class='ocrx_word' id='word_1_727' title='bbox 1289 4396 1322 4434; x_wconf 90' lang='lat' dir='ltr'>a</span> <span class='ocrx_word' id='word_1_728' title='bbox 1353 4379 1727 4435; x_wconf 87' lang='lat' dir='ltr'>similitudine</span> <span class='ocrx_word' id='word_1_729' title='bbox 1770 4379 1855 4434; x_wconf 90' lang='lat' dir='ltr'>rei</span> <span class='ocrx_word' id='word_1_730' title='bbox 1907 4380 1983 4435; x_wconf 86' lang='lat' dir='ltr'>vi-</span> 
     </span>
    </p>
   </div>
   <div class='ocr_carea' id='block_1_94' title="bbox 379 4462 1208 4536">
    <p class='ocr_par' dir='ltr' id='par_1_94' title="bbox 379 4462 1208 4536">
     <span class='ocr_line' id='line_1_94' title="bbox 379 4462 1208 4536; baseline 0.005 -18"><span class='ocrx_word' id='word_1_731' title='bbox 379 4462 631 4531; x_wconf 66' lang='lat' dir='ltr'>lissimae,</span> <span class='ocrx_word' id='word_1_732' title='bbox 673 4481 799 4536; x_wconf 69' lang='lat' dir='ltr'>quae</span> <span class='ocrx_word' id='word_1_733' title='bbox 826 4468 1208 4523; x_wconf 88' lang='lat' dir='ltr'>conculcatur.</span> 
     </span>
    </p>
   </div>
   <div class='ocr_carea' id='block_1_95' title="bbox 453 4551 1984 4629">
    <p class='ocr_par' dir='ltr' id='par_1_95' title="bbox 453 4551 1984 4629">
     <span class='ocr_line' id='line_1_95' title="bbox 453 4551 1984 4629; baseline 0.003 -23"><span class='ocrx_word' id='word_1_734' title='bbox 453 4551 600 4616; x_wconf 86' lang='lat' dir='ltr'>Quia</span> <span class='ocrx_word' id='word_1_735' title='bbox 624 4568 756 4607; x_wconf 91' lang='lat' dir='ltr'>vero</span> <span class='ocrx_word' id='word_1_736' title='bbox 780 4553 1019 4624; x_wconf 81' lang='lat' dir='ltr'>dixerat,</span> <span class='ocrx_word' id='word_1_737' title='bbox 1052 4559 1196 4611; x_wconf 81' lang='lat' dir='ltr'>misit</span> <span class='ocrx_word' id='word_1_738' title='bbox 1224 4557 1288 4611; x_wconf 85' lang='lat' dir='ltr'>de</span> <span class='ocrx_word' id='word_1_739' title='bbox 1311 4558 1453 4624; x_wconf 83' lang='lat' dir='ltr'>caelo,</span> <span class='ocrx_word' id='word_1_740' title='bbox 1487 4559 1544 4610; x_wconf 91' lang='lat' dir='ltr'>et</span> <span class='ocrx_word' id='word_1_741' title='bbox 1566 4573 1683 4612; x_wconf 91' lang='lat' dir='ltr'>non</span> <span class='ocrx_word' id='word_1_742' title='bbox 1714 4572 1984 4629; x_wconf 86' lang='lat' dir='ltr'>exposue-</span> 
     </span>
    </p>
   </div>
   <div class='ocr_carea' id='block_1_96' title="bbox 378 4639 1984 4713">
    <p class='ocr_par' dir='ltr' id='par_1_96' title="bbox 378 4639 1984 4713">
     <span class='ocr_line' id='line_1_96' title="bbox 378 4639 1984 4713; baseline 0.003 -17"><span class='ocrx_word' id='word_1_743' title='bbox 378 4641 472 4696; x_wconf 84' lang='lat' dir='ltr'>rat</span> <span class='ocrx_word' id='word_1_744' title='bbox 510 4639 648 4713; x_wconf 91' lang='lat' dir='ltr'>quid</span> <span class='ocrx_word' id='word_1_745' title='bbox 695 4642 862 4709; x_wconf 80' lang='lat' dir='ltr'>misit,</span> <span class='ocrx_word' id='word_1_746' title='bbox 906 4645 963 4697; x_wconf 90' lang='lat' dir='ltr'>et</span> <span class='ocrx_word' id='word_1_747' title='bbox 1006 4644 1181 4699; x_wconf 87' lang='lat' dir='ltr'>etiam</span> <span class='ocrx_word' id='word_1_748' title='bbox 1224 4645 1445 4702; x_wconf 86' lang='lat' dir='ltr'>dixerat</span> <span class='ocrx_word' id='word_1_749' title='bbox 1478 4644 1745 4700; x_wconf 89' lang='lat' dir='ltr'>liberabit</span> <span class='ocrx_word' id='word_1_750' title='bbox 1770 4663 1885 4710; x_wconf 85' lang='lat' dir='ltr'>me;</span> <span class='ocrx_word' id='word_1_751' title='bbox 1926 4649 1984 4701; x_wconf 91' lang='lat' dir='ltr'>et</span> 
     </span>
    </p>
   </div>
   <div class='ocr_carea' id='block_1_97' title="bbox 382 4728 1981 4805">
    <p class='ocr_par' dir='ltr' id='par_1_97' title="bbox 382 4728 1981 4805">
     <span class='ocr_line' id='line_1_97' title="bbox 382 4728 1981 4805; baseline 0.003 -22"><span class='ocrx_word' id='word_1_752' title='bbox 382 4745 499 4784; x_wconf 90' lang='lat' dir='ltr'>non</span> <span class='ocrx_word' id='word_1_753' title='bbox 523 4728 853 4783; x_wconf 88' lang='lat' dir='ltr'>ostenderat</span> <span class='ocrx_word' id='word_1_754' title='bbox 870 4746 903 4783; x_wconf 92' lang='lat' dir='ltr'>a</span> <span class='ocrx_word' id='word_1_755' title='bbox 915 4730 1120 4801; x_wconf 89' lang='lat' dir='ltr'>quibus</span> <span class='ocrx_word' id='word_1_756' title='bbox 1136 4732 1491 4798; x_wconf 88' lang='lat' dir='ltr'>liberabit,ex</span> <span class='ocrx_word' id='word_1_757' title='bbox 1498 4733 1663 4803; x_wconf 88' lang='lat' dir='ltr'>ponit</span> <span class='ocrx_word' id='word_1_758' title='bbox 1675 4736 1981 4805; x_wconf 91' lang='lat' dir='ltr'>utrumque</span> 
     </span>
    </p>
   </div>
   <div class='ocr_carea' id='block_1_98' title="bbox 380 4817 1983 4893">
    <p class='ocr_par' dir='ltr' id='par_1_98' title="bbox 380 4817 1983 4893">
     <span class='ocr_line' id='line_1_98' title="bbox 380 4817 1983 4893; baseline 0.002 -22"><span class='ocrx_word' id='word_1_759' title='bbox 380 4833 513 4872; x_wconf 89' lang='lat' dir='ltr'>cum</span> <span class='ocrx_word' id='word_1_760' title='bbox 535 4817 899 4889; x_wconf 72' lang='lat' dir='ltr'>repetitione,</span> <span class='ocrx_word' id='word_1_761' title='bbox 915 4818 1014 4873; x_wconf 90' lang='lat' dir='ltr'>sic.</span> <span class='ocrx_word' id='word_1_762' title='bbox 1034 4819 1215 4887; x_wconf 82' lang='lat' dir='ltr'>Misit,</span> <span class='ocrx_word' id='word_1_763' title='bbox 1240 4821 1505 4893; x_wconf 86' lang='lat' dir='ltr'>inquam,</span> <span class='ocrx_word' id='word_1_764' title='bbox 1520 4822 1665 4875; x_wconf 88' lang='lat' dir='ltr'>Deus</span> <span class='ocrx_word' id='word_1_765' title='bbox 1690 4824 1983 4877; x_wconf 86' lang='lat' dir='ltr'>misericor-</span> 
     </span>
    </p>
   </div>
   <div class='ocr_carea' id='block_1_99' title="bbox 378 4906 1979 4977">
    <p class='ocr_par' dir='ltr' id='par_1_99' title="bbox 378 4906 1979 4977">
     <span class='ocr_line' id='line_1_99' title="bbox 378 4906 1979 4977; baseline 0.004 -18"><span class='ocrx_word' id='word_1_766' title='bbox 378 4906 526 4960; x_wconf 87' lang='lat' dir='ltr'>diam</span> <span class='ocrx_word' id='word_1_767' title='bbox 549 4922 700 4960; x_wconf 88' lang='lat' dir='ltr'>suam</span> <span class='ocrx_word' id='word_1_768' title='bbox 720 4912 769 4960; x_wconf 91' lang='lat' dir='ltr'>et</span> <span class='ocrx_word' id='word_1_769' title='bbox 796 4909 1067 4962; x_wconf 86' lang='lat' dir='ltr'>veritatem</span> <span class='ocrx_word' id='word_1_770' title='bbox 1094 4912 1335 4977; x_wconf 83' lang='lat' dir='ltr'>suam,ut</span> <span class='ocrx_word' id='word_1_771' title='bbox 1357 4909 1498 4964; x_wconf 84' lang='lat' dir='ltr'>mihi</span> <span class='ocrx_word' id='word_1_772' title='bbox 1533 4910 1794 4965; x_wconf 89' lang='lat' dir='ltr'>uniretur</span> <span class='ocrx_word' id='word_1_773' title='bbox 1824 4910 1979 4965; x_wconf 91' lang='lat' dir='ltr'>idem</span> 
     </span>
    </p>
   </div>
   <div class='ocr_carea' id='block_1_100' title="bbox 379 4994 1979 5069">
    <p class='ocr_par' dir='ltr' id='par_1_100' title="bbox 379 4994 1979 5069">
     <span class='ocr_line' id='line_1_100' title="bbox 379 4994 1979 5069; baseline 0.004 -22"><span class='ocrx_word' id='word_1_774' title='bbox 379 4994 654 5061; x_wconf 82' lang='lat' dir='ltr'>Verbum,</span> <span class='ocrx_word' id='word_1_775' title='bbox 678 5001 728 5048; x_wconf 89' lang='lat' dir='ltr'>et</span> <span class='ocrx_word' id='word_1_776' title='bbox 741 5009 845 5066; x_wconf 91' lang='lat' dir='ltr'>per</span> <span class='ocrx_word' id='word_1_777' title='bbox 864 4994 1051 5067; x_wconf 88' lang='lat' dir='ltr'>ipsum</span> <span class='ocrx_word' id='word_1_778' title='bbox 1072 4996 1318 5052; x_wconf 89' lang='lat' dir='ltr'>Verbum</span> <span class='ocrx_word' id='word_1_779' title='bbox 1337 5000 1571 5051; x_wconf 88' lang='lat' dir='ltr'>animam</span> <span class='ocrx_word' id='word_1_780' title='bbox 1584 5016 1753 5053; x_wconf 85' lang='lat' dir='ltr'>meam</span> <span class='ocrx_word' id='word_1_781' title='bbox 1766 5000 1979 5069; x_wconf 60' lang='lat' dir='ltr'>eripuit,</span> 
     </span>
    </p>
   </div>
   <div class='ocr_carea' id='block_1_101' title="bbox 379 5082 1981 5155">
    <p class='ocr_par' dir='ltr' id='par_1_101' title="bbox 379 5082 1981 5155">
     <span class='ocr_line' id='line_1_101' title="bbox 379 5082 1981 5155; baseline 0.002 -18"><span class='ocrx_word' id='word_1_782' title='bbox 379 5082 439 5137; x_wconf 93' lang='lat' dir='ltr'>id</span> <span class='ocrx_word' id='word_1_783' title='bbox 469 5085 553 5138; x_wconf 89' lang='lat' dir='ltr'>est</span> <span class='ocrx_word' id='word_1_784' title='bbox 584 5083 790 5155; x_wconf 90' lang='lat' dir='ltr'>eripiet</span> <span class='ocrx_word' id='word_1_785' title='bbox 819 5084 882 5137; x_wconf 89' lang='lat' dir='ltr'>de</span> <span class='ocrx_word' id='word_1_786' title='bbox 913 5085 1087 5139; x_wconf 88' lang='lat' dir='ltr'>medio</span> <span class='ocrx_word' id='word_1_787' title='bbox 1118 5086 1413 5139; x_wconf 85' lang='lat' dir='ltr'>catulorum</span> <span class='ocrx_word' id='word_1_788' title='bbox 1445 5086 1672 5153; x_wconf 87' lang='lat' dir='ltr'>leonum,</span> <span class='ocrx_word' id='word_1_789' title='bbox 1706 5087 1763 5141; x_wconf 92' lang='lat' dir='ltr'>id</span> <span class='ocrx_word' id='word_1_790' title='bbox 1792 5090 1878 5141; x_wconf 92' lang='lat' dir='ltr'>est</span> <span class='ocrx_word' id='word_1_791' title='bbox 1911 5086 1981 5140; x_wconf 91' lang='lat' dir='ltr'>de</span> 
     </span>
    </p>
   </div>
   <div class='ocr_carea' id='block_1_102' title="bbox 379 5171 1983 5243">
    <p class='ocr_par' dir='ltr' id='par_1_102' title="bbox 379 5171 1983 5243">
     <span class='ocr_line' id='line_1_102' title="bbox 379 5171 1983 5243; baseline 0.001 -17"><span class='ocrx_word' id='word_1_792' title='bbox 379 5171 681 5226; x_wconf 87' lang='lat' dir='ltr'>communi</span> <span class='ocrx_word' id='word_1_793' title='bbox 700 5171 983 5227; x_wconf 89' lang='lat' dir='ltr'>desiderio</span> <span class='ocrx_word' id='word_1_794' title='bbox 1002 5173 1181 5243; x_wconf 87' lang='lat' dir='ltr'>plebis</span> <span class='ocrx_word' id='word_1_795' title='bbox 1200 5174 1468 5241; x_wconf 63' lang='lat' dir='ltr'>Iudaicae,</span> <span class='ocrx_word' id='word_1_796' title='bbox 1498 5175 1873 5229; x_wconf 89' lang='lat' dir='ltr'>desiderantis</span> <span class='ocrx_word' id='word_1_797' title='bbox 1888 5191 1983 5228; x_wconf 91' lang='lat' dir='ltr'>me</span> 
     </span>
    </p>
   </div>
   <div class='ocr_carea' id='block_1_103' title="bbox 380 5257 1981 5339">
    <p class='ocr_par' dir='ltr' id='par_1_103' title="bbox 380 5257 1981 5339">
     <span class='ocr_line' id='line_1_103' title="bbox 380 5257 1981 5339; baseline 0.001 -26"><span class='ocrx_word' id='word_1_798' title='bbox 380 5257 443 5313; x_wconf 87' lang='lat' dir='ltr'>in</span> <span class='ocrx_word' id='word_1_799' title='bbox 459 5261 648 5314; x_wconf 88' lang='lat' dir='ltr'>morte</span> <span class='ocrx_word' id='word_1_800' title='bbox 671 5257 959 5314; x_wconf 87' lang='lat' dir='ltr'>detinere:</span> <span class='ocrx_word' id='word_1_801' title='bbox 979 5259 1114 5339; x_wconf 70' lang='lat' dir='ltr'>Quae</span> <span class='ocrx_word' id='word_1_802' title='bbox 1136 5261 1296 5332; x_wconf 90' lang='lat' dir='ltr'>plebs</span> <span class='ocrx_word' id='word_1_803' title='bbox 1312 5278 1416 5334; x_wconf 90' lang='lat' dir='ltr'>per</span> <span class='ocrx_word' id='word_1_804' title='bbox 1443 5260 1883 5317; x_wconf 91' lang='lat' dir='ltr'>similitudinem</span> <span class='ocrx_word' id='word_1_805' title='bbox 1897 5261 1981 5316; x_wconf 88' lang='lat' dir='ltr'>di-</span> 
     </span>
    </p>
   </div>
   <div class='ocr_carea' id='block_1_104' title="bbox 381 5345 1981 5420">
    <p class='ocr_par' dir='ltr' id='par_1_104' title="bbox 381 5345 1981 5420">
     <span class='ocr_line' id='line_1_104' title="bbox 381 5345 1981 5420; baseline 0.003 -20"><span class='ocrx_word' id='word_1_806' title='bbox 381 5345 529 5401; x_wconf 88' lang='lat' dir='ltr'>citur</span> <span class='ocrx_word' id='word_1_807' title='bbox 558 5347 729 5401; x_wconf 86' lang='lat' dir='ltr'>catuli</span> <span class='ocrx_word' id='word_1_808' title='bbox 759 5348 1017 5416; x_wconf 88' lang='lat' dir='ltr'>leonum,</span> <span class='ocrx_word' id='word_1_809' title='bbox 1048 5349 1106 5403; x_wconf 91' lang='lat' dir='ltr'>id</span> <span class='ocrx_word' id='word_1_810' title='bbox 1137 5353 1221 5404; x_wconf 90' lang='lat' dir='ltr'>est</span> <span class='ocrx_word' id='word_1_811' title='bbox 1245 5349 1569 5420; x_wconf 89' lang='lat' dir='ltr'>principum</span> <span class='ocrx_word' id='word_1_812' title='bbox 1599 5354 1662 5404; x_wconf 89' lang='lat' dir='ltr'>ut</span> <span class='ocrx_word' id='word_1_813' title='bbox 1687 5350 1883 5404; x_wconf 89' lang='lat' dir='ltr'>leones</span> <span class='ocrx_word' id='word_1_814' title='bbox 1896 5349 1981 5404; x_wconf 88' lang='lat' dir='ltr'>fe-</span> 
     </span>
    </p>
   </div>
   <div class='ocr_carea' id='block_1_105' title="bbox 375 5433 1985 5510">
    <p class='ocr_par' dir='ltr' id='par_1_105' title="bbox 375 5433 1985 5510">
     <span class='ocr_line' id='line_1_105' title="bbox 375 5433 1985 5510; baseline 0.003 -23"><span class='ocrx_word' id='word_1_815' title='bbox 375 5433 624 5503; x_wconf 81' lang='lat' dir='ltr'>racium,</span> <span class='ocrx_word' id='word_1_816' title='bbox 655 5451 725 5490; x_wconf 90' lang='lat' dir='ltr'>eo</span> <span class='ocrx_word' id='word_1_817' title='bbox 751 5436 908 5507; x_wconf 90' lang='lat' dir='ltr'>puod</span> <span class='ocrx_word' id='word_1_818' title='bbox 927 5436 1049 5507; x_wconf 91' lang='lat' dir='ltr'>ipsa</span> <span class='ocrx_word' id='word_1_819' title='bbox 1069 5436 1227 5508; x_wconf 89' lang='lat' dir='ltr'>plebs</span> <span class='ocrx_word' id='word_1_820' title='bbox 1248 5454 1282 5491; x_wconf 87' lang='lat' dir='ltr'>a</span> <span class='ocrx_word' id='word_1_821' title='bbox 1310 5437 1663 5510; x_wconf 86' lang='lat' dir='ltr'>principibus</span> <span class='ocrx_word' id='word_1_822' title='bbox 1681 5437 1739 5491; x_wconf 88' lang='lat' dir='ltr'>in</span> <span class='ocrx_word' id='word_1_823' title='bbox 1763 5437 1985 5493; x_wconf 89' lang='lat' dir='ltr'>malitia</span> 
     </span>
    </p>
   </div>
   <div class='ocr_carea' id='block_1_106' title="bbox 379 5522 1980 5599">
    <p class='ocr_par' dir='ltr' id='par_1_106' title="bbox 379 5522 1980 5599">
     <span class='ocr_line' id='line_1_106' title="bbox 379 5522 1980 5599; baseline 0.005 -24"><span class='ocrx_word' id='word_1_824' title='bbox 379 5523 716 5594; x_wconf 77' lang='lat' dir='ltr'>generando.</span> <span class='ocrx_word' id='word_1_825' title='bbox 745 5523 836 5594; x_wconf 88' lang='lat' dir='ltr'>sit,</span> <span class='ocrx_word' id='word_1_826' title='bbox 870 5522 1013 5579; x_wconf 87' lang='lat' dir='ltr'>sicut</span> <span class='ocrx_word' id='word_1_827' title='bbox 1053 5540 1088 5579; x_wconf 86' lang='lat' dir='ltr'>a</span> <span class='ocrx_word' id='word_1_828' title='bbox 1116 5524 1379 5583; x_wconf 89' lang='lat' dir='ltr'>leonibus</span> <span class='ocrx_word' id='word_1_829' title='bbox 1406 5526 1578 5582; x_wconf 86' lang='lat' dir='ltr'>catuli</span> <span class='ocrx_word' id='word_1_830' title='bbox 1608 5529 1980 5599; x_wconf 87' lang='lat' dir='ltr'>generantur.</span> 
     </span>
    </p>
   </div>
   <div class='ocr_carea' id='block_1_107' title="bbox 2080 4379 3682 4447">
    <p class='ocr_par' dir='ltr' id='par_1_107' title="bbox 2080 4379 3682 4447">
     <span class='ocr_line' id='line_1_107' title="bbox 2080 4379 3682 4447; baseline -0.004 -10"><span class='ocrx_word' id='word_1_831' title='bbox 2080 4384 2300 4439; x_wconf 90' lang='lat' dir='ltr'>tionem</span> <span class='ocrx_word' id='word_1_832' title='bbox 2333 4398 2546 4436; x_wconf 91' lang='lat' dir='ltr'>meam.</span> <span class='ocrx_word' id='word_1_833' title='bbox 2570 4380 2649 4435; x_wconf 86' lang='lat' dir='ltr'>Et</span> <span class='ocrx_word' id='word_1_834' title='bbox 2668 4380 3060 4447; x_wconf 87' lang='lat' dir='ltr'>inciderunt,id</span> <span class='ocrx_word' id='word_1_835' title='bbox 3089 4382 3175 4435; x_wconf 86' lang='lat' dir='ltr'>est</span> <span class='ocrx_word' id='word_1_836' title='bbox 3201 4379 3461 4434; x_wconf 87' lang='lat' dir='ltr'>incident</span> <span class='ocrx_word' id='word_1_837' title='bbox 3490 4382 3545 4433; x_wconf 89' lang='lat' dir='ltr'>in</span> <span class='ocrx_word' id='word_1_838' title='bbox 3564 4396 3682 4433; x_wconf 88' lang='lat' dir='ltr'>eam</span> 
     </span>
    </p>
   </div>
   <div class='ocr_carea' id='block_1_108' title="bbox 2079 4467 3681 4538">
    <p class='ocr_par' dir='ltr' id='par_1_108' title="bbox 2079 4467 3681 4538">
     <span class='ocr_line' id='line_1_108' title="bbox 2079 4467 3681 4538; baseline -0.004 -12"><span class='ocrx_word' id='word_1_839' title='bbox 2079 4472 2326 4526; x_wconf 87' lang='lat' dir='ltr'>foveam.</span> <span class='ocrx_word' id='word_1_840' title='bbox 2346 4469 2510 4534; x_wconf 87' lang='lat' dir='ltr'>Quod</span> <span class='ocrx_word' id='word_1_841' title='bbox 2524 4473 2607 4523; x_wconf 86' lang='lat' dir='ltr'>est</span> <span class='ocrx_word' id='word_1_842' title='bbox 2628 4469 2816 4523; x_wconf 90' lang='lat' dir='ltr'>dicere</span> <span class='ocrx_word' id='word_1_843' title='bbox 2847 4484 2861 4523; x_wconf 88' lang='lat'><strong>:</strong></span> <span class='ocrx_word' id='word_1_844' title='bbox 2888 4469 3026 4523; x_wconf 89' lang='lat' dir='ltr'>Cum</span> <span class='ocrx_word' id='word_1_845' title='bbox 3054 4467 3195 4522; x_wconf 90' lang='lat' dir='ltr'>mihi</span> <span class='ocrx_word' id='word_1_846' title='bbox 3211 4470 3418 4538; x_wconf 87' lang='lat' dir='ltr'>parent</span> <span class='ocrx_word' id='word_1_847' title='bbox 3431 4470 3681 4521; x_wconf 89' lang='lat' dir='ltr'>mortem</span> 
     </span>
    </p>
   </div>
   <div class='ocr_carea' id='block_1_109' title="bbox 2081 4552 3685 4625">
    <p class='ocr_par' dir='ltr' id='par_1_109' title="bbox 2081 4552 3685 4625">
     <span class='ocr_line' id='line_1_109' title="bbox 2081 4552 3685 4625; baseline -0.004 -11"><span class='ocrx_word' id='word_1_848' title='bbox 2081 4562 2491 4624; x_wconf 62' lang='lat' dir='ltr'>asternam,me</span> <span class='ocrx_word' id='word_1_849' title='bbox 2522 4556 2932 4623; x_wconf 83' lang='lat' dir='ltr'>liberato,indc</span> <span class='ocrx_word' id='word_1_850' title='bbox 2962 4556 3170 4611; x_wconf 87' lang='lat' dir='ltr'>cadent</span> <span class='ocrx_word' id='word_1_851' title='bbox 3199 4555 3302 4625; x_wconf 88' lang='lat' dir='ltr'>ipsi</span> <span class='ocrx_word' id='word_1_852' title='bbox 3333 4555 3391 4608; x_wconf 90' lang='lat' dir='ltr'>in</span> <span class='ocrx_word' id='word_1_853' title='bbox 3420 4570 3573 4619; x_wconf 89' lang='lat' dir='ltr'>eam,</span> <span class='ocrx_word' id='word_1_854' title='bbox 3606 4552 3685 4607; x_wconf 88' lang='lat' dir='ltr'>sic</span> 
     </span>
    </p>
   </div>
   <div class='ocr_carea' id='block_1_110' title="bbox 2082 4642 3687 4719">
    <p class='ocr_par' dir='ltr' id='par_1_110' title="bbox 2082 4642 3687 4719">
     <span class='ocr_line' id='line_1_110' title="bbox 2082 4642 3687 4719; baseline -0.003 -18"><span class='ocrx_word' id='word_1_855' title='bbox 2082 4649 2145 4701; x_wconf 88' lang='lat' dir='ltr'>ut</span> <span class='ocrx_word' id='word_1_856' title='bbox 2169 4662 2467 4719; x_wconf 89' lang='lat' dir='ltr'>nunquam</span> <span class='ocrx_word' id='word_1_857' title='bbox 2497 4644 2631 4699; x_wconf 91' lang='lat' dir='ltr'>inde</span> <span class='ocrx_word' id='word_1_858' title='bbox 2663 4648 2969 4715; x_wconf 90' lang='lat' dir='ltr'>emergant</span> <span class='ocrx_word' id='word_1_859' title='bbox 3000 4661 3013 4698; x_wconf 88' lang='lat'><strong>:</strong></span> <span class='ocrx_word' id='word_1_860' title='bbox 3047 4661 3082 4699; x_wconf 91' lang='lat' dir='ltr'>a</span> <span class='ocrx_word' id='word_1_861' title='bbox 3128 4643 3501 4698; x_wconf 87' lang='lat' dir='ltr'>similitudine</span> <span class='ocrx_word' id='word_1_862' title='bbox 3537 4642 3687 4697; x_wconf 88' lang='lat' dir='ltr'>illius</span> 
     </span>
    </p>
   </div>
   <div class='ocr_carea' id='block_1_111' title="bbox 2083 4729 3685 4807">
    <p class='ocr_par' dir='ltr' id='par_1_111' title="bbox 2083 4729 3685 4807">
     <span class='ocr_line' id='line_1_111' title="bbox 2083 4729 3685 4807; baseline -0.003 -19"><span class='ocrx_word' id='word_1_863' title='bbox 2083 4734 2179 4807; x_wconf 89' lang='lat' dir='ltr'>qui</span> <span class='ocrx_word' id='word_1_864' title='bbox 2209 4750 2340 4788; x_wconf 91' lang='lat' dir='ltr'>cum</span> <span class='ocrx_word' id='word_1_865' title='bbox 2369 4733 2595 4788; x_wconf 86' lang='lat' dir='ltr'>foveam</span> <span class='ocrx_word' id='word_1_866' title='bbox 2624 4731 2933 4799; x_wconf 82' lang='lat' dir='ltr'>foderit,ut</span> <span class='ocrx_word' id='word_1_867' title='bbox 2962 4731 3353 4803; x_wconf 89' lang='lat' dir='ltr'>quemlibetin</span> <span class='ocrx_word' id='word_1_868' title='bbox 3382 4747 3512 4786; x_wconf 91' lang='lat' dir='ltr'>eam</span> <span class='ocrx_word' id='word_1_869' title='bbox 3540 4729 3685 4800; x_wconf 86' lang='lat' dir='ltr'>deji-</span> 
     </span>
    </p>
   </div>
   <div class='ocr_carea' id='block_1_112' title="bbox 2083 4818 3686 4894">
    <p class='ocr_par' dir='ltr' id='par_1_112' title="bbox 2083 4818 3686 4894">
     <span class='ocr_line' id='line_1_112' title="bbox 2083 4818 3686 4894; baseline -0.002 -17"><span class='ocrx_word' id='word_1_870' title='bbox 2083 4822 2213 4889; x_wconf 89' lang='lat' dir='ltr'>ciat,</span> <span class='ocrx_word' id='word_1_871' title='bbox 2230 4820 2417 4894; x_wconf 89' lang='lat' dir='ltr'>ipsein</span> <span class='ocrx_word' id='word_1_872' title='bbox 2441 4836 2573 4875; x_wconf 89' lang='lat' dir='ltr'>eam</span> <span class='ocrx_word' id='word_1_873' title='bbox 2594 4819 2878 4887; x_wconf 88' lang='lat' dir='ltr'>cadit,nec</span> <span class='ocrx_word' id='word_1_874' title='bbox 2907 4823 3106 4889; x_wconf 89' lang='lat' dir='ltr'>postea</span> <span class='ocrx_word' id='word_1_875' title='bbox 3126 4820 3397 4890; x_wconf 81' lang='lat' dir='ltr'>exsurgit.</span> <span class='ocrx_word' id='word_1_876' title='bbox 3422 4818 3686 4875; x_wconf 85' lang='lat' dir='ltr'>Ostendit</span> 
     </span>
    </p>
   </div>
   <div class='ocr_carea' id='block_1_113' title="bbox 2082 4907 3686 4981">
    <p class='ocr_par' dir='ltr' id='par_1_113' title="bbox 2082 4907 3686 4981">
     <span class='ocr_line' id='line_1_113' title="bbox 2082 4907 3686 4981; baseline -0.003 -16"><span class='ocrx_word' id='word_1_877' title='bbox 2082 4927 2216 4965; x_wconf 91' lang='lat' dir='ltr'>vero</span> <span class='ocrx_word' id='word_1_878' title='bbox 2247 4910 2539 4981; x_wconf 88' lang='lat' dir='ltr'>quomodo</span> <span class='ocrx_word' id='word_1_879' title='bbox 2576 4909 2758 4979; x_wconf 87' lang='lat' dir='ltr'>ipsam</span> <span class='ocrx_word' id='word_1_880' title='bbox 2793 4912 3041 4964; x_wconf 89' lang='lat' dir='ltr'>mortem</span> <span class='ocrx_word' id='word_1_881' title='bbox 3075 4908 3177 4963; x_wconf 90' lang='lat' dir='ltr'>sibi</span> <span class='ocrx_word' id='word_1_882' title='bbox 3209 4907 3521 4980; x_wconf 78' lang='lat' dir='ltr'>parabunt,</span> <span class='ocrx_word' id='word_1_883' title='bbox 3551 4923 3686 4961; x_wconf 89' lang='lat' dir='ltr'>cum</span> 
     </span>
    </p>
   </div>
   <div class='ocr_carea' id='block_1_114' title="bbox 2081 4995 3682 5070">
    <p class='ocr_par' dir='ltr' id='par_1_114' title="bbox 2081 4995 3682 5070">
     <span class='ocr_line' id='line_1_114' title="bbox 2081 4995 3682 5070; baseline -0.001 -17"><span class='ocrx_word' id='word_1_884' title='bbox 2081 4998 2398 5070; x_wconf 89' lang='lat' dir='ltr'>interponit</span> <span class='ocrx_word' id='word_1_885' title='bbox 2432 5014 2444 5051; x_wconf 91' lang='lat'>:</span> <span class='ocrx_word' id='word_1_886' title='bbox 2477 4998 2654 5051; x_wconf 84' lang='lat' dir='ltr'>dentes</span> <span class='ocrx_word' id='word_1_887' title='bbox 2707 5013 2909 5065; x_wconf 76' lang='lat' dir='ltr'>eorum,</span> <span class='ocrx_word' id='word_1_888' title='bbox 2944 5001 3051 5052; x_wconf 91' lang='lat' dir='ltr'>etc.</span> <span class='ocrx_word' id='word_1_889' title='bbox 3099 5013 3277 5068; x_wconf 89' lang='lat' dir='ltr'>usque</span> <span class='ocrx_word' id='word_1_890' title='bbox 3316 4997 3388 5052; x_wconf 88' lang='lat' dir='ltr'>ad</span> <span class='ocrx_word' id='word_1_891' title='bbox 3430 4995 3682 5051; x_wconf 70' lang='lat' dir='ltr'>exaltare.</span> 
     </span>
    </p>
   </div>
   <div class='ocr_carea' id='block_1_115' title="bbox 2084 5083 3685 5157">
    <p class='ocr_par' dir='ltr' id='par_1_115' title="bbox 2084 5083 3685 5157">
     <span class='ocr_line' id='line_1_115' title="bbox 2084 5083 3685 5157; baseline -0.002 -16"><span class='ocrx_word' id='word_1_892' title='bbox 2084 5086 2247 5150; x_wconf 92' lang='lat' dir='ltr'>Quod</span> <span class='ocrx_word' id='word_1_893' title='bbox 2277 5088 2355 5141; x_wconf 91' lang='lat' dir='ltr'>sic</span> <span class='ocrx_word' id='word_1_894' title='bbox 2392 5084 2783 5140; x_wconf 87' lang='lat' dir='ltr'>continuatur.</span> <span class='ocrx_word' id='word_1_895' title='bbox 2804 5085 3029 5140; x_wconf 87' lang='lat' dir='ltr'>Diceret</span> <span class='ocrx_word' id='word_1_896' title='bbox 3053 5084 3257 5157; x_wconf 87' lang='lat' dir='ltr'>aliquis</span> <span class='ocrx_word' id='word_1_897' title='bbox 3286 5101 3300 5140; x_wconf 88' lang='lat'><strong>:</strong></span> <span class='ocrx_word' id='word_1_898' title='bbox 3331 5085 3517 5149; x_wconf 89' lang='lat' dir='ltr'>Quare</span> <span class='ocrx_word' id='word_1_899' title='bbox 3545 5083 3685 5139; x_wconf 90' lang='lat' dir='ltr'>dicis</span> 
     </span>
    </p>
   </div>
   <div class='ocr_carea' id='block_1_116' title="bbox 2083 5172 3688 5245">
    <p class='ocr_par' dir='ltr' id='par_1_116' title="bbox 2083 5172 3688 5245">
     <span class='ocr_line' id='line_1_116' title="bbox 2083 5172 3688 5245; baseline -0.001 -17"><span class='ocrx_word' id='word_1_900' title='bbox 2083 5174 2237 5245; x_wconf 89' lang='lat' dir='ltr'>quod</span> <span class='ocrx_word' id='word_1_901' title='bbox 2258 5173 2359 5228; x_wconf 81' lang='lat' dir='ltr'>lilii</span> <span class='ocrx_word' id='word_1_902' title='bbox 2384 5172 2688 5228; x_wconf 90' lang='lat' dir='ltr'>hominum</span> <span class='ocrx_word' id='word_1_903' title='bbox 2717 5175 3005 5244; x_wconf 86' lang='lat' dir='ltr'>parabunt</span> <span class='ocrx_word' id='word_1_904' title='bbox 3029 5172 3131 5227; x_wconf 90' lang='lat' dir='ltr'>tibi</span> <span class='ocrx_word' id='word_1_905' title='bbox 3149 5177 3567 5239; x_wconf 87' lang='lat' dir='ltr'>mortem,cum</span> <span class='ocrx_word' id='word_1_906' title='bbox 3590 5187 3688 5226; x_wconf 85' lang='lat' dir='ltr'>ne-</span> 
     </span>
    </p>
   </div>
   <div class='ocr_carea' id='block_1_117' title="bbox 2082 5260 3684 5333">
    <p class='ocr_par' dir='ltr' id='par_1_117' title="bbox 2082 5260 3684 5333">
     <span class='ocr_line' id='line_1_117' title="bbox 2082 5260 3684 5333; baseline -0.003 -16"><span class='ocrx_word' id='word_1_907' title='bbox 2082 5279 2193 5333; x_wconf 91' lang='lat' dir='ltr'>que</span> <span class='ocrx_word' id='word_1_908' title='bbox 2220 5263 2477 5333; x_wconf 85' lang='lat' dir='ltr'>sagittas,</span> <span class='ocrx_word' id='word_1_909' title='bbox 2493 5278 2680 5333; x_wconf 89' lang='lat' dir='ltr'>neque</span> <span class='ocrx_word' id='word_1_910' title='bbox 2693 5262 2971 5333; x_wconf 89' lang='lat' dir='ltr'>gladium,</span> <span class='ocrx_word' id='word_1_911' title='bbox 2990 5277 3179 5333; x_wconf 89' lang='lat' dir='ltr'>neque</span> <span class='ocrx_word' id='word_1_912' title='bbox 3204 5261 3419 5332; x_wconf 88' lang='lat' dir='ltr'>aliquid</span> <span class='ocrx_word' id='word_1_913' title='bbox 3441 5260 3595 5315; x_wconf 89' lang='lat' dir='ltr'>unde</span> <span class='ocrx_word' id='word_1_914' title='bbox 3626 5262 3684 5313; x_wconf 91' lang='lat' dir='ltr'>te</span> 
     </span>
    </p>
   </div>
   <div class='ocr_carea' id='block_1_118' title="bbox 2082 5345 3686 5421">
    <p class='ocr_par' dir='ltr' id='par_1_118' title="bbox 2082 5345 3686 5421">
     <span class='ocr_line' id='line_1_118' title="bbox 2082 5345 3686 5421; baseline -0.001 -17"><span class='ocrx_word' id='word_1_915' title='bbox 2082 5350 2431 5405; x_wconf 83' lang='lat' dir='ltr'>interﬁciant</span> <span class='ocrx_word' id='word_1_916' title='bbox 2460 5354 2660 5405; x_wconf 88' lang='lat' dir='ltr'>contra</span> <span class='ocrx_word' id='word_1_917' title='bbox 2703 5355 2760 5406; x_wconf 91' lang='lat' dir='ltr'>te</span> <span class='ocrx_word' id='word_1_918' title='bbox 2805 5351 2921 5406; x_wconf 90' lang='lat' dir='ltr'>sint</span> <span class='ocrx_word' id='word_1_919' title='bbox 2964 5350 3272 5421; x_wconf 84' lang='lat' dir='ltr'>accepturi.</span> <span class='ocrx_word' id='word_1_920' title='bbox 3303 5349 3391 5404; x_wconf 84' lang='lat' dir='ltr'>Ad</span> <span class='ocrx_word' id='word_1_921' title='bbox 3420 5349 3577 5420; x_wconf 92' lang='lat' dir='ltr'>quod</span> <span class='ocrx_word' id='word_1_922' title='bbox 3606 5345 3686 5402; x_wconf 90' lang='lat' dir='ltr'>sic</span> 
     </span>
    </p>
   </div>
   <div class='ocr_carea' id='block_1_119' title="bbox 2084 5436 3681 5511">
    <p class='ocr_par' dir='ltr' id='par_1_119' title="bbox 2084 5436 3681 5511">
     <span class='ocr_line' id='line_1_119' title="bbox 2084 5436 3681 5511; baseline -0.003 -18"><span class='ocrx_word' id='word_1_923' title='bbox 2084 5438 2220 5493; x_wconf 88' lang='lat' dir='ltr'>dicit</span> <span class='ocrx_word' id='word_1_924' title='bbox 2235 5456 2247 5493; x_wconf 91' lang='lat'>:</span> <span class='ocrx_word' id='word_1_925' title='bbox 2264 5439 2406 5493; x_wconf 89' lang='lat' dir='ltr'>Vere</span> <span class='ocrx_word' id='word_1_926' title='bbox 2424 5438 2567 5494; x_wconf 90' lang='lat' dir='ltr'>mihi</span> <span class='ocrx_word' id='word_1_927' title='bbox 2590 5439 2878 5509; x_wconf 88' lang='lat' dir='ltr'>parabunt</span> <span class='ocrx_word' id='word_1_928' title='bbox 2898 5439 3189 5511; x_wconf 90' lang='lat' dir='ltr'>laqueum,</span> <span class='ocrx_word' id='word_1_929' title='bbox 3220 5436 3276 5491; x_wconf 91' lang='lat' dir='ltr'>id</span> <span class='ocrx_word' id='word_1_930' title='bbox 3301 5440 3388 5492; x_wconf 88' lang='lat' dir='ltr'>est</span> <span class='ocrx_word' id='word_1_931' title='bbox 3407 5438 3681 5492; x_wconf 87' lang='lat' dir='ltr'>mortem.</span> 
     </span>
    </p>
   </div>
   <div class='ocr_carea' id='block_1_120' title="bbox 2084 5525 3683 5603">
    <p class='ocr_par' dir='ltr' id='par_1_120' title="bbox 2084 5525 3683 5603">
     <span class='ocr_line' id='line_1_120' title="bbox 2084 5525 3683 5603; baseline 0.001 -18"><span class='ocrx_word' id='word_1_932' title='bbox 2084 5527 2229 5585; x_wconf 82' lang='lat' dir='ltr'>Nam</span> <span class='ocrx_word' id='word_1_933' title='bbox 2254 5526 2719 5597; x_wconf 84' lang='lat' dir='ltr'>denteseorum,id</span> <span class='ocrx_word' id='word_1_934' title='bbox 2738 5530 2843 5598; x_wconf 87' lang='lat' dir='ltr'>est,</span> <span class='ocrx_word' id='word_1_935' title='bbox 2874 5526 2962 5584; x_wconf 87' lang='lat' dir='ltr'>ira</span> <span class='ocrx_word' id='word_1_936' title='bbox 2991 5529 3050 5584; x_wconf 88' lang='lat' dir='ltr'>et</span> <span class='ocrx_word' id='word_1_937' title='bbox 3074 5525 3274 5584; x_wconf 88' lang='lat' dir='ltr'>odium</span> <span class='ocrx_word' id='word_1_938' title='bbox 3294 5540 3520 5596; x_wconf 88' lang='lat' dir='ltr'>eorum,</span> <span class='ocrx_word' id='word_1_939' title='bbox 3538 5540 3683 5603; x_wconf 61' lang='lat' dir='ltr'>qua</span> 
     </span>
    </p>
   </div>
  </div>
