3970 6040
421 336 530 402 899

1019 330 1085 397 ε.
1120 328 1466 395 BRUNONTS
1505 319 2137 390 CARTHUSIANORUH
2170 319 2638 384 INSTITUTORIS
2676 320 2832 383 OPP.
2872 319 3054 383 PARS
3086 319 3113 382 ῐ

3620 314 3731 383 οοο

352 482 355 483 ⁷
416 459 657 521 altitudo
681 459 781 517 tua
808 474 914 534 per
940 455 1346 514 exultationem
1376 452 1491 509 mei
1542 451 1813 507 humana:
1839 448 2012 503 natu-
2037 445 2096 511 Α
2118 448 2179 504 ni
2207 447 2511 521 iniquitates
2540 446 2613 509 in,
2641 442 2814 502 corde.
2852 442 3100 534 Etenim
3223 445 3410 534 terra,_
3433 436 3498 499 id
3540 441 3632 498 est
3671 439 3737 497 in

415 571 519 622 rae,
552 568 679 626 quae
701 548 942 605 altitudo
969 552 1067 603 tua
1090 546 1266 601 modo
1311 560 1428 599 non
1459 542 1718 613 apparet,
1761 545 1811 592 et
1864 553 2017 608 super

417 658 625 699 omnem
656 646 851 695 terram
875 638 1044 707 gloria
1073 642 1184 700 tua,
1211 634 1320 687 hoc
1336 648 1455 686 non
1489 630 1764 683 mutatur.

918 725 985 778 IN
1012 721 1334 777 PSALMUM
1366 719 1519 772 LVII.

486 818 702 874 Titulus
732 808 1193 886 quinquagesimi
1216 806 1377 862 sexti.
1402 805 1471 858 In
1491 804 1650 873 ﬁnem
1666 818 1728 855 ne
1751 799 2019 873 disperdas

415 910 523 981 ipsi
541 905 721 961 David
746 907 801 958 in
826 902 967 955 tituli
990 899 1325 969 inscriptione
1380 893 1545 958 Quod
1575 891 1651 946 sic
1692 888 2015 981 exponitur.

417 976 677 1056 Dsalmus
706 994 811 1048 iste
841 988 1151 1059 respiciens
1177 988 1231 1038 in
1256 984 1437 1052 ﬁnem,
1459 981 1516 1036 id
1533 983 1618 1034 est
1647 980 1705 1034 in
1728 976 2018 1033 Christum

416 1086 715 1149 admonet,
747 1098 811 1134 ne
840 1081 901 1132 tu
931 1076 1278 1150 quicumque
1310 1070 1578 1141 disperdas
1624 1066 1824 1131 David,
1849 1064 1906 1119 id
1936 1065 2022 1118 est

417 1174 675 1230 destruas
701 1154 947 1240 regnum
993 1162 1199 1218 Christi
1242 1159 1360 1214 veri
1414 1157 1614 1223 David,
1675 1152 2019 1224 deneganda

416 1279 548 1321 eum
581 1276 701 1315 esse
732 1272 953 1327 regem,
980 1251 1399 1306 incommutata
1448 1244 1600 1300 tituli
1650 1240 2021 1313 inscriptione

415 1350 568 1405 facta
596 1349 696 1419 ipsi
748 1341 951 1409 David,
986 1339 1045 1394 id
1074 1340 1160 1393 est
1191 1335 1433 1391 Christo.
1479 1330 1756 1403 Loquitur
1803 1328 1864 1383 in
1906 1329 2015 1419 hoc

414 1417 638 1509 psalmo
661 1433 951 1503 Propheta
972 1428 1286 1481 adhortans
1312 1422 1558 1488 Judaebs,
1578 1423 1641 1474 ut
1665 1434 1800 1509 eum
1825 1417 2022 1509 legant

416 1502 478 1581 in
509 1523 685 1579 veteri
708 1502 835 1592 lege
863 1519 933 1572 de
960 1513 1183 1570 Christo
1214 1514 1271 1566 et
1291 1509 1657 1580 intelligant;
1690 1508 1845 1560 recte
1870 1502 2022 1574 judi-

417 1615 551 1669 cent
575 1612 646 1666 de
677 1625 768 1676 eo,
803 1601 1170 1661 attribuendo
1202 1599 1307 1669 ipsi
1330 1597 1486 1670 quod
1516 1596 1586 1650 de
1635 1610 1702 1649 eo
1728 1592 1859 1647 libri
1886 1607 2019 1662 pro-

415 1704 723 1775 phetarum
745 1695 1079 1766 loquuntur,
1108 1688 1319 1743 scilicet
1345 1701 1480 1740 eum
1510 1700 1629 1739 esse
1644 1698 1865 1754 regem.
1888 1679 2019 1734 Jux-

416 1762 477 1845 ta
507 1787 662 1861 quod
689 1762 934 1841 Micheas
960 1780 1201 1833 testatur
1232 1792 1245 1830 :
1285 1796 1313 1825 «
1346 1773 1505 1827 Exiet
1545 1772 1660 1826 dux
1713 1770 1810 1861 qui
1860 1769 2021 1861 rce—get
2040 1762 2092 1823 B

416 1857 694 1949 pop—ulum
727 1886 925 1928 meum
957 1867 1136 1921 Israel
1167 1864 1355 1935 (Mich.
1382 1880 1435 1929 v,
1463 1862 1578 1934 2).»
1592 1861 1667 1949 Et
1676 1858 1771 1914 alii
1798 1875 1811 1912 :
1848 1878 1876 1908 «
1904 1857 2021 1949 Rex

417 1947 547 2023 tuus
576 1963 735 2032 venit
760 1960 861 2015 tibi
887 1952 1515 2018 mansuetus!Zach.1x,
1533 1953 1598 2018 9;
1631 1947 1740 2002 Isa.
1769 1947 2019 2016 Lu,ll).»

417 2053 746 2110 Notandum
774 2050 968 2103 autem
996 2043 1151 2116 quod
1180 2057 1312 2095 cum
1370 2039 1431 2094 in
1489 2035 1772 2108 superiori
1798 2036 2020 2107 psalmo

418 2141 598 2215 possit
623 2135 886 2194 denotari
910 2128 1254 2191 exhortatio,
1283 2144 1355 2181 ne
1373 2125 1665 2197 corruptio
1684 2124 1785 2178 ﬁat
1797 2122 2018 2179 diverso

419 2212 620 2288 tamen
649 2225 824 2281 modo
856 2226 939 2277 est
970 2220 1069 2275 ibi.
1099 2216 1372 2288 Superius
1388 2214 1544 2270 enim
1574 2213 1800 2285 agendo
1833 2212 1904 2266 de
1930 2228 2024 2266 re-

426 2315 780 2376 surrectione
810 2313 867 2366 et
897 2306 1242 2365 exaltatione
1269 2304 1354 2359 sui
1386 2306 1445 2357 et
1474 2302 1647 2356 totius
1674 2300 1876 2356 mundi
1890 2300 2022 2354 sub-

411 2405 715 2480 jugatione
736 2398 924 2454 innuit
954 2412 1071 2451 non
1103 2409 1225 2447 esse
1245 2390 1736 2461 corrumpendam
1762 2387 1910 2445 tituli
1936 2387 2023 2441 in-

421 2477 813 2565 scriptionem.
847 2487 947 2541 Hic
975 2486 1170 2539 autem
1203 2482 1371 2553 plane
1402 2479 1747 2533 adhortatur
1772 2477 2025 2549 Prophe-

418 2586 500 2650 ta,
533 2583 596 2636 ut
627 2594 758 2634 cum
788 2574 1076 2631 Christum
1101 2567 1329 2624 inlibris
1342 2566 2024 2641 prophetarumloquau-

419 2675 517 2726 tur
542 2683 663 2725 esse
680 2681 880 2736 regem
894 2663 1265 2733 justum,non
1279 2657 1655 2727 corrumpant
1680 2653 2024 2726 denegando

419 2772 669 2831 regnum
700 2753 893 2827 ipsius.
922 2751 991 2804 Et
1025 2745 1278 2803 ostendit
1325 2742 1712 2815 quorumdam
1761 2743 1913 2798 male
1964 2742 2024 2795 in

422 2848 596 2905 corde
626 2841 919 2917 operando
959 2838 1189 2893 titulum
1232 2831 1730 2904 corrumpentium
1781 2832 2020 2886 damna-

420 2938 663 3001 tionem,
694 2934 757 2986 ut
816 2924 1223 2984 inexcusabiles
1277 2921 1410 2988 sint,
1463 2923 1521 2975 et
1564 2919 1751 2975 cuncti
1807 2918 2019 2974 timore

423 3019 810 3083 damnationis
829 3032 1032 3073 eorum
1061 3013 1417 3067 revocentur.

491 3112 558 3169 Si
584 3127 699 3165 vere
730 3105 1005 3179 loquimini
1021 3102 1081 3156 in
1112 3099 1269 3155 libris
1290 3098 1705 3171 prophetarum
1727 3097 2017 3169 justitiam,

425 3200 480 3256 id
495 3204 578 3255 est
596 3197 882 3254 Christum
907 3187 1643 3257 antonomasticejustitiam
1661 3202 1694 3239 a
1709 3202 1822 3257 quo
1841 3185 2030 3240 omnis

418 3287 641 3361 justitia
671 3288 776 3349 est,
804 3280 902 3353 qui
932 3276 1257 3349 propositus
1276 3277 1361 3329 est
1382 3273 1548 3328 nobis
1563 3290 1597 3327 a
1615 3275 1781 3328 Patre
1802 3273 2028 3327 redem-

426 3359 547 3448 ptio
578 3376 636 3428 et‘
655 3368 899 3442 justitia,
949 3365 1094 3420 sicut
1122 3365 1203 3417 ait
1248 3362 1554 3433 Apostolus
1605 3359 1659 3431 (Ι
1699 3359 1823 3415 Cor.
1850 3377 1889 3423 1,
1919 3359 2027 3432 30).

429 3462 594 3529 Quod
614 3462 794 3530 utique
810 3452 1076 3520 facitis,id
1093 3454 1177 3505 est
1180 3451 1453 3521 justitiam
1471 3448 1713 3520 loquimi,
1741 3464 1770 3502 ο
1790 3449 2034 3530 ﬁliith-

426 3521 651 3616 niinum,
674 3521 733 3602 id
758 3548 842 3599 est
870 3559 967 3597 vos
1016 3538 1196 3595 Judaei
1240 3538 1340 3592 ﬁlii
1379 3537 1815 3610 prophetarum,

429 3641 526 3714 qui
557 3651 758 3693 eorum
791 3632 1053 3702 exemplo
1081 3628 1301 3683 debetis
1315 3626 1581 3681 homines
1594 3642 1735 3693 esse,
1756 3626 2032 3717 no_nirra-

427 3713 669 3785 tionales
700 3740 714 3779 :
744 3727 879 3778 recte
898 3718 1140 3790 judicate
1185 3716 1255 3770 de
1305 3715 1427 3785 ipsa
1467 3714 1713 3784 justitia,
1757 3713 1931 3769 id'est
1961 3713 2033 3768 de

430 3818 673 3880 Christo,
698 3806 1063 3867 attribuendo
1095 3804 1201 3875 ipsi
1231 3819 1498 3874 regnum.
1527 3831 1598 3843 —
1630 3802 1843 3872 Injuste
1873 3801 2031 3856 enim

422 3899 773 3981 judicabitis,
800 3897 846 3952 si
875 3912 1007 3951 cum
1037 3894 1094 3947 in
1120 3892 1417 3964 prophetis
1443 3890 1642 3945 dicatis
1660 3890 1915 3945 Messium
1947 3907 2034 3945 re-

429 3978 562 4067 gem
592 4005 714 4046 esse
741 3987 955 4043 Iesum,
983 3995 1157 4052 quem
1193 3994 1296 4050 per
1334 3994 1509 4067 opera
1534 3980 1592 4031 et
1617 3978 2032 4049 praphetarum

430 4066 596 4153 signa
622 4073 880 4132 Messiam
906 4086 1027 4124 esse
1058 4069 1304 4132 constat,
1325 4066 1585 4121 Messiam
1615 4068 1674 4120 et
1692 4082 1891 4136 regem
1909 4082 2032 4120 esse

430 4152 671 4239 negetis,
702 4164 761 4215 et
789 4159 965 4214 alium
991 4159 1317 4219 venturum,
1350 4152 1447 4224 qui
1474 4153 1696 4208 Messias
1728 4157 1785 4207 et
1814 4169 1913 4208 rex
1942 4154 2029 4208 fu-

429 4261 590 4313 turus
617 4252 709 4319 sit,
736 4244 1056 4339 afﬁrmetis.
1083 4241 1415 4339 Notandum
1456 4244 1651 4339 autem
1685 4241 1841 4313 quod
1868 4258 2031 4296 more
2054 4278 2109 4339 Β

431 4340 767 4420 prophetico
797 4336 876 4391 ita
904 4331 1157 4420 loquitur
1183 4330 1470 4420 Propheta
1507 4330 1579 4385 de
1611 4331 1836 4398 futuris,
1871 4331 2032 4403 quasi

432 4414 824 4507 prae-sentibus.
858 4425 920 4477 In
952 4418 1359 4494 posterioribus
1387 4414 1581 4473 alitem
1622 4419 1930 4490 aliquando
1971 4423 2035 4473 ut

432 4513 905 4597 praeteritis.Cum
937 4508 1345 4597 dicatialienati
1370 4514 1511 4575 sunt,
1563 4511 1670 4562 etc.
1705 4508 2031 4580 Aliquando

430 4595 564 4667 vero
589 4609 652 4661 ut
675 4599 899 4665 futuris,
933 4613 1064 4652 cum
1086 4596 1224 4651 dicit
1244 4596 1391 4650 Deus
1410 4602 1657 4662 conteret,
1677 4595 2036 4668 etc.Semper

430 4702 631 4755 tamen
646 4692 835 4746 future
848 4684 1288 4755 intelligendum
1304 4685 1407 4737 est.
1424 4681 1692 4753 Sequitur
1706 4687 2030 4751 ctenim,etc.

433 4785 598 4853 Quod
616 4780 697 4836 sic
726 4774 1115 4838 continuatur,
1148 4772 1284 4843 quia
1307 4787 1405 4825 eos
1435 4771 1771 4826 adhortatus
1809 4775 1934 4827 erat
1961 4773 2035 4827 ad

430 4878 585 4933 recte
621 4862 1023 4942 judicandum,
1075 4862 1267 4930 posset
1317 4857 1426 4912 dici
1459 4874 1472 4912 :
1508 4858 1594 4912 Ad
1625 4859 1763 4930 quid
1798 4875 1902 4914 nos
1957 4860 2036 4915 sic

432 4955 756 5021 adhortaris
782 4952 811 5007 ‘I
838 4952 1039 5005 Nonne
1063 4951 1217 5002 recte
1234 4946 1564 5017 judicamus
1591 4947 1619 5001 ?
1650 4947 1737 5001 Ad
1762 4948 1919 5019 quod
1956 4948 2038 5004 sic

432 5045 745 5121 respondet
776 5057 790 5095 :
825 5035 1147 5093 Necessaria
1194 5034 1354 5089 vobis
1394 5037 1480 5088 est
1530 5035 1849 5090 exhortatio
1881 5052 2033 5103 mea,

433 5154 567 5196 cum
598 5132 808 5203 injuste
825 5124 1115 5197 judicetis,
1144 5125 1336 5177 etenim
1365 5124 1421 5175 in
1452 5122 1605 5176 corde
1625 5126 1919 5194 aperamini
1940 5126 2039 5179 ini-

430 5228 676 5303 quitates,
697 5217 757 5273 id
787 5218 872 5271 est
898 5213 959 5268 in
988 5212 1161 5268 corde
1188 5209 1473 5265 molimini
1511 5211 1737 5281 operari
1767 5211 2035 5283 iniquita-

430 5298 538 5380 tes,
560 5311 619 5365 id
647 5310 733 5362 est
762 5318 967 5375 capere
987 5301 1276 5355 Christum
1292 5302 1349 5353 et
1371 5298 1775 5364 interﬁcerc,et
1789 5317 2035 5371 regnum

431 5403 484 5460 ci
516 5397 761 5460 auferre,
792 5390 946 5463 quod
985 5388 1346 5460 reputabitur
1368 5387 1530 5442 vobis
1555 5404 1658 5457 pro
1690 5391 2030 5458 opere.Cum

432 5488 589 5545 enim
619 5484 678 5537 in
709 5480 865 5535 vobis
893 5476 1334 5548 cogitandojam
1358 5476 1460 5547 ipsi
1478 5492 1725 5547 regnum
1741 5477 2032 5542 auferetis,

432 5576 589 5635 idem
618 5572 702 5628 est
725 5584 789 5623 ac
818 5568 862 5622 si
883 5567 1008 5642 jam
1027 5564 1417 5621 abstulissctis.
1439 5563 1572 5620 Dico
1593 5564 1747 5638 quod
1768 5567 2032 5637 operami-

2118 536 2578 593 consideratione
2597 539 2844 591 terrena:
2863 532 3052 589 carnis
3072 531 3303 599 Christi,
3316 530 3736 606 quiaconside-

2118 627 2257 682 ratis
2270 642 2403 682 eum
2416 624 2780 681 solummodo
2792 622 3093 679 hominem
3105 624 3407 677 terrenum
3422 637 3544 677 non
3554 619 3738 676 etiam

2119 717 2323 782 Deum,
2341 715 2431 769 vel
2450 716 2504 767 in
2524 720 2685 778 terra,
2703 711 2763 767 id
2782 711 2942 766 estin
2963 710 3173 766 timore
3195 714 3366 766 terra:
3387 708 3737 765 amittenda

2120 803 2254 875 quia
2268 803 2480 858 scilicet
2496 800 2755 857 metuitis
2768 802 2984 855 terram
3007 797 3295 865 amittere,
3311 798 3355 852 si
3374 814 3511 854 eum
3527 813 3741 869 regem

2118 892 2437 963 suscipiatis
2453 909 2465 946 :
2481 894 2570 947 vel
2600 894 2657 945 in
2678 898 2817 945 terra
2839 888 3066 963 Operari
3089 887 3378 944 molimini
3397 889 3731 959 iniquitates,

2119 982 2177 1036 id
2193 984 2279 1036 est
2304 981 2362 1035 in
2385 984 2614 1035 terrena
2636 995 2809 1034 carne
2831 976 3060 1043 Christi,
3076 976 3292 1031 scilicet
3314 977 3375 1029 ut
3391 973 3733 1039 verberetis,

2121 1069 2467 1140 conspuatis,
2492 1065 2865 1124 interﬁcietis.
2899 1066 2996 1120 Vel
3023 1064 3251 1135 operari
3305 1062 3601 1119 molimini
3626 1064 3735 1116 ini-

2120 1160 2346 1230 quitatcs
2377 1160 2432 1211 in
2459 1164 2620 1223 terra,
2651 1155 2713 1210 id
2743 1158 2829 1209 est
2857 1154 2917 1209 in
2945 1156 3177 1209 terrena
3193 1156 3254 1207 et
3269 1152 3450 1224 impia
3470 1150 3735 1207 affectio-

2121 1263 2194 1300 ne
2227 1248 2429 1300 vestra.
2447 1245 2611 1309 Quod
2632 1247 2719 1299 est
2746 1242 2968 1298 dicere:
2992 1241 3329 1313 Iniquitates
3360 1257 3503 1313 quas
3529 1240 3740 1295 adver-

2121 1351 2215 1389 sus
2245 1333 2531 1389 Christum
2571 1330 2881 1398 molimini,
2921 1346 3040 1385 non
3067 1328 3357 1385 molimini
3398 1329 3556 1384 bono
3589 1331 3736 1397 zelo,

2122 1427 2185 1479 ut
2205 1423 2415 1494 putetis
2453 1424 2658 1477 contra
2709 1437 2845 1477 eum
2890 1436 3083 1491 agere,
3131 1417 3293 1491 quasi
3334 1420 3543 1473 contra
3592 1418 3739 1489 legis

2123 1513 2562 1577 destructorem,
2593 1510 2692 1564 sed
2717 1510 2827 1564 hoc
2856 1508 3043 1563 facitis
3068 1507 3375 1563 affectione
3403 1506 3739 1574 terrena,id

2123 1604 2206 1656 est
2228 1600 2312 1654 ira
2338 1603 2396 1655 et
2415 1600 2548 1655 odio
2576 1616 2588 1653 :
2613 1616 2745 1654 cum
2776 1614 2883 1670 per
2911 1612 3089 1669 opera
3118 1600 3177 1652 et
3202 1597 3631 1669 prophetarum
3660 1595 3737 1650 si-

2123 1706 2258 1761 gna,
2279 1689 2349 1743 de
2381 1704 2449 1743 eo
2482 1688 2778 1759 praedicta,
2811 1702 2946 1741 eum
2977 1687 3162 1741 Deum
3187 1688 3247 1739 et
3275 1700 3477 1756 regem
3510 1701 3636 1739 esse
3676 1685 3739 1739 et

2123 1793 2470 1849 cognoscere
2491 1776 2867 1848 possitis.Non
2882 1775 3069 1830 solum
3091 1775 3287 1829 autem
3309 1775 3613 1845 aperamini
3629 1774 3735 1827 iui-

2122 1869 2346 1939 quitatcs
2366 1867 2421 1918 in
2442 1865 2593 1919 corde
2618 1864 2949 1937 cogitando,
2987 1863 3088 1917 sed
3119 1862 3297 1917 etiam
3331 1879 3524 1917 manus
3554 1867 3737 1916 vestra

2122 1957 2439 2009 concinnant
2456 1954 2765 2023 injustitias,
2792 1952 2852 2007 id
2873 1954 2958 2006 est
2974 1951 3342 2023 operationes
3365 1953 3568 2005 vestrae
3596 1966 3732 2005 con~

2123 2044 2430 2098 cordanter
2455 2045 2724 2096 exercent
2755 2041 3100 2113 inquantum
3132 2042 3375 2111 possunt
3403 2037 3732 2109 injustitias,

2123 2132 2182 2186 id
2212 2135 2296 2186 est
2331 2132 2402 2185 ad
2439 2133 2631 2185 actum
2674 2129 3001 2202 perducunt
3048 2120 3432 2199 cogitationes
3470 2127 3735 2198 injustas.

2126 2219 2291 2284 Quod
2319 2222 2405 2273 est
2433 2220 2621 2273 dicere
2654 2233 2668 2273 :
2697 2216 3073 2273 Concordatis
3100 2216 3161 2270 in
3186 2215 3413 2287 injustis
3440 2215 3738 2288 operibus,

2126 2312 2183 2362 et
2196 2307 2419 2378 injustis
2440 2305 2909 2377 cogitationibus,
2924 2308 2987 2359 ut
3002 2306 3145 2359 sicut
3159 2304 3546 2375 cogitationes
3557 2310 3742 2358 vestra

2126 2396 2375 2466 injustze,
2391 2395 2471 2448 sic
2496 2398 2552 2448 et
2583 2409 2761 2465 opera
2785 2396 2972 2448 vestra
2993 2393 3205 2463 injusta
3230 2392 3364 2447 sint.
3396 2394 3445 2446 A
3469 2391 3739 2446 similitu-

2128 2483 2260 2538 dine
2294 2481 2747 2549 concinentium,
2779 2481 2841 2536 id
2870 2484 2956 2535 est
2983 2480 3349 2535 concorditer
3376 2480 3741 2534 cantantium

2128 2573 2261 2643 quia
2282 2572 2426 2625 sicut
2455 2570 2533 2625 illi
2564 2570 2623 2625 in
2654 2574 2827 2625 cantu
2859 2569 3236 2636 concordant,
3261 2568 3340 2623 sic
3359 2567 3743 2640 cogitationes

2127 2663 2185 2714 et
2212 2676 2388 2732 opera
2417 2662 2605 2714 vestra
2648 2656 3025 2728 ininjustitia.
3074 2655 3337 2712 Ostendit
3363 2659 3565 2711 autem
3612 2673 3742 2728 qua:

2130 2747 2201 2802 sit
2247 2764 2415 2802 causa
2446 2764 2624 2820 quare
2672 2749 2985 2818 operentur
3031 2744 3422 2818 iniquitatem,
3471 2744 3740 2801 faciendo

2132 2836 2543 2908 apostropham
2599 2835 2673 2890 ad
2715 2834 3026 2902 auditores,
3086 2834 3151 2887 ut
3204 2849 3302 2889 eos
3344 2833 3612 2901 instruat,
3667 2850 3743 2889 ne

2132 2926 2371 2998 propter
2401 2924 2667 2979 eamdem
2699 2939 2929 2977 causam
2968 2925 3285 2994 operentur
3303 2922 3668 2993 iniustitiam.

2042 3032 2091 3096 α
2208 3013 2342 3068 Dico
2375 3012 2530 3084 quod
2559 3014 2876 3085 operantur
2903 3010 3253 3083 iniquitates,
3269 3014 3328 3065 et
3355 3011 3478 3065 haec
3508 3010 3641 3066 ideo
3663 3010 3746 3065 fa-

2134 3103 2311 3169 ciunt,
2338 3101 2472 3173 quia
2487 3100 2595 3172 ipsi
2605 3107 2904 3172 peccatores
2921 3099 3399 3166 antonomastice,
3415 3115 3549 3155 cum
3563 3099 3741 3155 debe-

2130 3193 2261 3245 rent
2278 3206 2381 3260 per
2400 3189 2575 3243 ﬁdem
2599 3188 2886 3260 generari,
2903 3190 2964 3242 ut
2980 3190 3170 3244 essent
3184 3187 3286 3242 ﬁlii
3301 3187 3583 3256 Ecclesiae,
3607 3188 3743 3242 alie-

2130 3281 2250 3333 nati
2267 3286 2390 3332 sunt
2407 3295 2511 3349 per
2526 3277 2987 3332 incredulitatem
3000 3295 3033 3330 a
3051 3277 3227 3343 vulva,
3242 3277 3300 3331 id
3319 3275 3744 3348 estaspirituali

2133 3366 2394 3421 Ecclesia:
2424 3365 2709 3437 genitura.
2734 3365 2909 3419 Vulva
2931 3381 3036 3436 per
3056 3364 3497 3419 similitudinem
3513 3380 3621 3438 pro
3642 3382 3743 3437 ge-

2132 3457 2324 3511 nitura
2345 3455 2597 3528 ponitur,
2624 3470 2691 3509 eo
2724 3453 2957 3525 quodin
2988 3453 3152 3508 vulva
3182 3453 3248 3509 ﬁt
3274 3453 3595 3524 generatio.
3638 3455 3745 3509 Ex-

2132 3545 2508 3620 ponitautem
2543 3560 2648 3616 per
2674 3546 2868 3615 partes
2891 3542 3124 3598 illorum
3155 3543 3588 3611 alienationem,
3607 3559 3744 3599 cum

2133 3633 2293 3688 addit
2327 3650 2339 3687 :
2375 3632 2600 3687 Scilicet
2636 3637 2945 3685 erraverunt
2985 3630 3045 3685 in
3087 3629 3438 3702 cogitatione
3475 3630 3543 3684 ab
3590 3637 3739 3685 utero

2132 3720 2392 3775 Ecclesia
2408 3719 2640 3784 remoti,
2674 3718 2733 3773 id
2763 3720 2849 3773 est
2873 3719 2944 3773 ab
2975 3718 3097 3789 ejus
3123 3718 3750 3789 spiritualiconceptio—

2133 3826 2227 3864 ne.
2271 3808 2434 3872 Quod
2456 3810 2543 3862 est
2572 3806 2760 3861 dicere
2792 3822 2806 3861 :
2842 3806 3109 3861 Nolentes
3137 3806 3260 3876 ejus
3288 3805 3387 3859 ﬁlii
3415 3805 3748 3876 spirituales

2133 3896 2303 3963 efﬁci,
2322 3900 2515 3951 uterus
2543 3894 2779 3967 quidem
2802 3894 2935 3966 quia
2959 3894 3019 3948 in
3040 3910 3109 3948 eo
3129 3893 3469 3966 concipitur,
3482 3910 3591 3965 pro
3611 3911 3749 3950 con-

2133 3985 2396 4058 ceptione
2426 3984 2682 4053 ponitur.
2706 3982 2803 4037 Hic
2830 3985 3024 4037 autem
3044 3981 3201 4036 idem
3221 3982 3445 4037 videtur
3463 3998 3585 4037 esse
3615 3986 3743 4037 ute-

2132 4091 2227 4129 rus
2256 4076 2314 4128 et
2338 4073 2520 4139 vulva,
2549 4087 2743 4126 errare
2759 4086 2894 4125 vero
2923 4073 2983 4125 et
3011 4069 3250 4125 alienari
3276 4086 3393 4126 non
3419 4073 3557 4125 sunt
3584 4070 3743 4126 idem

2134 4180 2201 4217 ex
2224 4164 2369 4229 toto,
2395 4160 2528 4233 quia
2558 4176 2753 4214 errare
2782 4174 2917 4231 pars
2946 4157 3310 4213 alienationis
3339 4161 3443 4213 est.
3469 4159 3746 4231 Sequitur

2136 4253 2330 4305 autem
2362 4249 2473 4303 alia
2502 4264 2636 4319 pars
2659 4245 3041 4313 alienationis,
3064 4262 3196 4300 cum
3228 4246 3406 4313 addit,
3439 4247 3604 4301 locuti
3619 4253 3749 4301 simi

2131 4339 2294 4409 falsz.
2330 4336 2493 4401 Quod
2523 4338 2609 4390 est
2632 4335 2841 4390 dicere.
2875 4335 2997 4389 Non
3042 4334 3252 4388 sufﬁcit
3296 4334 3354 4388 in
3388 4333 3747 4405 cogitatione

2133 4442 2345 4492 errare,
2373 4425 2472 4479 sed
2484 4424 2659 4478 etiam
2681 4423 2752 4477 de
2772 4421 2993 4477 Christo
3025 4422 3175 4476 falsa
3205 4422 3746 4494 loquentur,dicen-

2134 4516 2207 4570 do
2233 4532 2293 4570 ες
2324 4514 2422 4568 Hic
2451 4513 2629 4567 homo
2651 4527 2769 4566 non
2803 4513 2889 4565 est
2918 4528 2952 4565 a
2978 4512 3116 4575 Deo,
3149 4510 3246 4581 qui
3274 4510 3591 4566 Sabbatum
3622 4527 3745 4566 non

2134 4602 2381 4659 custodit
2407 4601 2569 4671 (Joan
2620 4612 2700 4665 1x,
2732 4597 2841 4669 16),
2877 4618 2905 4647 ››
2940 4599 3007 4651 Et
3037 4597 3255 4652 alibim
3292 4597 3620 4653 Commovit
3640 4615 3743 4670 po-

2134 4686 2876 4763 pulum,docensaGalilaea
2898 4701 3076 4757 usque
3106 4686 3217 4741 huc
3232 4685 3383 4751 (Luc.
3402 4699 3570 4752 mu,
3603 4688 3678 4756 5).
3706 4707 3738 4735 »ι

2135 4780 2202 4832 Et
2224 4777 2453 4832 iterum.
2481 4797 2509 4827 «
2537 4775 2696 4829 Hunc
2718 4773 3041 4829 invenimus
3053 4774 3482 4828 subvertentem
3505 4776 3743 4845 gentem

2137 4869 2395 4921 nostram
2425 4863 2581 4933 (Luc.
2614 4879 2767 4931 χχιιι,
2792 4864 2863 4927 2).
2900 4883 2927 4911 ››
2963 4862 3032 4915 Et
3053 4877 3282 4916 rursum
3310 4878 3323 4915 :
3361 4883 3389 4912 «
3420 4862 3545 4916 Non
3576 4862 3752 4917 habe-

2137 4970 2266 5008 mus
2293 4968 2496 5024 regem
2526 4950 2631 5004 nisi
2663 4949 2947 5005 Caasarem
2975 4948 3159 5019 (Joan.
3191 4966 3301 5016 XIX,
3339 4949 3447 5020 £5).
3482 4970 3511 4998 ››
3542 4948 3641 5004 Vel
3669 4950 3749 5004 sic

2138 5044 2367 5112 oportet
2387 5038 2523 5110 legi,
2545 5042 2607 5092 ut
2626 5037 2980 5112 continuatio
3005 5053 3121 5093 non
3138 5039 3414 5092 mutetur.
3437 5035 3750 5091 Peccatarcs

2137 5109 2611 5185 antonomastice‘
2839 5124 2935 5195 qui
2962 5123 3063 5179 ﬁlii
3086 5122 3292 5179 Christi
3305 5139 3425 5179 esse
3442 5123 3746 5191 deberent,

2138 5219 2358 5273 alienati
2380 5222 2501 5270 sunt
2526 5232 2559 5270 a
2580 5213 2857 5269 ﬁliatione
2888 5212 3010 5282 ejus
3042 5215 3100 5266 et
3121 5212 3244 5266 haec
3269 5210 3540 5266 alienatio
3562 5212 3747 5267 conti-

2137 5308 2221 5378 git
2252 5324 2285 5358 a
2325 5304 2503 5371 vulva,
2547 5303 2607 5357 id
2659 5304 2744 5356 est
2782 5318 2817 5355 a
2847 5300 3062 5355 carnali
3106 5299 3313 5354 Christi
3344 5300 3746 5371 conceptione.

2137 5394 2205 5447 Et
2251 5391 2487 5461 exponit
2524 5390 2708 5460 ipsam
2753 5388 3164 5443 alienationem
3207 5403 3311 5457 per
3354 5390 3567 5457 partes,
3613 5404 3748 5442 cum

2136 5481 2322 5537 addit:
2349 5479 2575 5534 Scilicet
2603 5478 2942 5533 erraverunt
2958 5476 3016 5530 in
3043 5475 3175 5530 ﬁde.
3204 5475 3342 5539 Quae
3367 5474 3582 5530 erratio
3608 5492 3746 5531 con-

2134 5569 2265 5641 tigit
2301 5567 2369 5624 ab
2397 5574 2562 5631 utero,
2596 5564 2655 5622 id
2674 5567 2760 5623 est
2788 5581 2822 5621 a
2850 5563 3223 5639 conceptione
3250 5563 3456 5625 Christi
3486 5581 3500 5619 :
3531 5566 3590 5620 et
3611 5563 3744 5621 ideo
