3970 6040
188 262 286 332 90!

1173 265 1531 330 EXPOSITIO
1565 268 1639 327 IN
1673 264 2008 330 PSALMOS.
2044 297 2120 319 -ιι
2151 266 2348 332 PSAL.
2386 268 2523 333 LVII
2610 298 2613 299 ν

3399 282 3509 353 902

189 390 361 450 locuti
375 396 499 449 sunt
525 386 974 466 falsa,negando
1000 404 1133 448 eum
1149 390 1334 448 Deum
1365 410 1485 449 esse
1507 394 1797 468 etregem.
1820 396 1876 459 Α
1897 392 2038 448 catis
2070 390 2309 464 faciunt,
2354 396 2415 453 id
2449 399 2534 454 est
2570 412 2812 471 cessare,
2844 401 2903 460 et
2930 400 3008 460 sic
3048 419 3146 463 eos
3184 410 3501 470 secundum

191 483 357 550 Quod
387 485 473 539 est
493 478 683 540 dicere
713 500 725 538 :
756 483 887 538 Ideo
920 485 992 538 ab
1019 482 1141 555 ipso
1171 483 1531 557 suntalienati
1560 488 1617 540 et
1646 503 1792 541 erra-

187 579 377 628 verunt
407 575 465 628 et
489 573 631 642 falsa
682 572 845 626 locuti
884 578 1028 640 sunt,
1077 571 1214 643 quia
1254 571 1521 627 viderunt
1551 590 1685 628 eum
1731 575 1791 629 in

185 661 371 728 vulva,
395 664 453 715 et
482 664 644 715 utero
670 660 917 731 Virginis
937 660 1161 732 concipi
1186 662 1500 715 secundum
1532 679 1788 730 carnem,

186 750 346 824 quod
375 750 617 805 minime
643 749 877 821 quidem
901 748 1355 821 ignominiosum
1372 753 1472 806 est.
1490 751 1585 805 Vel
1605 754 1792 823 potest

181 855 377 894 versus
405 839 509 893 iste
539 856 657 894 non
685 838 1033 911 generaliter
1053 838 1122 892 de
1137 839 1346 893 Judaais
1371 840 1507 910 legi,
1535 840 1631 895 sed
1663 856 1789 911 spe-

184 928 406 984 cialiter
438 928 508 982 de
541 927 849 1000 perdendis
877 927 955 981 sic
990 944 1002 981 :
1030 927 1165 982 Dico
1193 928 1348 999 quod
1361 932 1674 1001 operantur
1687 930 1788 983 ini-

182 1019 411 1090 quitates
441 1019 497 1070 in
521 1016 702 1080 corde;
748 1019 805 1070 et
835 1016 1073 1086 quidam
1123 1015 1379 1087 ipsorum
1423 1018 1790 1090 operantium

180 1107 406 1161 alienati
437 1110 578 1171 sunt,
610 1104 671 1159 id
701 1107 787 1159 est
814 1104 1098 1176 repudiati
1136 1108 1266 1159 sunt
1306 1122 1340 1162 a
1375 1107 1513 1173 Deo,
1548 1125 1579 1161 a
1609 1107 1786 1176 vulva,

179 1196 242 1252 id
273 1198 357 1251 est
385 1212 420 1249 a
448 1198 709 1264 tempore
741 1192 1134 1266 conceptionis
1166 1193 1272 1262 sui,
1305 1201 1354 1249 et
1375 1204 1708 1263 erraverunt,
1731 1197 1789 1253 id

181 1289 271 1341 est
300 1283 528 1341 erronei
566 1281 778 1354 provisi
815 1286 949 1337 sunt
977 1299 1012 1337 a
1040 1281 1233 1337 divina
1279 1282 1678 1355 providentia;
1722 1287 1789 1340 ab

176 1382 353 1441 utero,
380 1373 439 1427 id
469 1376 553 1428 est
580 1390 615 1427 a
641 1371 1019 1444 conceptione
1058 1372 1166 1440 sui,
1194 1374 1252 1428 et
1282 1374 1444 1428 locuti
1470 1380 1597 1428 sunt
1622 1375 1786 1445 falsa,

176 1462 239 1518 id
271 1464 355 1517 est
374 1460 596 1534 praevisi
623 1463 756 1515 sunt
786 1459 1029 1514 locuturi
1057 1460 1217 1515 falsa.
1249 1460 1416 1525 Quod
1446 1466 1532 1517 est
1562 1462 1784 1517 dicere:

173 1550 314 1607 Ideo
338 1551 485 1605 Deus
508 1566 606 1605 eos
645 1548 919 1603 alienavit
943 1565 977 1603 a
1012 1551 1196 1617 vulva,
1233 1549 1292 1605 id
1334 1552 1419 1604 est
1444 1550 1786 1623 repudiavit,

176 1640 318 1714 quia
333 1638 595 1712 praevidit
607 1653 703 1693 eos
717 1640 1005 1692 erraturos
1018 1637 1075 1692 in
1093 1638 1226 1706 ﬁde,
1248 1642 1303 1692 et
1321 1638 1460 1693 falsa
1476 1640 1786 1694 locuturos.

1895 483 2048 554 quod
2072 484 2208 538 mali
2237 489 2370 540 sunt
2384 487 2758 557 interﬁciunt,
2775 496 2833 547 et
2853 509 3139 551 venenum
3153 514 3344 569 pravae
3361 518 3501 557 con-

1892 571 2255 643 cupiscentiae
2294 575 2564 631 auferunt
2614 595 2626 632 :
2674 579 2815 635 sicut
2853 583 3089 638 veneﬁci
3115 585 3502 648 incantatores

1891 660 2148 731 aspidem
2163 662 2496 719 obdormire
2522 683 2659 721 voce
2690 686 2790 724 sua
2816 669 3032 727 faciunt
3054 676 3110 727 et
3126 673 3498 750 interﬁcnuut,

1891 750 1947 801 et
1977 766 2264 805 venenum
2315 753 2567 808 eliciunt.
2612 756 2776 819 Quod
2817 763 2901 813 est
2942 761 3335 833 aequipollens,
3367 784 3500 824 cum

1891 836 2123 890 aleinati
2144 838 2277 906 sint,
2297 843 2523 897 tantum
2550 842 2807 901 furorem
2833 846 3049 903 habent
3069 852 3225 923 quod
3251 869 3355 925 per
3383 871 3505 910 ma-

1890 924 1972 977 las
2027 925 2357 982 affectiones
2417 931 2737 1002 prasteritas
2767 937 2826 989 et
2872 940 3183 1005 prazsentes
3228 924 3503 1001 obturant

1889 1011 2130 1067 rationis
2157 1031 2343 1083 aures,
2379 1034 2451 1072 ne
2496 1036 2696 1075 vocem
2736 1022 3183 1093 praedicatorum
3214 1028 3451 1086 audiant
3482 1046 3496 1086 :

1889 1101 1948 1154 et
1977 1117 2010 1154 a
2031 1102 2275 1172 peccatis
2305 1109 2592 1160 cessantes
2623 1125 2845 1166 veneno
2890 1112 3056 1167 malae
3091 1117 3500 1188 concupiscen-

1889 1188 1981 1244 tia:
2014 1194 2270 1259 careant,
2304 1196 2360 1246 et
2390 1193 2468 1248 sic
2489 1196 2627 1250 boni
2660 1197 2820 1255 fiant.

1960 1277 2220 1333 Ostendit
2232 1284 2427 1336 autem
2442 1286 2830 1356 quorumdam
2843 1286 3101 1361 ipsorum
3114 1291 3499 1353 alienatorum

1889 1367 1946 1418 et
1988 1366 2398 1423 salvandorum
2431 1371 2645 1426 scilicet
2676 1374 3127 1433 destructionem
3156 1380 3214 1434 in
3246 1383 3398 1437 malo
3438 1386 3501 1440 ut

1887 1452 2025 1507 boni
2050 1454 2211 1510 ﬁant.
2245 1455 2320 1510 sic
2350 1474 2363 1511 :
2626 1461 2749 1515 Dixi
2780 1465 2934 1535 quod
2944 1474 3246 1535 peccatores
3275 1469 3505 1527 alienati

1885 1548 2042 1610 sunt;
2078 1545 2134 1597 et
2173 1560 2304 1598 cum
2334 1547 2478 1601 tales
2503 1549 2636 1615 sint,
2670 1552 2948 1622 quoniam
2968 1554 3349 1614 alitersalvari
3380 1575 3499 1616 non

1888 1630 2295 1702 possent,Deus
2321 1641 2551 1689 conteret
2569 1654 2673 1709 per
2704 1638 3205 1712 impugnationem
3225 1648 3500 1719 praedicas

175 1730 325 1785 Cum
354 1744 489 1782 vero
518 1727 633 1781 sint
656 1725 913 1791 alienati,
942 1729 997 1780 et
1028 1729 1286 1781 errantes
1302 1728 1359 1780 et
1383 1726 1525 1781 falsa
1553 1728 1790 1798 loquen-
1816 1731 1867 1791 B
1889 1722 2079 1774 t0mm
2098 1738 2335 1776 suorum
2357 1722 2535 1779 dentes
2559 1742 2761 1795 corum,
2787 1728 2845 1782 id
2874 1733 2957 1784 est
2993 1747 3195 1802 parvas
3216 1737 3498 1793 corrosio-

169 1820 284 1884 tes,
311 1818 489 1886 furor,
515 1816 575 1870 id
613 1818 699 1870 est
727 1815 1024 1870 dementia
1054 1818 1139 1870 est
1162 1815 1265 1869 illis
1287 1815 1573 1869 secundum
1604 1817 1790 1870 simili-

172 1905 413 1961 tudinem
441 1906 716 1976 serpentis,
760 1903 820 1957 id
848 1908 934 1958 est
965 1904 1281 1958 secundum
1318 1903 1426 1958 hoc
1473 1904 1628 1976 quod
1656 1908 1790 1959 sunt

168 1995 394 2051 similes
422 1993 697 2065 serpenti.
742 1994 811 2048 Et
838 1992 929 2047 hic
952 1991 1203 2048 ostendit
1228 1990 1318 2046 cui
1350 1992 1626 2064 serpenti,
1655 2009 1787 2049 cum

168 2083 338 2141 addit
369 2098 381 2137 :
425 2082 578 2138 Sicut
597 2082 813 2153 aspidis,
844 2081 903 2136 id
933 2084 1017 2136 est
1044 2083 1242 2152 utpote
1272 2080 1499 2153 aspidis.

244 2171 578 2227 Notandum
609 2171 764 2243 quod
796 2187 912 2225 non
933 2169 1071 2224 dicit
1085 2185 1183 2224 eos
1196 2169 1411 2224 habere
1438 2169 1695 2224 furorem
1713 2170 1787 2224 ad

171 2259 679 2333 comparationem
712 2258 942 2330 aspidis,
970 2274 1101 2312 cum
1122 2256 1219 2311 illa
1249 2273 1366 2312 non
1397 2258 1611 2312 habeat
1634 2258 1788 2313 furo-

170 2367 328 2417 rem,
361 2349 461 2404 sed
482 2347 876 2403 calliditatem.
908 2345 1044 2401 Cum
1073 2363 1181 2400 non
1209 2345 1361 2400 audit
1389 2362 1565 2400 vocem
1599 2348 1783 2400 incan-

171 2440 436 2503 tantium,
473 2437 572 2510 qui
603 2454 735 2493 eam
764 2435 1155 2491 interﬁcerent
1181 2434 1227 2489 si
1258 2452 1356 2490 eos
1389 2435 1650 2504 audiret;
1685 2435 1786 2491 sed

169 2527 316 2585 dicit
337 2544 434 2582 eos
462 2526 678 2582 habere
711 2526 969 2580 furorem
998 2524 1315 2579 secundum
1346 2524 1477 2593 hoc,
1508 2525 1664 2596 quod
1695 2542 1792 2608 as:

169 2617 297 2691 pidi
314 2615 531 2671 similes
542 2618 692 2669 sunt.
711 2613 972 2669 Ostendit
994 2615 1186 2667 autem
1202 2611 1262 2665 in
1280 2628 1393 2683 quo
1420 2616 1552 2666 sunt
1571 2612 1785 2667 similes

170 2705 384 2779 aspidi,
416 2721 548 2760 cum
577 2701 873 2773 subjungit
908 2699 1155 2762 :Surdae,
1183 2701 1340 2772 quod
1366 2703 1451 2755 est
1482 2701 1669 2756 dicere
1691 2701 1787 2755 :Et

171 2795 239 2851 in
269 2797 378 2851 hoc
406 2797 540 2848 sunt
566 2791 800 2859 similes,
828 2789 963 2861 quia
992 2788 1412 2844 obsurdescunt
1438 2789 1582 2844 sicut
1612 2788 1783 2860 aspis,

171 2904 255 2943 ne
280 2901 414 2940 vero
444 2883 743 2955 putaretur
773 2880 923 2952 aspis
961 2878 1301 2933 naturaliter
1332 2896 1453 2933 esse
1484 2880 1676 2945 surda,
1712 2879 1786 2933 ad

171 2974 339 3045 cujus
368 2968 807 3026 similitudinem
836 2970 893 3021 et
922 2966 1381 3038 ipsinaturaliter
1394 2967 1551 3021 surdi
1574 2969 1783 3032 essent,

169 3063 426 3132 ideoque
457 3056 831 3122 excusabiles;
865 3055 1045 3121 addit,
1078 3061 1127 3108 et
1156 3055 1455 3109 obturantis
1476 3072 1628 3109 aures
1642 3072 1783 3108 suas.

170 3149 346 3216 Quod
375 3151 460 3202 est
489 3146 678 3201 dicere
707 3162 720 3199 :
756 3144 891 3208 Quae
936 3146 1142 3217 sponte
1170 3160 1271 3198 sua
1302 3143 1474 3198 surda
1505 3146 1589 3198 est
1621 3144 1785 3198 obtu-

168 3237 364 3294 rando
392 3251 578 3301 aures,
597 3250 773 3288 unam
793 3231 1028 3303 quidem
1046 3234 1215 3286 terrae
1241 3231 1467 3287 fortiter
1494 3232 1786 3303 applican-

170 3328 275 3394 do,
292 3327 536 3381 alteram
556 3340 691 3378 vero
713 3322 895 3376 cauda
925 3321 1248 3376 obturando
1272 3320 1661 3375 :demonstrat
1687 3338 1787 3375 au-

168 3418 301 3471 tem
328 3430 443 3485 qua
472 3428 640 3467 causa
689 3427 854 3465 aures
894 3410 1145 3476 obturet,
1186 3408 1590 3480 subjungendo
1627 3426 1640 3462 :
1674 3427 1790 3480 quae

169 3506 488 3577 postquam
545 3517 709 3555 aures
766 3497 1137 3566 obturaverit,
1178 3514 1285 3551 non
1336 3497 1581 3551 exaudiet
1613 3514 1791 3551 vocem

172 3592 593 3651 incantantium,
625 3590 684 3643 et
708 3586 959 3643 ostendit
987 3602 1092 3657 pro
1123 3602 1236 3658 quo
1268 3584 1601 3639 incantante
1631 3585 1792 3639 obtu-

172 3683 275 3743 rat,
300 3694 464 3734 aures
490 3693 622 3731 cum
653 3675 813 3730 addit
848 3692 862 3730 :
889 3674 985 3742 Et,
1027 3674 1084 3728 id
1121 3676 1206 3728 est
1236 3673 1451 3728 scilicet
1481 3689 1599 3728 non
1627 3688 1792 3726 exau-

177 3768 308 3824 diet
354 3767 588 3836 veneﬁci,
648 3766 968 3819 incantantis
1007 3765 1284 3834 sapienter.
1333 3761 1503 3826 Quasi
1553 3760 1788 3816 diceret.

191 3857 325 3912 Non
355 3856 587 3910 obturat
603 3854 837 3927 propter
848 3849 1790 3923 voceminsipientisincantatoris,

180 3961 317 4017 quae
345 3943 485 3998 nihil
516 3942 567 3997 ei
600 3943 855 4006 noceret,
893 3939 993 3994 sed
1024 3940 1097 3993 ad
1132 3939 1239 3993 hoc
1280 3942 1341 3991 ut
1370 3955 1488 3993 non
1530 3938 1796 3993 exaudiat

181 4049 365 4087 vocem
396 4031 611 4099 veneﬁci
639 4029 963 4082 incantantis
997 4028 1276 4097 sapienter,
1302 4026 1398 4097 qui
1423 4042 1551 4080 eam
1583 4026 1793 4081 obdor-

181 4120 334 4176 mire
389 4119 605 4174 faceret
635 4120 692 4171 et
726 4115 1096 4181 interﬁceret,
1129 4119 1187 4168 et
1217 4114 1352 4168 inde
1382 4130 1670 4168 venenum
1699 4113 1798 4169 eli-

181 4211 361 4265 ceret.
396 4209 463 4261 Et
488 4207 597 4260 hoc
645 4207 833 4259 totum
862 4205 965 4269 est,
1000 4218 1063 4256 ac
1109 4201 1154 4255 si
1204 4201 1281 4255 sic
1314 4204 1557 4273 poneret
1592 4218 1604 4256 :
1637 4202 1794 4256 Adeo

1876 1825 1990 1871 nes
2019 1811 2076 1863 et
2107 1809 2492 1866 detractiones
2519 1830 2744 1883 eorum,
2778 1820 3144 1889 quorumdan
3171 1823 3384 1879 scilicet
3398 1825 3499 1897 qui

1888 1897 2141 1952 salvandi
2172 1900 2324 1952 sunt.
2372 1898 2449 1953 Et
2494 1902 2769 1958 Dominus
2801 1908 3102 1977 confringet
3128 1927 3232 1982 per
3261 1913 3497 1970 eosdem

1885 1984 2290 2056 praedicatores
2320 1988 2487 2043 molas
2516 1988 2744 2061 leonum,
2794 1992 2852 2048 id
2882 1998 2966 2048 est
2993 1997 3272 2054 maximas
3299 2017 3500 2056 corro-

1887 2071 2074 2126 siones
2102 2072 2381 2144 ipsorum,
2408 2076 2505 2148 qui
2532 2082 2663 2132 sunt
2692 2080 2913 2149 leones,
2930 2082 2987 2137 id
3019 2088 3105 2139 est
3124 2089 3351 2143 sanctos
3376 2105 3498 2143 ver-
3538 2154 3551 2161 Α

1886 2160 1971 2215 bis
2005 2162 2116 2215 suis
2147 2166 2204 2217 et
2240 2163 2712 2222 tribulationibus
2743 2168 3106 2240 devorantes,
3151 2174 3225 2229 ad
3250 2176 3495 2234 modum

1886 2249 2121 2305 leonum
2154 2252 2575 2309 devorantium.
2604 2256 2671 2309 Et
2699 2257 2808 2312 hoc
2841 2260 2895 2311 in
2919 2278 3008 2314 ore
3038 2264 3293 2332 ipsorum,
3322 2264 3380 2320 id
3411 2269 3497 2321 est

1885 2338 1943 2392 in
1974 2339 2347 2412 responsione
2375 2341 2489 2397 oris
2514 2342 2791 2415 ipsorum.
2809 2346 2973 2412 Quod
2995 2350 3285 2406 estdicere
3308 2352 3494 2411 :Adeo

1885 2425 2057 2481 faciet
2109 2444 2238 2483 suos
2287 2434 2513 2486 sanctos
2542 2431 2840 2500 facundos,
2877 2437 3031 2507 quod
3080 2438 3350 2495 facundia
3393 2458 3497 2498 sua

1887 2514 2206 2587 destruent,
2240 2517 2521 2590 quidquid
2550 2518 2711 2591 impii
2740 2523 2891 2577 male
2926 2524 2996 2578 de
3027 2526 3143 2581 Deo
3172 2530 3231 2582 et
3257 2528 3327 2584 de
3356 2528 3495 2601 ipsis

1886 2603 2198 2675 loquentur
2244 2621 2256 2658 :
2307 2608 2365 2659 et
2408 2607 2518 2662 hoc
2565 2609 2732 2664 etiam
2773 2628 2878 2683 per
2918 2600 3347 2671 attestationem
3379 2600 3495 2673 oris

1886 2708 2110 2759 eorum,
2126 2692 2183 2748 id
2205 2692 2378 2747 estsic
2394 2696 2814 2752 rationabiliter
2829 2716 2959 2755 cum
2983 2702 3063 2756 eis
3093 2703 3490 2775 disputabunt,

1885 2779 2039 2850 quod
2070 2780 2192 2850 ipsa
2220 2798 2358 2836 voce
2380 2799 2581 2838 eorum
2596 2802 2700 2856 per
2714 2786 3178 2846 inconvenientia
3198 2808 3295 2847 eos
3313 2794 3493 2850 dedu-

1886 2870 2051 2921 cente
2068 2867 2447 2936 destruent,et
2466 2872 2722 2927 minores
2743 2876 3133 2947 plasphemias
3151 2883 3206 2933 et
3220 2883 3489 2953 majores:

1885 2956 2062 3009 dentes
2083 2972 2187 3026 pro
2207 2958 2630 3015 corrosionibus
2651 2963 2957 3018 verborum
2972 2966 3155 3037 ponit,
3172 2985 3274 3038 pro
3300 2970 3492 3026 mino-

1886 3044 2043 3098 ribus
2090 3044 2324 3112 scilicet,
2347 3051 2405 3102 et
2444 3049 2609 3102 molas
2646 3066 2751 3122 pro
2794 3052 3131 3123 majoribus,
3179 3056 3312 3127 quia
3350 3059 3491 3114 den-

1889 3132 2035 3187 tium
2064 3136 2149 3188 est
2176 3136 2505 3203 corrodere,
2529 3140 2586 3191 et
2608 3139 2742 3209 quia
2756 3142 3005 3196 molares
3029 3142 3230 3200 dentes
3243 3147 3494 3217 majores

1889 3224 2040 3289 sunt,
2074 3239 2249 3294 quam
2283 3223 2482 3292 dentes
2513 3226 2610 3297 qui
2636 3244 2755 3281 non
2781 3232 2915 3283 sunt
2939 3232 3145 3286 molas:
3176 3234 3495 3292 anteriores

1889 3309 2101 3365 scilicet
2123 3311 2353 3367 dentes:
2384 3314 2469 3367 vel
2499 3314 2676 3371 dentes
2706 3333 2887 3371 eorum
2919 3319 3015 3391 qui
3037 3324 3170 3375 sunt
3194 3321 3254 3376 in
3285 3340 3406 3391 ore,
3437 3325 3498 3382 id

1890 3402 1973 3453 est
2003 3399 2126 3454 illas
2146 3401 2503 3457 corrosiones
2525 3420 2651 3475 quin
2667 3405 2792 3476 jam
2833 3411 2964 3462 sunt
2987 3408 3045 3463 in
3079 3414 3299 3481 aperto,
3330 3415 3385 3466 in
3410 3431 3500 3469 ore

1890 3488 2119 3555 scilicet,
2148 3488 2207 3543 id
2237 3493 2321 3543 est
2359 3492 2513 3545 mala
2565 3494 2739 3548 verba
2770 3512 2992 3564 eorum,
3031 3503 3080 3553 et
3120 3500 3304 3567 molas,
3330 3501 3388 3556 id
3413 3504 3499 3557 est

1892 3576 2138 3631 occultas
2177 3578 2557 3647 corrosiones,
2603 3581 2979 3652 cogitationes
3019 3586 3251 3653 scilicet,
3294 3588 3499 3659 quibus

1891 3679 2086 3717 secum
2118 3665 2397 3719 devorant
2413 3668 2594 3721 Deum
2619 3672 2933 3736 etsanctos,
2965 3688 3090 3741 quae
3109 3676 3343 3729 occulta:
3366 3681 3500 3731 sunt

1893 3755 1955 3805 ut
1980 3752 2149 3806 molae
2174 3769 2187 3819 ;
2215 3760 2444 3807 conteret
2472 3755 2771 3820 Dominus,
2797 3756 2855 3810 id
2884 3765 2970 3812 est
3003 3758 3257 3815 destruet
3281 3778 3348 3815 ex
3376 3765 3496 3818 toto

1895 3856 1996 3912 per
2023 3840 2495 3909 praedicationem
2520 3840 2800 3910 ﬁdelium,
2827 3861 2899 3898 ne
2919 3845 3163 3916 amplius
3185 3863 3283 3901 eos
3303 3864 3498 3904 corro-

1895 3927 2055 3994 dant,
2090 3928 2176 3980 vel
2209 3927 2539 3998 cogitando,
2559 3931 2646 3984 vel
2678 3931 3003 4004 loquendo;
3029 3938 3336 4006 postquam
3363 3954 3498 3993 vero

1896 4015 2097 4070 dentes
2128 4019 2185 4069 et
2213 4018 2380 4071 molas
2429 4022 2829 4088 conterentur,
2863 4021 2935 4073 ad
2972 4022 3201 4077 nihilum
3230 4024 3503 4080 devenient

1895 4103 1966 4157 de
1985 4103 2205 4157 malitia
2226 4120 2326 4157 sua
2348 4112 2605 4175 tamquam
2622 4124 2784 4177 aqua,
2809 4107 2867 4162 id
2889 4110 2975 4162 est
2994 4109 3067 4163 ad
3081 4110 3320 4167 modum
3335 4129 3501 4184 aqua:

1895 4189 2234 4244 decurrentis.
2269 4190 2434 4254 Quod
2463 4194 2549 4246 est
2579 4192 2773 4249 dicere
2806 4211 2817 4248 :
2854 4195 3011 4250 Sicut
3053 4213 3201 4267 aqua
3232 4215 3359 4269 quae
3392 4202 3504 4255 col-

184 4299 323 4355 sunt
351 4294 626 4360 furentes,
655 4292 813 4364 quod
840 4293 1046 4363 sponte
1059 4305 1223 4345 aures
1237 4288 1480 4344 rationis
1503 4289 1795 4357 obturant,
1821 4288 1872 4346 D
1897 4278 2043 4331 lecta
2064 4278 2253 4348 pluvia
2278 4278 2499 4345 crescit,
2519 4280 2629 4333 cito
2645 4280 2919 4350 decurrit,
2945 4286 3001 4337 et
3020 4283 3091 4337 ad
3113 4284 3379 4340 nihilium
3410 4287 3507 4341 de-

184 4384 403 4460 partim
433 4382 635 4450 cauda,
687 4382 745 4436 id
788 4384 875 4435 est
925 4377 1338 4434 consuetudine
1370 4377 1799 4447 praeteritorum

186 4474 502 4538 malorum,
531 4486 658 4543 quae
684 4485 789 4541 per
809 4466 1053 4521 caudam
1084 4465 1481 4537 designantur,
1513 4482 1639 4536 quaa-
1668 4481 1797 4536 pos-

184 4560 369 4616 terior
406 4575 538 4632 pars
581 4554 837 4627 corporis
879 4556 983 4620 est,
1016 4568 1085 4608 eo
1116 4554 1266 4624 quod
1324 4553 1449 4623 ipsa
1479 4553 1634 4607 mala
1670 4552 1799 4623 jam

185 4648 482 4723 prmterita
502 4644 823 4717 posteriora
852 4645 1018 4709 sunt;
1051 4640 1263 4712 partim
1283 4657 1419 4696 vero
1442 4657 1606 4695 aures
1630 4640 1800 4696 ratio-

189 4735 283 4789 nis
314 4734 605 4799 obturant,
654 4730 1040 4803 applicatione
1078 4732 1267 4795 terraa,
1300 4728 1361 4783 id
1406 4731 1491 4783 est
1542 4744 1645 4799 per
1690 4728 1799 4782 hoc

188 4822 348 4897 quod
372 4821 663 4894 applicant
681 4836 741 4874 se
759 4818 1002 4873 terrenis
1028 4820 1085 4872 et
1114 4817 1307 4888 impiis
1320 4816 1715 4871 affectionibus
1728 4815 1802 4870 ad

188 4912 435 4967 modum
468 4908 699 4982 aspidis,
734 4924 861 4981 quae
888 4924 1068 4962 unam
1106 4922 1309 4962 aurem
1350 4906 1600 4973 obturat,
1630 4909 1800 4959 terrae

189 5016 322 5056 eam
354 4998 718 5071 applicando,
752 4999 996 5051 alteram
1033 5012 1168 5050 vero
1217 4994 1419 5049 cauda.
1467 4995 1535 5047 Et
1587 4992 1800 5047 idcirco

190 5088 466 5143 obturant
503 5088 566 5140 ut
594 5102 712 5141 non
736 5084 976 5139 audiant
998 5099 1198 5137 vocem
1223 5099 1234 5136 :
1263 5081 1320 5135 id
1341 5084 1425 5135 est
1449 5079 1803 5151 przedicatio-

189 5192 329 5231 nem
359 5172 804 5241 incantantium,
833 5177 892 5226 et
920 5188 1037 5226 non
1071 5168 1805 5241 insipientiumincantato-

190 5250 352 5329 rum,
413 5263 512 5317 sed
567 5262 955 5316 veneﬁcorum
1016 5258 1435 5313 incantantium
1492 5256 1800 5326 sapienter,

192 5351 589 5423 apostolorum
612 5350 842 5416 scilicet,
864 5352 923 5403 et
937 5347 1069 5402 alio:
1086 5362 1182 5399 um
1197 5345 1634 5416 praedicatorum
1647 5384 1659 5408 ,
1676 5360 1803 5414 quae

194 5439 465 5493 dicuntur
493 5438 622 5492 ideo
652 5437 1041 5491 incantatores
1066 5438 1123 5488 et
1150 5432 1408 5499 veneﬁci,
1435 5447 1501 5487 eo
1534 5431 1689 5501 quod
1725 5430 1807 5502 ip-

196 5544 288 5584 sos
318 5529 651 5600 peccatores
675 5524 1082 5597 praedicatione
1111 5539 1213 5579 sua
1232 5519 1564 5577 obdormire
1591 5517 1647 5572 in
1670 5535 1801 5592 pec-

1900 4368 2144 4436 ducitur,
2176 4369 2236 4423 id
2254 4374 2339 4423 est
2368 4370 2438 4424 de
2457 4371 2583 4425 loco
2602 4387 2705 4441 per
2735 4389 2904 4443 quem
2930 4373 3106 4427 currit
3135 4374 3246 4429 cito
3270 4375 3503 4447 deﬂuit;

1900 4457 1978 4511 sic
2008 4457 2112 4529 ipsi
2147 4458 2217 4511 de
2255 4458 2475 4512 malitia
2499 4475 2601 4512 sua
2628 4460 2741 4514 cito
2772 4460 3271 4531 annibilabuntur,
3316 4469 3373 4519 et
3402 4482 3507 4536 per

1898 4545 2006 4599 hoc
2044 4545 2315 4599 devenient
2357 4546 2426 4599 ad
2474 4546 2746 4611 nihilum;
2793 4547 2927 4618 quia
2958 4549 3237 4604 Dominus
3283 4553 3509 4607 intendit

1899 4649 2081 4686 arcum
2108 4632 2356 4699 suum,id
2382 4636 2466 4687 est
2493 4635 2782 4688 intensam
2799 4635 2972 4690 faciet
2991 4638 3507 4696 comminationem

1901 4720 2209 4792 Scripturaa
2247 4737 2361 4775 suae
2405 4738 2511 4793 per
2551 4722 2977 4793 praedicatores,
3020 4725 3182 4779 donec
3235 4727 3505 4795 in/irmen-

1901 4812 1992 4864 tur
2021 4807 2079 4861 in
2108 4807 2327 4863 malitia
2350 4825 2469 4876 sua,
2498 4808 2556 4864 id
2589 4812 2675 4864 est
2704 4810 2889 4866 donec
2921 4813 3143 4867 malitia
3172 4830 3375 4868 eorum
3407 4815 3506 4869 de-

1902 4895 2077 4949 ﬁciat.

1975 4984 2211 5039 Ostenso
2254 4984 2364 5037 hoc
2416 4986 2572 5056 quod
2621 4988 2769 5041 Deus
2798 4992 3024 5040 conteret
3052 4986 3227 5041 dentes
3256 4994 3307 5042 et
3342 4991 3508 5046 molas

1903 5074 2313 5147 quorumdam,
2342 5076 2400 5127 et
2428 5074 2506 5127 sic
2537 5074 3012 5130 annibilabuntur
3034 5074 3103 5129 de
3125 5075 3347 5131 malitia
3384 5096 3507 5149 sua,

1903 5179 1977 5216 ne
2008 5164 2271 5232 pereant,
2304 5160 2743 5216 damnationem
2789 5162 3035 5216 aliorum
3076 5164 3347 5227 ostendit,
3379 5167 3458 5221 sic
3490 5185 3505 5225 :

1905 5251 2025 5306 Dixi
2056 5251 2210 5325 quod
2242 5251 2385 5304 Deus
2406 5250 2582 5304 dentes
2613 5249 3002 5320 quorumdam
3035 5253 3418 5309 alicnatorum
3452 5261 3511 5313 et

1904 5337 2066 5390 molas
2098 5340 2378 5404 conteret,
2407 5341 2467 5390 et
2496 5336 2572 5390 sic
2608 5335 3086 5393 annihilabuntur
3130 5357 3203 5394 ne
3244 5349 3507 5410 pereant.

1908 5425 2110 5479 Caeteri
2142 5441 2275 5479 vero
2294 5424 2392 5495 qui
2409 5422 2730 5478 damnandi
2754 5425 3233 5494 sunt,auferentur
3259 5428 3331 5482 de
3360 5432 3515 5489 terra

1905 5515 2040 5569 sicut
2068 5530 2185 5567 cera
2214 5529 2328 5583 qua
2361 5513 2503 5581 ﬂuit,
2537 5509 2597 5563 id
2644 5515 2736 5567 est
2776 5511 2851 5567 ad
2896 5514 3139 5574 modum
3174 5532 3342 5585 certe,
3389 5534 3518 5591 qua:
