4004 6052
458 350 566 416 903

1067 350 1128 418 S.
1151 354 1496 417 BBUNONIS
1535 352 2168 417 CARTHUSIANORUM
2202 353 2673 421 INSTl'l‘UTORIS
2709 360 2868 420 OPP.
2905 357 3105 421 PARS.
3148 359 3173 420 1

3670 358 3786 422 904

464 478 592 538 fluit
624 498 656 537 a
680 481 821 554 facie
848 481 1002 554 ignis.
1038 479 1202 547 Quod
1233 484 1317 537 est
1346 480 1535 538 dicere
1569 497 1583 538 :
1628 479 1785 537 Sicut
1817 496 1949 536 cera
1980 479 2068 537 in-
2093 497 2144 558 Α
2170 480 2356 538 totum
2388 484 2495 552 est,
2529 500 2594 540 ac
2625 484 2671 539 si
2701 482 2854 539 dicat
2888 498 2902 539 :
2935 482 3035 540 Hic
3071 484 3385 558 antequam
3421 479 3495 541 ad
3534 478 3782 543 damna-

460 576 730 627 constans
760 575 844 627 est
875 574 1009 626 ante
1042 571 1411 644 praesentiam
1442 570 1609 642 ignis,
1645 570 1722 625 sic
1748 572 1806 625 et
1834 569 1941 641 ipsi
1973 570 2065 626 in-

459 664 788 717 constantes
819 661 1281 715 erantetinlirmi
1295 664 1428 715 ante
1447 661 1787 715 instantiam
1802 659 2064 715 inimico-

456 766 608 815 rum,
628 750 1026 804 Romanorum
1048 749 1377 806 scilicet.Ab
1395 748 1473 802 eis
1495 748 1651 802 enim
1668 747 2060 817 devincentur,

457 840 514 893 et
534 838 738 909 captivi
766 838 1066 892 ducentur.
1101 839 1429 892 Notandum
1461 840 1655 892 autem
1690 838 1843 909 quod
1879 836 1961 891 illi
1991 854 2060 892 ex

454 926 662 981 Iudaeis
689 926 785 998 qui
818 926 1073 981 conversi
1102 926 1352 993 fuerant,
1383 943 1500 981 non
1531 929 1663 980 sunt
1688 926 1862 981 ablati
1888 930 1943 980 et
1968 943 2059 981 ca-

453 1014 590 1086 ptivi
624 1014 973 1069 ducti.Prius
993 1015 1150 1069 enim
1187 1031 1363 1086 quam
1397 1014 1752 1069 Hierusalem
1775 1014 2061 1069 obsidere-

452 1105 564 1170 tur,
581 1121 614 1158 a
634 1103 847 1175 Spiritu
868 1107 1064 1158 sancto
1080 1103 1683 1166 commonitifuerunt,
1704 1106 1767 1158 ut
1782 1103 2059 1158 transfer-

450 1195 583 1246 rent
633 1209 691 1247 se
745 1191 805 1247 iu
851 1208 1100 1263 regnum
1156 1192 1448 1265 Agrippw,
1500 1193 1593 1247 ubi
1643 1192 1821 1264 quieti
1867 1195 2057 1247 essent

452 1279 670 1350 (Busan.
701 1280 799 1336 lib.
836 1298 894 1335 III
922 1280 1071 1335 Hist.
1108 1297 1233 1351 cap.
1264 1281 1339 1353 5).
1373 1281 1473 1335 Vel
1520 1280 1598 1335 sic
1642 1281 1958 1351 auferentur
1992 1280 2052 1335 in

447 1365 641 1424 futuro
671 1386 705 1425 a
732 1369 878 1425 facie
902 1369 1213 1441 judicantis
1238 1369 1338 1424 Dei
1368 1386 1380 1423 :
1416 1368 1475 1423 in
1506 1368 1801 1423 infernum
1825 1369 2049 1437 tluxuri,

446 1458 588 1512 sicut
608 1475 723 1512 cera
754 1475 869 1530 quae
897 1459 1020 1526 [luit
1041 1458 1394 1529 aprzesentia
1423 1457 1676 1528 ignis.Et
1693 1458 1785 1511 hic
1816 1457 2052 1512 interim

447 1546 506 1600 in
537 1546 646 1600 hoc
678 1546 918 1613 mundo,
951 1563 1106 1617 super
1134 1546 1317 1599 cecidit
1361 1547 1519 1615 ignis,
1552 1545 1611 1600 id
1641 1548 1725 1600 est
1755 1562 1926 1616 super
1955 1546 2051 1601 eds

446 1634 612 1689 cadet
639 1636 793 1703 ignis,
826 1633 884 1688 id
923 1637 1009 1688 est
1038 1634 1229 1688 fervor
1254 1635 1539 1689 malarum
1567 1634 2052 1706 concupiscentia-

445 1740 576 1777 rum
597 1739 609 1777 ε
631 1738 763 1776 cum
795 1722 930 1776 dicit
956 1740 1129 1793 super,
1150 1722 1340 1776 innuit
1366 1723 1521 1794 quod
1553 1725 1747 1776 tantus
1778 1722 2051 1794 eritignis

2167 569 2388 626 tionem
2416 575 2699 628 aeternam
2723 573 2984 641 veniatis,
3007 572 3141 645 igne
3172 573 3781 630 excmcationisabsor-

2166 659 2406 729 bemini,
2440 660 2499 717 in
2524 661 2718 717 futuro
2750 678 2885 718 vero
2927 661 3304 718 damnatione
3337 666 3618 736 perpetua
3645 678 3784 720 con-

2162 748 2493 803 sumemini.

2232 835 2565 892 Notandum
2598 840 2795 894 autem
2823 838 2980 911 quod
3003 839 3323 895 secundum
3353 839 3460 896 hoc
3493 840 3652 914 quod
3678 858 3778 897 ex-

2160 924 2476 994 posuimus,
2513 926 2712 981 abillo
2754 928 2880 982 loco
2923 926 3017 981 ubi
3063 927 3300 996 dicitur;
3341 928 3486 983 Deus
3522 936 3777 998 conteret,

2160 1029 2337 1083 usque
2365 1014 2437 1068 ad
2470 1014 2757 1082 laetabitur,
2789 1031 2922 1070 cum
2972 1015 3090 1070 sint
3131 1019 3382 1088 quatuor
3409 1034 3622 1084 versus,
3657 1018 3775 1074 duo

2156 1103 2288 1154 sunt
2324 1102 2564 1172 expositi
2593 1102 2662 1158 de
2675 1103 3025 1158 contritione
3050 1103 3436 1161 alienatorum
3475 1106 3779 1163 salvando-

2155 1202 2284 1241 rum
2315 1188 2374 1243 in
2412 1189 2567 1244 bono
2609 1205 2624 1245 :
2657 1188 2715 1244 hi
2744 1190 2856 1245 duo
2909 1190 3126 1245 scilicet
3154 1189 3299 1246 Deus
3326 1198 3575 1260 conteret,
3607 1197 3664 1248 et
3699 1194 3777 1250 ad

2152 1276 2407 1332 nihilum:
2426 1277 2522 1332 alii
2536 1295 2670 1334 vero
2685 1279 2799 1334 duo
2817 1279 2888 1334 de
2911 1279 3289 1337 damnatione
3308 1280 3769 1353 perdendorum,

2154 1367 2209 1417 et
2238 1364 2330 1419 hic
2379 1368 2437 1420 et
2484 1366 2543 1420 in
2581 1367 2797 1423 futuro.
2852 1366 2919 1422 Hi
2955 1367 3068 1422 duo
3095 1368 3328 1436 scilicet,
3374 1371 3509 1423 sicut
3550 1387 3669 1425 cera
3710 1374 3773 1427 et

2141 1454 2459 1525 priusquam
2484 1472 2500 1506 :
2535 1458 2774 1526 possunt
2804 1458 2999 1510 autem
3030 1472 3235 1512 omnes
3273 1460 3520 1529 quatuor
3544 1458 3614 1514 de
3640 1475 3770 1531 per-

2153 1541 2355 1596 dendis
2386 1543 2517 1615 legi,
2536 1547 2597 1597 ut
2622 1544 2681 1598 in
2712 1548 2876 1617 parte
2908 1546 3207 1600 sentcntiae
3238 1545 3533 1602 diversitas
3558 1548 3771 1604 habea-
3832 1555 3841 1560 ’

2152 1633 2265 1684 tur.
2300 1633 2359 1685 In
2393 1637 2558 1703 parte
2603 1650 2740 1688 vero
2777 1633 3069 1703 identitas,
3102 1635 3147 1690 si
3178 1634 3255 1689 sic
3286 1640 3666 1708 exponantur,
3702 1641 3770 1694 ut

2153 1718 2231 1772 illi
2245 1721 2546 1775 sententiae
2566 1721 3322 1791 continuentur,secundum
3343 1741 3518 1796 quam
3532 1725 3611 1781 illi
3626 1730 3769 1782 tres-

442 1810 1227 1883 concupiscentiarum,quod
1258 1827 1356 1865 eos
1384 1810 1623 1866 omnino
1652 1811 1958 1883 deprimet,
1979 1812 2052 1866 ad
2076 1816 2125 1876 B
2153 1823 2364 1870 versus,
2392 1808 2606 1864 scilicet
2636 1809 2861 1863 alienati
2894 1818 3037 1878 sunt,
3084 1814 3142 1865 et
3180 1812 3341 1881 furor
3371 1812 3485 1868 illis
3509 1831 3528 1879 ;
3555 1818 3615 1868 et
3644 1831 3767 1886 qua:

442 1900 681 1955 modum
704 1899 894 1955 oneris
925 1899 1168 1971 desuper
1196 1899 1474 1955 cadentis.
1510 1899 1672 1963 Quod
1701 1904 1785 1954 est
1805 1917 1869 1954 ac
1899 1901 1945 1954 si
1972 1901 2053 1955 di-

440 1992 595 2043 ceret
628 2005 640 2043 :
675 1988 819 2044 Cum
866 1988 970 2060 ipsi
1013 2004 1117 2059 per
1157 1990 1340 2044 malas
1385 1988 1878 2059 concupiscentias
1923 2006 2052 2043 suas

441 2077 574 2132 0830i
602 2076 736 2144 sint,
771 2076 1177 2148 multiplicabit
1207 2076 1263 2130 in
1296 2076 1394 2131 azis
1435 2076 1721 2131 fervorem
1761 2078 2048 2133 malarum

438 2166 1053 2237 concupiscentiarum,
1096 2168 1159 2218 ut
1202 2165 1390 2236 magis
1429 2167 1805 2219 excmcentur.
1843 2165 1910 2218 Et
1938 2166 2049 2220 hoc

437 2254 568 2309 ideo
600 2255 727 2322 erit,
743 2254 876 2327 quia
901 2271 1007 2307 non
1028 2253 1272 2307 viderunt
1290 2269 1391 2324 pcr
1406 2252 1802 2323 fidem,solemj
1815 2253 2044 2321 ustitizc,

439 2342 747 2409 Christum,
768 2342 864 2415 qui
896 2345 1083 2397 totum
1114 2341 1399 2396 mundum
1430 2340 1543 2396 ﬁde
1575 2344 1631 2395 et
1661 2340 1963 2396 virtutibus
1986 2341 2048 2396 il-

435 2432 783 2498 luminat,ad
796 2432 1033 2486 modum
1055 2430 1188 2485 solis
1208 2430 1493 2485 mundum
1513 2430 1817 2501 splendore
1839 2431 2046 2485 illumi-

436 2520 645 2575 nantis.
676 2519 748 2573 Et
790 2520 893 2574 iste
937 2519 1085 2590 ignis
1125 2520 1361 2573 absorbet
1400 2532 1483 2573 eos
1531 2520 1668 2573 sicut
1708 2521 1956 2586 viventes,
1985 2520 2043 2575 id

434 2610 520 2663 est
546 2606 841 2663 devorabit
869 2607 1206 2662 excaecando
1230 2607 1515 2662 rationem
1542 2623 1765 2674 eorum,
1796 2607 1889 2679 qui
1910 2611 2042 2663 sunt

435 2712 555 2752 non
585 2711 785 2751 revera
813 2695 1083 2762 viventes,
1116 2695 1217 2750 sed
1244 2697 1378 2750 sicut
1417 2697 1664 2751 viventes.
1696 2697 1760 2750 ln
1793 2711 2033 2768 corpore

433 2785 985 2839 tantumsecundum
1011 2784 1440 2839 sensualitalem
1466 2784 1814 2839 viventes.In
1834 2785 2032 2840 anima

432 2889 567 2928 vero
597 2890 702 2945 per
732 2874 1031 2943 peccatum
1060 2873 1296 2927 mortui.
1331 2872 1466 2928 Dico
1498 2873 1654 2945 quod
1684 2873 2034 2942 absorbebit,

435 2964 492 3016 et
520 2962 631 3016 hoc
660 2961 803 3016 sicut
832 2964 887 3016 in
918 2964 1020 3029 ira,
1044 2960 1099 3015 id
1123 2965 1225 3029 est,
1250 2977 1369 3017 non
1393 2961 1452 3016 in
1474 2961 1571 3016 illa
1587 2960 1708 3029 Dei,
1733 2961 1789 3015 id
1815 2965 1900 3016 est
1920 2962 2039 3017 vin-

431 3048 604 3117 dicta,
629 3066 755 3120 qum
774 3064 973 3103 revera
993 3053 1080 3104 est
1100 3048 1344 3103 dicenda
1364 3048 1470 3117 ira,
1491 3048 1549 3103 id
1570 3052 1654 3103 est
1672 3052 1725 3103 in
1899 3034 1915 3120 I
1954 3053 2034 3103 ira

2150 1912 2255 1949 non
2279 1897 2539 1964 exaudiet,
2571 1897 2639 1951 de
2672 1898 2983 1968 perdendis
3015 1898 3338 1972 specialiter
3371 1906 3760 1972 exponuntur,

2150 1988 2207 2037 et
2237 1983 2315 2039 sic
2349 1986 2740 2040 continuatur.
2774 1986 2898 2041 Dixi
2932 1988 3089 2059 quod
3127 1987 3209 2043 illi
3238 2006 3270 2042 α
3294 1989 3479 2057 vulva,
3506 1991 3564 2045 id
3591 1994 3696 2060 est,
3726 2009 3766 2049 ει

2150 2073 2526 2144 conceptione
2557 2073 2642 2129 sui
2672 2075 2893 2130 alienati
2920 2082 3066 2143 sunt,
3095 2075 3153 2130 id
3180 2080 3265 2131 est
3288 2077 3572 2148 repudiati
3604 2084 3759 2136 sunt.

2150 2159 2219 2212 Et
2246 2160 2355 2214 hoc
2381 2161 2534 2228 ideo,
2571 2162 2705 2234 quia
2734 2164 2982 2218 erraturi
3023 2166 3081 2218 et
3121 2164 3265 2219 falsa
3294 2166 3537 2221 locuturi
3571 2184 3605 2221 a
3639 2169 3757 2224 Deo

2147 2249 2367 2317 przevisi
2401 2252 2533 2304 sunt
2565 2269 2577 2304 :
2612 2252 2669 2305 et
2695 2251 2850 2324 quod
2876 2251 2987 2306 illis
3008 2255 3093 2307 est
3115 2253 3275 2323 furor
3302 2254 3589 2309 secundum
3607 2258 3755 2310 simi-

2148 2336 2420 2391 litudinem
2452 2338 2647 2409 aspidis
2684 2339 2877 2405 surda’,
2907 2344 2964 2394 et
3003 2356 3136 2395 cum
3188 2344 3331 2396 tales
3362 2345 3419 2396 et
3448 2344 3591 2398 tales
3620 2344 3756 2414 sint,

2145 2427 2202 2478 et
2232 2425 2323 2479 hic
2363 2427 2420 2480 et
2449 2426 2508 2481 in
2540 2427 2731 2483 futuro
2765 2428 3221 2483 damnabantur.
3273 2430 3371 2484 Hic
3410 2431 3565 2485 enim
3607 2434 3758 2488 Deus

2142 2519 2373 2567 conteret
2396 2530 2500 2585 per
2517 2514 2847 2570 facundiam
2865 2516 3314 2589 praadicatorum
3344 2519 3521 2573 dentes
3548 2535 3752 2591 eorum,

2142 2599 2201 2654 id
2227 2604 2311 2655 est
2336 2602 2590 2658 minores
2617 2603 2979 2659 corrosiones
2993 2607 3052 2659 et
3082 2605 3493 2676 blasphemias,
3513 2624 3654 2680 quas
3666 2609 3753 2665 fa-

2139 2688 2296 2743 ciunt
2317 2691 2372 2744 in
2402 2692 2587 2747 Doum
2619 2696 2676 2746 et
2701 2692 2761 2747 in
2793 2696 3040 2761 sanctos,
3072 2694 3296 2749 etmolas
3326 2695 3553 2764 leonum,
3589 2697 3646 2751 id
3667 2701 3755 2753 est

2139 2778 2391 2849 majores
2422 2780 2811 2853 blasphemias
2858 2783 3159 2854 confringet
3209 2784 3521 2853 Dominus;
3554 2790 3613 2841 et
3640 2787 3752 2843 hoc

2139 2882 2301 2921 more
2327 2868 2606 2939 ipsorum,
2622 2868 2681 2923 id
2694 2871 2780 2922 est
2800 2867 2859 2922 in
2886 2868 3124 2941 propria
3139 2885 3273 2924 voce
3295 2869 3573 2941 ipsorum,
3592 2873 3751 2946 quod

2136 2955 2371 3025 propria
2402 2957 2777 3027 responsione
2807 2973 2841 3011 a
2870 2956 3082 3011 sanctis
3109 2957 3507 3027 devincentur,
3540 2978 3657 3016 non
3685 2965 3752 3018 ut

2137 3043 2529 3098 erubescendo
2560 3044 2903 3117 poeniteant,
2918 3044 3063 3100 sicut
3081 3046 3342 3117 superius
3362 3046 3421 3101 iu
3443 3048 3553 3104 alia
3569 3049 3752 3106 scien-

430 3099 1652 3210 gesturusius;ire.falsisstni'
1673 3099 2034 3209 tanta;
2058 3099 2104 3158 C
2137 3130 2237 3199 tia,
2261 3148 2387 3203 quae
2421 3132 2528 3186 fuit
2559 3099 2630 3187 de
2661 3099 2968 3201 salvandis,
3000 3134 3101 3189 sed
3130 3099 3193 3190 ιῖι
3217 3136 3585 3193 solummodo
3614 3154 3747 3195 eru-

429 3225 589 3297 quasi
616 3226 719 3293 ira,
752 3225 811 3279 id
837 3230 921 3280 est
946 3226 1151 3281 umbra
1166 3224 1265 3279 ira:
1290 3228 1606 3296 perpetuae.
1644 3225 1809 3289 Quod
1832 3227 1916 3280 est
1946 3226 2030 3280 di-

429 3331 557 3369 cere
585 3331 599 3370 :
633 3315 763 3369 Hzec
795 3313 1062 3381 vindicta,
1087 3330 1190 3384 per
1220 3330 1395 3384 quam
1427 3315 1575 3367 Deus
1606 3331 1705 3369 eos
1736 3314 1867 3387 igne
1895 3332 2031 3370 con-

427 3402 906 3474 cupiscentiarum
944 3402 1037 3456 hic
1079 3402 1371 3457 absorberi
1424 3402 1743 3474 permittet,
1778 3420 1894 3459 non
1926 3404 2036 3458 erit

425 3494 704 3561 perpetua
740 3490 827 3544 ira
856 3507 968 3561 qua
993 3490 1309 3544 damnandi
1340 3493 1491 3557 sunt,
1523 3491 1624 3546 sed
1648 3492 1856 3546 umbra
1884 3492 2033 3547 illius

426 3579 544 3634 ira).
568 3580 754 3634 Ethoc
785 3578 913 3633 ideo
947 3577 1191 3645 dicit,ne
1224 3578 1854 3650 quilibetexistimaret,
1876 3582 2033 3653 quod

424 3669 583 3722 nulla
601 3667 712 3722 alia
742 3666 824 3721 ira
855 3666 1170 3721 damnandi
1185 3671 1395 3735 essent,
1412 3668 1633 3722 nisihac
1652 3670 2031 3724 excazcatione

422 3755 748 3828 temporali.
791 3755 944 3809 Facit
974 3758 1168 3810 autem
1197 3758 1610 3828 apostropham
1644 3758 1716 3812 ad
1747 3757 1898 3829 ipsos
1926 3758 2032 3813 im-

421 3846 564 3917 pios,
599 3844 892 3900 innuendo
925 3843 1003 3897 eis
1033 3846 1312 3898 aeternam
1336 3844 1776 3900 damnationem
1800 3846 2027 3901 adfutu-

420 3950 571 4002 ram,
603 3936 666 3987 ut
694 3937 751 3987 et
769 3933 814 3987 si
844 3932 925 3986 illi
960 3949 1077 3987 non
1111 3935 1560 3999 exterrerentur,
1596 3933 1691 3987 alii
1719 3935 1924 3988 saltem
1957 3934 2028 3989 ab

419 4022 717 4093 impietate
746 4023 1163 4087 exterreantur,
1198 4020 1312 4075 sic:
1347 4021 1482 4075 Dico
1514 4021 1669 4092 quod
1700 4022 2030 4078 absorbebit

420 4126 518 4164 vos
545 4109 695 4180 ignis
743 4111 800 4162 et
846 4109 968 4161 haec
1017 4108 1307 4179 absorptio
1348 4111 1470 4162 erat
1499 4110 1819 4180 priusquam
1865 4113 2028 4180 spinas

418 4201 601 4251 vestrae
635 4195 981 4263 intelligerent
1013 4196 1319 4261 rhamnum,
1353 4194 1412 4248 id
1447 4198 1531 4248 est
1575 4212 1751 4266 quam
1792 4202 2026 4267 peccata

415 4287 620 4351 vestra,
655 4300 781 4354 qua:
812 4282 1159 4353 quandoque
1190 4281 1537 4354 intelligent,
1573 4283 1696 4355 ipsa
1726 4284 1807 4338 rei
1851 4301 2020 4357 expe-

2134 3219 2372 3275 bcscant
2401 3237 2518 3274 non
2550 3222 2829 3277 habentes
2849 3222 2988 3296 quid
3003 3223 3322 3296 proferant,
3356 3229 3414 3280 et
3436 3225 3560 3283 aliis
3576 3243 3748 3284 men-

2137 3307 2305 3362 daces
2329 3313 2667 3379 appareant.
2717 3311 2818 3366 Vel
2856 3311 2935 3365 sic
2984 3328 2999 3366 :
3045 3313 3244 3368 Dentes
3299 3329 3500 3383 eorum,
3554 3315 3614 3370 id
3657 3321 3749 3373 est

2136 3400 2363 3467 apertas
2401 3398 2789 3469 blasphemias
2816 3401 2874 3454 et
2905 3401 3109 3468 molas,
3139 3400 3199 3455 id
3231 3404 3316 3455 est
3340 3403 3591 3458 occultas
3619 3421 3748 3459 con-

2132 3485 2341 3554 fringet
2384 3487 2645 3541 Dominus
2690 3490 2746 3541 in
2792 3506 2880 3544 ore
2925 3492 3178 3561 ipsorum,
3211 3489 3270 3545 id
3299 3494 3384 3546 est
3413 3491 3470 3546 in
3502 3494 3746 3565 propria

2133 3590 2269 3629 voce
2301 3574 2577 3647 ipsorum.
2606 3578 2772 3633 Juxta
2801 3581 2957 3649 quod
2989 3579 3059 3633 de
3084 3579 3254 3634 beato
3282 3580 3576 3651 Stephano
3601 3583 3746 3655 legi-

2132 3665 2226 3717 tur
2254 3680 2316 3717 :«
2339 3665 2464 3719 Non
2488 3668 2759 3737 poterant
2789 3666 3054 3722 resistere
3084 3668 3380 3739 sapientia:
3420 3673 3477 3724 et
3515 3671 3744 3742 spiritui

2131 3751 2228 3822 qui
2274 3752 2619 3826 loquebatur
2646 3755 2793 3825 (Act.
2832 3772 2906 3823 v1,
2945 3757 3056 3827 10).
3087 3776 3115 3805 ››
3145 3756 3213 3810 Et
3242 3773 3359 3812 non
3402 3759 3589 3813 solum
3628 3760 3741 3815 hoc

2131 3838 2258 3907 erit,
2284 3841 2439 3911 quod
2462 3841 2730 3897 dentibus
2756 3847 2812 3898 et
2832 3844 3001 3899 molis
3029 3861 3233 3900 eorum
3264 3846 3544 3915 contritis,
3577 3864 3742 3903 men-

2131 3926 2297 3981 daces
2310 3932 2648 3999 appareant;
2667 3931 2767 3985 sed
2779 3932 2848 3986 de
2868 3932 2975 3987 hac
3003 3933 3264 4004 potentia
3276 3937 3333 3988 et
3352 3936 3737 4007 prosperitate

2129 4031 2304 4085 quam
2329 4016 2585 4071 habeant
2610 4018 2682 4072 ad
2705 4020 2933 4074 nihilum
2968 4021 3263 4089 devenient,
3304 4029 3560 4096 tanquam
3592 4042 3735 4097 aqua

2126 4102 2424 4172 decurrens,
2454 4122 2584 4160 cum
2616 4124 2649 4163 a
2686 4108 2962 4163 Romanis
2992 4109 3411 4165 obsidebantur
3454 4110 3620 4176 Quod
3649 4116 3737 4168 est

2126 4190 2313 4246 dicere
2335 4208 2347 4246 :
2368 4193 2719 4250 Transitoria
2749 4197 2859 4251 erit
2885 4197 3009 4252 haec
3033 4213 3236 4253 eorum
3252 4199 3623 4270 prosperitas,
3657 4201 3733 4257 ad

2124 4280 2367 4334 modum
2388 4283 2659 4337 torrentis
2686 4283 2955 4339 citissime
2986 4285 3310 4353 deﬂuentis,
3325 4289 3383 4342 et
3401 4304 3531 4342 vere
3558 4289 3630 4343 ad
3651 4291 3733 4343 ni-

416 4371 626 4427 rientia
654 4370 979 4442 intelligant
1010 4371 1340 4436 rhamnum,
1372 4371 1429 4425 id
1465 4374 1550 4425 est
1582 4371 2020 4430 damnationem
2043 4379 2096 4437 D
2121 4368 2289 4421 hilum
2325 4369 2613 4424 devenient.
2638 4373 2786 4427 Deus
2818 4372 2977 4427 enim
3009 4374 3231 4428 intendit
3259 4391 3445 4429 arcum
3468 4393 3645 4445 suum,
3669 4377 3731 4432 id

416 4462 717 4514 aeternam.
747 4460 870 4513 Non
901 4458 1032 4513 ideo
1065 4457 1199 4512 dicit
1230 4462 1464 4530 peccata
1492 4459 1835 4530 intelligere,
1868 4463 2021 4533 quod

415 4547 631 4619 aliquid
650 4548 970 4619 intelligere
1000 4548 1215 4619 queant
1237 4547 1365 4602 :sed
1378 4564 1482 4619 per
1494 4549 1936 4618 metonomiam,
1957 4567 2021 4605 ac

414 4636 459 4690 si
490 4636 746 4690 diceret:
782 4635 1122 4707 Priusquam
1168 4652 1267 4689 vos
1296 4640 1534 4706 propter
1574 4637 1789 4707 spinas,
1831 4638 1890 4692 id
1936 4642 2022 4694 est

413 4727 653 4795 propter
689 4727 923 4795 peccata
954 4725 1143 4778 vestra
1173 4722 1507 4795 intelligatis
1556 4723 1615 4778 in
1668 4726 1861 4781 futuro
1888 4744 2018 4781 sen-

412 4812 608 4867 tiendo
640 4816 921 4867 aeternam
953 4811 1413 4878 damnationem,
1435 4812 1530 4884 qui
1551 4813 1641 4867 hic
1661 4831 1790 4870 eam
1814 4815 2020 4870 intelli-

412 4917 547 4973 gere
579 4900 973 4972 negligitis,ut
994 4900 1064 4953 ab
1093 4916 1160 4953 ea
1182 4899 1444 4954 caveatis.
1482 4901 1777 4956 Rhamnus
1809 4906 1894 4956 cst
1915 4903 2018 4957 vir-

410 4989 829 5063 gultum,quod
850 4989 908 5043 in
921 4988 1222 5058 juventute
1256 5002 1375 5042 non
1395 4988 1570 5043 habet
1598 4990 2014 5063 spinas,neque

410 5097 679 5155 asperum
710 5082 795 5133 est
828 5094 840 5132 :
879 5079 1189 5148 postquam
1226 5091 1362 5130 vero
1387 5078 1660 5131 excrescit
1690 5081 1747 5132 et
1776 5078 2009 5134 indure-

409 5171 534 5237 scit,
555 5168 734 5240 spinis
766 5165 962 5219 multis
991 5163 1383 5218 circumdatur
1405 5166 1462 5218 et
1487 5165 1870 5235 asperrimum
1904 5169 2007 5221 est.

409 5258 648 5314 Ponitur
661 5271 798 5325 ergo
814 5269 917 5324 pro
932 5251 1742 5323 damnationeperpetua,non
1765 5270 1833 5307 ea
1851 5254 2011 5308 simi-

408 5345 668 5410 litudine,
684 5358 797 5413 qua
820 5341 957 5394 dum
986 5344 1069 5393 est
1094 5343 1359 5394 tenerum
1380 5342 1501 5394 leve
1524 5343 1676 5393 tactu
1706 5357 1822 5394 non
1846 5359 2008 5414 aspe-

407 5450 537 5489 rum
560 5434 672 5497 est;
694 5428 793 5484 sed
812 5444 879 5481 ea
896 5428 1086 5499 potius
1097 5443 1210 5499 qua
1230 5431 1533 5500 postquam
1556 5426 1813 5481 induruit
1832 5430 2010 5501 spinis

407 5519 706 5583 horrescit,
734 5519 791 5571 et
822 5516 1207 5586 asperrimum
1265 5519 1367 5570 est.
1422 5516 1703 5587 Perpetua
1755 5533 2008 5592 namque

409 5606 727 5670 damnatio,
744 5620 859 5677 pra:
875 5603 1143 5659 omnibus
1160 5603 1478 5674 asperrima
1496 5602 1689 5659 futura
1709 5607 2007 5664 est.Ethoc

2121 4459 2204 4509 est
2232 4456 2523 4512 intensam
2566 4458 2625 4513 in
2670 4458 2750 4513 eis
2790 4458 2963 4515 faciet
3002 4460 3512 4533 impugnationem
3541 4481 3724 4533 suam,

2119 4543 2279 4599 donec
2333 4546 2666 4615 in/irmentur
2717 4564 2785 4602 ex
2837 4550 3006 4604 toto:
3285 4550 3518 4623 Legitur
3568 4552 3727 4607 enim

2121 4648 2187 4686 ex
2215 4634 2483 4705 Josepho,
2507 4634 2663 4707 quod
2701 4651 2833 4690 cum
2864 4637 2934 4691 ab
2976 4636 3222 4692 inimicis
3263 4639 3511 4693 exterius
3549 4656 3724 4712 expu-

2118 4725 2458 4791 gnarentur,
2500 4722 2613 4794 ipsi
2655 4723 2976 4779 adinvicem
3015 4725 3158 4781 adeo
3190 4727 3453 4782 exczecati
3485 4727 3637 4782 iram
3668 4731 3728 4783 et

2119 4808 2318 4864 odium
2364 4815 2695 4866 exercentes
2745 4816 2930 4867 semet
2959 4812 3402 4886 impugnabant,
3428 4818 3491 4870 ut
3518 4817 3727 4887 saepius

2116 4896 2175 4951 in
2202 4897 2426 4954 civitate
2458 4899 2608 4955 inter
2637 4916 2695 4955 se
2718 4904 3068 4973 pugnarent,
3099 4902 3283 4957 donec
3306 4904 3536 4974 penitus
3560 4904 3722 4959 infir-

2115 4986 2278 5053 mati,
2301 4990 2359 5041 et
2376 5004 2409 5041 a
2428 5004 2485 5042 se
2508 4989 2566 5042 et
2589 4988 2659 5042 ab
2688 4987 2933 5044 inimicis
2955 4990 3269 5045 deficerent
3293 4992 3528 5062 (Josera.
3558 4992 3659 5047 lib.
3692 5009 3724 5046 ν

2113 5072 2253 5127 Bell.
2281 5076 2412 5129 Jud.
2431 5092 2554 5147 cap.
2579 5078 2687 5140 20).
2706 5077 2917 5131 Arcum
2940 5094 3045 5150 pro
3079 5079 3506 5151 expugnatione
3532 5080 3719 5150 ponit,

2113 5180 2181 5218 eo
2214 5166 2368 5236 quod
2400 5182 2534 5220 arcu
2570 5164 2867 5220 inimicum
2900 5184 3316 5240 expugnamus.
3342 5169 3408 5222 Et
3438 5168 3543 5240 ipsi
3566 5169 3724 5225 inlir-

2110 5253 2274 5319 mati,
2302 5254 2610 5323 auferentur
2641 5254 2711 5309 de
2747 5257 2901 5311 terra
2934 5273 3056 5325 sua,
3090 5260 3147 5311 et
3187 5256 3391 5329 captivi
3437 5256 3722 5313 ducentur

2109 5341 2252 5395 sicut
2293 5358 2423 5395 cera
2467 5358 2593 5412 quae
2624 5341 2772 5397 ﬂuit.
2805 5344 2899 5398 Vel
2925 5345 3305 5414 auferenturin
3322 5346 3515 5401 futuro
3529 5345 3716 5402 afacie

2102 5429 2414 5500 judicantis
2444 5431 2565 5493 Dei,
2594 5434 2731 5487 sicut
2758 5449 2874 5486 cera
2905 5450 3022 5505 quae
3041 5435 3182 5505 ﬂuit.
3201 5433 3316 5489 Hoc
3332 5439 3527 5491 autem
3558 5436 3715 5509 quod

2108 5518 2365 5590 sequitur
2412 5535 2424 5572 :
2465 5518 2842 5591 Supercecidit,
2900 5525 3033 5591 etc.,
3084 5539 3261 5598 usque
3317 5524 3391 5581 ad
3449 5525 3715 5580 (dilabitur

2107 5608 2261 5664 nullo
2302 5607 2477 5663 modo
2508 5611 2781 5669 mutatur.
