4004 6052
248 377 353 445 908

1217 377 1573 445 EXPOSI‘I‘IO
1608 380 1679 444 IN
1716 377 2052 446 PSALMOS.
2090 413 2165 433 --
2196 386 2391 451 PSAL.
2431 386 2593 452 LVIII

3455 382 3561 459 δοο

320 503 457 567 Dico
487 501 645 581 quod
672 501 837 581 impii
859 501 936 562 sic
954 501 1409 563 damnabuutur.
1442 505 1629 564 Justus
1659 508 1857 565 autem
1880 511 1936 574 Α
1961 498 2168 584 corpus
2192 510 2334 585 ejus,
2359 512 2416 569 et
2445 511 2704 572 dicerent
2730 508 2885 588 plebi
2911 508 3047 590 quia
3073 512 3334 587 surrexit,
3377 515 3436 575 et
3482 518 3563 578 sic

248 597 577 672 quicunque
593 596 878 663 laetabitur,
896 612 1015 652 cum
1032 595 1219 651 viderit
1236 597 1532 651 vindictam
1544 598 1858 669 impiorum

246 687 491 743 hic.Non
509 686 580 740 de
603 684 855 740 vindicta
870 684 1104 756 quidem
1118 684 1435 756 impiorum
1468 685 1857 753 lartabitur,sed

249 773 798 841 deinnocentiasua,
828 789 959 828 cum
992 773 1064 827 de
1104 773 1227 843 ipsa
1263 774 1858 845 hujusmodivindicta

248 879 369 920 non
387 863 662 935 capiatur,
698 864 760 917 ut
781 861 1110 934 supercidat
1127 862 1186 916 in
1206 879 1338 917 eum
1362 863 1512 934 ignis
1534 863 1859 919 excaecatio-

247 953 421 1020 nis,et
432 955 653 1006 caeteris
668 950 1201 1022 damnationesquas
1214 950 1273 1005 in
1293 951 1484 1024 impiis
1496 952 1855 1024 contingent:

245 1043 304 1095 et
322 1040 522 1095 Iuvabit
535 1055 725 1095 manus
744 1056 865 1093 suas
882 1041 937 1093 in
954 1041 1212 1109 sanguine
1220 1041 1534 1110 peccatoris,
1567 1040 1626 1095 id
1641 1043 1746 1108 est,
1779 1040 1859 1096 af-

242 1128 523 1185 fectiones
546 1145 676 1183 suas
708 1127 1013 1183 mundabit
1034 1127 1095 1182 in
1123 1128 1586 1184 consideratione
1621 1129 1855 1201 sangui-

243 1217 354 1286 nis,
387 1217 448 1274 id
477 1221 563 1273 est
581 1216 786 1273 mortis
816 1217 1374 1289 peccatorum.Quod
1392 1222 1477 1273 est
1495 1217 1854 1274 dicere:Cum

243 1304 690 1367 consideraverit
709 1308 961 1361 mortem
993 1305 1332 1377 peccatoris,
1355 1307 1515 1362 ethic
1537 1307 1853 1363 secundum

239 1394 777 1461 excascationem,et
789 1394 848 1448 in
862 1394 1055 1449 futuro
1070 1395 1388 1450 secundum
1413 1395 1853 1451 damnationem

239 1499 314 1538 ne
344 1487 403 1538 et
431 1483 550 1555 ipse
582 1481 846 1536 similiter
869 1481 1173 1550 moriatur,
1201 1483 1507 1539 mundabit
1521 1483 1853 1539 affectiones

242 1588 394 1638 suas,
420 1573 481 1626 ut
506 1569 648 1625 nihil
677 1570 897 1641 peccati
928 1570 1242 1626 criminalis
1269 1575 1561 1643 operetur.
1599 1572 1679 1627 Et
1718 1573 1854 1627 dicet

247 1676 449 1716 secum
477 1659 680 1725 homo,
711 1660 759 1712 si
792 1666 867 1713 est
901 1660 1133 1729 fructus,
1156 1660 1214 1714 id
1245 1664 1330 1714 est
1352 1661 1583 1725 utilitas,
1604 1663 1753 1733 justo
1781 1662 1852 1717 de

237 1749 463 1822 justitia
492 1764 614 1815 sua,
646 1751 708 1802 ut
738 1747 924 1820 magis
951 1765 984 1803 a
1014 1750 1130 1803 Deo
1146 1748 1511 1818 justificetur,
1563 1751 1718 1822 quod
1745 1749 1852 1805 uti-

1959 597 2019 653 in
2050 616 2185 655 eum
2211 603 2445 659 credere
2475 604 2734 660 facerent
2778 620 2896 659 non
2945 604 3133 676 potuit
3183 607 3381 664 tamen
3426 625 3561 668 eum

1958 685 2305 758 interficere,
2336 691 2396 746 id
2418 695 2502 747 est
2530 692 2750 747 famam
2767 691 3020 747 nominis
3042 692 3162 762 ejus
3176 695 3558 767 exstinguere.

1955 776 2081 846 Ipse
2112 794 2362 851 namque
2390 798 2506 836 non
2534 798 2569 835 a
2594 781 2851 852 discipuli
2877 781 3117 848 furatus,
3150 782 3250 837 sed
3276 782 3366 838 die
3391 786 3563 843 tertia

1956 866 2151 935 palam
2178 869 2507 923 custodibus
2526 869 2853 941 perterritis
2882 870 3260 941 resurgendo,
3295 871 3365 927 ab
3398 874 3561 929 omni

1956 957 2128 1024 gente
2159 956 2419 1028 cognitus
2470 974 2573 1030 per
2602 956 3085 1029 glorificationem
3121 960 3563 1030 resurrectionis

1956 1045 2287 1109 suaa,totum
2310 1029 2598 1100 mundum
2616 1045 2890 1117 regimini
2909 1061 3010 1100 suo
3239 1045 3359 1119 subj
3369 1049 3563 1120 ugavit

1955 1128 2024 1181 Et
2051 1131 2301 1185 multum
2332 1131 2569 1203 quidem
2597 1132 2858 1188 custodes
2887 1132 2962 1188 ad
3011 1134 3338 1205 sepulcrum
3368 1132 3559 1205 positi,

1955 1217 2028 1272 ad
2056 1219 2492 1275 resurrectionis
2506 1220 2628 1291 ejus
2642 1220 3039 1276 testimonium
3050 1218 3563 1294 valuerunt,quané

1955 1321 2130 1378 quam
2155 1308 2401 1379 pecunia
2427 1309 2704 1382 corrupti,
2761 1326 2895 1365 eum
2926 1326 2960 1365 a
2992 1309 3279 1383 discipulis
3304 1311 3559 1368 furatum

1954 1409 2094 1464 esse,
2118 1412 2242 1451 sese
2271 1397 2691 1452 dormientibus
2719 1398 2947 1453 mentiti
2978 1402 3128 1454 sunt.
3160 1400 3421 1472 Namque
3454 1412 3560 1471 per

1953 1484 2295 1539 eorumdem
2319 1485 2621 1541 custodum
2652 1486 2961 1541 fallaciam.
3006 1487 3339 1543 Judaaorum
3370 1487 3562 1543 mani-

1952 1572 2096 1628 feste
2116 1573 2334 1628 falsitas
2354 1574 2562 1644 patuit,
2605 1573 2893 1629 Christum
2924 1574 3139 1630 scilicet
3165 1574 3263 1630 ubi
3282 1573 3389 1647 ipsi
3414 1574 3559 1631 falso

1954 1660 2340 1733 perhibebant
2406 1660 2465 1715 in
2507 1664 2696 1716 morte
2729 1662 3031 1717 detentum
3063 1679 3181 1718 non
3219 1661 3413 1730 fuisse,
3460 1662 3564 1719 sed

1953 1752 2153 1823 procul
2191 1750 2364 1805 dubio
2396 1751 2720 1806 surrexisse.
2752 1751 2895 1807 Cum
2919 1751 3076 1806 enim
3121 1752 3385 1807 custodes
3410 1767 3559 1823 prse-
3624 1740 3633 1745 ’

250 1853 362 1910 que
394 1840 480 1892 est
506 1853 520 1892 :
553 1836 698 1891 Deus
722 1839 903 1908 utique
928 1843 1002 1890 est
1032 1836 1305 1907 judicans,
1340 1838 1399 1892 id
1430 1842 1517 1893 est
1570 1839 1854 1894 damnans
1881 1829 1932 1888 B
1954 1842 2142 1894 sentes
2169 1842 2378 1907 essent,
2416 1840 2490 1894 ad
2518 1841 2626 1894 hoc
2647 1839 2903 1911 deputati
2936 1843 2997 1895 ut
3028 1840 3402 1903 custodirent,
3459 1840 3564 1896 uti-

244 1944 344 1983 eos
373 1925 602 1997 impius,
637 1925 977 1980 excaecando
1009 1927 1065 1978 in
1095 1931 1239 1980 terra
1266 1926 1373 1981 hac
1406 1927 1698 1998 praesenti,
1731 1927 1853 1982 acsi

242 2013 463 2070 diceret
496 2029 509 2068 :
544 2012 874 2068 Cavendum
903 2017 989 2068 est
1011 2013 1153 2068 mihi
1181 2030 1215 2068 a
1247 2014 1467 2070 malitia
1492 2033 1564 2071 ne
1582 2031 1849 2083 excaacer,

240 2119 382 2158 nam
408 2118 539 2157 vere
578 2118 894 2157 excaecarer
922 2118 956 2155 a
985 2102 1123 2156 Deo.
1158 2101 1322 2166 Quod
1354 2106 1541 2175 potest
1563 2121 1668 2177 per
1696 2104 1853 2159 simi-

238 2193 295 2248 le
325 2190 528 2246 videri.
565 2189 711 2244 Nam
728 2206 858 2245 cum
886 2189 1070 2261 justus
1100 2205 1204 2260 pro
1226 2190 1451 2261 justitia
1479 2209 1580 2247 sua
1610 2193 1796 2265 magis
1820 2210 1855 2247 a

241 2282 361 2337 Deo
385 2279 748 2351 justificetur,
780 2278 976 2351 utique
1005 2278 1215 2350 impius
1259 2295 1365 2350 pro
1420 2280 1718 2351 impietate
1750 2299 1852 2337 sua

240 2372 580 2435 excaecatur,
604 2367 754 2422 utin
784 2368 978 2422 futuro
1008 2368 1129 2422 sine
1181 2368 1297 2422 fine
1347 2369 1676 2424 damnetur.
1736 2371 1852 2426 Hoc

240 2461 439 2513 autem
481 2455 617 2511 dicit
647 2455 720 2510 ad
780 2455 1221 2510 instructionem
1271 2459 1552 2525 nostram,
1604 2460 1667 2511 ut
1718 2475 1852 2513 cum

238 2544 680 2617 cognoverimus
702 2543 922 2615 justum
971 2560 1076 2615 pro
1126 2543 1346 2614 justitia
1394 2563 1495 2600 sua
1530 2546 1851 2617 justificari,

238 2633 488 2705 impium
524 2637 719 2688 autem
751 2648 855 2704 pro
886 2631 1184 2703 impietate
1239 2634 1533 2701 excmcari,
1584 2634 1850 2707 impieta-

237 2724 362 2777 tem
392 2721 701 2793 fugiamus,
732 2724 790 2775 et
826 2720 1063 2791 justitiae
1122 2721 1537 2777 adhaereamus.
1590 2724 1691 2778 Vel
1742 2724 1851 2780 hoc

238 2809 372 2865 ideo
405 2809 541 2864 dicit
570 2811 941 2864 utremoveat
962 2808 1103 2863 illud
1141 2810 1298 2881 quod
1326 2810 1563 2882 quidam
1606 2811 1850 2884 opinan-

189 2954 198 2959 _
241 2900 360 2964 tur,
389 2897 603 2952 scilicet
644 2896 800 2969 quod
831 2900 1093 2952 asserunt
1142 2898 1368 2952 nullum
1398 2898 1459 2953 in
1488 2899 1597 2954 hoc
1628 2901 1849 2956 mundo

239 2984 565 3057 quidquam
597 2984 934 3039 detrimenti
957 2985 1076 3057 pati
1097 2984 1317 3055 judicio
1367 2988 1425 3040 et
1474 2986 1849 3059 dispositione

238 3072 364 3139 Dei,
393 3072 494 3127 sed
523 3072 724 3127 omnia
749 3089 881 3126 casu
901 3072 1260 3144 contingere.

719 3161 788 3215 IN
820 3159 1144 3215 PSALMUM
1170 3161 1347 3215 LVIII.

308 3248 527 3303 Titulus
556 3248 1020 3320 quinquagesimi
1048 3249 1325 3304 octaviJn
1342 3252 1501 3319 ﬁnem
1520 3270 1585 3306 ne
1600 3269 1844 3307 cernun-

227 3355 356 3410 pas,
392 3340 494 3409 ipsi
504 3338 685 3391 David
705 3339 761 3391 in
780 3338 925 3393 tituli
936 3340 1291 3410 inscriptione,
1318 3341 1529 3411 quando
1552 3344 1694 3396 misit
1712 3342 1853 3397 Saul

236 3426 311 3480 ad
365 3426 758 3481 custodiendam
812 3426 1026 3480 domum
1082 3428 1215 3497 ejus,
1260 3436 1323 3482 ut
1351 3430 1663 3498 interﬁceret
1703 3448 1841 3487 eum.

233 3515 404 3580 Quod
425 3515 501 3569 sic
525 3513 830 3585 exponitur
863 3531 875 3568 :
912 3516 1170 3570 Psalmus
1200 3516 1303 3571 iste
1334 3521 1418 3571 est
1452 3519 1761 3590 respiciens
1792 3522 1848 3573 in

229 3604 416 3674 ﬁnem,
440 3603 500 3656 id
531 3602 692 3657 estin
720 3602 1029 3670 Christum,
1064 3604 1376 3659 adhortans
1429 3606 1514 3660 sui
1561 3606 1848 3662 evidentia

232 3708 301 3744 ne
326 3692 390 3744 tu
413 3689 736 3761 quicunque
759 3708 1063 3762 corrumpas
1102 3690 1300 3759 David,
1329 3692 1387 3746 id
1403 3696 1487 3747 est
1532 3693 1844 3765 Christum,

231 3776 551 3832 auferendo
580 3778 682 3848 ipsi
704 3794 950 3849 regnum
983 3782 1263 3849 quantum
1297 3779 1371 3833 ad
1394 3782 1469 3838 te.
1493 3779 1563 3833 In
1592 3782 1739 3837 tituli
1768 3784 1848 3835 in-

227 3867 514 3936 scriptione
542 3866 694 3919 facta
723 3865 829 3936 ipsi
852 3866 1027 3920 David
1056 3870 1433 3923 commutata.
1473 3868 1636 3933 Quod
1650 3873 1735 3924 est
1765 3870 1846 3924 di-

230 3970 364 4010 cere
390 3971 403 4009 :
433 3954 512 4007 Ne
535 3970 874 4024 corrumpas
905 3971 1039 4009 eum
1066 3957 1481 4012 commutando
1519 3958 1843 4032 inscriptio-

228 4058 371 4097 nem
394 4041 565 4109 tituli,
605 4059 732 4113 quze
763 4041 1019 4097 affirmat
1048 4043 1234 4115 ipsum
1282 4062 1481 4117 regem
1514 4063 1653 4114 esse,
1687 4048 1845 4118 quod

230 4146 435 4186 verum
453 4134 571 4185 est:
608 4130 742 4185 Dico
772 4147 836 4184 ne
860 4148 1168 4203 corrumpas
1196 4134 1406 4188 eumin
1426 4137 1841 4192 commutando

232 4219 357 4289 ejus
385 4217 1063 4291 inscriptionem,quando
1078 4223 1220 4275 misit
1231 4221 1387 4290 Saul,
1418 4221 1477 4277 id
1491 4226 1574 4278 est
1587 4225 1845 4295 quando-

232 4297 496 4371 quidem,
528 4298 636 4351 hoc
666 4300 752 4351 est
779 4298 934 4369 quod
963 4299 1228 4354 Iudaicus
1283 4303 1525 4373 populus
1557 4303 1714 4358 misit
1743 4321 1839 4359 cu-

1872 3108 1919 3168 C

1955 1944 2067 1999 que
2096 1945 2155 1982 se
2186 1927 2508 1983 videntibus
2539 1944 2745 2000 corpus
2792 1928 2913 1999 ejus
2950 1928 3104 1983 furto
3155 1928 3411 1983 subtrahi
3442 1945 3561 1984 non

1954 2016 2381 2086 permitterent.
2417 2013 2477 2069 Si
2496 2031 2628 2070 vero
2656 2014 2736 2069 eis
2760 2015 3179 2071 dormientibus
3210 2013 3468 2086 discipuli
3486 2012 3561 2069 ad

1954 2104 2102 2159 illud
2129 2104 2441 2158 furandum
2473 2104 2859 2171 accessissent,
2900 2119 3031 2158 cum
3061 2103 3203 2175 lapis
3240 2100 3564 2176 supraposi-

1952 2193 2043 2245 tus
2091 2190 2213 2246 sine
2240 2191 2494 2246 tumultu
2527 2190 2739 2245 auferri
2770 2207 2803 2245 a
2832 2188 3119 2262 discipulis
3176 2206 3295 2245 non
3348 2191 3559 2262 posset,

1953 2279 2155 2351 utique.
2174 2280 2425 2334 tumultu
2459 2278 2686 2334 excitati
2714 2278 2976 2334 fuissent.

2025 2367 2385 2423 Concedatur
2402 2384 2557 2435 vero,
2586 2367 2720 2422 licet
2764 2366 3002 2423 omnino
3026 2366 3233 2422 falsum
3266 2366 3359 2435 sit,
3393 2364 3559 2422 disci-

1952 2456 2116 2528 pulos
2143 2457 2265 2511 sine
2280 2457 2543 2549 }umultu
2568 2456 2823 2527 lapidem
2854 2455 3104 2527 potuisse
3126 2456 3437 2523 revolvere,
3454 2472 3562 2512 nec

1952 2546 2150 2599 tamen
2182 2543 2375 2600 minus
2406 2544 2707 2599 custodum
2761 2543 2976 2599 falsitas
3028 2543 3347 2616 apparebit.
3396 2544 3560 2600 Unde

1954 2650 2207 2705 namque
2239 2633 2424 2689 sciunt
2453 2649 2660 2704 corpus
2689 2633 2810 2703 ejus
2835 2633 3189 2688 subtractum
3222 2631 3559 2690 fuissefurto

1952 2738 2082 2776 cum
2106 2738 2164 2776 se
2185 2722 2527 2794 perhibeant
2552 2725 2690 2776 tunc
2719 2720 3175 2793 temporisfuisse
3206 2736 3411 2791 sopore
3428 2738 3559 2794 gra-

1951 2813 2112 2865 vatos
2136 2809 2165 2865 ?
2182 2809 2458 2881 Sicigitur
2480 2809 2821 2864 eorumdem
2856 2808 3155 2863 falsissimo
3168 2824 3436 2864 sermone
3459 2809 3559 2864 de-

1950 2898 2231 2972 prehendi
2246 2900 2453 2970 potest,
2487 2913 2621 2951 eum
2646 2897 2717 2951 de
2739 2897 2998 2967 sepulcro
3031 2896 3359 2951 surrexisse.
3392 2894 3559 2960 Quod

1952 2988 2275 3060 sepulcrum
2308 2985 2512 3040 domus
2541 2985 2662 3056 ejus
2693 2984 3043 3051 dicitur,non
3061 2984 3287 3055 quodin
3301 2985 3557 3056 eolongo

1951 3080 2233 3146 tempore,
2266 3074 2367 3128 sed
2378 3073 2532 3145 quod
2546 3089 2720 3144 parvo
2734 3072 2918 3144 spatio
2942 3088 3147 3143 corpus
3167 3072 3293 3144 ejus
3320 3071 3382 3128 in
3412 3088 3565 3145 pace

1949 3164 2183 3237 quievit.
2216 3161 2544 3216 Notandum
2573 3164 2768 3215 autem
2790 3161 2944 3232 quod
2973 3161 3082 3215 hoc
3115 3160 3184 3215 de
3207 3160 3399 3216 futuro
3430 3177 3560 3233 pro-

1948 3253 2123 3326 pheta
2148 3250 2389 3321 intelligi
2420 3249 2616 3316 voluit,
2649 3249 2779 3303 licet
2797 3247 3026 3302 titulum
3044 3264 3205 3303 more
3219 3248 3555 3321 prophetico

1948 3340 2237 3413 prazteritc
2261 3336 2534 3411 posuerit.
2560 3337 2703 3392 Nobi
2719 3339 2912 3391 autem
2922 3336 3045 3406 jam
3066 3337 3429 3409 praeteritum
3446 3340 3553 3393 est.

1946 3428 2143 3485 Notari
2175 3427 2353 3483 etiam
2376 3429 2567 3498 potest
2591 3425 2744 3498 quod
2791 3424 2849 3479 in
2878 3424 3059 3479 tribus
3116 3424 3293 3480 titulis
3343 3426 3554 3498 posuit,

1948 3535 2012 3572 ne
2054 3516 2345 3587 disperdas,
2403 3516 2490 3570 vel
2521 3529 2828 3585 corrumpas
2879 3513 2939 3567 in
2980 3513 3127 3568 tituli
3157 3514 3556 3586 inscriptione,

1947 3608 2184 3677 propter
2204 3603 2315 3657 tria
2332 3619 2547 3673 genera
2561 3601 3122 3672 linguarum,quibus
3145 3601 3413 3657 omnibus
3430 3603 3562 3657 titu-

1946 3693 2034 3747 lus
2062 3691 2302 3764 scriptus
2324 3693 2428 3757 est,
2471 3688 2747 3761 posuisse.
2781 3688 3036 3759 Scriptus
3086 3704 3336 3760 namque
3384 3690 3556 3745 fuisse

1946 3777 2673 3851 legitur,Hebraice,Gr32ce
2688 3779 2746 3830 et
2768 3776 2964 3830 Latine
2979 3774 3164 3847 (Joan.
3180 3777 3556 3843 x1x,20).Cum

1946 3867 2120 3939 igitur
2145 3869 2234 3920 ter
2269 3864 2453 3936 ponit,
2487 3880 2551 3917 ne
2580 3878 2912 3933 corrumpas,
2954 3862 3145 3916 innuit
3176 3862 3235 3916 in
3267 3864 3423 3917 nulla
3451 3865 3555 3918 ha-

1944 3971 2073 4009 rum
2100 3952 2619 4023 triumlinguarum
2634 3949 2865 4005 titulum
2893 3949 3383 4019 corrumpendum
3411 3966 3552 4006 esse.

1944 4041 2275 4096 Notandum
2325 4055 2553 4112 quoque
2610 4038 2901 4109 psalmum
2959 4037 3131 4092 istum
3190 4054 3307 4092 non
3341 4037 3555 4108 apertis

1944 4130 2131 4185 verbis
2161 4128 2454 4185 adhortari
2486 4129 2763 4182 lectorem
2797 4142 2871 4179 ne
2919 4129 3273 4198 corrumpat,
3307 4126 3407 4181 sed
3431 4126 3554 4198 ipsa

1943 4217 2028 4273 sui
2052 4216 2335 4272 evidentia
2350 4218 2407 4268 et
2434 4212 2911 4269 dcvotione.Cum
2938 4213 3094 4267 enim
3112 4214 3202 4268 hic
3224 4213 3556 4269 Dominicus

1943 4307 2121 4361 homo
2137 4305 2206 4360 de
2225 4303 2594 4359 conversione
2612 4303 2876 4373 gentium
2892 4305 2948 4356 et
2963 4301 3315 4372 dispersione
3333 4302 3553 4357 ,1υάωο-

228 4385 426 4440 stodes
445 4384 658 4439 milites
675 4385 746 4438 ad
774 4387 1170 4441 custodiendum
1198 4389 1416 4443 domum
1475 4391 1605 4460 ejus,
1668 4392 1725 4447 id
1759 4398 1844 4450 est
1864 4392 1915 4450 D
1944 4410 2099 4461 rum,
2126 4396 2183 4448 et
2198 4393 2256 4446 in
2273 4392 2386 4446 fine
2400 4391 2471 4446 de
2487 4390 2799 4445 salvatione
2816 4389 3190 4460 reliquiarum
3212 4390 3378 4444 Israel
3394 4394 3549 4461 agat,

230 4475 557 4544 sepulcrum
594 4481 653 4527 ut
682 4491 800 4528 eum
831 4477 1159 4544 interﬁceret,
1185 4479 1500 4533 secundum
1534 4480 1752 4535 famam
1786 4486 1844 4536 et

228 4561 538 4625 honorem,
555 4561 871 4632 quemjam
892 4562 1261 4618 interfecerat
1279 4567 1593 4621 secundum
1606 4584 1841 4625 carnem

229 4651 291 4702 et
321 4651 515 4701 tamen
549 4648 806 4720 nequivit
836 4666 968 4704 eum
1004 4650 1081 4705 sic
1135 4651 1481 4708 interficere.
1527 4655 1641 4709 Hoc
1686 4657 1836 4727 quod

232 4735 493 4807 nequivit
516 4752 648 4790 eum
669 4736 1138 4805 interficere,non
1163 4740 1406 4795 habetur
1423 4741 1481 4795 in
1496 4742 1658 4798 titulo
1692 4761 1705 4799 :
1739 4745 1839 4799 sed

227 4822 572 4894 intelligitur
592 4840 658 4878 ex
685 4827 932 4895 psalmo,
965 4827 1062 4881 ubi
1093 4828 1229 4881 dicit
1260 4828 1317 4882 in
1344 4828 1458 4885 ﬁne
1490 4831 1714 4901 psalmi,
1744 4834 1836 4902 fa-

224 4917 342 4965 ctus
379 4929 430 4965 es
444 4919 712 4983 susceptor
743 4930 910 4980 meus,
939 4912 998 4967 id
1029 4919 1112 4969 est
1143 4916 1529 4973 resuscitator.
1585 4920 1836 4991 ideoque

225 4999 303 5054 ad
324 4999 821 5055 corroborandum
861 5018 1091 5056 causam
1120 5006 1419 5077 suppletur
1459 5007 1567 5061 hoc
1589 5011 1747 5061 extra
1770 5009 1833 5063 li-

225 5088 420 5155 brum,
448 5090 506 5142 et
533 5091 620 5142 est
649 5088 1025 5160 mquipollens
1055 5106 1119 5145 ac
1151 5092 1196 5144 si
1214 5092 1429 5148 diceret
1462 5111 1474 5147 :
1508 5095 1632 5149 Non
1665 5096 1838 5152 debes

225 5191 363 5229 eum
378 5191 747 5247 corrumpere
764 5177 1106 5248 deneganda
1121 5195 1241 5234 esse
1257 5184 1839 5257 regem,quandoqui-

236 5264 369 5318 dem
393 5266 636 5335 apparet
665 5280 798 5318 eum
815 5281 1016 5337 regem
1032 5267 1296 5323 omnium
1327 5285 1469 5325 esse.
1492 5271 1633 5326 Cum
1645 5273 1753 5328 hoc
1766 5273 1838 5329 sit

226 5351 383 5424 quod
409 5350 675 5406 Iudaicus
708 5354 951 5424 populus
979 5355 1175 5408 volens
1213 5372 1347 5410 eum
1402 5358 1745 5429 interficere,
1778 5362 1838 5418 id

226 5442 330 5507 est,
365 5439 583 5493 famam
616 5444 675 5493 et
702 5440 986 5496 honorem
1022 5443 1272 5497 nominis
1303 5445 1424 5514 ejus
1454 5448 1834 5518 exstinguere,

227 5527 384 5583 misit
415 5527 678 5582 custodes
708 5528 920 5585 milites
948 5529 1020 5584 ad
1044 5530 1487 5588 custodiendum
1510 5537 1837 5607 sepulcrum

228 5616 423 5673 dicens
446 5616 623 5690 quod,
652 5616 761 5672 nisi
787 5617 1188 5688 custodiretur,
1223 5619 1482 5692 discipuli
1503 5622 1836 5683 furarentur

548 5715 785 5775 PATROL.
830 5713 983 5772 CLII.

1943 4486 2001 4536 et
2032 4482 2207 4536 etiam
2236 4480 2306 4534 de
2336 4496 2437 4533 sua
2462 4477 2901 4542 resurrectione,
2930 4494 3034 4548 per
3063 4494 3237 4547 quam
3270 4478 3391 4532 hinc
3424 4494 3549 4533 om-

1943 4570 2041 4624 nia
2063 4569 2420 4639 contingent,
2449 4582 2552 4637 pro
2585 4568 2740 4619 certo
2759 4565 2928 4618 datur
2955 4564 3195 4636 intelligi
3228 4566 3342 4619 Rex
3356 4568 3414 4621 et
3434 4565 3551 4621 Sal-

1941 4662 2103 4712 vator
2130 4657 2459 4710 Iudaeorum
2487 4657 2543 4707 et
2572 4652 2834 4725 gentium
2859 4669 2998 4706 esse.
3027 4654 3094 4707 Et
3122 4670 3255 4708 cum
3288 4671 3421 4708 eum
3454 4671 3546 4709 re-

1940 4762 2073 4817 gem
2101 4761 2221 4799 esse
2279 4742 2653 4811 intelligatur,
2707 4757 2825 4794 non
2874 4757 2994 4794 esse
3058 4743 3546 4814 corrumpendum

1936 4831 2372 4904 inscriptionem
2408 4829 2573 4897 tituli,
2607 4846 2734 4900 quae
2768 4845 2901 4884 eum
2948 4843 3146 4900 regem
3181 4828 3401 4894 asserit,
3428 4845 3546 4883 cer-

1935 4921 2155 4976 tissime
2177 4917 2533 4992 probabitur.
2566 4917 2701 4971 Orat
2733 4920 2929 4971 autem
2952 4916 3010 4970 in
3031 4915 3313 4987 principio
3338 4916 3541 4985 psalmi

1938 5010 2009 5064 de
2049 5008 2487 5073 resurrectione,
2522 5022 2593 5059 ne
2625 5005 2683 5059 in
2716 5009 2904 5060 morte
2944 5004 3111 5074 juxta
3140 5003 3281 5056 velle
3315 5003 3540 5059 ,1υάωο-

1935 5115 2066 5154 rum
2097 5096 2441 5161 detineatur,
2474 5110 2616 5166 quos
2645 5096 2844 5164 postea
2877 5091 3011 5145 dicit
3045 5106 3177 5144 eum
3204 5090 3538 5145 interfectu-

1935 5203 2052 5253 ros,
2083 5189 2141 5240 et
2169 5185 2229 5239 in
2260 5186 2447 5238 morte
2475 5182 2734 5236 detinere
2761 5182 3077 5251 putaturos.
3113 5177 3251 5232 Orat
3271 5177 3447 5232 etiam
3469 5179 3542 5233 de

1936 5275 2116 5330 salute
2148 5272 2410 5346 gentium
2443 5268 2984 5333 convertendarum,
3003 5269 3059 5320 et
3086 5265 3409 5320 concessive
3423 5267 3545 5336 agit

1938 5364 2009 5419 de
2037 5362 2388 5434 dispersione
2417 5358 2768 5423 Iudaeorum,
2818 5358 2874 5409 et
2904 5358 3031 5409 orat
3085 5354 3154 5408 de
3186 5354 3366 5408 salute
3410 5355 3542 5409 reli-

1938 5452 2203 5524 quiarum
2232 5450 2289 5503 in
2320 5449 2435 5502 fine
2468 5444 2671 5500 mundi
2702 5442 3243 5498 convertendarum.

2008 5541 2174 5611 Eripe
2203 5555 2285 5591 me
2305 5536 2368 5589 de
2408 5536 2633 5587 inimicis
2674 5535 2821 5599 meis,
2868 5531 3011 5587 Deus
3049 5547 3212 5584 meus.
3265 5530 3425 5595 Quod
3460 5536 3546 5586 est

1946 5628 2135 5686 dicere
2164 5643 2177 5683 :
2213 5626 2355 5681 Cum
2382 5622 2644 5680 omnium
2662 5620 2801 5679 Deus
2819 5638 2897 5692 es,
2928 5637 3072 5678 meus
3107 5618 3432 5693 specialiter
3461 5637 3541 5692 es,
3564 5669 3579 5681 .

3223 5719 3295 5775 29
