4004 6052
200 320 307 390 909

1181 326 1537 390 EXPOSITIO
1571 327 1643 389 IN
1679 322 2015 390 PSALMOS.
2045 358 2116 374 --
2142 325 2340 393 PSAL.
2382 327 2545 393 LVIII

3411 328 3519 429 mo

190 448 383 511 eundo
414 466 566 521 eain,
589 468 664 509 ne
686 447 878 509 hostes
905 447 1188 527 impetum
1212 451 1430 512 faciant
1460 456 1519 510 et
1542 454 1697 511 fures
1719 453 1801 511 la-
1823 460 1879 522 Α
1897 450 2153 510 ostendit
2172 452 2232 509 in
2262 452 2487 513 ratione
2521 472 2673 528 mea,
2705 457 2768 516 ut
2794 471 2900 532 pro
2948 455 3028 518 eis
3053 474 3236 533 orem,
3271 477 3345 521 ne
3366 462 3518 523 occi-

187 543 380 597 tenter
400 542 660 600 subeant.
688 543 813 598 Non
844 543 1031 598 solum
1050 546 1246 598 autem
1270 545 1546 615 patientur
1561 545 1791 615 famem;

186 631 287 687 sed
309 649 440 699 ecce,
473 631 530 687 id
560 634 644 687 est
669 632 884 704 palam,
908 632 1206 704 loquentur,
1238 650 1355 688 non
1380 633 1437 687 in
1469 634 1664 697 corde,
1709 634 1798 688 vel

185 718 247 774 in
278 720 510 792 scripto,
543 720 643 775 sed
674 722 729 773 in
754 737 841 774 ore
870 738 963 775 suo
992 722 1302 793 loquentur
1333 722 1568 777 verbum
1596 720 1802 793 prandi-

186 808 456 864 cationis:
481 816 530 864 et
557 809 769 878 gladius
803 809 913 864 erit
938 812 993 863 in
1023 810 1174 864 labiis
1201 826 1403 876 eorum,
1446 827 1510 865 ac
1565 810 1611 864 si
1656 811 1804 865 dice-

185 900 312 952 ret:
339 896 671 952 Praedicatio
699 914 903 953 eorum
934 915 1051 954 non
1083 898 1194 953 erit
1224 898 1509 964 inefficax,
1540 899 1640 953 sed
1663 900 1805 953 inla-

188 985 289 1040 biis
304 1001 484 1041 eorum
496 986 599 1042 erit
610 986 905 1056 gladius,id
915 987 1151 1053 est,talis
1164 987 1494 1059 praedicatio
1509 1004 1636 1059 quas
1652 1004 1806 1043 com-

186 1074 463 1147 parabilis
486 1074 595 1129 erit
632 1075 825 1145 gladio
853 1091 865 1129 :
892 1074 1241 1129 interﬁciens
1286 1075 1344 1129 in
1377 1075 1720 1130 animavitia
1750 1079 1807 1131 et

184 1162 244 1217 in
265 1178 506 1234 corpore
518 1163 672 1218 mala
688 1178 885 1233 opera,
906 1163 979 1217 ad
999 1163 1238 1219 modum
1265 1163 1439 1235 gladii
1462 1163 1807 1219 interficien‘

184 1251 280 1309 tis.
315 1252 642 1307 Notandum
657 1252 814 1323 quod
835 1252 1087 1306 ecceideo
1120 1252 1285 1323 ponit
1303 1268 1409 1324 pro
1440 1254 1653 1324 palam,
1673 1253 1807 1325 quia

185 1338 259 1396 de
278 1355 343 1394 re
374 1357 502 1411 quae
540 1338 600 1395 in
632 1340 903 1411 praesenti
935 1343 1019 1394 est
1045 1344 1102 1395 et
1129 1341 1322 1411 palam
1338 1345 1677 1397 consuetum
1723 1345 1808 1397 est

186 1427 295 1485 dici
327 1445 456 1483 ecce.

258 1515 482 1572 Diceret
498 1516 735 1589 aliquis:
766 1516 911 1572 Dicis
939 1517 1095 1589 quod
1107 1519 1301 1589 palam
1328 1519 1636 1591 loquentur
1660 1534 1725 1573 ac
1758 1518 1804 1574 si

183 1604 296 1660 hoc
324 1606 541 1661 mirum
558 1609 704 1661 esset
716 1608 774 1660 et
790 1622 1089 1678 magnum.
1108 1606 1311 1661 Nonne
1324 1607 1517 1661 caeteri
1535 1607 1805 1663 homines

185 1695 380 1764 palam
392 1694 741 1767 loquuntur?
752 1694 839 1748 Ad
852 1694 1006 1765 quod
1023 1695 1101 1748 sic
1112 1694 1299 1750 addit:
1316 1695 1456 1749 Vere
1470 1695 1684 1750 mirum
1697 1697 1801 1763 est,

1901 543 2112 599 dantur
2129 546 2411 615 corporali
2471 547 2775 617 occisione,
2814 553 2874 605 ut
2928 551 3041 606 sint
3087 555 3260 610 testes
3315 555 3521 612 mortis

1900 649 2046 687 meae
2067 650 2080 700 ;
2102 637 2482 711 et_reservent
2507 637 2680 692 libros
2721 639 3135 711 prophetarum
3159 642 3233 697 ad
3256 644 3520 707 testimo.

1901 721 2064 776 nium
2303 723 2441 791 mei,
2465 725 2561 796 qui
2583 725 2642 780 in
2674 705 2784 781 illis
2830 705 3143 798 praedictus
3174 748 3324 799 sum,
3356 736 3415 787 et
3444 705 3520 791 ad

1902 809 2338 865 instructionem
2365 811 2498 867 ﬁdei
2527 830 2814 869 meorum.
2868 817 3015 871 Nam
3039 817 3082 872 si
3116 817 3221 889 ipsi
3260 819 3517 877 destrue-

1903 902 2126 966 rentur,
2158 916 2346 971 neque
2379 902 2493 956 mei
2524 903 2808 959 haberent
2832 903 3008 961 libros
3028 908 3518 979 prophetarumin

1906 987 2112 1059 quibus
2144 989 2539 1046 testimonium
2589 993 3022 1050 resurrectionis
3050 999 3108 1051 et
3140 997 3343 1052 mortis
3372 1014 3522 1055 mea

1905 1076 2253 1146 continetur,
2287 1082 2345 1133 et
2379 1080 2723 1153 quandoque
2753 1083 3024 1139 oblivioni
3068 1086 3393 1143 traderent:
3419 1088 3522 1145 sed

1906 1181 2039 1220 cum
2066 1166 2295 1223 Iudaeas
2323 1168 2537 1241 ubique
2565 1170 2850 1241 dispersos
2864 1176 3103 1244 propter
3128 1177 3242 1231 mei
3265 1180 3521 1234 mortem

1903 1255 2199 1324 videbunt,
2231 1258 2491 1328 ejusdem
2523 1260 2724 1315 mortis
2745 1262 3091 1317 memoriam
3117 1264 3239 1321 sine
3256 1266 3372 1321 ﬁne
3389 1267 3522 1323 reti-

1904 1343 2145 1398 nebunt.
2175 1345 2310 1401 Dico
2342 1363 2354 1400 :
2382 1345 2466 1400 Ne
2493 1347 2717 1415 occidas,
2753 1349 2848 1404 sed
2897 1351 3130 1422 disperge
3157 1353 3278 1409 illos
3305 1355 3520 1428 ubique

1903 1434 2191 1488 terrarum
2219 1436 2273 1487 in
2298 1436 2490 1488 virtute
2517 1441 2626 1503 tua,
2658 1436 2717 1491 id
2748 1440 2832 1492 est
2860 1437 2920 1493 in
2948 1441 3208 1511 potentia
3236 1445 3335 1499 tua
3358 1460 3521 1500 :cum

1905 1519 1978 1575 sis
2006 1523 2211 1592 potens
2230 1523 2305 1577 ad
2330 1522 2783 1595 dispergendum
2813 1543 2929 1581 eos.
2963 1527 3108 1592 Quia
3136 1547 3270 1587 vero
3301 1531 3379 1588 sic
3406 1531 3519 1588 dis-

1904 1611 2068 1681 pergi
2088 1614 2341 1682 possent,
2360 1615 2422 1666 ut
2440 1612 2647 1667 alicubi
2667 1614 2953 1670 honorem
2976 1618 3314 1689 retinerent,
3328 1621 3517 1678 addit:

1904 1698 1973 1752 Et
1998 1705 2074 1765 tu,
2102 1699 2350 1762 Domine,
2378 1700 2474 1772 qui
2507 1718 2565 1755 es
2579 1708 2847 1772 protector
2858 1722 3019 1773 meus,
3040 1724 3113 1762 ne
3133 1709 3524 1782 cedam,depo-

186 1786 439 1854 quoniam
454 1783 793 1855 quisaudivit
813 1800 894 1843 ea,
928 1800 1053 1855 qua:
1079 1784 1183 1855 ipsi
1212 1784 1559 1856 loquentur?
1574 1784 1752 1839 Nemo
1787 1813 1801 1864 ;
1827 1798 1877 1856 Β
1903 1803 1966 1840 ne
1986 1803 2068 1839 eos
2098 1787 2169 1841 ab
2187 1787 2348 1842 omni
2377 1789 2619 1843 honore.
2646 1790 2783 1845 Orat
2811 1795 3004 1847 autem
3036 1794 3106 1849 de
3124 1797 3303 1853 salute
3324 1798 3384 1853 in
3405 1798 3522 1854 ﬁne

186 1872 310 1928 acsi
331 1873 483 1928 dicat
507 1889 519 1927 :
544 1872 844 1943 Incognita
878 1873 1186 1944 loquentur
1219 1876 1277 1927 et
1296 1873 1577 1936 inaudita,
1612 1872 1801 1928 homi-

183 1979 323 2017 nem
347 1961 560 2016 scilicet
585 1961 655 2015 de
688 1960 920 2032 Virgine
950 1965 1173 2029 natum,
1206 1961 1377 2017 fuisse
1406 1966 1703 2018 mortuum
1748 1964 1806 2017 et

181 2050 353 2106 tertia
369 2050 459 2104 die
482 2050 873 2117 resurrexisse,
902 2053 959 2104 et
977 2051 1148 2106 ccelos
1169 2050 1511 2119 ascendisse,
1535 2054 1610 2118 et,
1650 2051 1806 2122 quod

184 2138 508 2196 mirabilius
531 2142 636 2205 est,
660 2140 843 2193 Deum
876 2142 932 2193 et
958 2138 1254 2194 hominem
1301 2156 1441 2194 esse.
1464 2140 1599 2211 Agit
1628 2140 1807 2194 etiam

185 2228 587 2284 annuntiative
602 2227 672 2282 de
692 2227 1067 2283 damnatione
1100 2227 1494 2296 inimicorum,
1540 2230 1618 2283 sic
1643 2246 1656 2284 :
1684 2228 1807 2285 Dixi

184 2318 342 2389 quod
355 2334 459 2371 non
476 2318 771 2372 miserearis
781 2316 1022 2371 omnibus
1039 2317 1416 2388 operantibus
1438 2319 1800 2389 iniquitatem.

183 2408 251 2461 Et
268 2422 385 2461 non
402 2406 588 2462 solum
609 2421 727 2460 non
743 2405 1126 2473 misereberis,
1151 2406 1251 2460 sed
1273 2413 1321 2460 et
1335 2405 1580 2474 tu,Deus,
1599 2407 1696 2478 qui
1710 2423 1807 2480 po-

178 2499 382 2551 tenses
397 2498 454 2551 et
459 2495 480 2566 j
491 2498 667 2562 ustus,
689 2494 943 2549 deridebis
968 2512 1070 2558 eos,
1103 2494 1162 2550 id
1187 2497 1272 2549 est
1296 2495 1501 2566 dignos
1522 2495 1807 2551 derisione

184 2584 453 2639 ostendes
467 2600 585 2651 eos,
605 2600 735 2638 cum
755 2583 985 2654 dejicies
1014 2584 1088 2638 ab
1119 2584 1342 2637 honore
1366 2587 1423 2638 et
1444 2585 1569 2639 loco
1586 2601 1709 2639 suo.
1742 2586 1809 2640 Et

184 2672 301 2727 dixi
323 2672 458 2744 quia
487 2675 688 2744 gentes
718 2674 1146 2734 convertentur,
1174 2675 1231 2726 et
1251 2688 1427 2726 omnes
1458 2679 1635 2742 gentes
1666 2689 1802 2728 con-

181 2778 376 2817 versas
400 2761 617 2815 deduces
640 2760 711 2813 ad
735 2761 962 2814 nihilum
1011 2759 1081 2814 de
1124 2758 1539 2832 impiatum-et
1584 2761 1807 2816 malitia

182 2866 306 2905 sua.
345 2848 488 2914 Quia
511 2865 644 2904 vero
678 2848 749 2902 de
796 2846 1045 2903 inimicis
1070 2847 1289 2902 dixerat
1315 2864 1329 2903 :
1354 2847 1483 2902 Non
1514 2850 1806 2903 miserearis

182 2945 231 2992 et
252 2937 509 2992 deridebis
547 2953 651 3005 eos,
697 2939 888 3007 posset
943 2935 1145 3007 aliquis
1191 2935 1802 3008 dicerezQuandoqui-

172 3027 347 3093 idem,
380 3043 412 3081 ο
441 3025 683 3087 Christe,
709 3025 805 3098 qui
832 3028 1138 3097 operantes
1151 3023 1804 3096 suntiniquitatem,mi-

1904 1873 2107 1929 mundi
2133 1877 2679 1945 convertendorum,
2723 1878 2803 1933 sic
2828 1896 2840 1933 :
2870 1880 3047 1936 Dico:
3072 1882 3159 1937 Ne
3206 1885 3409 1940 occulas
3438 1903 3523 1941 eos

1903 1961 1995 2016 hic
2024 1962 2084 2016 in
2116 1979 2380 2036 corpore,
2414 1965 2515 2019 sed
2546 1965 2605 2019 in
2624 1967 2908 2023 salvandis
2925 1970 3118 2025 occide
3145 1959 3395 2028 delictum
3412 1977 3520 2030 oris

1904 2067 2107 2117 eorum,
2132 2050 2187 2105 id
2204 2055 2307 2119 est,
2340 2053 2569 2108 destrue
2585 2053 2857 2110 delictum
2872 2057 3027 2128 quod
3039 2058 3355 2129 habebunt,
3389 2062 3524 2134 quia

1906 2155 2000 2193 me
2032 2156 2130 2194 ore
2150 2140 2635 2210 blasphemabunt
2653 2145 2916 2214 exemplo
2936 2147 3166 2215 patrum
3182 2165 3439 2205 suorum.
3457 2152 3526 2207 Et

1905 2230 2214 2299 postquam
2240 2228 2489 2282 delictum
2510 2230 2803 2298 occideris,
2839 2233 3031 2288 occide
3051 2222 3523 2308 etblasphemum

1907 2332 2238 2371 sermonem
2257 2317 2520 2372 labiorum
2548 2320 2868 2389 ipsorum,id
2885 2325 3070 2389 est,ne
3084 2325 3326 2397 amplius
3344 2327 3402 2382 in
3428 2345 3525 2384 me

1909 2407 2222 2478 loquantur
2234 2406 2749 2478 blasphemiam.Et
2761 2410 2838 2464 sic
2870 2414 3377 2484 comprehendantur
3388 2400 3422 2472 a
3434 2434 3528 2473 ra-

1907 2495 2067 2550 tione
2088 2498 2256 2550 suain
2275 2496 2516 2567 superbia
2528 2514 2625 2550 sua
2640 2499 2941 2561 errasse,id
2953 2502 3527 2579 est,rationecompre

1906 2584 2169 2640 hendant
2184 2601 2241 2639 se
2255 2600 2633 2651 errasse,cum
2660 2587 3088 2659 superbelocuti
3099 2590 3315 2647 fuerint
3355 2593 3415 2648 in
3433 2610 3530 2650 me

1905 2671 2327 2743 blasphemiam
2351 2673 2566 2727 etmihi
2598 2676 2816 2729 cultum
2842 2675 3277 2748 denegaverint.

1982 2759 2222 2814 Ostensa
2252 2776 2423 2814 causa
2448 2777 2566 2815 una
2597 2778 2775 2834 quare
2801 2763 3206 2820 fortitudinem
3236 2784 3397 2823 suam
3429 2785 3526 2825 cu-

1906 2847 2138 2915 stodiat,
2164 2865 2340 2919 usque
2355 2848 2413 2901 in
2435 2849 2694 2905 futurum
2739 2851 2973 2920 scilicet,
2997 2854 3133 2924 quia
3164 2857 3311 2912 Deus
3340 2861 3527 2913 osten-

1906 2936 1989 2990 dit
2018 2936 2071 2990 ei
2102 2939 2164 2990 ut
2192 2953 2296 3008 pro
2330 2936 2464 3006 ipsis
2523 2942 2737 3007 oraret,
2789 2940 3055 3012 adjungit
3105 2944 3299 3011 aliam,
3322 2945 3399 3000 sic
3424 2964 3436 3002 :
3463 2949 3532 3003 Et

1907 3024 2037 3080 ideo
2069 3025 2256 3079 adhuc
2285 3025 2610 3081 custodiam
2632 3026 3057 3096 fortitudinem,
3081 3033 3215 3102 quia
3236 3038 3527 3089 annuntia-

182 3114 558 3170 sericordiam
590 3130 708 3169 non
739 3116 872 3168 sunt
908 3112 1288 3175 consecuturi,
1318 3113 1390 3167 ad
1417 3112 1554 3184 quid
1600 3129 1697 3167 eos
1730 3111 1804 3166 ad
1830 3087 1877 3147 α
1908 3113 2122 3179 buntur,
2143 3112 2201 3167 id
2215 3114 2751 3169 estannuntiatione
2767 3087 3234 3185 praedicatorum,
3256 3120 3312 3174 id
3325 3125 3411 3175 est
3427 3123 3529 3178 do-

181 3219 440 3277 prmsens
494 3220 561 3257 ex
592 3205 712 3257 toto
762 3218 880 3257 non
913 3201 1157 3256 destruis
1186 3200 1213 3255 ‘?
1239 3201 1393 3273 quod
1450 3201 1530 3255 sic
1588 3199 1753 3255 solvit
1786 3218 1800 3256 :

183 3292 458 3358 Quamvis
488 3290 741 3346 concedo
773 3289 929 3361 quod
954 3289 1417 3345 misericordiam
1448 3305 1571 3344 non
1601 3304 1802 3342 conse-

180 3398 338 3454 quan
348 3384 458 3447 tur,
492 3396 608 3434 non
624 3382 820 3434 tamen
839 3395 937 3433 eos
959 3379 1049 3433 hic
1064 3396 1131 3433 ex
1148 3381 1269 3434 toto
1298 3379 1588 3434 destruam
1612 3377 1669 3431 in
1686 3393 1807 3432 cor-

179 3486 327 3543 pore
359 3472 417 3523 et
446 3468 505 3523 in
536 3468 752 3534 anima,
776 3467 873 3521 sed
893 3467 1185 3521 custodiam
1213 3466 1583 3537 fortitudinem
1608 3481 1803 3529 meam,

180 3558 243 3612 id
268 3559 355 3611 est
370 3555 689 3627 potentiam
710 3571 902 3609 meam
916 3556 1217 3610 reservabo
1252 3571 1428 3626 usque
1446 3554 1504 3607 in
1522 3553 1804 3621 futurum,

180 3664 255 3702 ne
284 3662 385 3701 eos
411 3645 686 3699 damnem
718 3661 785 3699 cx
816 3648 957 3711 toto,
983 3644 1057 3698 ad
1076 3647 1148 3711 te,
1183 3645 1371 3715 Pater,
1399 3642 1807 3715 respiciens,id

179 3737 269 3789 est
288 3733 362 3788 ad
383 3732 814 3805 dispositionem
848 3734 1029 3798 tuam,
1057 3747 1171 3804 qua
1187 3731 1511 3802 disposuisti
1534 3734 1597 3786 ut
1617 3733 1805 3807 ειεξιο-

181 3823 361 3879 diam.
383 3822 535 3877 Facit
549 3825 742 3876 autem
763 3821 1174 3892 apostropham
1189 3821 1262 3875 ad
1283 3820 1808 3895 auditores,~osten-

180 3912 326 3968 dens
357 3929 532 3984 quare
561 3910 964 3969 fortitudinem
995 3928 1160 3965 suam
1185 3910 1510 3979 _custodiet,
1537 3910 1650 3983 sic;
1679 3910 1803 3966 Dixi

181 4002 341 4074 quod
361 4001 654 4056 custodiam
682 3998 1061 4069 fortitudinem
1107 4016 1311 4067 meam;
1346 4001 1404 4053 et
1432 3999 1541 4053 hoc
1569 3999 1804 4076 ideo'fa-

180 4091 355 4157 ciam,
388 4091 514 4162 quia
544 4089 686 4142 Deus
719 4088 906 4153 Pater,
939 4093 1203 4157 susceptor
1224 4104 1388 4155 meus,
1424 4088 1803 4143 utresuscitet

184 4181 333 4235 Deus
352 4194 512 4233 meus
525 4181 770 4242 creator,
796 4179 854 4229 et
865 4175 1277 4229 misericordiam
1290 4175 1341 4246 ej
1345 4193 1401 4230 us
1405 4178 1689 4247 praeveniet
1703 4194 1803 4244 me,

184 4269 243 4324 id
275 4270 359 4322 est
386 4282 507 4338 prae
528 4266 650 4320 aliis
680 4264 871 4318 veniet
900 4264 958 4318 in
986 4280 1101 4318 me.
1138 4263 1304 4327 Quod
1333 4268 1417 4318 est
1448 4264 1637 4319 dicere
1659 4282 1673 4319 :
1694 4266 1804 4319 Ma-

1906 3202 2091 3257 ctrina
2119 3205 2525 3257 convertentur
2538 3204 2609 3258 de
2628 3204 3018 3259 exsecratione
3051 3210 3107 3262 et
3148 3209 3448 3266 mendacio
3471 3211 3531 3267 in

1907 3306 2021 3361 quo
2054 3290 2213 3361 prius
2242 3293 2427 3357 erant,
2461 3293 2515 3344 in
2545 3295 3074 3361 consummationem,
3105 3294 3164 3349 id
3197 3299 3281 3350 est
3309 3296 3368 3352 in
3398 3314 3530 3369 per-

1905 3375 2218 3432 fectionem
2245 3378 2540 3433 virtutum.
2560 3380 2723 3444 Quod
2751 3382 2835 3435 est
2867 3381 3057 3437 dicere
3081 3373 3107 3437 ;’
3130 3384 3209 3438 De
3239 3385 3348 3440 hoc
3374 3389 3531 3459 quod

1908 3465 2065 3537 prius
2095 3470 2263 3521 erant
2302 3469 2565 3539 exemplo
2600 3472 2832 3541 patrum
2879 3486 3137 3539 suorum,
3168 3478 3528 3532 exsecrantes

1909 3570 2025 3620 me,
2057 3558 2114 3608 et
2136 3555 2447 3610 mendaces
2476 3556 2719 3613 dicendo
2743 3575 2838 3613 me
2865 3576 2983 3614 non
3005 3577 3127 3615 esse
3157 3563 3337 3617 Deum
3354 3568 3413 3619 et
3430 3566 3538 3622 Re-

1908 3658 2065 3712 gem,
2096 3642 2421 3697 afﬁcientur
2438 3643 2497 3697 in
2515 3644 3237 3717 virtutibusconsummati,
3260 3667 3364 3722 per
3379 3670 3531 3724 prie-

1909 3729 2256 3785 dicationem
2284 3731 2730 3803 praedicatorum
2749 3735 2942 3803 Heliae,
2972 3736 3184 3791 scilicet
3201 3742 3258 3793 et
3271 3740 3532 3812 Henoch,

1907 3819 1965 3872 et
1995 3820 2357 3875 czcterorum.
2379 3820 2512 3876 Dico
2527 3822 2681 3893 quod
2712 3827 3141 3891 convertentur,
3166 3827 3223 3879 et
3243 3827 3352 3882 hoc
3373 3830 3434 3883 in
3449 3832 3532 3884 ira

1906 3910 2392 3976 consummationis,
2418 3909 2475 3963 id
2491 3909 2649 3963 estin
2681 3910 3144 3966 consideratione
3177 3912 3278 3967 ire
3293 3914 3524 3986 futuras,

1906 4014 2033 4068 quae
2065 3997 2271 4052 eritira
2323 4001 2743 4064 consummata,
2763 3996 2821 4051 id
2843 4001 2928 4052 est
2956 3996 3377 4069 perfectamon
3398 4005 3528 4060 talis

1907 4084 2123 4140 scilicet
2180 4103 2309 4157 quae
2368 4086 2439 4140 sit
2474 4086 2827 4155 transitoria,
2880 4089 2979 4142 sed
3009 4091 3233 4161 quaesit
3285 4097 3523 4150 aeterna.

1912 4173 2074 4237 Quod
2105 4178 2191 4229 est
2221 4174 2446 4230 dicere:
2473 4175 2635 4238 Quod
2666 4176 3118 4233 considerabunt
3148 4179 3295 4236 iram
3328 4200 3529 4257 perpe-

1910 4264 2068 4315 tuam
2095 4278 2267 4332 super
2298 4279 2395 4316 eos
2416 4262 2689 4329 futuram,
2719 4264 2929 4319 timore
2974 4266 3125 4321 illius
3152 4269 3251 4322 irae
3291 4286 3527 4327 conver-

174 4356 274 4427 jor
295 4355 406 4410 erit
434 4355 494 4409 in
521 4370 634 4421 me,
660 4368 835 4425 quam
861 4352 920 4406 in
944 4351 1096 4419 aliis;
1122 4356 1184 4406 ut
1216 4368 1310 4407 me
1339 4352 1554 4407 scilicet
1573 4354 1803 4416 exaltet,
1831 4371 1882 4429 Ι)
1907 4351 2123 4414 tentur,
2157 4353 2215 4403 et
2240 4352 2368 4422 post
2399 4366 2514 4403 non
2546 4353 2715 4404 erunt
2746 4350 2909 4423 impii
2942 4354 3097 4424 quod
3126 4354 3300 4425 prius.
3338 4358 3526 4430 Etipsi

186 4448 243 4498 et
271 4447 461 4497 totum
483 4441 771 4496 mundum
803 4440 945 4495 mihi
1001 4440 1261 4511 subjiciat
1285 4457 1297 4495 :
1323 4440 1486 4508 Deus,
1520 4440 1579 4494 in
1604 4458 1804 4512 quam,

181 4532 405 4587 ostendit
425 4532 561 4586 milii
586 4530 646 4584 in
676 4529 937 4585 interiori
969 4546 1123 4596 meo,
1178 4529 1320 4583 mihi
1362 4530 1510 4598 dico,
1553 4530 1807 4584 conside-

181 4620 333 4676 ranti
361 4637 513 4691 super
542 4620 780 4672 inimicos
798 4635 955 4683 meos,
990 4602 1807 4689 rationabiliterperscrutanti

182 4710 319 4783 quid
339 4709 407 4764 de
435 4708 516 4762 eis
541 4710 689 4761 esset
718 4706 1029 4777 agendum.
1067 4707 1179 4760 Hoc
1210 4706 1423 4759 scilicet
1477 4707 1701 4760 ostendit
1730 4724 1804 4761 ne

184 4799 563 4863 destruerem,
597 4796 696 4850 sed
720 4810 823 4866 pro
841 4795 921 4848 eis
952 4794 1141 4864 ipsum
1174 4795 1403 4848 Patrem
1438 4794 1516 4848 sic
1548 4811 1801 4849 orarem.

186 4887 228 4943 Ο
260 4889 407 4941 Deus
438 4887 627 4952 Pater,
660 4902 724 4937 ne
784 4882 989 4937 occidas
1026 4900 1110 4937 eos
1134 4882 1206 4936 ad
1232 4899 1485 4953 praesens
1534 4900 1711 4955 usque
1744 4884 1802 4938 in

182 4966 439 5020 futurum
472 4969 529 5019 et
546 4965 603 5018 in
631 4980 871 5034 corpore
895 4966 952 5017 et
982 4962 1041 5017 in
1058 4962 1275 5028 anima,
1298 4980 1364 5016 ne
1387 4964 1619 5034 quando,
1640 4963 1697 5017 id
1719 4967 1805 5017 est

186 5053 516 5125 aliquando,
535 5053 729 5125 populi
760 5051 1067 5106 Christiani
1088 5051 1461 5105 obliviscantur
1485 5069 1601 5117 me,
1628 5051 1685 5104 id
1719 5054 1804 5106 est

188 5142 447 5197 beneﬁcii
479 5160 513 5196 a
544 5157 635 5195 me
663 5141 930 5211 impensi,
977 5140 1188 5194 scilicet
1218 5141 1373 5211 quod
1404 5157 1507 5211 pro
1535 5140 1616 5194 eis
1646 5156 1801 5194 mor-

186 5233 314 5284 tuus
343 5246 471 5284 sum
492 5232 553 5283 ut
576 5230 970 5294 .salvarentur,
993 5229 1103 5295 vel,
1137 5245 1200 5280 ne
1221 5229 1598 5284 obliviscantur
1618 5228 1808 5300 populi

187 5320 291 5373 mei
318 5316 621 5373 Christiani
666 5317 1101 5387 prophetarum,
1143 5316 1240 5389 qui
1270 5334 1363 5371 me
1394 5317 1801 5387 praedixerunt.

193 5407 255 5460 Et
278 5407 384 5472 hoc
416 5409 501 5460 est
551 5422 615 5460 ac
664 5405 710 5459 si
741 5404 993 5460 diceret:
1021 5404 1162 5459 Cum
1196 5406 1303 5460 hoc
1336 5405 1408 5459 sit
1458 5405 1612 5477 quod
1658 5407 1805 5460 Deus

194 5496 357 5549 Pater
394 5494 466 5549 sit
492 5498 755 5565 susclzptor
781 5511 923 5547 meus
936 5497 1234 5548 etcreator
1260 5500 1317 5549 et
1347 5495 1502 5565 quod
1519 5497 1807 5548 miscricor-

194 5579 277 5638 dia
295 5583 407 5655 ejus
451 5584 734 5657 praeveniet
766 5601 865 5653 me,
922 5582 1156 5640 obedire
1188 5582 1237 5637 ei
1284 5583 1487 5652 debeo,
1539 5583 1637 5661 qui
1663 5583 1807 5641 milii

1908 4438 2005 4509 qui
2037 4436 2195 4508 prius
2221 4454 2337 4492 non
2369 4441 2722 4509 cognoscent
2746 4457 2837 4493 me
2870 4440 3159 4496 dominari
3174 4446 3524 4503 etJudmiset

1908 4524 2194 4596 gentibus,
2241 4524 2440 4589 scient,
2475 4524 2533 4578 id
2562 4528 2649 4579 est
2673 4533 2998 4594 cognoscent,
3028 4530 3157 4599 quia
3187 4530 3330 4585 Deus
3353 4533 3525 4589 domi-

1907 4614 2123 4667 nabitur
2140 4613 2308 4666 Jacob
2330 4618 2380 4665 et
2406 4613 2597 4680 ﬁnium
2628 4619 2803 4667 terras.
2835 4613 3001 4677 Quod
3032 4621 3117 4671 est
3147 4618 3338 4675 dicere
3370 4639 3382 4676 :
3419 4624 3526 4678 Co-

1905 4702 2188 4770 gnoscent
2217 4699 2371 4770 quod
2430 4716 2537 4770 ego
2571 4701 2667 4772 qui
2699 4718 2815 4755 non
2847 4701 3086 4774 simplex
3120 4706 3319 4771 homo,
3344 4712 3442 4765 sed
3469 4715 3528 4767 et

1906 4789 2053 4842 Deus
2082 4804 2231 4850 sum,
2266 4788 2611 4844 dominabor
2640 4794 2698 4845 et
2724 4791 2919 4858 Jacob,
2962 4792 3019 4846 id
3046 4798 3131 4848 est
3153 4796 3387 4853 Judaico
3419 4816 3525 4871 po-

1906 4878 2061 4949 pulo,
2088 4880 2143 4930 et
2174 4877 2443 4932 omnibus
2468 4879 2733 4949 gentibus
2762 4897 2937 4953 usque
2969 4882 3041 4937 ad
3068 4883 3212 4938 fines
3229 4889 3417 4946 terrae.
3435 4890 3521 4945 Fi-

1906 4984 2006 5020 nes
2019 4968 2186 5020 terra:
2200 4966 2451 5037 proipsis
2464 4968 2728 5039 gentibus
2742 4969 2906 5041 ponit
2938 4986 3041 5042 per
3071 4975 3514 5031 metonomiam.

1905 5054 2167 5108 Ostendit
2198 5057 2393 5108 autem
2422 5054 2479 5108 in
2518 5073 2629 5127 quo
2651 5057 3060 5126 tempore,sic:
3088 5058 3223 5115 Dico
3257 5064 3522 5133 quodan-

1907 5142 2291 5209 nuntiatione,
2324 5141 2381 5196 id
2412 5145 2496 5196 est
2526 5143 2789 5197 doctrina
2820 5144 3264 5215 praedicatorum
3291 5167 3525 5209 conver-

1904 5234 2119 5298 tentur,
2135 5233 2193 5285 et
2208 5231 2331 5285 haec
2346 5231 2641 5284 conversio
2661 5246 2778 5285 non
2822 5232 2931 5285 erit
2947 5234 3017 5288 ad
3030 5251 3303 5305 praesens,
3327 5242 3425 5296 sed
3451 5243 3523 5296 ad

1904 5337 2170 5391 vesperum
2182 5318 2630 5381 convertentur,id
2642 5320 2727 5372 est
2742 5318 2799 5373 in
2817 5320 2929 5374 ﬁne
2940 5326 3110 5378 sextae
3124 5328 3393 5384 aetatian
3408 5330 3523 5388 ﬁne

1905 5408 2106 5462 mundi
2122 5408 2353 5475 scilicet,
2377 5413 2427 5461 et
2450 5413 2503 5459 ut
2534 5423 2685 5459 canes
2712 5408 2949 5478 quidam
2971 5411 3275 5469 existentes
3319 5433 3521 5476 eorum

1904 5497 2102 5565 famem
2122 5496 2419 5566 patientur,
2455 5493 2866 5564 incorporandi
2898 5495 3002 5549 sibi
3035 5497 3196 5566 alios,
3225 5508 3275 5554 et
3326 5506 3521 5561 circui-

1910 5586 2033 5641 bunt
2060 5583 2421 5651 civitatem,id
2440 5585 2525 5640 est
2554 5584 2703 5641 bene
2725 5585 3053 5643 custodient
3073 5588 3402 5651 Ecclesium.
3428 5597 3526 5655 Hic
