3970 6040
511 345 611 408 9H

1099 342 1160 405 S.
1199 344 1548 407 BRUNONIS
1590 340 2226 406 CARTHUSIANORUM
2262 342 2744 406 lNS’l‘I’l‘U’l‘ORIS
2785 343 2939 406 OPP.
2980 346 3159 409 PARS
3188 350 3233 410 Ι.

3750 344 3858 412 012
3940 344 3941 389 Ὺ

510 471 708 526 autem
736 482 953 537 versus,
979 465 1073 523 hic
1101 471 1163 524 ut
1180 470 1441 542 superius
1466 470 1791 544 exponitur,
1815 468 1922 524 nisi
1963 469 2114 541 quod
2137 475 2193 536 Α
2216 470 2422 526 Judaeis
2449 488 2575 544 qua
2615 487 2888 527 succensa
2925 471 3294 529 estaChristo
3329 488 3467 531 vero
3511 473 3711 531 David
3732 474 3863 549 igne

507 570 808 626 vesperum
836 555 1095 627 superius
1121 560 1339 630 accepit
1368 576 1473 631 pro
1501 560 1781 633 principio
1794 562 1965 613 sextae
1987 562 2122 613 aeta-

512 640 607 708 tis,
642 659 770 713 quae
801 645 921 697 tota
952 660 1255 716 vesperum
1287 646 1497 700 dicitur
1519 664 1532 714 ;
1558 647 1648 700 hic
1674 662 2121 716 verovesperum

509 729 649 784 dicit
678 731 858 785 ﬁnem
886 735 1054 786 sexta:
1079 734 1283 801 etatis,
1314 739 1371 790 et
1401 736 1508 790 hoc
1536 734 1788 808 proprie,
1847 735 1981 806 quia
2024 752 2122 789 ve-

505 835 741 889 sperum
773 820 1081 891 accipimus
1098 822 1334 876 finalem
1361 826 1586 894 partem
1611 823 1744 877 diei.
1779 823 1901 876 Non
1931 824 2119 878 solum

505 909 701 963 autem
727 908 926 977 famem
959 911 1252 979 patientur,
1271 911 1369 965 sed
1416 918 1464 965 et
1507 913 1613 981 ipsi
1629 911 1992 982 dispergentur
2020 927 2122 982 per

505 994 690 1050 multa
721 995 844 1048 loca
862 994 932 1048 ad
960 996 1411 1065 manducandum,
1445 997 1503 1052 id
1529 1001 1613 1053 est
1637 998 1710 1051 ad
1743 998 2119 1066 incorporan-

508 1081 648 1136 dum
676 1081 783 1136 sibi
804 1082 943 1137 alios
968 1084 1490 1153 Judaeosinfideles,
1520 1102 1683 1141 more
1703 1085 1835 1152 cibi,
1860 1085 1956 1156 qui
1979 1085 2119 1139 dum

502 1169 885 1224 manducatur
909 1169 1443 1243 incorporantur.Si
1461 1190 1580 1228 vero
1611 1190 1717 1227 non
1740 1174 1949 1242 fuerint
1975 1179 2119 1225 satu-

503 1260 630 1325 rati,
663 1257 1131 1331 incorporatione
1184 1260 1450 1328 aliorum,
1484 1261 1541 1315 id
1572 1265 1676 1329 est,
1710 1261 1754 1315 si
1784 1260 1997 1314 multos
2013 1258 2118 1314 sibi

501 1344 880 1417 incorporare
903 1347 1413 1419 nequiverint,non
1428 1351 1616 1405 solum
1630 1349 1907 1404 dolebunt
1922 1348 2115 1415 corde,

503 1434 605 1488 sed
633 1440 683 1489 et
713 1435 1129 1490 murmurabunt
1154 1453 1277 1505 ore,
1334 1437 1394 1491 id
1425 1442 1511 1493 est
1562 1440 1992 1509 conquerantur
2044 1436 2117 1491 ad

501 1520 686 1576 Deum
716 1522 935 1578 orando
958 1526 1020 1577 ut
1049 1524 1347 1578 satientur.
1385 1526 1447 1579 In
1473 1527 1583 1581 hoc
1603 1529 1796 1580 autem
1816 1523 2116 1579 innuiteos

500 1609 667 1664 valde
678 1609 962 1680 perfectos
976 1611 1218 1680 futuros,
1251 1628 1380 1667 cum
1396 1613 1571 1668 etiam
1601 1630 1707 1686 pro
1725 1613 1971 1669 aliorum
1984 1629 2117 1669 con-

501 1696 763 1753 versione
794 1699 1007 1753 oraturi
1031 1699 1162 1753 sint.

2218 560 2459 632 Spiritus
2480 561 2659 615 sancti
2688 562 3134 633 :Mesopotamia
3165 579 3422 635 namque
3454 564 3678 618 elevato
3712 582 3860 619 coea-

2220 651 2289 703 tio
2318 650 2766 719 interpretatur;
2800 649 2964 721 Syria
3016 667 3172 717 vero,
3243 653 3569 708 sublimitas.
3612 654 3861 710 Ecclesia

2219 740 2412 792 autem
2445 737 2515 791 de
2562 737 2772 791 Iudaeis
2828 753 3082 808 congrue
3141 738 3349 795 dicitur
3391 741 3630 796 elevata
3664 747 3860 798 vocata

2219 825 2494 879 sublimis.
2521 826 2656 895 Igne
2681 841 2932 897 namque
2963 826 3195 896 spiritus
3223 843 3326 897 per
3355 832 3631 884 mortem
3658 830 3857 886 Christi

2219 914 2617 968 succendenda
2658 918 2859 968 vocata
2902 918 2986 968 est
3016 915 3091 969 ad
3127 915 3302 970 ﬁdem
3338 932 3444 987 per
3468 920 3858 988 apostolos,et

2218 1016 2323 1072 per
2346 1002 2747 1073 paenitentiam
2777 1020 2810 1057 a
2829 1002 2978 1056 vitiis
2997 1004 3239 1069 elevata,
3263 1006 3321 1058 et
3349 1005 3508 1060 sicin
3544 1007 3858 1063 virtutibus

2218 1089 2478 1143 sublimis
2506 1089 2674 1143 facta.
2738 1092 2847 1144 Per
2897 1090 3123 1161 Syriam
3166 1107 3301 1147 vero
3330 1110 3537 1148 rursus
3578 1095 3853 1167 positam,

2218 1193 2345 1247 quae
2377 1177 2521 1231 sicut
2545 1177 2806 1246 dicimus,
2854 1177 3149 1233 sublimitas
3178 1179 3637 1254 interpretatur,
3684 1188 3746 1238 et
3763 1202 3857 1257 per

2218 1263 2389 1320 Sobal
2407 1282 2535 1338 qua:
2548 1283 2687 1319 vana
2707 1272 2934 1320 vetustas
2948 1269 3137 1335 sonat,
3155 1267 3472 1325 denotatur
3496 1270 3850 1340 sublimitas,

2216 1353 2275 1408 id
2298 1357 2382 1408 est
2410 1355 2677 1425 superbia
2725 1354 2934 1410 veteris
2990 1355 3325 1428 legis;qute
3376 1358 3471 1413 lex
3517 1375 3690 1416 vana
3719 1366 3849 1429 erat,

2214 1458 2333 1495 non
2364 1442 2519 1514 quod
2550 1442 2705 1498 bona
2736 1458 2855 1497 non
2878 1446 3046 1510 esset,
3075 1444 3176 1498 sed
3197 1444 3471 1516 quianon
3518 1448 3853 1504 sufﬁciebat

2216 1530 2289 1584 ad
2319 1530 2522 1585 mundi
2562 1531 2808 1585 salutem
2835 1531 2980 1587 sicut
3005 1532 3174 1587 multi
3201 1533 3637 1605 Opinabantur.
3672 1538 3847 1602 Quam

2214 1617 2545 1688 superbiam
2582 1619 2718 1690 igne
2739 1619 2981 1691 Spiritus
3010 1619 3193 1675 sancti
3224 1622 3421 1689 David,
3449 1623 3517 1677 id
3548 1627 3649 1679 est
3701 1626 3851 1682 Chri-

2215 1711 2351 1773 stus,
2384 1709 2471 1761 vel
2502 1707 2749 1762 Ecclesia
2781 1707 2851 1763 de
2887 1708 3100 1763 Iudaeis
3127 1710 3443 1777 succendit,
3474 1712 3534 1767 id
3570 1716 3673 1768 est
3698 1717 3851 1787 peni-

574 1785 813 1841 Ostensa
834 1788 1205 1843 conversione
1228 1790 1559 1846 Judaaorum
1592 1794 1647 1847 et
1663 1795 1945 1866 gentium,
1996 1799 2117 1871 agit
2143 1795 2194 1853 B
2213 1800 2306 1851 tus
2332 1795 2627 1850 destruxit.
2654 1798 2763 1850 Per
2781 1797 2922 1852 Joab
2935 1800 3132 1852 autem
3162 1798 3260 1871 qui
3278 1801 3534 1856 inimicus
3560 1785 3851 1877 interpre-

499 1873 677 1932 etiam
692 1876 809 1930 Deo
824 1875 1037 1947 gratias
1053 1877 1124 1931 de
1136 1877 1474 1934 fortitudine
1488 1882 1545 1934 et
1564 1880 1955 1940 misericordia
1970 1888 2111 1959 ejus,

498 1962 846 2037 promittens
894 1965 1049 2036 quod
1105 1966 1364 2021 laudabit
1412 1969 1617 2035 Deum,
1657 1974 1717 2025 et
1771 1972 1921 2030 bene
1975 1991 2113 2048 ope-

498 2050 722 2105 rabitur
740 2050 999 2106 contuitu
1020 2052 1374 2109 fortitudinis
1394 2058 1452 2110 et
1481 2056 1887 2116 misericordiae
1941 2064 2108 2118 illius.

716 2137 837 2192 Dixi
868 2138 1022 2210 quod
1038 2144 1242 2210 gentes
1267 2145 1325 2196 et
1345 2143 1526 2198 Judaei
1555 2151 1964 2205 convertentur
2007 2169 2113 2223 per

496 2228 751 2282 mortem
769 2229 828 2280 et
838 2227 1324 2283 resurrectionem
1344 2247 1538 2287 meam
1556 2250 1569 2300 ;
1589 2250 1681 2304 ego
1694 2243 1893 2301 autem,
1914 2242 1976 2294 ut
1988 2240 2113 2295 haec

499 2313 700 2369 omnia
730 2313 892 2381 flant,
920 2315 1142 2368 cantabo
1174 2332 1274 2371 ore
1304 2320 1364 2372 et
1409 2318 1712 2378 devotione
1740 2325 2112 2394 fortitudinem

497 2402 646 2458 mihi
666 2401 941 2469 dandam,
969 2409 1020 2457 et
1043 2404 1331 2474 exsultdbo,
1359 2405 1418 2461 id
1448 2411 1532 2462 est
1546 2413 1895 2469 exsultanter
1920 2416 2114 2471 lauda-

495 2488 573 2545 bo
601 2488 1179 2545 misericordiamtuam
1202 2509 1358 2548 mane
1388 2495 1531 2550 mihi
1561 2498 1910 2557 adfuturam.
1947 2504 2112 2568 Quod

501 2580 589 2632 est
613 2576 803 2633 dicere
828 2594 842 2632 :
868 2578 1138 2635 Laudabo
1175 2583 1230 2635 te
1262 2598 1363 2636 ore
1394 2586 1452 2637 et
1471 2584 1805 2658 affectione;
1841 2591 1978 2646 etde
2000 2593 2112 2648 for-

496 2664 757 2721 titudinis
786 2666 1129 2735 constantia,
1159 2684 1334 2740 quam
1368 2671 1507 2726 mihi
1531 2673 1692 2730 dabis
1737 2676 1795 2732 in
1822 2679 2106 2750 passione,

493 2756 552 2807 et
565 2752 637 2808 de
656 2752 1051 2809 misericordia
1068 2759 1504 2815 resurrectionis
1522 2764 1842 2822 matutinae.
1868 2768 2111 2840 Exponit

492 2844 686 2896 autem
717 2841 874 2914 quod
917 2841 978 2896 in
1003 2843 1114 2900 hoc
1138 2861 1302 2901 versu
1335 2848 1494 2916 dixit,
1551 2866 1681 2906 cum
1712 2854 1934 2910 subdit:
1961 2857 2110 2912 Dixit

487 2930 647 3003 quod
673 2929 920 2985 laudabo
974 2934 1031 2986 te
1057 2932 1128 2987 de
1152 2934 1545 2993 misericordia
1561 2942 1865 3011 matutina,
1897 2944 2109 3001 scilicet

489 3017 741 3074 laudabo
772 3022 827 3073 te
858 3021 982 3092 quia
1008 3020 1190 3091 factus
1212 3040 1262 3077 es
1293 3024 1353 3079 id
1397 3028 1482 3081 est
1512 3028 1634 3095 fies,
1657 3038 1922 3103 susceptor
1942 3052 2103 3103 meus,

488 3106 550 3163 id
577 3109 664 3162 est
687 3106 966 3176 medicus,
999 3111 1391 3169 resuscitando
1418 3119 1475 3170 et
1500 3117 1575 3171 ad
1601 3117 2105 3180 immortalitatem

486 3194 911 3263 deducendo;et
924 3196 1037 3251 dixi
1054 3200 1210 3270 quod
1223 3201 1468 3257 laudabo
1480 3207 1536 3258 te
1551 3205 1622 3259 de
1634 3206 1969 3265 fortitudine
1984 3215 2100 3282 tua,

485 3282 697 3338 scilicet
713 3284 784 3337 de
815 3284 925 3339 hoc
946 3287 1101 3356 quod
1118 3287 1222 3343 fies
1236 3289 1505 3360 refugium
1518 3310 1712 3361 meum,
1736 3295 1793 3350 id
1810 3301 1895 3352 est
1913 3317 2102 3355 secur-

485 3368 694 3439 itas,ne
711 3371 914 3426 cedam
928 3374 984 3426 in
994 3373 1079 3427 die
1092 3377 1165 3429 tri
1168 3376 1624 3445 bulationis,idest
1637 3385 1915 3453 passionis
1931 3404 2097 3445 mese.

485 3456 611 3512 Dixi
640 3457 797 3529 quod
823 3459 1049 3513 cantabo
1076 3460 1178 3516 tibi
1200 3466 1259 3517 et
1278 3465 1348 3519 de
1378 3465 1716 3525 fortitudine
1743 3475 1800 3527 et
1828 3473 1897 3528 de
1929 3476 2098 3532 mise-

480 3543 748 3600 ricordia.
767 3545 891 3601 Non
909 3547 1098 3603 solum
1119 3553 1313 3606 autem
1329 3555 1553 3610 cantabo
1575 3573 1673 3613 ore
1692 3563 1751 3614 et
1772 3561 2096 3635 devotione,

2213 1888 2388 1949 tatur,
2420 1888 2478 1940 et
2498 1885 2680 1941 Edom
2714 1886 2812 1958 qui
2843 1892 3077 1941 terrenus
3101 1889 3187 1942 vel
3218 1891 3851 1963 sanguineus,gentium

2211 1975 2456 2046 populus
2485 1976 2559 2030 ad
2592 1975 2768 2030 fidem
2818 1990 3126 2030 conversus
3178 1975 3547 2048 intelligitur,
3582 1980 3693 2052 qui
3722 1998 3853 2037 con-

2212 2077 2410 2117 versus
2464 2067 2550 2118 est
2575 2063 2646 2118 de
2678 2063 3005 2129 inimicitia,
3038 2080 3215 2137 quam
3245 2068 3452 2121 contra
3481 2068 3683 2123 Deum
3708 2072 3853 2126 male

2208 2150 2450 2206 vivendo
2482 2151 2751 2218 habebat,
2780 2152 2854 2206 ad
2884 2168 3087 2224 pacem
3119 2153 3269 2208 bene
3295 2153 3585 2221 vivendo;
3627 2161 3853 2225 et,cum

2210 2242 2471 2294 terrenus
2517 2242 2683 2306 esset,
2738 2239 2796 2294 id
2827 2243 2913 2295 est
2941 2241 3188 2296 terrenis
3212 2241 3492 2309 intentus,
3521 2248 3583 2298 et
3614 2247 3854 2319 sangui-

2208 2344 2370 2393 neus,
2402 2328 2461 2382 id
2491 2330 2576 2382 est
2603 2327 2820 2383 eﬂ‘usor
2842 2328 3142 2400 sanguinis
3170 2329 3451 2397 fidelium,
3483 2348 3850 2406 persequen-

2209 2415 2305 2483 do,
2334 2417 2421 2471 vel
2447 2415 2816 2488 sanguineus,
2831 2416 2891 2470 id
2921 2421 3007 2471 est
3022 2417 3236 2472 eﬁ‘usor
3253 2419 3559 2490 sanguinis
3577 2423 3720 2478 victi
3729 2440 3851 2479 ma-

2208 2521 2361 2572 rum,
2393 2521 2534 2577 quas
2564 2505 3427 2577 idolisimmolabat,percussus
3441 2513 3535 2563 est
3563 2527 3603 2564 a
3621 2511 3847 2568 Christo

2207 2609 2312 2664 per
2342 2593 2765 2665 praedicatores,
2800 2596 3052 2649 mortem
3070 2599 3410 2668 perpetuam
3430 2614 3555 2652 non
3592 2616 3846 2655 conver-

2207 2682 2848 2749 tendiseomminantes,
2873 2683 3169 2755 vitamque
3204 2688 3554 2755 perpetuam
3596 2704 3844 2746 conver-

2205 2769 2396 2824 tendis
2424 2769 2775 2840 pollicentes.
2812 2770 2977 2834 Quod
3007 2775 3095 2824 est
3140 2770 3362 2826 dicere:
3410 2774 3732 2832 Destructa
3763 2782 3845 2832 est

2206 2858 2264 2912 in
2284 2858 2363 2912 eis
2376 2858 2700 2925 terrenitas,
2723 2861 2781 2913 et
2794 2858 3053 2915 fidelium
3075 2859 3421 2932 persecutio,
3455 2865 3518 2915 et
3536 2862 3843 2922 idolorum

2207 2948 2428 3001 cultura
2456 2964 2470 3015 ;
2500 2963 2603 3019 per
2633 2947 2841 3001 vallem
2871 2963 3006 3002 vero
3039 2965 3168 3020 quae
3199 2964 3292 3003 res
3320 2949 3563 3004 humilis
3615 2958 3709 3008 est
3737 2954 3840 3009 huc

2205 3035 2416 3090 militas
2434 3052 2448 3103 ;
2466 3051 2569 3106 per
2592 3036 2803 3089 salinas
2816 3036 3239 3091 metonomicos
3259 3053 3290 3090 e
3311 3037 3597 3110 contigue
3630 3043 3717 3096 sal
3750 3059 3840 3097 ac-

2204 3124 2430 3197 cipitur,
2451 3124 2728 3196 quoniam
2752 3125 2831 3179 sal
2860 3124 2918 3178 in
2939 3124 3135 3179 salinis
3160 3126 3482 3180 coniicitur.
3508 3130 3628 3183 Per
3659 3132 3838 3188 salem

2203 3214 2435 3287 quippe,
2468 3213 2563 3284 qui
2595 3213 2754 3268 cibos
2773 3230 2977 3269 omnes
3005 3214 3203 3268 condit
3226 3218 3283 3268 et
3300 3230 3537 3287 sapores
3569 3219 3739 3285 facit,
3759 3238 3838 3275 sa-

2201 3319 2310 3376 por
2339 3302 2680 3357 humilitatis
2706 3301 3067 3374 intelligitur.
3101 3303 3403 3359 Humilitas
3429 3322 3701 3379 namque
3726 3310 3833 3362 vir-

2198 3396 2352 3447 tutes
2376 3391 2516 3446 alias
2547 3391 2766 3458 condit,
2799 3396 2856 3446 et
2887 3393 3266 3463 acceptabiles
3307 3395 3424 3448 Deo
3458 3395 3671 3462 efﬁcit,
3702 3415 3837 3454 cum

2199 3480 2323 3537 sine
2345 3498 2414 3535 ea
2442 3480 2569 3536 alim
2615 3480 2851 3534 virtutes
2879 3480 3088 3535 habita!
3125 3481 3354 3535 inutiles
3401 3488 3603 3538 essent
3628 3489 3689 3539 et
3720 3489 3833 3541 Deo

2198 3569 2662 3640 inacceptabiles,
2690 3586 2795 3623 nec
2825 3570 3002 3624 etiam
3031 3569 3246 3624 virutes
3276 3569 3334 3623 in
3366 3573 3425 3625 te
3454 3579 3833 3643 vocarentur,

480 3631 867 3735 sedpsalmam
895 3635 1012 3733 tibi,
1125 3641 1210 3735 est
1236 3640 1385 3696 bene
1404 3647 1691 3735 operabor
1717 3650 1791 3704 ad
1814 3631 2097 3708 honorem
2197 3658 2298 3713 sed
2334 3631 2611 3713 virtutum
2632 3631 3045 3712 simulationes.
3082 3656 3246 3712 Unde
3267 3658 3443 3713 etiam
3457 3631 3835 3735 nuncupatur

479 3720 584 3819 tui,
618 3723 690 3819 et
701 3721 838 3819 quia
867 3723 980 3819 eris
1009 3724 1225 3796 adjutor
1263 3745 1408 3784 meus
1429 3748 1502 3787 ne
1531 3734 1755 3805 cedam,
1784 3742 1841 3793 et
1862 3745 1988 3812 quia
2021 3750 2096 3811 tu,
2198 3747 2402 3819 regina
2419 3746 2715 3814 virtutum,
2740 3747 2884 3802 sicut
2902 3747 3173 3819 superbia
3192 3748 3394 3818 regina
3427 3720 3734 3806 vitiorum.

650 3810 840 3908 Pater,
864 3810 976 3865 eris
998 3820 1265 3908 susceptor
1292 3834 1464 3908 meus,
1482 3823 1545 3875 ut
1569 3838 1664 3877 me
1694 3808 2013 3897 resuscites,
2043 3808 2101 3885 ct
2264 3808 2331 3891 in
2352 3853 2465 3907 qua
2699 3808 3022 3890 humilitate
3054 3808 3307 3889 Christus
3344 3836 3827 3908 Mesopotamiam

481 3897 617 3998 quia
647 3914 707 3952 es
734 3897 884 3953 Deus
903 3915 1075 3998 .meus,
1137 3901 1196 3957 id
1225 3906 1309 3998 est
1333 3909 1559 3963 creator
1582 3914 1900 3970 secundum
1944 3919 2099 3990 quod
2199 3897 2388 3998 Syriae.
2424 3897 2775 3992 succensam,
2807 3928 2866 3979 et
2904 3924 3046 3978 Joab
3095 3926 3154 3978 et
3180 3923 3361 3978 Edom
3391 3897 3747 3983 conversum
3776 3932 3830 3982 et

476 3987 656 4086 139120
681 3990 924 4086 311mg,“
1112 3996 1172 4045 93
1199 3994 1559 4086 ἠιέΐςνίσονιίία
1589 4016 1724 4067 mea,
1775 4005 2101 4075 emphatica
2199 3987 2530 4086 percussum
2568 4014 2776 4085 posuit.
2831 4003 3134 4068 Judaicum
3183 4013 3399 4067 scilicet
3450 4017 3746 4086 populum
3775 4022 3828 4071 et

480 4074 676 4176 ῥίοξὶοο
696 4074 863 4176 Οιξοά
900 4077 1561 4176 estdifiereim_iseri001‘3
1585 4104 1643 4143 83
1675 4106 1815 4162 erga
1843 4074 1958 4161 Hie,
1980 4112 2097 4150 non
2199 4074 2497 4176 gentilem,
2531 4074 2593 4158 ut
2622 4104 2679 4157 in
2708 4119 2776 4157 ea
2821 4100 3244 4174 perseverando
3284 4101 3357 4155 ad
3404 4074 3828 4161 exultationem

480 4162 542 4217 in
571 4163 680 4217 hoc
708 4162 911 4265 εξοιιξω·
928 4165 1128 4265 (ltum-1‘
1130 4169 1478 4265 esuf’CitabiS,
1497 4175 1596 4229 SGd
1622 4178 2096 4249 quiaimmunem
2196 4162 2583 4265 pervenirent.
2618 4193 2724 4246 Per
2753 4162 3058 4246 duodecim
3088 4189 3272 4244 millia
3316 4190 3458 4243 illud
3488 4190 3656 4246 idem
3683 4195 3828 4248 acci-

483 4267 517 4306 8
546 4252 781 4322 Ρθοοδιο
806 4250 1018 4352 “eis”:
1028 4256 1759 4352 flﬁtftlltanaliagbeneﬁcia
1775 4270 2056 4326 conteres.
2196 4250 2371 4351 pitur,
2393 4280 2548 4352 quod
2572 4282 2629 4334 et
2646 4277 3229 4350 perMesopotamiam
3261 4276 3460 4348 Syriae,
3480 4283 3543 4332 et
3562 4296 3675 4352 per
3686 4281 3831 4337 Joab

998 4341 1067 4395 ΙΝ
1097 4341 1420 4438 PSAbMUM
1452 4350 1576 4407 LIX.
2120 4366 2173 4426 D
2195 4341 2254 4425 et
2282 4341 2774 4423 Edoinzludaicus
2802 4341 3017 4422 scilicet
3046 4341 3377 4437 populusvet
3421 4341 3696 4438 gentilis;
3728 4370 3833 4425 sed

551 4425 774 4522 Titulus
790 4425 1254 4522 quinquagesimi
1291 4437 1451 4491 noni.
1488 4438 1559 4494 In
1584 4442 1746 4511 ﬁnem
1772 4448 1969 4517 probis
2004 4452 2100 4522 qui

483 4515 970 4586 commutabantur,
1003 4519 1105 4590 ipsi
1118 4518 1300 4577 David
1319 4526 1376 4578 in
1426 4528 1572 4584 tituli
1625 4515 1979 4606 inscriptione.
2007 4515 2098 4595 Ἰη

483 4604 783 4696 doctrinam
806 4621 928 4696 cum
1003 4611 1271 4667 succendit
1319 4604 1794 4688 Mesopotamiam‘
1813 4623 1993 4696 Syriae
2048 4635 2098 4683 et

482 4694 707 4781 Syrian:
733 4692 915 4761 Sobal,
940 4700 989 4749 et
1012 4703 1269 4755 convertit
1295 4703 1439 4759 Joab
1471 4714 1521 4761 et
1540 4714 1807 4781 percussit
1832 4692 2011 4771 Edam
2039 4720 2096 4772 in

485 4782 628 4840 valle
656 4780 971 4838 Salinarum
994 4784 1266 4844 duodecim
1294 4793 1487 4849 millia.
1520 4798 1579 4851 In
1636 4799 1745 4854 hoc
1794 4802 1960 4859 titulo
1992 4805 2097 4861 etsi

484 4871 748 4927 videatur
769 4871 1012 4928 historia
1049 4874 1235 4946 innui,
1266 4896 1384 4936 non
1416 4886 1612 4940 tamen
1628 4887 1794 4958 juxta
1832 4890 2096 4949 similitu-

489 4961 689 5017 dinem
713 4960 967 5018 historiaa
1022 4966 1276 5036 psalmus
1318 4970 1545 5028 videtur
1576 4992 1695 5031 esse
1727 4982 2096 5052 compositus.

488 5050 633 5105 Cum
680 5048 839 5105 enim
869 5049 930 5105 in
957 5052 1196 5110 historia
1225 5056 1529 5130 habeatur,
1560 5064 1737 5121 David
1766 5048 1964 5126 vicisse
1990 5072 2097 5128 ini-

486 5138 669 5195 micos
697 5140 757 5193 et
784 5138 1075 5209 occidisse,
1120 5143 1211 5199 hic
1240 5162 1358 5202 non
1390 5148 1462 5205 de
1492 5150 1727 5210 victoria
1756 5157 1964 5229 agitur,
1997 5162 2097 5217 sed

487 5227 560 5283 de
588 5226 918 5299 repulsione
965 5232 1025 5284 et
1050 5231 1471 5307 destructione;
1507 5242 1660 5298 unde
1689 5226 2097 5304 convenienter

484 5314 712 5408 videtur
740 5314 947 5408 titulus
967 5316 1071 5374 iste
1101 5337 1219 5377 non
1239 5324 1406 5395 juxta
1427 5327 1681 5388 historiae
1700 5335 1879 5408 accipi
1899 5337 2096 5393 simili-

484 5402 771 5471 tudinem,
799 5405 901 5459 sed
924 5405 1089 5477 juxta
1134 5426 1339 5469 vocum
1387 5402 1950 5490 interpretationem.
1985 5428 2095 5483 Per

485 5492 666 5584 David
694 5491 873 5584 igitur
887 5494 1429 5584 Cbristusaccipitur
1452 5522 1465 5561 :
1490 5524 1596 5580 per
1621 5510 2092 5584 Mesopotamiam

484 5579 683 5654 Syriae,
718 5583 777 5636 et
793 5597 899 5655 per
914 5582 1141 5657 Syriam
1159 5587 1352 5661 Sobel,
1372 5579 1614 5655 Ecclesia
1642 5579 1984 5677 intelligitur
2023 5606 2094 5665 de

2196 4458 2350 4513 aliud
2361 4457 2638 4530 quiddam
2655 4457 2984 4511 denotatur.
3003 4454 3145 4509 Cum
3173 4454 3435 4525 superius
3450 4473 3715 4531 namque
3738 4460 3830 4514 in-

2196 4545 2430 4601 deﬁnite
2460 4561 2563 4617 per
2590 4543 3064 4614 MeSOpotamiam
3091 4542 3269 4615 Syria:
3282 4543 3556 4599 Judaicus
3567 4548 3829 4617 populus

2194 4633 2632 4706 intelligeretur,
2683 4649 2785 4705 per
2812 4632 2958 4687 Joab
3014 4634 3210 4685 autem
3259 4634 3316 4685 et
3342 4631 3529 4687 Edom
3560 4636 3828 4705 gentilis,

2195 4721 2460 4777 similiter
2488 4721 2788 4777 indefinite
2819 4736 2923 4791 per
2953 4719 3345 4775 millenarium
3376 4736 3697 4778 numerum
3727 4726 3831 4796 qui

2196 4810 2340 4865 adeo
2369 4809 2656 4881 perfectus
2681 4811 2785 4876 est,
2810 4809 2961 4862 ultra
2973 4823 3149 4880 quem
3164 4822 3478 4863 numerum
3500 4810 3667 4865 nulla
3693 4828 3832 4882 pro-

2198 4898 2354 4953 cedit
2396 4898 2658 4965 varietas,
2678 4897 2931 4968 perfecta
2956 4895 3254 4967 plenitudo
3300 4896 3599 4968 utriusque
3624 4900 3833 4970 populi

2199 4986 2502 5058 accipitur,
2534 4986 2608 5041 ad
2631 4985 2808 5041 fidem
2838 5001 3132 5051 conversa,
3166 4987 3224 5038 et
3253 4984 3439 5038 adhuc
3469 5001 3577 5056 per
3600 4992 3830 5043 sextam

2198 5078 2429 5129 aetatem
2460 5077 2644 5130 totam
2675 5091 2851 5147 usque
2864 5073 2934 5128 ad
2949 5072 3128 5127 finem
3152 5071 3355 5126 mundi
3370 5076 3782 5131 convertenda
3808 5093 3824 5130 :

2198 5162 2269 5218 de
2301 5180 2413 5236 qua
2439 5163 2497 5218 in
2526 5162 2805 5237 superiori
2856 5163 3078 5234 psalmo
3110 5164 3303 5215 actum
3334 5164 3439 5227 est,
3470 5178 3603 5233 quae
3658 5166 3830 5219 tanta

2195 5256 2300 5320 est,
2332 5255 2549 5325 quanta
2605 5255 2741 5307 ante
2775 5255 2993 5307 sextam
3024 5251 3260 5305 aetatem
3320 5265 3627 5321 nunquam
3686 5252 3823 5306 fuit.

2194 5341 2339 5405 Quia
2365 5357 2498 5396 vero
2527 5341 2573 5395 si
2589 5340 2954 5396 solummodo
2970 5337 3357 5393 millenarium
3371 5354 3692 5394 numerum
3723 5357 3829 5413 po-

2194 5429 2415 5496 suisset,
2444 5431 2635 5501 posset
2674 5427 2924 5500 intelligi
2976 5426 3229 5482 maxima
3255 5425 3557 5497 plenitudo
3580 5444 3707 5487 non
3733 5433 3823 5483 ta-

2195 5534 2331 5573 men
2363 5536 2430 5574 ex
2460 5518 2728 5574 omnibus
2749 5516 2952 5573 mundi
2983 5515 3259 5590 partibus,
3293 5516 3564 5586 apposuit
3592 5516 3822 5573 duode-

2194 5607 2336 5677 cim;
2372 5624 2476 5683 per
2503 5607 2926 5666 duodenarium
2964 5604 3179 5680 quippe
3207 5618 3545 5672 numerum,
3576 5606 3682 5680 qui
3712 5623 3823 5682 per
