  <div class='ocr_page' id='page_1' title='image "/cluster/home/n/w/nwhite01/storage/ocr_20150623/152/hvd.32044054760103/462.png"; bbox 0 0 3970 6040; ppageno 0'>
   <div class='ocr_carea' id='block_1_1' title="bbox 130 290 242 347">
    <p class='ocr_par' dir='ltr' id='par_1_1' title="bbox 130 290 242 347">
     <span class='ocr_line' id='line_1_1' title="bbox 130 290 242 347; baseline 0 0"><span class='ocrx_word' id='word_1_1' title='bbox 130 290 242 347; x_wconf 73' lang='grc'><strong>913</strong></span> 
     </span>
    </p>
   </div>
   <div class='ocr_carea' id='block_1_2' title="bbox 1136 276 2469 354">
    <p class='ocr_par' dir='ltr' id='par_1_2' title="bbox 1136 276 2469 354">
     <span class='ocr_line' id='line_1_2' title="bbox 1136 276 2469 354; baseline 0.003 -6"><span class='ocrx_word' id='word_1_2' title='bbox 1136 288 1490 351; x_wconf 73' lang='grc' dir='ltr'><strong>εΧΡοειτιο</strong></span> <span class='ocrx_word' id='word_1_3' title='bbox 1530 280 1599 350; x_wconf 81' lang='lat' dir='ltr'><strong>IN</strong></span> <span class='ocrx_word' id='word_1_4' title='bbox 1638 276 1972 352; x_wconf 76' lang='lat' dir='ltr'><strong>PSALMOS.</strong></span> <span class='ocrx_word' id='word_1_5' title='bbox 2013 326 2082 336; x_wconf 88' lang='lat'><strong>—</strong></span> <span class='ocrx_word' id='word_1_6' title='bbox 2125 295 2319 354; x_wconf 80' lang='lat' dir='ltr'><strong>PSAL.</strong></span> <span class='ocrx_word' id='word_1_7' title='bbox 2361 294 2469 352; x_wconf 87' lang='lat' dir='ltr'><strong>LIX</strong></span> 
     </span>
    </p>
   </div>
   <div class='ocr_carea' id='block_1_3' title="bbox 3343 303 3447 357">
    <p class='ocr_par' dir='ltr' id='par_1_3' title="bbox 3343 303 3447 357">
     <span class='ocr_line' id='line_1_3' title="bbox 3343 303 3447 357; baseline 0 0"><span class='ocrx_word' id='word_1_8' title='bbox 3343 303 3447 357; x_wconf 75' lang='grc'><strong>914-</strong></span> 
     </span>
    </p>
   </div>
   <div class='ocr_carea' id='block_1_4' title="bbox 125 407 3455 490">
    <p class='ocr_par' dir='ltr' id='par_1_4' title="bbox 125 407 3455 490">
     <span class='ocr_line' id='line_1_4' title="bbox 125 407 3455 490; baseline 0.004 -28"><span class='ocrx_word' id='word_1_9' title='bbox 125 407 456 465; x_wconf 87' lang='lat' dir='ltr'><strong>ternarium</strong></span> <span class='ocrx_word' id='word_1_10' title='bbox 505 411 564 466; x_wconf 90' lang='lat' dir='ltr'><strong>et</strong></span> <span class='ocrx_word' id='word_1_11' title='bbox 619 410 1055 482; x_wconf 88' lang='lat' dir='ltr'><strong>quaternarium</strong></span> <span class='ocrx_word' id='word_1_12' title='bbox 1086 414 1516 486; x_wconf 86' lang='lat' dir='ltr'><strong>multiplicatur,</strong></span> <span class='ocrx_word' id='word_1_13' title='bbox 1548 415 1818 472; x_wconf 86' lang='lat' dir='ltr'><strong>omnisA</strong></span> <span class='ocrx_word' id='word_1_14' title='bbox 1897 416 2035 472; x_wconf 91' lang='lat' dir='ltr'><strong>Dico</strong></span> <span class='ocrx_word' id='word_1_15' title='bbox 2052 418 2207 490; x_wconf 90' lang='lat' dir='ltr'><strong>quod</strong></span> <span class='ocrx_word' id='word_1_16' title='bbox 2222 415 3455 488; x_wconf 80' lang='lat' dir='ltr'><strong>succenditMesopotamiam,etconvertitJoab,</strong></span> 
     </span>
    </p>
   </div>
   <div class='ocr_carea' id='block_1_5' title="bbox 126 499 1747 576">
    <p class='ocr_par' dir='ltr' id='par_1_5' title="bbox 126 499 1747 576">
     <span class='ocr_line' id='line_1_5' title="bbox 126 499 1747 576; baseline 0.004 -25"><span class='ocrx_word' id='word_1_17' title='bbox 126 499 339 552; x_wconf 84' lang='lat' dir='ltr'><strong>mundi</strong></span> <span class='ocrx_word' id='word_1_18' title='bbox 370 499 612 571; x_wconf 87' lang='lat' dir='ltr'><strong>populus</strong></span> <span class='ocrx_word' id='word_1_19' title='bbox 626 516 693 554; x_wconf 86' lang='lat' dir='ltr'><strong>ex</strong></span> <span class='ocrx_word' id='word_1_20' title='bbox 721 501 988 555; x_wconf 89' lang='lat' dir='ltr'><strong>omnibus</strong></span> <span class='ocrx_word' id='word_1_21' title='bbox 1006 506 1251 573; x_wconf 94' lang='lat' dir='ltr'><strong>quatuor</strong></span> <span class='ocrx_word' id='word_1_22' title='bbox 1272 504 1471 559; x_wconf 89' lang='lat' dir='ltr'><strong>mundi</strong></span> <span class='ocrx_word' id='word_1_23' title='bbox 1491 504 1747 576; x_wconf 88' lang='lat' dir='ltr'><strong>partibus</strong></span> 
     </span>
    </p>
   </div>
   <div class='ocr_carea' id='block_1_6' title="bbox 124 585 1751 663">
    <p class='ocr_par' dir='ltr' id='par_1_6' title="bbox 124 585 1751 663">
     <span class='ocr_line' id='line_1_6' title="bbox 124 585 1751 663; baseline 0.005 -24"><span class='ocrx_word' id='word_1_24' title='bbox 124 586 207 639; x_wconf 86' lang='lat' dir='ltr'><strong>ad</strong></span> <span class='ocrx_word' id='word_1_25' title='bbox 233 585 408 641; x_wconf 80' lang='lat' dir='ltr'><strong>fidem</strong></span> <span class='ocrx_word' id='word_1_26' title='bbox 438 587 729 643; x_wconf 76' lang='lat' dir='ltr'><strong>Trinitatis</strong></span> <span class='ocrx_word' id='word_1_27' title='bbox 754 589 813 642; x_wconf 89' lang='lat' dir='ltr'><strong>in</strong></span> <span class='ocrx_word' id='word_1_28' title='bbox 839 594 997 644; x_wconf 85' lang='lat' dir='ltr'><strong>sexta</strong></span> <span class='ocrx_word' id='word_1_29' title='bbox 1019 593 1188 645; x_wconf 63' lang='lat' dir='ltr'><strong>aetate</strong></span> <span class='ocrx_word' id='word_1_30' title='bbox 1211 609 1518 646; x_wconf 90' lang='lat' dir='ltr'><strong>conversus</strong></span> <span class='ocrx_word' id='word_1_31' title='bbox 1547 592 1751 663; x_wconf 89' lang='lat' dir='ltr'><strong>accipi-</strong></span> 
     </span>
    </p>
   </div>
   <div class='ocr_carea' id='block_1_7' title="bbox 122 674 1743 750">
    <p class='ocr_par' dir='ltr' id='par_1_7' title="bbox 122 674 1743 750">
     <span class='ocr_line' id='line_1_7' title="bbox 122 674 1743 750; baseline 0.006 -25"><span class='ocrx_word' id='word_1_32' title='bbox 122 674 227 726; x_wconf 92' lang='lat' dir='ltr'><strong>tur</strong></span> <span class='ocrx_word' id='word_1_33' title='bbox 255 689 269 726; x_wconf 90' lang='lat'><strong>:</strong></span> <span class='ocrx_word' id='word_1_34' title='bbox 298 676 387 728; x_wconf 89' lang='lat' dir='ltr'><strong>ter</strong></span> <span class='ocrx_word' id='word_1_35' title='bbox 415 691 670 748; x_wconf 84' lang='lat' dir='ltr'><strong>namque</strong></span> <span class='ocrx_word' id='word_1_36' title='bbox 701 680 968 747; x_wconf 78' lang='lat' dir='ltr'><strong>quatuor,</strong></span> <span class='ocrx_word' id='word_1_37' title='bbox 1000 679 1085 733; x_wconf 88' lang='lat' dir='ltr'><strong>vel</strong></span> <span class='ocrx_word' id='word_1_38' title='bbox 1117 683 1322 750; x_wconf 84' lang='lat' dir='ltr'><strong>quater</strong></span> <span class='ocrx_word' id='word_1_39' title='bbox 1350 679 1479 746; x_wconf 90' lang='lat' dir='ltr'><strong>tria,</strong></span> <span class='ocrx_word' id='word_1_40' title='bbox 1523 678 1743 734; x_wconf 91' lang='lat' dir='ltr'><strong>duode-</strong></span> 
     </span>
    </p>
   </div>
   <div class='ocr_carea' id='block_1_8' title="bbox 123 761 1739 839">
    <p class='ocr_par' dir='ltr' id='par_1_8' title="bbox 123 761 1739 839">
     <span class='ocr_line' id='line_1_8' title="bbox 123 761 1739 839; baseline 0.004 -24"><span class='ocrx_word' id='word_1_41' title='bbox 123 761 245 816; x_wconf 90' lang='lat' dir='ltr'><strong>cim</strong></span> <span class='ocrx_word' id='word_1_42' title='bbox 266 761 502 821; x_wconf 83' lang='lat' dir='ltr'><strong>faciunt.</strong></span> <span class='ocrx_word' id='word_1_43' title='bbox 525 766 634 819; x_wconf 89' lang='lat' dir='ltr'><strong>Per</strong></span> <span class='ocrx_word' id='word_1_44' title='bbox 666 764 986 820; x_wconf 87' lang='lat' dir='ltr'><strong>ternarium</strong></span> <span class='ocrx_word' id='word_1_45' title='bbox 1014 766 1188 821; x_wconf 88' lang='lat' dir='ltr'><strong>etiam</strong></span> <span class='ocrx_word' id='word_1_46' title='bbox 1222 771 1280 821; x_wconf 89' lang='lat' dir='ltr'><strong>et</strong></span> <span class='ocrx_word' id='word_1_47' title='bbox 1304 767 1739 839; x_wconf 90' lang='lat' dir='ltr'><strong>quaternarium</strong></span> 
     </span>
    </p>
   </div>
   <div class='ocr_carea' id='block_1_9' title="bbox 122 848 1744 926">
    <p class='ocr_par' dir='ltr' id='par_1_9' title="bbox 122 848 1744 926">
     <span class='ocr_line' id='line_1_9' title="bbox 122 848 1744 926; baseline 0.005 -23"><span class='ocrx_word' id='word_1_48' title='bbox 122 848 226 920; x_wconf 89' lang='lat' dir='ltr'><strong>qui</strong></span> <span class='ocrx_word' id='word_1_49' title='bbox 254 855 588 921; x_wconf 89' lang='lat' dir='ltr'><strong>partessunt</strong></span> <span class='ocrx_word' id='word_1_50' title='bbox 613 854 945 925; x_wconf 82' lang='lat' dir='ltr'><strong>septenarii,</strong></span> <span class='ocrx_word' id='word_1_51' title='bbox 963 855 1166 926; x_wconf 89' lang='lat' dir='ltr'><strong>quibus</strong></span> <span class='ocrx_word' id='word_1_52' title='bbox 1200 856 1584 911; x_wconf 89' lang='lat' dir='ltr'><strong>duodenarius</strong></span> <span class='ocrx_word' id='word_1_53' title='bbox 1600 857 1744 911; x_wconf 92' lang='lat' dir='ltr'><strong>mul-</strong></span> 
     </span>
    </p>
   </div>
   <div class='ocr_carea' id='block_1_10' title="bbox 120 936 1738 1014">
    <p class='ocr_par' dir='ltr' id='par_1_10' title="bbox 120 936 1738 1014">
     <span class='ocr_line' id='line_1_10' title="bbox 120 936 1738 1014; baseline 0.005 -24"><span class='ocrx_word' id='word_1_54' title='bbox 120 936 668 1010; x_wconf 87' lang='lat' dir='ltr'><strong>tiplicatur,septem</strong></span> <span class='ocrx_word' id='word_1_55' title='bbox 691 941 845 997; x_wconf 91' lang='lat' dir='ltr'><strong>dona</strong></span> <span class='ocrx_word' id='word_1_56' title='bbox 862 943 1045 997; x_wconf 89' lang='lat' dir='ltr'><strong>sancti</strong></span> <span class='ocrx_word' id='word_1_57' title='bbox 1073 942 1317 1014; x_wconf 89' lang='lat' dir='ltr'><strong>Spiritus</strong></span> <span class='ocrx_word' id='word_1_58' title='bbox 1357 944 1738 1014; x_wconf 90' lang='lat' dir='ltr'><strong>accipiuntur,</strong></span> 
     </span>
    </p>
   </div>
   <div class='ocr_carea' id='block_1_11' title="bbox 119 1026 1743 1104">
    <p class='ocr_par' dir='ltr' id='par_1_11' title="bbox 119 1026 1743 1104">
     <span class='ocr_line' id='line_1_11' title="bbox 119 1026 1743 1104; baseline 0.006 -26"><span class='ocrx_word' id='word_1_59' title='bbox 119 1026 334 1095; x_wconf 87' lang='lat' dir='ltr'><strong>quibus</strong></span> <span class='ocrx_word' id='word_1_60' title='bbox 363 1029 607 1099; x_wconf 89' lang='lat' dir='ltr'><strong>populus</strong></span> <span class='ocrx_word' id='word_1_61' title='bbox 636 1029 710 1083; x_wconf 90' lang='lat' dir='ltr'><strong>ad</strong></span> <span class='ocrx_word' id='word_1_62' title='bbox 738 1029 912 1084; x_wconf 85' lang='lat' dir='ltr'><strong>ﬁdem</strong></span> <span class='ocrx_word' id='word_1_63' title='bbox 936 1047 1238 1086; x_wconf 90' lang='lat' dir='ltr'><strong>conversus</strong></span> <span class='ocrx_word' id='word_1_64' title='bbox 1251 1032 1540 1086; x_wconf 88' lang='lat' dir='ltr'><strong>uberrime</strong></span> <span class='ocrx_word' id='word_1_65' title='bbox 1562 1034 1743 1104; x_wconf 88' lang='lat' dir='ltr'><strong>reple-</strong></span> 
     </span>
    </p>
   </div>
   <div class='ocr_carea' id='block_1_12' title="bbox 116 1113 1739 1190">
    <p class='ocr_par' dir='ltr' id='par_1_12' title="bbox 116 1113 1739 1190">
     <span class='ocr_line' id='line_1_12' title="bbox 116 1113 1739 1190; baseline 0.007 -25"><span class='ocrx_word' id='word_1_66' title='bbox 116 1113 617 1184; x_wconf 88' lang='lat' dir='ltr'><strong>tur.Singularum</strong></span> <span class='ocrx_word' id='word_1_67' title='bbox 636 1133 840 1171; x_wconf 89' lang='lat' dir='ltr'><strong>vocum</strong></span> <span class='ocrx_word' id='word_1_68' title='bbox 859 1118 1338 1189; x_wconf 84' lang='lat' dir='ltr'><strong>interpretatione</strong></span> <span class='ocrx_word' id='word_1_69' title='bbox 1365 1121 1739 1190; x_wconf 87' lang='lat' dir='ltr'><strong>denotata,ad</strong></span> 
     </span>
    </p>
   </div>
   <div class='ocr_carea' id='block_1_13' title="bbox 114 1201 1737 1280">
    <p class='ocr_par' dir='ltr' id='par_1_13' title="bbox 114 1201 1737 1280">
     <span class='ocr_line' id='line_1_13' title="bbox 114 1201 1737 1280; baseline 0.007 -27"><span class='ocrx_word' id='word_1_70' title='bbox 114 1201 277 1255; x_wconf 84' lang='lat' dir='ltr'>tituli</span> <span class='ocrx_word' id='word_1_71' title='bbox 310 1204 483 1257; x_wconf 89' lang='lat' dir='ltr'><strong>verba</strong></span> <span class='ocrx_word' id='word_1_72' title='bbox 526 1205 856 1275; x_wconf 90' lang='lat' dir='ltr'><strong>adaptanda</strong></span> <span class='ocrx_word' id='word_1_73' title='bbox 888 1208 1280 1262; x_wconf 90' lang='lat' dir='ltr'><strong>accedendum</strong></span> <span class='ocrx_word' id='word_1_74' title='bbox 1312 1212 1414 1275; x_wconf 90' lang='lat' dir='ltr'><strong>est,</strong></span> <span class='ocrx_word' id='word_1_75' title='bbox 1445 1210 1658 1280; x_wconf 86' lang='lat' dir='ltr'><strong>Agitur</strong></span> <span class='ocrx_word' id='word_1_76' title='bbox 1678 1210 1737 1264; x_wconf 89' lang='lat' dir='ltr'><strong>in</strong></span> 
     </span>
    </p>
   </div>
   <div class='ocr_carea' id='block_1_14' title="bbox 112 1289 1737 1366">
    <p class='ocr_par' dir='ltr' id='par_1_14' title="bbox 112 1289 1737 1366">
     <span class='ocr_line' id='line_1_14' title="bbox 112 1289 1737 1366; baseline 0.006 -23"><span class='ocrx_word' id='word_1_77' title='bbox 112 1289 235 1344; x_wconf 89' lang='lat' dir='ltr'><strong>hoc</strong></span> <span class='ocrx_word' id='word_1_78' title='bbox 266 1293 488 1361; x_wconf 89' lang='lat' dir='ltr'><strong>psalmo</strong></span> <span class='ocrx_word' id='word_1_79' title='bbox 505 1310 608 1361; x_wconf 88' lang='lat' dir='ltr'><strong>pro</strong></span> <span class='ocrx_word' id='word_1_80' title='bbox 638 1294 717 1348; x_wconf 74' lang='lat' dir='ltr'><strong>liis</strong></span> <span class='ocrx_word' id='word_1_81' title='bbox 747 1297 842 1365; x_wconf 85' lang='lat' dir='ltr'><strong>qui</strong></span> <span class='ocrx_word' id='word_1_82' title='bbox 888 1297 1352 1350; x_wconf 85' lang='lat' dir='ltr'><strong>commutabuntur</strong></span> <span class='ocrx_word' id='word_1_83' title='bbox 1381 1300 1436 1350; x_wconf 87' lang='lat' dir='ltr'><strong>in</strong></span> <span class='ocrx_word' id='word_1_84' title='bbox 1465 1299 1644 1366; x_wconf 78' lang='lat' dir='ltr'><strong>finem,</strong></span> <span class='ocrx_word' id='word_1_85' title='bbox 1678 1298 1737 1353; x_wconf 87' lang='lat' dir='ltr'>id</span> 
     </span>
    </p>
   </div>
   <div class='ocr_carea' id='block_1_15' title="bbox 116 1378 1734 1451">
    <p class='ocr_par' dir='ltr' id='par_1_15' title="bbox 116 1378 1734 1451">
     <span class='ocr_line' id='line_1_15' title="bbox 116 1378 1734 1451; baseline 0.006 -20"><span class='ocrx_word' id='word_1_86' title='bbox 116 1380 211 1432; x_wconf 87' lang='lat' dir='ltr'><strong>est</strong></span> <span class='ocrx_word' id='word_1_87' title='bbox 233 1378 291 1432; x_wconf 91' lang='lat' dir='ltr'><strong>in</strong></span> <span class='ocrx_word' id='word_1_88' title='bbox 306 1380 720 1449; x_wconf 80' lang='lat' dir='ltr'><strong>perfectionem</strong></span> <span class='ocrx_word' id='word_1_89' title='bbox 759 1383 1150 1451; x_wconf 87' lang='lat' dir='ltr'><strong>beatitudinis,</strong></span> <span class='ocrx_word' id='word_1_90' title='bbox 1174 1384 1232 1438; x_wconf 93' lang='lat' dir='ltr'><strong>in</strong></span> <span class='ocrx_word' id='word_1_91' title='bbox 1253 1384 1445 1440; x_wconf 90' lang='lat' dir='ltr'><strong>futuro</strong></span> <span class='ocrx_word' id='word_1_92' title='bbox 1474 1386 1545 1440; x_wconf 87' lang='lat' dir='ltr'><strong>de</strong></span> <span class='ocrx_word' id='word_1_93' title='bbox 1577 1403 1734 1441; x_wconf 88' lang='lat' dir='ltr'><strong>mor-</strong></span> 
     </span>
    </p>
   </div>
   <div class='ocr_carea' id='block_1_16' title="bbox 115 1466 1733 1544">
    <p class='ocr_par' dir='ltr' id='par_1_16' title="bbox 115 1466 1733 1544">
     <span class='ocr_line' id='line_1_16' title="bbox 115 1466 1733 1544; baseline 0.006 -25"><span class='ocrx_word' id='word_1_94' title='bbox 115 1466 347 1521; x_wconf 87' lang='lat' dir='ltr'><strong>talitate</strong></span> <span class='ocrx_word' id='word_1_95' title='bbox 377 1469 593 1523; x_wconf 89' lang='lat' dir='ltr'><strong>scilicet</strong></span> <span class='ocrx_word' id='word_1_96' title='bbox 619 1470 691 1524; x_wconf 87' lang='lat' dir='ltr'><strong>ad</strong></span> <span class='ocrx_word' id='word_1_97' title='bbox 713 1471 1238 1540; x_wconf 88' lang='lat' dir='ltr'><strong>immortalitatem,</strong></span> <span class='ocrx_word' id='word_1_98' title='bbox 1260 1472 1330 1527; x_wconf 90' lang='lat' dir='ltr'><strong>de</strong></span> <span class='ocrx_word' id='word_1_99' title='bbox 1361 1474 1733 1544; x_wconf 84' lang='lat' dir='ltr'><strong>passibilitate</strong></span> 
     </span>
    </p>
   </div>
   <div class='ocr_carea' id='block_1_17' title="bbox 114 1554 1735 1633">
    <p class='ocr_par' dir='ltr' id='par_1_17' title="bbox 114 1554 1735 1633">
     <span class='ocr_line' id='line_1_17' title="bbox 114 1554 1735 1633; baseline 0.006 -25"><span class='ocrx_word' id='word_1_100' title='bbox 114 1555 198 1609; x_wconf 88' lang='lat' dir='ltr'><strong>ad</strong></span> <span class='ocrx_word' id='word_1_101' title='bbox 227 1554 767 1627; x_wconf 88' lang='lat' dir='ltr'><strong>impassibilitatem,</strong></span> <span class='ocrx_word' id='word_1_102' title='bbox 831 1560 901 1614; x_wconf 93' lang='lat' dir='ltr'><strong>de</strong></span> <span class='ocrx_word' id='word_1_103' title='bbox 933 1560 1274 1631; x_wconf 79' lang='lat' dir='ltr'><strong>imperfecta</strong></span> <span class='ocrx_word' id='word_1_104' title='bbox 1301 1563 1631 1633; x_wconf 80' lang='lat' dir='ltr'><strong>cognitione</strong></span> <span class='ocrx_word' id='word_1_105' title='bbox 1661 1563 1735 1617; x_wconf 90' lang='lat' dir='ltr'><strong>ad</strong></span> 
     </span>
    </p>
   </div>
   <div class='ocr_carea' id='block_1_18' title="bbox 112 1644 1738 1722">
    <p class='ocr_par' dir='ltr' id='par_1_18' title="bbox 112 1644 1738 1722">
     <span class='ocr_line' id='line_1_18' title="bbox 112 1644 1738 1722; baseline 0.007 -26"><span class='ocrx_word' id='word_1_106' title='bbox 112 1644 441 1715; x_wconf 86' lang='lat' dir='ltr'><strong>perfectam</strong></span> <span class='ocrx_word' id='word_1_107' title='bbox 463 1647 559 1701; x_wconf 91' lang='lat' dir='ltr'><strong>Dei</strong></span> <span class='ocrx_word' id='word_1_108' title='bbox 576 1647 990 1719; x_wconf 85' lang='lat' dir='ltr'><strong>cognitionem.</strong></span> <span class='ocrx_word' id='word_1_109' title='bbox 1008 1650 1143 1705; x_wconf 89' lang='lat' dir='ltr'><strong>Dico</strong></span> <span class='ocrx_word' id='word_1_110' title='bbox 1167 1650 1321 1722; x_wconf 90' lang='lat' dir='ltr'><strong>quod</strong></span> <span class='ocrx_word' id='word_1_111' title='bbox 1337 1653 1667 1707; x_wconf 74' lang='lat' dir='ltr'><strong>commutabi.</strong></span> <span class='ocrx_word' id='word_1_112' title='bbox 1678 1670 1738 1706; x_wconf 88' lang='lat' dir='ltr'><strong>n-</strong></span> 
     </span>
    </p>
   </div>
   <div class='ocr_carea' id='block_1_19' title="bbox 1866 506 3455 580">
    <p class='ocr_par' dir='ltr' id='par_1_19' title="bbox 1866 506 3455 580">
     <span class='ocr_line' id='line_1_19' title="bbox 1866 506 3455 580; baseline 0.003 -22"><span class='ocrx_word' id='word_1_113' title='bbox 1866 508 1925 559; x_wconf 89' lang='lat' dir='ltr'><strong>et</strong></span> <span class='ocrx_word' id='word_1_114' title='bbox 1948 506 2056 561; x_wconf 89' lang='lat' dir='ltr'><strong>boc</strong></span> <span class='ocrx_word' id='word_1_115' title='bbox 2084 510 2267 561; x_wconf 92' lang='lat' dir='ltr'><strong>totum</strong></span> <span class='ocrx_word' id='word_1_116' title='bbox 2294 507 2485 580; x_wconf 88' lang='lat' dir='ltr'><strong>fecitin</strong></span> <span class='ocrx_word' id='word_1_117' title='bbox 2502 507 2635 560; x_wconf 83' lang='lat' dir='ltr'><strong>valle</strong></span> <span class='ocrx_word' id='word_1_118' title='bbox 2656 507 2991 575; x_wconf 86' lang='lat' dir='ltr'><strong>Salinarum,</strong></span> <span class='ocrx_word' id='word_1_119' title='bbox 3012 508 3069 562; x_wconf 90' lang='lat' dir='ltr'>id</span> <span class='ocrx_word' id='word_1_120' title='bbox 3085 512 3172 562; x_wconf 91' lang='lat' dir='ltr'><strong>est</strong></span> <span class='ocrx_word' id='word_1_121' title='bbox 3186 508 3243 562; x_wconf 89' lang='lat' dir='ltr'><strong>in</strong></span> <span class='ocrx_word' id='word_1_122' title='bbox 3258 509 3455 580; x_wconf 89' lang='lat' dir='ltr'><strong>sapida</strong></span> 
     </span>
    </p>
   </div>
   <div class='ocr_carea' id='block_1_20' title="bbox 1851 579 3459 665">
    <p class='ocr_par' dir='ltr' id='par_1_20' title="bbox 1851 579 3459 665">
     <span class='ocr_line' id='line_1_20' title="bbox 1851 579 3459 665; baseline 0.002 -19"><span class='ocrx_word' id='word_1_123' title='bbox 1851 592 2195 661; x_wconf 81' lang='lat' dir='ltr'><strong>humilitate,</strong></span> <span class='ocrx_word' id='word_1_124' title='bbox 2429 599 2492 649; x_wconf 88' lang='lat' dir='ltr'><strong>ut</strong></span> <span class='ocrx_word' id='word_1_125' title='bbox 2516 611 2581 649; x_wconf 85' lang='lat' dir='ltr'><strong>ex</strong></span> <span class='ocrx_word' id='word_1_126' title='bbox 2599 594 3113 665; x_wconf 87' lang='lat' dir='ltr'><strong>superbishumiles</strong></span> <span class='ocrx_word' id='word_1_127' title='bbox 3128 579 3340 651; x_wconf 87' lang='lat' dir='ltr'><strong>faceret</strong></span> <span class='ocrx_word' id='word_1_128' title='bbox 3362 613 3375 651; x_wconf 95' lang='lat'><strong>:</strong></span> <span class='ocrx_word' id='word_1_129' title='bbox 3399 600 3459 651; x_wconf 90' lang='lat' dir='ltr'><strong>et</strong></span> 
     </span>
    </p>
   </div>
   <div class='ocr_carea' id='block_1_21' title="bbox 1849 682 3452 755">
    <p class='ocr_par' dir='ltr' id='par_1_21' title="bbox 1849 682 3452 755">
     <span class='ocr_line' id='line_1_21' title="bbox 1849 682 3452 755; baseline 0.002 -20"><span class='ocrx_word' id='word_1_130' title='bbox 1849 698 1966 735; x_wconf 91' lang='lat' dir='ltr'><strong>non</strong></span> <span class='ocrx_word' id='word_1_131' title='bbox 1999 692 2203 752; x_wconf 87' lang='lat' dir='ltr'><strong>parum</strong></span> <span class='ocrx_word' id='word_1_132' title='bbox 2232 683 2495 737; x_wconf 86' lang='lat' dir='ltr'><strong>succendit</strong></span> <span class='ocrx_word' id='word_1_133' title='bbox 2516 682 2586 736; x_wconf 89' lang='lat' dir='ltr'><strong>de</strong></span> <span class='ocrx_word' id='word_1_134' title='bbox 2610 682 3000 755; x_wconf 76' lang='lat' dir='ltr'><strong>Mesopotamia</strong></span> <span class='ocrx_word' id='word_1_135' title='bbox 3027 686 3085 737; x_wconf 89' lang='lat' dir='ltr'><strong>et</strong></span> <span class='ocrx_word' id='word_1_136' title='bbox 3112 686 3365 738; x_wconf 79' lang='lat' dir='ltr'><strong>convertit</strong></span> <span class='ocrx_word' id='word_1_137' title='bbox 3382 684 3452 739; x_wconf 89' lang='lat' dir='ltr'><strong>de</strong></span> 
     </span>
    </p>
   </div>
   <div class='ocr_carea' id='block_1_22' title="bbox 1843 770 3454 842">
    <p class='ocr_par' dir='ltr' id='par_1_22' title="bbox 1843 770 3454 842">
     <span class='ocr_line' id='line_1_22' title="bbox 1843 770 3454 842; baseline 0.002 -19"><span class='ocrx_word' id='word_1_138' title='bbox 1843 770 2008 837; x_wconf 84' lang='lat' dir='ltr'><strong>Joab,</strong></span> <span class='ocrx_word' id='word_1_139' title='bbox 2068 771 2168 826; x_wconf 92' lang='lat' dir='ltr'><strong>sed</strong></span> <span class='ocrx_word' id='word_1_140' title='bbox 2195 770 2469 825; x_wconf 80' lang='lat' dir='ltr'><strong>duodecim</strong></span> <span class='ocrx_word' id='word_1_141' title='bbox 2501 771 2672 825; x_wconf 86' lang='lat' dir='ltr'><strong>millia</strong></span> <span class='ocrx_word' id='word_1_142' title='bbox 2697 771 2963 825; x_wconf 82' lang='lat' dir='ltr'><strong>succendit</strong></span> <span class='ocrx_word' id='word_1_143' title='bbox 3004 778 3055 825; x_wconf 87' lang='lat' dir='ltr'><strong>et</strong></span> <span class='ocrx_word' id='word_1_144' title='bbox 3086 774 3364 842; x_wconf 82' lang='lat' dir='ltr'><strong>percussit,</strong></span> <span class='ocrx_word' id='word_1_145' title='bbox 3394 771 3454 826; x_wconf 88' lang='lat' dir='ltr'><strong>id</strong></span> 
     </span>
    </p>
   </div>
   <div class='ocr_carea' id='block_1_23' title="bbox 1845 858 3453 931">
    <p class='ocr_par' dir='ltr' id='par_1_23' title="bbox 1845 858 3453 931">
     <span class='ocr_line' id='line_1_23' title="bbox 1845 858 3453 931; baseline 0.002 -21"><span class='ocrx_word' id='word_1_146' title='bbox 1845 860 1932 911; x_wconf 87' lang='lat' dir='ltr'><strong>est</strong></span> <span class='ocrx_word' id='word_1_147' title='bbox 1958 858 2274 913; x_wconf 81' lang='lat' dir='ltr'><strong>maximam</strong></span> <span class='ocrx_word' id='word_1_148' title='bbox 2290 858 2708 930; x_wconf 88' lang='lat' dir='ltr'><strong>plenitudinem</strong></span> <span class='ocrx_word' id='word_1_149' title='bbox 2730 858 2800 913; x_wconf 91' lang='lat' dir='ltr'><strong>de</strong></span> <span class='ocrx_word' id='word_1_150' title='bbox 2814 858 3022 914; x_wconf 63' lang='lat' dir='ltr'><strong>Iudaeis</strong></span> <span class='ocrx_word' id='word_1_151' title='bbox 3034 863 3092 913; x_wconf 91' lang='lat' dir='ltr'><strong>et</strong></span> <span class='ocrx_word' id='word_1_152' title='bbox 3107 859 3371 931; x_wconf 82' lang='lat' dir='ltr'><strong>gentibus</strong></span> <span class='ocrx_word' id='word_1_153' title='bbox 3386 876 3453 913; x_wconf 84' lang='lat' dir='ltr'><strong>ex</strong></span> 
     </span>
    </p>
   </div>
   <div class='ocr_carea' id='block_1_24' title="bbox 1845 946 3455 1019">
    <p class='ocr_par' dir='ltr' id='par_1_24' title="bbox 1845 946 3455 1019">
     <span class='ocr_line' id='line_1_24' title="bbox 1845 946 3455 1019; baseline 0.001 -18"><span class='ocrx_word' id='word_1_154' title='bbox 1845 946 2119 1002; x_wconf 89' lang='lat' dir='ltr'><strong>omnibus</strong></span> <span class='ocrx_word' id='word_1_155' title='bbox 2173 948 2375 1002; x_wconf 92' lang='lat' dir='ltr'><strong>mundi</strong></span> <span class='ocrx_word' id='word_1_156' title='bbox 2411 948 2672 1018; x_wconf 88' lang='lat' dir='ltr'><strong>partibus</strong></span> <span class='ocrx_word' id='word_1_157' title='bbox 2700 951 3138 1019; x_wconf 87' lang='lat' dir='ltr'><strong>congregatam.</strong></span> <span class='ocrx_word' id='word_1_158' title='bbox 3172 947 3275 1002; x_wconf 88' lang='lat' dir='ltr'><strong>Ubi</strong></span> <span class='ocrx_word' id='word_1_159' title='bbox 3320 947 3455 1002; x_wconf 85' lang='lat' dir='ltr'><strong>dicit</strong></span> 
     </span>
    </p>
   </div>
   <div class='ocr_carea' id='block_1_25' title="bbox 1843 1035 3455 1103">
    <p class='ocr_par' dir='ltr' id='par_1_25' title="bbox 1843 1035 3455 1103">
     <span class='ocr_line' id='line_1_25' title="bbox 1843 1035 3455 1103; baseline 0 -15"><span class='ocrx_word' id='word_1_160' title='bbox 1843 1051 1973 1089; x_wconf 91' lang='lat' dir='ltr'><strong>cum</strong></span> <span class='ocrx_word' id='word_1_161' title='bbox 2005 1036 2290 1103; x_wconf 81' lang='lat' dir='ltr'><strong>succendit,</strong></span> <span class='ocrx_word' id='word_1_162' title='bbox 2325 1036 2463 1090; x_wconf 91' lang='lat' dir='ltr'><strong>illud</strong></span> <span class='ocrx_word' id='word_1_163' title='bbox 2484 1053 2601 1089; x_wconf 86' lang='lat' dir='ltr'><strong>cum</strong></span> <span class='ocrx_word' id='word_1_164' title='bbox 2624 1039 2709 1089; x_wconf 89' lang='lat' dir='ltr'><strong>est</strong></span> <span class='ocrx_word' id='word_1_165' title='bbox 2738 1036 3087 1089; x_wconf 86' lang='lat' dir='ltr'><strong>causativum</strong></span> <span class='ocrx_word' id='word_1_166' title='bbox 3113 1052 3127 1102; x_wconf 92' lang='lat'><strong>;</strong></span> <span class='ocrx_word' id='word_1_167' title='bbox 3157 1038 3214 1089; x_wconf 90' lang='lat' dir='ltr'><strong>et</strong></span> <span class='ocrx_word' id='word_1_168' title='bbox 3237 1035 3345 1089; x_wconf 90' lang='lat' dir='ltr'><strong>hoc</strong></span> <span class='ocrx_word' id='word_1_169' title='bbox 3372 1037 3455 1088; x_wconf 89' lang='lat' dir='ltr'><strong>to-</strong></span> 
     </span>
    </p>
   </div>
   <div class='ocr_carea' id='block_1_26' title="bbox 1840 1122 3453 1193">
    <p class='ocr_par' dir='ltr' id='par_1_26' title="bbox 1840 1122 3453 1193">
     <span class='ocr_line' id='line_1_26' title="bbox 1840 1122 3453 1193; baseline 0.001 -17"><span class='ocrx_word' id='word_1_170' title='bbox 1840 1126 1965 1177; x_wconf 91' lang='lat' dir='ltr'><strong>tum</strong></span> <span class='ocrx_word' id='word_1_171' title='bbox 1997 1128 2083 1178; x_wconf 89' lang='lat' dir='ltr'><strong>est</strong></span> <span class='ocrx_word' id='word_1_172' title='bbox 2115 1142 2179 1179; x_wconf 89' lang='lat' dir='ltr'><strong>ac</strong></span> <span class='ocrx_word' id='word_1_173' title='bbox 2211 1124 2252 1177; x_wconf 90' lang='lat' dir='ltr'><strong>si</strong></span> <span class='ocrx_word' id='word_1_174' title='bbox 2289 1124 2532 1179; x_wconf 88' lang='lat' dir='ltr'><strong>diceret:</strong></span> <span class='ocrx_word' id='word_1_175' title='bbox 2566 1125 2629 1177; x_wconf 93' lang='lat' dir='ltr'><strong>ln</strong></span> <span class='ocrx_word' id='word_1_176' title='bbox 2661 1123 2768 1177; x_wconf 86' lang='lat' dir='ltr'><strong>hoc</strong></span> <span class='ocrx_word' id='word_1_177' title='bbox 2795 1124 3016 1192; x_wconf 91' lang='lat' dir='ltr'><strong>psalmo</strong></span> <span class='ocrx_word' id='word_1_178' title='bbox 3045 1126 3225 1193; x_wconf 92' lang='lat' dir='ltr'><strong>agunt</strong></span> <span class='ocrx_word' id='word_1_179' title='bbox 3255 1122 3453 1177; x_wconf 83' lang='lat' dir='ltr'><strong>fideles</strong></span> 
     </span>
    </p>
   </div>
   <div class='ocr_carea' id='block_1_27' title="bbox 1842 1211 3453 1284">
    <p class='ocr_par' dir='ltr' id='par_1_27' title="bbox 1842 1211 3453 1284">
     <span class='ocr_line' id='line_1_27' title="bbox 1842 1211 3453 1284; baseline -0.001 -19"><span class='ocrx_word' id='word_1_180' title='bbox 1842 1228 1908 1265; x_wconf 84' lang='lat' dir='ltr'><strong>ex</strong></span> <span class='ocrx_word' id='word_1_181' title='bbox 1933 1212 2144 1265; x_wconf 64' lang='lat' dir='ltr'><strong>Iudicis</strong></span> <span class='ocrx_word' id='word_1_182' title='bbox 2175 1216 2231 1266; x_wconf 87' lang='lat' dir='ltr'><strong>et</strong></span> <span class='ocrx_word' id='word_1_183' title='bbox 2261 1213 2547 1284; x_wconf 81' lang='lat' dir='ltr'><strong>gentibus,</strong></span> <span class='ocrx_word' id='word_1_184' title='bbox 2573 1214 2804 1265; x_wconf 88' lang='lat' dir='ltr'><strong>orantes</strong></span> <span class='ocrx_word' id='word_1_185' title='bbox 2825 1228 2927 1280; x_wconf 89' lang='lat' dir='ltr'><strong>pro</strong></span> <span class='ocrx_word' id='word_1_186' title='bbox 2957 1211 3035 1263; x_wconf 82' lang='lat' dir='ltr'><strong>his</strong></span> <span class='ocrx_word' id='word_1_187' title='bbox 3051 1212 3146 1281; x_wconf 86' lang='lat' dir='ltr'><strong>qui</strong></span> <span class='ocrx_word' id='word_1_188' title='bbox 3166 1217 3453 1264; x_wconf 87' lang='lat' dir='ltr'><strong>commuta-</strong></span> 
     </span>
    </p>
   </div>
   <div class='ocr_carea' id='block_1_28' title="bbox 1843 1299 3451 1370">
    <p class='ocr_par' dir='ltr' id='par_1_28' title="bbox 1843 1299 3451 1370">
     <span class='ocr_line' id='line_1_28' title="bbox 1843 1299 3451 1370; baseline 0.001 -18"><span class='ocrx_word' id='word_1_189' title='bbox 1843 1299 2041 1353; x_wconf 86' lang='lat' dir='ltr'><strong>buntur</strong></span> <span class='ocrx_word' id='word_1_190' title='bbox 2060 1302 2114 1353; x_wconf 86' lang='lat' dir='ltr'><strong>in</strong></span> <span class='ocrx_word' id='word_1_191' title='bbox 2142 1301 2326 1369; x_wconf 74' lang='lat' dir='ltr'><strong>ﬁnem,</strong></span> <span class='ocrx_word' id='word_1_192' title='bbox 2355 1300 2411 1354; x_wconf 90' lang='lat' dir='ltr'>id</span> <span class='ocrx_word' id='word_1_193' title='bbox 2429 1304 2513 1354; x_wconf 91' lang='lat' dir='ltr'><strong>est</strong></span> <span class='ocrx_word' id='word_1_194' title='bbox 2538 1316 2642 1370; x_wconf 91' lang='lat' dir='ltr'><strong>pro</strong></span> <span class='ocrx_word' id='word_1_195' title='bbox 2669 1315 2727 1352; x_wconf 92' lang='lat' dir='ltr'><strong>se</strong></span> <span class='ocrx_word' id='word_1_196' title='bbox 2760 1301 2986 1353; x_wconf 91' lang='lat' dir='ltr'><strong>utDeus</strong></span> <span class='ocrx_word' id='word_1_197' title='bbox 3015 1301 3335 1353; x_wconf 87' lang='lat' dir='ltr'><strong>commutet</strong></span> <span class='ocrx_word' id='word_1_198' title='bbox 3354 1315 3451 1353; x_wconf 90' lang='lat' dir='ltr'><strong>eos</strong></span> 
     </span>
    </p>
   </div>
   <div class='ocr_carea' id='block_1_29' title="bbox 1837 1385 3447 1457">
    <p class='ocr_par' dir='ltr' id='par_1_29' title="bbox 1837 1385 3447 1457">
     <span class='ocr_line' id='line_1_29' title="bbox 1837 1385 3447 1457; baseline 0.001 -19"><span class='ocrx_word' id='word_1_199' title='bbox 1837 1385 1896 1438; x_wconf 91' lang='lat' dir='ltr'><strong>in</strong></span> <span class='ocrx_word' id='word_1_200' title='bbox 1927 1386 2246 1457; x_wconf 82' lang='lat' dir='ltr'><strong>perfectam</strong></span> <span class='ocrx_word' id='word_1_201' title='bbox 2264 1387 2703 1452; x_wconf 85' lang='lat' dir='ltr'><strong>beatitudinem,</strong></span> <span class='ocrx_word' id='word_1_202' title='bbox 2734 1386 2835 1456; x_wconf 89' lang='lat' dir='ltr'><strong>qui</strong></span> <span class='ocrx_word' id='word_1_203' title='bbox 2858 1386 2983 1456; x_wconf 88' lang='lat' dir='ltr'><strong>jam</strong></span> <span class='ocrx_word' id='word_1_204' title='bbox 3011 1401 3106 1440; x_wconf 91' lang='lat' dir='ltr'><strong>cos</strong></span> <span class='ocrx_word' id='word_1_205' title='bbox 3126 1388 3447 1440; x_wconf 91' lang='lat' dir='ltr'><strong>commuta-</strong></span> 
     </span>
    </p>
   </div>
   <div class='ocr_carea' id='block_1_30' title="bbox 1836 1472 3446 1546">
    <p class='ocr_par' dir='ltr' id='par_1_30' title="bbox 1836 1472 3446 1546">
     <span class='ocr_line' id='line_1_30' title="bbox 1836 1472 3446 1546; baseline 0 -19"><span class='ocrx_word' id='word_1_206' title='bbox 1836 1473 1916 1528; x_wconf 89' lang='lat' dir='ltr'><strong>vit</strong></span> <span class='ocrx_word' id='word_1_207' title='bbox 1934 1491 2037 1545; x_wconf 91' lang='lat' dir='ltr'><strong>per</strong></span> <span class='ocrx_word' id='word_1_208' title='bbox 2052 1478 2303 1530; x_wconf 90' lang='lat' dir='ltr'><strong>mortem</strong></span> <span class='ocrx_word' id='word_1_209' title='bbox 2327 1491 2488 1530; x_wconf 90' lang='lat' dir='ltr'><strong>suam</strong></span> <span class='ocrx_word' id='word_1_210' title='bbox 2514 1475 2584 1529; x_wconf 84' lang='lat' dir='ltr'><strong>de</strong></span> <span class='ocrx_word' id='word_1_211' title='bbox 2601 1476 2835 1546; x_wconf 88' lang='lat' dir='ltr'><strong>peccato</strong></span> <span class='ocrx_word' id='word_1_212' title='bbox 2857 1472 3120 1544; x_wconf 89' lang='lat' dir='ltr'><strong>originali</strong></span> <span class='ocrx_word' id='word_1_213' title='bbox 3134 1473 3207 1527; x_wconf 88' lang='lat' dir='ltr'><strong>ad</strong></span> <span class='ocrx_word' id='word_1_214' title='bbox 3218 1472 3347 1528; x_wconf 66' lang='lat' dir='ltr'><strong>vita:</strong></span> <span class='ocrx_word' id='word_1_215' title='bbox 3361 1473 3446 1527; x_wconf 89' lang='lat' dir='ltr'><strong>in-</strong></span> 
     </span>
    </p>
   </div>
   <div class='ocr_carea' id='block_1_31' title="bbox 1836 1562 3449 1632">
    <p class='ocr_par' dir='ltr' id='par_1_31' title="bbox 1836 1562 3449 1632">
     <span class='ocr_line' id='line_1_31' title="bbox 1836 1562 3449 1632; baseline -0.001 -17"><span class='ocrx_word' id='word_1_216' title='bbox 1836 1564 2169 1618; x_wconf 89' lang='lat' dir='ltr'><strong>nocentiam</strong></span> <span class='ocrx_word' id='word_1_217' title='bbox 2194 1581 2207 1619; x_wconf 92' lang='lat'><strong>:</strong></span> <span class='ocrx_word' id='word_1_218' title='bbox 2238 1567 2297 1618; x_wconf 88' lang='lat' dir='ltr'><strong>et</strong></span> <span class='ocrx_word' id='word_1_219' title='bbox 2326 1563 2452 1617; x_wconf 91' lang='lat' dir='ltr'><strong>ideo</strong></span> <span class='ocrx_word' id='word_1_220' title='bbox 2488 1566 2826 1627; x_wconf 88' lang='lat' dir='ltr'><strong>commutet,</strong></span> <span class='ocrx_word' id='word_1_221' title='bbox 2852 1562 3367 1632; x_wconf 88' lang='lat' dir='ltr'><strong>quiasusceperunt</strong></span> <span class='ocrx_word' id='word_1_222' title='bbox 3385 1562 3449 1615; x_wconf 86' lang='lat' dir='ltr'><strong>ti-</strong></span> 
     </span>
    </p>
   </div>
   <div class='ocr_carea' id='block_1_32' title="bbox 1835 1649 3449 1723">
    <p class='ocr_par' dir='ltr' id='par_1_32' title="bbox 1835 1649 3449 1723">
     <span class='ocr_line' id='line_1_32' title="bbox 1835 1649 3449 1723; baseline 0.001 -20"><span class='ocrx_word' id='word_1_223' title='bbox 1835 1650 1939 1704; x_wconf 90' lang='lat' dir='ltr'><strong>tuli</strong></span> <span class='ocrx_word' id='word_1_224' title='bbox 1971 1651 2430 1723; x_wconf 88' lang='lat' dir='ltr'><strong>inscriptionem,</strong></span> <span class='ocrx_word' id='word_1_225' title='bbox 2481 1654 2539 1705; x_wconf 89' lang='lat' dir='ltr'><strong>et</strong></span> <span class='ocrx_word' id='word_1_226' title='bbox 2571 1651 2847 1706; x_wconf 90' lang='lat' dir='ltr'><strong>obediunt</strong></span> <span class='ocrx_word' id='word_1_227' title='bbox 2876 1649 3151 1704; x_wconf 72' lang='lat' dir='ltr'><strong>doctrinae</strong></span> <span class='ocrx_word' id='word_1_228' title='bbox 3174 1649 3314 1719; x_wconf 86' lang='lat' dir='ltr'><strong>ejus,</strong></span> <span class='ocrx_word' id='word_1_229' title='bbox 3345 1665 3449 1720; x_wconf 88' lang='lat' dir='ltr'><strong>per</strong></span> 
     </span>
    </p>
   </div>
   <div class='ocr_carea' id='block_1_33' title="bbox 114 1734 3445 1811">
    <p class='ocr_par' dir='ltr' id='par_1_33' title="bbox 114 1734 3445 1811">
     <span class='ocr_line' id='line_1_33' title="bbox 114 1734 3445 1811; baseline 0.002 -27"><span class='ocrx_word' id='word_1_230' title='bbox 114 1739 234 1792; x_wconf 84' lang='lat' dir='ltr'><strong>tur.</strong></span> <span class='ocrx_word' id='word_1_231' title='bbox 263 1736 321 1787; x_wconf 90' lang='lat' dir='ltr'><strong>et</strong></span> <span class='ocrx_word' id='word_1_232' title='bbox 349 1734 457 1789; x_wconf 89' lang='lat' dir='ltr'><strong>hoc</strong></span> <span class='ocrx_word' id='word_1_233' title='bbox 508 1741 564 1790; x_wconf 87' lang='lat' dir='ltr'><strong>in</strong></span> <span class='ocrx_word' id='word_1_234' title='bbox 596 1736 741 1790; x_wconf 84' lang='lat' dir='ltr'><strong>tituli</strong></span> <span class='ocrx_word' id='word_1_235' title='bbox 785 1740 1121 1810; x_wconf 82' lang='lat' dir='ltr'><strong>inscriptione</strong></span> <span class='ocrx_word' id='word_1_236' title='bbox 1166 1742 1268 1810; x_wconf 89' lang='lat' dir='ltr'><strong>ipsi</strong></span> <span class='ocrx_word' id='word_1_237' title='bbox 1311 1739 1512 1807; x_wconf 84' lang='lat' dir='ltr'><strong>David,</strong></span> <span class='ocrx_word' id='word_1_238' title='bbox 1564 1741 1621 1795; x_wconf 93' lang='lat' dir='ltr'><strong>id</strong></span> <span class='ocrx_word' id='word_1_239' title='bbox 1649 1745 1733 1796; x_wconf 81' lang='lat' dir='ltr'><strong>est</strong></span> <span class='ocrx_word' id='word_1_240' title='bbox 1762 1751 1812 1809; x_wconf 86' lang='grc' dir='ltr'>Β</span> <span class='ocrx_word' id='word_1_241' title='bbox 1837 1739 1944 1794; x_wconf 88' lang='lat' dir='ltr'><strong>hoc</strong></span> <span class='ocrx_word' id='word_1_242' title='bbox 1974 1740 2128 1811; x_wconf 92' lang='lat' dir='ltr'><strong>quod</strong></span> <span class='ocrx_word' id='word_1_243' title='bbox 2151 1740 2403 1794; x_wconf 84' lang='lat' dir='ltr'><strong>Christus</strong></span> <span class='ocrx_word' id='word_1_244' title='bbox 2422 1739 2715 1794; x_wconf 88' lang='lat' dir='ltr'><strong>succendit</strong></span> <span class='ocrx_word' id='word_1_245' title='bbox 2736 1737 2923 1809; x_wconf 89' lang='lat' dir='ltr'><strong>gratia</strong></span> <span class='ocrx_word' id='word_1_246' title='bbox 2943 1737 3445 1809; x_wconf 83' lang='lat' dir='ltr'><strong>spiritaliMesopo-</strong></span> 
     </span>
    </p>
   </div>
   <div class='ocr_carea' id='block_1_34' title="bbox 114 1820 1727 1900">
    <p class='ocr_par' dir='ltr' id='par_1_34' title="bbox 114 1820 1727 1900">
     <span class='ocr_line' id='line_1_34' title="bbox 114 1820 1727 1900; baseline 0.006 -25"><span class='ocrx_word' id='word_1_247' title='bbox 114 1820 347 1878; x_wconf 81' lang='lat' dir='ltr'><strong>Christo</strong></span> <span class='ocrx_word' id='word_1_248' title='bbox 370 1823 524 1878; x_wconf 87' lang='lat' dir='ltr'><strong>facta</strong></span> <span class='ocrx_word' id='word_1_249' title='bbox 555 1842 729 1897; x_wconf 91' lang='lat' dir='ltr'><strong>quam</strong></span> <span class='ocrx_word' id='word_1_250' title='bbox 767 1832 1161 1900; x_wconf 87' lang='lat' dir='ltr'><strong>susceperunt.</strong></span> <span class='ocrx_word' id='word_1_251' title='bbox 1193 1828 1359 1893; x_wconf 89' lang='lat' dir='ltr'><strong>Quod</strong></span> <span class='ocrx_word' id='word_1_252' title='bbox 1383 1833 1467 1884; x_wconf 90' lang='lat' dir='ltr'><strong>est</strong></span> <span class='ocrx_word' id='word_1_253' title='bbox 1498 1829 1686 1884; x_wconf 88' lang='lat' dir='ltr'><strong>dicere</strong></span> <span class='ocrx_word' id='word_1_254' title='bbox 1714 1846 1727 1884; x_wconf 93' lang='lat'><strong>:</strong></span> 
     </span>
    </p>
   </div>
   <div class='ocr_carea' id='block_1_35' title="bbox 110 1908 1729 1989">
    <p class='ocr_par' dir='ltr' id='par_1_35' title="bbox 110 1908 1729 1989">
     <span class='ocr_line' id='line_1_35' title="bbox 110 1908 1729 1989; baseline 0.006 -27"><span class='ocrx_word' id='word_1_255' title='bbox 110 1908 255 1964; x_wconf 84' lang='lat' dir='ltr'><strong>Ideo</strong></span> <span class='ocrx_word' id='word_1_256' title='bbox 285 1911 536 1983; x_wconf 79' lang='lat' dir='ltr'><strong>perfecte</strong></span> <span class='ocrx_word' id='word_1_257' title='bbox 554 1912 612 1966; x_wconf 92' lang='lat' dir='ltr'><strong>in</strong></span> <span class='ocrx_word' id='word_1_258' title='bbox 634 1913 827 1969; x_wconf 84' lang='lat' dir='ltr'><strong>futuro</strong></span> <span class='ocrx_word' id='word_1_259' title='bbox 849 1917 1384 1984; x_wconf 89' lang='lat' dir='ltr'><strong>commutabuntur,</strong></span> <span class='ocrx_word' id='word_1_260' title='bbox 1415 1918 1549 1989; x_wconf 89' lang='lat' dir='ltr'><strong>quia</strong></span> <span class='ocrx_word' id='word_1_261' title='bbox 1569 1918 1729 1973; x_wconf 81' lang='lat' dir='ltr'><strong>Chri-</strong></span> 
     </span>
    </p>
   </div>
   <div class='ocr_carea' id='block_1_36' title="bbox 109 1998 1729 2076">
    <p class='ocr_par' dir='ltr' id='par_1_36' title="bbox 109 1998 1729 2076">
     <span class='ocr_line' id='line_1_36' title="bbox 109 1998 1729 2076; baseline 0.006 -27"><span class='ocrx_word' id='word_1_262' title='bbox 109 1999 272 2051; x_wconf 87' lang='lat' dir='ltr'><strong>stum</strong></span> <span class='ocrx_word' id='word_1_263' title='bbox 314 1999 504 2054; x_wconf 84' lang='lat' dir='ltr'><strong>Jesum</strong></span> <span class='ocrx_word' id='word_1_264' title='bbox 550 2017 750 2072; x_wconf 86' lang='lat' dir='ltr'><strong>regem</strong></span> <span class='ocrx_word' id='word_1_265' title='bbox 798 2008 1188 2073; x_wconf 89' lang='lat' dir='ltr'><strong>susceperunt,</strong></span> <span class='ocrx_word' id='word_1_266' title='bbox 1219 2005 1373 2076; x_wconf 93' lang='lat' dir='ltr'><strong>quod</strong></span> <span class='ocrx_word' id='word_1_267' title='bbox 1401 1998 1456 2059; x_wconf 82' lang='lat' dir='ltr'><strong>in</strong></span> <span class='ocrx_word' id='word_1_268' title='bbox 1485 2006 1628 2061; x_wconf 86' lang='lat' dir='ltr'><strong>tituli</strong></span> <span class='ocrx_word' id='word_1_269' title='bbox 1647 2008 1729 2059; x_wconf 87' lang='lat' dir='ltr'><strong>in-</strong></span> 
     </span>
    </p>
   </div>
   <div class='ocr_carea' id='block_1_37' title="bbox 106 2087 907 2160">
    <p class='ocr_par' dir='ltr' id='par_1_37' title="bbox 106 2087 907 2160">
     <span class='ocr_line' id='line_1_37' title="bbox 106 2087 907 2160; baseline 0.01 -23"><span class='ocrx_word' id='word_1_270' title='bbox 106 2087 400 2155; x_wconf 81' lang='lat' dir='ltr'><strong>scriptione</strong></span> <span class='ocrx_word' id='word_1_271' title='bbox 416 2088 780 2160; x_wconf 89' lang='lat' dir='ltr'><strong>designatum</strong></span> <span class='ocrx_word' id='word_1_272' title='bbox 804 2094 907 2145; x_wconf 87' lang='lat' dir='ltr'><strong>est.</strong></span> 
     </span>
    </p>
   </div>
   <div class='ocr_carea' id='block_1_38' title="bbox 190 2174 1732 2253">
    <p class='ocr_par' dir='ltr' id='par_1_38' title="bbox 190 2174 1732 2253">
     <span class='ocr_line' id='line_1_38' title="bbox 190 2174 1732 2253; baseline 0.006 -25"><span class='ocrx_word' id='word_1_273' title='bbox 190 2174 336 2238; x_wconf 84' lang='lat' dir='ltr'><strong>Quia</strong></span> <span class='ocrx_word' id='word_1_274' title='bbox 350 2193 483 2232; x_wconf 90' lang='lat' dir='ltr'><strong>vero</strong></span> <span class='ocrx_word' id='word_1_275' title='bbox 500 2195 613 2233; x_wconf 88' lang='lat' dir='ltr'><strong>non</strong></span> <span class='ocrx_word' id='word_1_276' title='bbox 626 2178 913 2234; x_wconf 82' lang='lat' dir='ltr'><strong>sufficeret</strong></span> <span class='ocrx_word' id='word_1_277' title='bbox 926 2197 1059 2235; x_wconf 90' lang='lat' dir='ltr'><strong>eum</strong></span> <span class='ocrx_word' id='word_1_278' title='bbox 1072 2197 1273 2253; x_wconf 86' lang='lat' dir='ltr'><strong>regem</strong></span> <span class='ocrx_word' id='word_1_279' title='bbox 1290 2198 1409 2237; x_wconf 88' lang='lat' dir='ltr'><strong>esse</strong></span> <span class='ocrx_word' id='word_1_280' title='bbox 1427 2198 1732 2253; x_wconf 84' lang='lat' dir='ltr'><strong>cognosce-</strong></span> 
     </span>
    </p>
   </div>
   <div class='ocr_carea' id='block_1_39' title="bbox 114 2264 1726 2342">
    <p class='ocr_par' dir='ltr' id='par_1_39' title="bbox 114 2264 1726 2342">
     <span class='ocr_line' id='line_1_39' title="bbox 114 2264 1726 2342; baseline 0.007 -28"><span class='ocrx_word' id='word_1_281' title='bbox 114 2276 186 2314; x_wconf 87' lang='lat' dir='ltr'><strong>re</strong></span> <span class='ocrx_word' id='word_1_282' title='bbox 210 2265 268 2316; x_wconf 91' lang='lat' dir='ltr'><strong>et</strong></span> <span class='ocrx_word' id='word_1_283' title='bbox 283 2264 588 2335; x_wconf 89' lang='lat' dir='ltr'><strong>suscipere,</strong></span> <span class='ocrx_word' id='word_1_284' title='bbox 606 2266 713 2321; x_wconf 89' lang='lat' dir='ltr'><strong>nisi</strong></span> <span class='ocrx_word' id='word_1_285' title='bbox 730 2268 903 2322; x_wconf 88' lang='lat' dir='ltr'><strong>etiam</strong></span> <span class='ocrx_word' id='word_1_286' title='bbox 919 2270 1042 2338; x_wconf 85' lang='lat' dir='ltr'><strong>ejus</strong></span> <span class='ocrx_word' id='word_1_287' title='bbox 1056 2270 1358 2342; x_wconf 72' lang='lat' dir='ltr'><strong>praeceptis</strong></span> <span class='ocrx_word' id='word_1_288' title='bbox 1375 2270 1726 2337; x_wconf 87' lang='lat' dir='ltr'><strong>obediretur,</strong></span> 
     </span>
    </p>
   </div>
   <div class='ocr_carea' id='block_1_40' title="bbox 106 2349 1725 2427">
    <p class='ocr_par' dir='ltr' id='par_1_40' title="bbox 106 2349 1725 2427">
     <span class='ocr_line' id='line_1_40' title="bbox 106 2349 1725 2427; baseline 0.007 -26"><span class='ocrx_word' id='word_1_289' title='bbox 106 2349 281 2419; x_wconf 87' lang='lat' dir='ltr'><strong>juxta</strong></span> <span class='ocrx_word' id='word_1_290' title='bbox 298 2353 452 2423; x_wconf 94' lang='lat' dir='ltr'><strong>quod</strong></span> <span class='ocrx_word' id='word_1_291' title='bbox 473 2354 627 2409; x_wconf 91' lang='lat' dir='ltr'><strong>idem</strong></span> <span class='ocrx_word' id='word_1_292' title='bbox 646 2355 704 2410; x_wconf 90' lang='lat' dir='ltr'><strong>in</strong></span> <span class='ocrx_word' id='word_1_293' title='bbox 719 2356 1023 2427; x_wconf 85' lang='lat' dir='ltr'><strong>Evangelio</strong></span> <span class='ocrx_word' id='word_1_294' title='bbox 1039 2361 1308 2413; x_wconf 88' lang='lat' dir='ltr'><strong>testatur:</strong></span> <span class='ocrx_word' id='word_1_295' title='bbox 1334 2379 1363 2411; x_wconf 80' lang='grc' dir='ltr'><strong>(ς</strong></span> <span class='ocrx_word' id='word_1_296' title='bbox 1386 2360 1509 2414; x_wconf 88' lang='lat' dir='ltr'><strong>Non</strong></span> <span class='ocrx_word' id='word_1_297' title='bbox 1532 2360 1725 2413; x_wconf 90' lang='lat' dir='ltr'><strong>omnis</strong></span> 
     </span>
    </p>
   </div>
   <div class='ocr_carea' id='block_1_41' title="bbox 112 2440 1722 2518">
    <p class='ocr_par' dir='ltr' id='par_1_41' title="bbox 112 2440 1722 2518">
     <span class='ocr_line' id='line_1_41' title="bbox 112 2440 1722 2518; baseline 0.004 -23"><span class='ocrx_word' id='word_1_298' title='bbox 112 2440 218 2512; x_wconf 91' lang='lat' dir='ltr'><strong>qui</strong></span> <span class='ocrx_word' id='word_1_299' title='bbox 239 2440 375 2494; x_wconf 90' lang='lat' dir='ltr'><strong>dicit</strong></span> <span class='ocrx_word' id='word_1_300' title='bbox 393 2440 830 2511; x_wconf 77' lang='lat' dir='ltr'><strong>mibizDomine,</strong></span> <span class='ocrx_word' id='word_1_301' title='bbox 856 2445 1121 2512; x_wconf 90' lang='lat' dir='ltr'><strong>Domine,</strong></span> <span class='ocrx_word' id='word_1_302' title='bbox 1144 2446 1379 2502; x_wconf 89' lang='lat' dir='ltr'><strong>intrabit</strong></span> <span class='ocrx_word' id='word_1_303' title='bbox 1401 2446 1458 2501; x_wconf 92' lang='lat' dir='ltr'><strong>in</strong></span> <span class='ocrx_word' id='word_1_304' title='bbox 1476 2464 1722 2518; x_wconf 90' lang='lat' dir='ltr'><strong>regnum</strong></span> 
     </span>
    </p>
   </div>
   <div class='ocr_carea' id='block_1_42' title="bbox 105 2529 1722 2607">
    <p class='ocr_par' dir='ltr' id='par_1_42' title="bbox 105 2529 1722 2607">
     <span class='ocr_line' id='line_1_42' title="bbox 105 2529 1722 2607; baseline 0.005 -25"><span class='ocrx_word' id='word_1_305' title='bbox 105 2529 391 2583; x_wconf 62' lang='lat' dir='ltr'><strong>caelorum</strong></span> <span class='ocrx_word' id='word_1_306' title='bbox 412 2529 542 2596; x_wconf 89' lang='lat' dir='ltr'><strong>;sed</strong></span> <span class='ocrx_word' id='word_1_307' title='bbox 567 2531 664 2601; x_wconf 91' lang='lat' dir='ltr'><strong>qui</strong></span> <span class='ocrx_word' id='word_1_308' title='bbox 689 2531 824 2585; x_wconf 87' lang='lat' dir='ltr'><strong>facit</strong></span> <span class='ocrx_word' id='word_1_309' title='bbox 847 2533 1204 2589; x_wconf 85' lang='lat' dir='ltr'><strong>voluntatem</strong></span> <span class='ocrx_word' id='word_1_310' title='bbox 1236 2535 1419 2590; x_wconf 88' lang='lat' dir='ltr'><strong>Patris</strong></span> <span class='ocrx_word' id='word_1_311' title='bbox 1434 2536 1570 2602; x_wconf 90' lang='lat' dir='ltr'><strong>mei,</strong></span> <span class='ocrx_word' id='word_1_312' title='bbox 1604 2537 1722 2607; x_wconf 89' lang='lat' dir='ltr'><strong>ipse</strong></span> 
     </span>
    </p>
   </div>
   <div class='ocr_carea' id='block_1_43' title="bbox 104 2616 1721 2691">
    <p class='ocr_par' dir='ltr' id='par_1_43' title="bbox 104 2616 1721 2691">
     <span class='ocr_line' id='line_1_43' title="bbox 104 2616 1721 2691; baseline 0.006 -21"><span class='ocrx_word' id='word_1_313' title='bbox 104 2616 355 2671; x_wconf 84' lang='lat' dir='ltr'><strong>intrabit</strong></span> <span class='ocrx_word' id='word_1_314' title='bbox 379 2618 438 2672; x_wconf 91' lang='lat' dir='ltr'><strong>in</strong></span> <span class='ocrx_word' id='word_1_315' title='bbox 467 2634 714 2690; x_wconf 90' lang='lat' dir='ltr'><strong>regnum</strong></span> <span class='ocrx_word' id='word_1_316' title='bbox 733 2621 1008 2675; x_wconf 80' lang='lat' dir='ltr'><strong>caelorum</strong></span> <span class='ocrx_word' id='word_1_317' title='bbox 1039 2622 1255 2687; x_wconf 64' lang='lat' dir='ltr'><strong>(Matt/1.</strong></span> <span class='ocrx_word' id='word_1_318' title='bbox 1283 2640 1377 2691; x_wconf 85' lang='lat' dir='ltr'><strong>vn,</strong></span> <span class='ocrx_word' id='word_1_319' title='bbox 1409 2625 1721 2687; x_wconf 68' lang='lat' dir='ltr'><strong>2i).»addi-</strong></span> 
     </span>
    </p>
   </div>
   <div class='ocr_carea' id='block_1_44' title="bbox 104 2705 1724 2783">
    <p class='ocr_par' dir='ltr' id='par_1_44' title="bbox 104 2705 1724 2783">
     <span class='ocr_line' id='line_1_44' title="bbox 104 2705 1724 2783; baseline 0.007 -27"><span class='ocrx_word' id='word_1_320' title='bbox 104 2705 230 2771; x_wconf 87' lang='lat' dir='ltr'><strong>tur,</strong></span> <span class='ocrx_word' id='word_1_321' title='bbox 257 2706 311 2757; x_wconf 89' lang='lat' dir='ltr'><strong>in</strong></span> <span class='ocrx_word' id='word_1_322' title='bbox 339 2705 636 2760; x_wconf 85' lang='lat' dir='ltr'><strong>doctrinam</strong></span> <span class='ocrx_word' id='word_1_323' title='bbox 663 2725 679 2772; x_wconf 90' lang='lat'><strong><em>;</em></strong></span> <span class='ocrx_word' id='word_1_324' title='bbox 705 2708 865 2779; x_wconf 91' lang='lat' dir='ltr'><strong>quasi</strong></span> <span class='ocrx_word' id='word_1_325' title='bbox 884 2709 1100 2764; x_wconf 89' lang='lat' dir='ltr'><strong>diceret</strong></span> <span class='ocrx_word' id='word_1_326' title='bbox 1123 2727 1136 2764; x_wconf 91' lang='lat'><strong>:</strong></span> <span class='ocrx_word' id='word_1_327' title='bbox 1180 2711 1312 2766; x_wconf 91' lang='lat' dir='ltr'><strong>Dico</strong></span> <span class='ocrx_word' id='word_1_328' title='bbox 1327 2712 1480 2783; x_wconf 86' lang='lat' dir='ltr'><strong>quod</strong></span> <span class='ocrx_word' id='word_1_329' title='bbox 1493 2730 1724 2767; x_wconf 87' lang='lat' dir='ltr'><strong>commu-</strong></span> 
     </span>
    </p>
   </div>
   <div class='ocr_carea' id='block_1_45' title="bbox 105 2792 1720 2871">
    <p class='ocr_par' dir='ltr' id='par_1_45' title="bbox 105 2792 1720 2871">
     <span class='ocr_line' id='line_1_45' title="bbox 105 2792 1720 2871; baseline 0.007 -27"><span class='ocrx_word' id='word_1_330' title='bbox 105 2792 392 2857; x_wconf 83' lang='lat' dir='ltr'><strong>tabuntur;</strong></span> <span class='ocrx_word' id='word_1_331' title='bbox 406 2794 534 2849; x_wconf 93' lang='lat' dir='ltr'><strong>ideo</strong></span> <span class='ocrx_word' id='word_1_332' title='bbox 556 2796 690 2866; x_wconf 89' lang='lat' dir='ltr'><strong>quia</strong></span> <span class='ocrx_word' id='word_1_333' title='bbox 708 2802 1081 2869; x_wconf 89' lang='lat' dir='ltr'><strong>susceperunt</strong></span> <span class='ocrx_word' id='word_1_334' title='bbox 1094 2799 1239 2852; x_wconf 90' lang='lat' dir='ltr'><strong>tituli</strong></span> <span class='ocrx_word' id='word_1_335' title='bbox 1261 2799 1720 2871; x_wconf 88' lang='lat' dir='ltr'><strong>inscriptionem,</strong></span> 
     </span>
    </p>
   </div>
   <div class='ocr_carea' id='block_1_46' title="bbox 104 2881 1721 2959">
    <p class='ocr_par' dir='ltr' id='par_1_46' title="bbox 104 2881 1721 2959">
     <span class='ocr_line' id='line_1_46' title="bbox 104 2881 1721 2959; baseline 0.006 -24"><span class='ocrx_word' id='word_1_336' title='bbox 104 2881 269 2936; x_wconf 88' lang='lat' dir='ltr'><strong>unde</strong></span> <span class='ocrx_word' id='word_1_337' title='bbox 299 2885 496 2937; x_wconf 88' lang='lat' dir='ltr'><strong>tamen</strong></span> <span class='ocrx_word' id='word_1_338' title='bbox 524 2885 579 2937; x_wconf 86' lang='lat' dir='ltr'><strong>in</strong></span> <span class='ocrx_word' id='word_1_339' title='bbox 604 2884 922 2952; x_wconf 84' lang='lat' dir='ltr'><strong>doctrinam,</strong></span> <span class='ocrx_word' id='word_1_340' title='bbox 950 2887 1009 2941; x_wconf 92' lang='lat' dir='ltr'><strong>id</strong></span> <span class='ocrx_word' id='word_1_341' title='bbox 1038 2889 1142 2955; x_wconf 90' lang='lat' dir='ltr'><strong>est,</strong></span> <span class='ocrx_word' id='word_1_342' title='bbox 1176 2888 1312 2959; x_wconf 89' lang='lat' dir='ltr'><strong>quia</strong></span> <span class='ocrx_word' id='word_1_343' title='bbox 1332 2889 1721 2945; x_wconf 86' lang='lat' dir='ltr'><strong>intenduntin</strong></span> 
     </span>
    </p>
   </div>
   <div class='ocr_carea' id='block_1_47' title="bbox 101 2970 1717 3048">
    <p class='ocr_par' dir='ltr' id='par_1_47' title="bbox 101 2970 1717 3048">
     <span class='ocr_line' id='line_1_47' title="bbox 101 2970 1717 3048; baseline 0.004 -23"><span class='ocrx_word' id='word_1_344' title='bbox 101 2970 437 3026; x_wconf 89' lang='lat' dir='ltr'><strong>doctrinam</strong></span> <span class='ocrx_word' id='word_1_345' title='bbox 468 2973 589 3043; x_wconf 88' lang='lat' dir='ltr'><strong>ejus</strong></span> <span class='ocrx_word' id='word_1_346' title='bbox 617 2976 681 3026; x_wconf 91' lang='lat' dir='ltr'><strong>ut</strong></span> <span class='ocrx_word' id='word_1_347' title='bbox 705 2974 756 3028; x_wconf 92' lang='lat' dir='ltr'><strong>ei</strong></span> <span class='ocrx_word' id='word_1_348' title='bbox 790 2974 1081 3029; x_wconf 89' lang='lat' dir='ltr'><strong>obediant.</strong></span> <span class='ocrx_word' id='word_1_349' title='bbox 1114 2976 1262 3031; x_wconf 89' lang='lat' dir='ltr'><strong>bene</strong></span> <span class='ocrx_word' id='word_1_350' title='bbox 1276 2978 1658 3048; x_wconf 87' lang='lat' dir='ltr'><strong>operando,et</strong></span> <span class='ocrx_word' id='word_1_351' title='bbox 1688 2996 1717 3032; x_wconf 89' lang='lat' dir='ltr'><strong>a</strong></span> 
     </span>
    </p>
   </div>
   <div class='ocr_carea' id='block_1_48' title="bbox 1839 1825 3443 1900">
    <p class='ocr_par' dir='ltr' id='par_1_48' title="bbox 1839 1825 3443 1900">
     <span class='ocr_line' id='line_1_48' title="bbox 1839 1825 3443 1900; baseline -0.001 -19"><span class='ocrx_word' id='word_1_352' title='bbox 1839 1828 2085 1882; x_wconf 90' lang='lat' dir='ltr'><strong>tamiam</strong></span> <span class='ocrx_word' id='word_1_353' title='bbox 2114 1828 2312 1899; x_wconf 74' lang='lat' dir='ltr'><strong>Syriae,</strong></span> <span class='ocrx_word' id='word_1_354' title='bbox 2336 1828 2636 1900; x_wconf 87' lang='lat' dir='ltr'><strong>etSyriam</strong></span> <span class='ocrx_word' id='word_1_355' title='bbox 2671 1827 2864 1894; x_wconf 89' lang='lat' dir='ltr'><strong>Sobal,</strong></span> <span class='ocrx_word' id='word_1_356' title='bbox 2893 1826 2951 1881; x_wconf 92' lang='lat' dir='ltr'>id</span> <span class='ocrx_word' id='word_1_357' title='bbox 2976 1828 3062 1880; x_wconf 90' lang='lat' dir='ltr'><strong>est</strong></span> <span class='ocrx_word' id='word_1_358' title='bbox 3083 1825 3356 1880; x_wconf 84' lang='lat' dir='ltr'><strong>destruxit</strong></span> <span class='ocrx_word' id='word_1_359' title='bbox 3385 1825 3443 1879; x_wconf 91' lang='lat' dir='ltr'><strong>in</strong></span> 
     </span>
    </p>
   </div>
   <div class='ocr_carea' id='block_1_49' title="bbox 1833 1913 3444 1986">
    <p class='ocr_par' dir='ltr' id='par_1_49' title="bbox 1833 1913 3444 1986">
     <span class='ocr_line' id='line_1_49' title="bbox 1833 1913 3444 1986; baseline 0.001 -19"><span class='ocrx_word' id='word_1_360' title='bbox 1833 1913 2045 1968; x_wconf 69' lang='lat' dir='ltr'><strong>Iudaeis</strong></span> <span class='ocrx_word' id='word_1_361' title='bbox 2075 1914 2405 1986; x_wconf 88' lang='lat' dir='ltr'><strong>superbiam</strong></span> <span class='ocrx_word' id='word_1_362' title='bbox 2438 1932 2599 1969; x_wconf 66' lang='lat' dir='ltr'><strong>vanae</strong></span> <span class='ocrx_word' id='word_1_363' title='bbox 2627 1914 2832 1970; x_wconf 89' lang='lat' dir='ltr'><strong>veteris</strong></span> <span class='ocrx_word' id='word_1_364' title='bbox 2861 1913 3038 1983; x_wconf 70' lang='lat' dir='ltr'><strong>legis:</strong></span> <span class='ocrx_word' id='word_1_365' title='bbox 3078 1916 3135 1967; x_wconf 90' lang='lat' dir='ltr'><strong>et</strong></span> <span class='ocrx_word' id='word_1_366' title='bbox 3180 1929 3284 1983; x_wconf 91' lang='lat' dir='ltr'><strong>per</strong></span> <span class='ocrx_word' id='word_1_367' title='bbox 3335 1914 3444 1968; x_wconf 89' lang='lat' dir='ltr'><strong>hoc</strong></span> 
     </span>
    </p>
   </div>
   <div class='ocr_carea' id='block_1_50' title="bbox 1833 2000 3440 2070">
    <p class='ocr_par' dir='ltr' id='par_1_50' title="bbox 1833 2000 3440 2070">
     <span class='ocr_line' id='line_1_50' title="bbox 1833 2000 3440 2070; baseline 0.001 -17"><span class='ocrx_word' id='word_1_368' title='bbox 1833 2000 1968 2055; x_wconf 83' lang='lat' dir='ltr'><strong>fecit</strong></span> <span class='ocrx_word' id='word_1_369' title='bbox 1990 2018 2087 2057; x_wconf 90' lang='lat' dir='ltr'><strong>eos</strong></span> <span class='ocrx_word' id='word_1_370' title='bbox 2115 2004 2365 2057; x_wconf 86' lang='lat' dir='ltr'><strong>elevatos</strong></span> <span class='ocrx_word' id='word_1_371' title='bbox 2390 2020 2423 2057; x_wconf 92' lang='lat' dir='ltr'><strong>a</strong></span> <span class='ocrx_word' id='word_1_372' title='bbox 2453 2003 2601 2057; x_wconf 88' lang='lat' dir='ltr'><strong>vitiis</strong></span> <span class='ocrx_word' id='word_1_373' title='bbox 2626 2006 2683 2057; x_wconf 89' lang='lat' dir='ltr'><strong>et</strong></span> <span class='ocrx_word' id='word_1_374' title='bbox 2706 2001 2978 2057; x_wconf 86' lang='lat' dir='ltr'><strong>sublimes</strong></span> <span class='ocrx_word' id='word_1_375' title='bbox 3022 2000 3082 2055; x_wconf 94' lang='lat' dir='ltr'><strong>in</strong></span> <span class='ocrx_word' id='word_1_376' title='bbox 3120 2000 3440 2070; x_wconf 89' lang='lat' dir='ltr'><strong>virtutibus,</strong></span> 
     </span>
    </p>
   </div>
   <div class='ocr_carea' id='block_1_51' title="bbox 1833 2089 3440 2162">
    <p class='ocr_par' dir='ltr' id='par_1_51' title="bbox 1833 2089 3440 2162">
     <span class='ocr_line' id='line_1_51' title="bbox 1833 2089 3440 2162; baseline 0 -20"><span class='ocrx_word' id='word_1_377' title='bbox 1833 2091 2092 2146; x_wconf 90' lang='lat' dir='ltr'><strong>vocando</strong></span> <span class='ocrx_word' id='word_1_378' title='bbox 2125 2108 2224 2146; x_wconf 90' lang='lat' dir='ltr'><strong>eos</strong></span> <span class='ocrx_word' id='word_1_379' title='bbox 2250 2092 2324 2146; x_wconf 91' lang='lat' dir='ltr'><strong>ad</strong></span> <span class='ocrx_word' id='word_1_380' title='bbox 2354 2092 2530 2146; x_wconf 85' lang='lat' dir='ltr'><strong>ﬁdem</strong></span> <span class='ocrx_word' id='word_1_381' title='bbox 2564 2107 2668 2162; x_wconf 90' lang='lat' dir='ltr'><strong>per</strong></span> <span class='ocrx_word' id='word_1_382' title='bbox 2681 2089 3003 2145; x_wconf 88' lang='lat' dir='ltr'><strong>doctrinam</strong></span> <span class='ocrx_word' id='word_1_383' title='bbox 3026 2089 3440 2159; x_wconf 90' lang='lat' dir='ltr'><strong>apostolorum;</strong></span> 
     </span>
    </p>
   </div>
   <div class='ocr_carea' id='block_1_52' title="bbox 1834 2175 3438 2250">
    <p class='ocr_par' dir='ltr' id='par_1_52' title="bbox 1834 2175 3438 2250">
     <span class='ocr_line' id='line_1_52' title="bbox 1834 2175 3438 2250; baseline -0.002 -17"><span class='ocrx_word' id='word_1_384' title='bbox 1834 2182 1892 2233; x_wconf 89' lang='lat' dir='ltr'><strong>et</strong></span> <span class='ocrx_word' id='word_1_385' title='bbox 1922 2180 2206 2234; x_wconf 85' lang='lat' dir='ltr'><strong>convertit</strong></span> <span class='ocrx_word' id='word_1_386' title='bbox 2227 2179 2345 2250; x_wconf 90' lang='lat' dir='ltr'><strong>ipse</strong></span> <span class='ocrx_word' id='word_1_387' title='bbox 2376 2179 2630 2234; x_wconf 87' lang='lat' dir='ltr'><strong>Christus</strong></span> <span class='ocrx_word' id='word_1_388' title='bbox 2657 2178 2798 2233; x_wconf 89' lang='lat' dir='ltr'><strong>Joab</strong></span> <span class='ocrx_word' id='word_1_389' title='bbox 2831 2178 2903 2233; x_wconf 91' lang='lat' dir='ltr'><strong>ab</strong></span> <span class='ocrx_word' id='word_1_390' title='bbox 2931 2193 3127 2232; x_wconf 90' lang='lat' dir='ltr'><strong>errore</strong></span> <span class='ocrx_word' id='word_1_391' title='bbox 3140 2176 3213 2230; x_wconf 91' lang='lat' dir='ltr'><strong>ad</strong></span> <span class='ocrx_word' id='word_1_392' title='bbox 3239 2175 3438 2243; x_wconf 86' lang='lat' dir='ltr'><strong>fidem,</strong></span> 
     </span>
    </p>
   </div>
   <div class='ocr_carea' id='block_1_53' title="bbox 1832 2263 3441 2338">
    <p class='ocr_par' dir='ltr' id='par_1_53' title="bbox 1832 2263 3441 2338">
     <span class='ocr_line' id='line_1_53' title="bbox 1832 2263 3441 2338; baseline -0.001 -17"><span class='ocrx_word' id='word_1_393' title='bbox 1832 2270 1889 2320; x_wconf 91' lang='lat' dir='ltr'><strong>et</strong></span> <span class='ocrx_word' id='word_1_394' title='bbox 1910 2267 2186 2338; x_wconf 87' lang='lat' dir='ltr'><strong>percussit</strong></span> <span class='ocrx_word' id='word_1_395' title='bbox 2216 2284 2349 2321; x_wconf 89' lang='lat' dir='ltr'><strong>eum</strong></span> <span class='ocrx_word' id='word_1_396' title='bbox 2380 2266 2697 2321; x_wconf 85' lang='lat' dir='ltr'><strong>secundum</strong></span> <span class='ocrx_word' id='word_1_397' title='bbox 2729 2264 2881 2337; x_wconf 88' lang='lat' dir='ltr'><strong>quod</strong></span> <span class='ocrx_word' id='word_1_398' title='bbox 2899 2268 3024 2319; x_wconf 91' lang='lat' dir='ltr'><strong>erat</strong></span> <span class='ocrx_word' id='word_1_399' title='bbox 3044 2264 3246 2319; x_wconf 88' lang='lat' dir='ltr'><strong>Edom:</strong></span> <span class='ocrx_word' id='word_1_400' title='bbox 3263 2263 3441 2319; x_wconf 89' lang='lat' dir='ltr'><strong>ethoc</strong></span> 
     </span>
    </p>
   </div>
   <div class='ocr_carea' id='block_1_54' title="bbox 1831 2354 3439 2426">
    <p class='ocr_par' dir='ltr' id='par_1_54' title="bbox 1831 2354 3439 2426">
     <span class='ocr_line' id='line_1_54' title="bbox 1831 2354 3439 2426; baseline -0.002 -17"><span class='ocrx_word' id='word_1_401' title='bbox 1831 2358 2019 2410; x_wconf 89' lang='lat' dir='ltr'><strong>totum</strong></span> <span class='ocrx_word' id='word_1_402' title='bbox 2072 2355 2209 2410; x_wconf 89' lang='lat' dir='ltr'><strong>fecit</strong></span> <span class='ocrx_word' id='word_1_403' title='bbox 2253 2356 2312 2410; x_wconf 92' lang='lat' dir='ltr'><strong>in</strong></span> <span class='ocrx_word' id='word_1_404' title='bbox 2363 2355 2562 2426; x_wconf 89' lang='lat' dir='ltr'><strong>sapida</strong></span> <span class='ocrx_word' id='word_1_405' title='bbox 2615 2354 2959 2420; x_wconf 89' lang='lat' dir='ltr'><strong>humilitate,</strong></span> <span class='ocrx_word' id='word_1_406' title='bbox 2992 2355 3050 2407; x_wconf 90' lang='lat' dir='ltr'><strong>et</strong></span> <span class='ocrx_word' id='word_1_407' title='bbox 3079 2368 3195 2407; x_wconf 92' lang='lat' dir='ltr'><strong>non</strong></span> <span class='ocrx_word' id='word_1_408' title='bbox 3229 2368 3439 2424; x_wconf 87' lang='lat' dir='ltr'><strong>paucos</strong></span> 
     </span>
    </p>
   </div>
   <div class='ocr_carea' id='block_1_55' title="bbox 1826 2440 3440 2514">
    <p class='ocr_par' dir='ltr' id='par_1_55' title="bbox 1826 2440 3440 2514">
     <span class='ocr_line' id='line_1_55' title="bbox 1826 2440 3440 2514; baseline -0.002 -17"><span class='ocrx_word' id='word_1_409' title='bbox 1826 2444 2103 2499; x_wconf 70' lang='lat' dir='ltr'><strong>succendit</strong></span> <span class='ocrx_word' id='word_1_410' title='bbox 2136 2448 2192 2498; x_wconf 90' lang='lat' dir='ltr'><strong>et</strong></span> <span class='ocrx_word' id='word_1_411' title='bbox 2238 2447 2492 2498; x_wconf 84' lang='lat' dir='ltr'><strong>convertit</strong></span> <span class='ocrx_word' id='word_1_412' title='bbox 2524 2451 2575 2497; x_wconf 86' lang='lat' dir='ltr'><strong>et</strong></span> <span class='ocrx_word' id='word_1_413' title='bbox 2601 2444 2859 2514; x_wconf 81' lang='lat' dir='ltr'><strong>percussit</strong></span> <span class='ocrx_word' id='word_1_414' title='bbox 2887 2440 2951 2494; x_wconf 87' lang='lat' dir='ltr'><strong>de</strong></span> <span class='ocrx_word' id='word_1_415' title='bbox 2977 2440 3360 2511; x_wconf 82' lang='lat' dir='ltr'><strong>Mesopotamia</strong></span> <span class='ocrx_word' id='word_1_416' title='bbox 3388 2446 3440 2494; x_wconf 87' lang='lat' dir='ltr'><strong>et</strong></span> 
     </span>
    </p>
   </div>
   <div class='ocr_carea' id='block_1_56' title="bbox 1824 2527 3437 2601">
    <p class='ocr_par' dir='ltr' id='par_1_56' title="bbox 1824 2527 3437 2601">
     <span class='ocr_line' id='line_1_56' title="bbox 1824 2527 3437 2601; baseline -0.002 -15"><span class='ocrx_word' id='word_1_417' title='bbox 1824 2532 1985 2601; x_wconf 86' lang='lat' dir='ltr'><strong>Joab,</strong></span> <span class='ocrx_word' id='word_1_418' title='bbox 2025 2533 2124 2586; x_wconf 90' lang='lat' dir='ltr'><strong>sed</strong></span> <span class='ocrx_word' id='word_1_419' title='bbox 2150 2532 2424 2586; x_wconf 87' lang='lat' dir='ltr'><strong>duodecim</strong></span> <span class='ocrx_word' id='word_1_420' title='bbox 2455 2531 2650 2584; x_wconf 87' lang='lat' dir='ltr'><strong>millia.</strong></span> <span class='ocrx_word' id='word_1_421' title='bbox 2684 2532 2746 2583; x_wconf 92' lang='lat' dir='ltr'><strong>In</strong></span> <span class='ocrx_word' id='word_1_422' title='bbox 2789 2528 3070 2601; x_wconf 88' lang='lat' dir='ltr'><strong>principio</strong></span> <span class='ocrx_word' id='word_1_423' title='bbox 3102 2544 3234 2582; x_wconf 80' lang='lat' dir='ltr'><strong>vero</strong></span> <span class='ocrx_word' id='word_1_424' title='bbox 3268 2527 3437 2597; x_wconf 87' lang='lat' dir='ltr'><strong>hujus</strong></span> 
     </span>
    </p>
   </div>
   <div class='ocr_carea' id='block_1_57' title="bbox 1823 2614 3437 2692">
    <p class='ocr_par' dir='ltr' id='par_1_57' title="bbox 1823 2614 3437 2692">
     <span class='ocr_line' id='line_1_57' title="bbox 1823 2614 3437 2692; baseline -0.002 -19"><span class='ocrx_word' id='word_1_425' title='bbox 1823 2620 2030 2689; x_wconf 89' lang='lat' dir='ltr'><strong>psalmi</strong></span> <span class='ocrx_word' id='word_1_426' title='bbox 2058 2621 2370 2675; x_wconf 90' lang='lat' dir='ltr'><strong>ostendunt</strong></span> <span class='ocrx_word' id='word_1_427' title='bbox 2390 2619 2493 2692; x_wconf 91' lang='lat' dir='ltr'><strong>ipsi</strong></span> <span class='ocrx_word' id='word_1_428' title='bbox 2508 2619 2724 2686; x_wconf 84' lang='lat' dir='ltr'><strong>fideles,</strong></span> <span class='ocrx_word' id='word_1_429' title='bbox 2745 2618 2839 2689; x_wconf 93' lang='lat' dir='ltr'><strong>qui</strong></span> <span class='ocrx_word' id='word_1_430' title='bbox 2860 2617 2952 2671; x_wconf 90' lang='lat' dir='ltr'><strong>hic</strong></span> <span class='ocrx_word' id='word_1_431' title='bbox 2978 2614 3437 2687; x_wconf 88' lang='lat' dir='ltr'><strong>agunt,inquan-</strong></span> 
     </span>
    </p>
   </div>
   <div class='ocr_carea' id='block_1_58' title="bbox 1823 2704 3431 2778">
    <p class='ocr_par' dir='ltr' id='par_1_58' title="bbox 1823 2704 3431 2778">
     <span class='ocr_line' id='line_1_58' title="bbox 1823 2704 3431 2778; baseline -0.002 -18"><span class='ocrx_word' id='word_1_432' title='bbox 1823 2710 1945 2761; x_wconf 90' lang='lat' dir='ltr'><strong>tam</strong></span> <span class='ocrx_word' id='word_1_433' title='bbox 1976 2707 2272 2763; x_wconf 88' lang='lat' dir='ltr'><strong>miseriam</strong></span> <span class='ocrx_word' id='word_1_434' title='bbox 2302 2708 2658 2763; x_wconf 88' lang='lat' dir='ltr'><strong>devenerunt</strong></span> <span class='ocrx_word' id='word_1_435' title='bbox 2687 2723 2791 2778; x_wconf 90' lang='lat' dir='ltr'><strong>per</strong></span> <span class='ocrx_word' id='word_1_436' title='bbox 2819 2705 3001 2759; x_wconf 81' lang='lat' dir='ltr'><strong>Adam</strong></span> <span class='ocrx_word' id='word_1_437' title='bbox 3028 2720 3040 2758; x_wconf 90' lang='lat'><strong>:</strong></span> <span class='ocrx_word' id='word_1_438' title='bbox 3077 2704 3146 2758; x_wconf 92' lang='lat' dir='ltr'><strong>de</strong></span> <span class='ocrx_word' id='word_1_439' title='bbox 3165 2720 3277 2775; x_wconf 89' lang='lat' dir='ltr'><strong>qua</strong></span> <span class='ocrx_word' id='word_1_440' title='bbox 3299 2719 3431 2774; x_wconf 90' lang='lat' dir='ltr'><strong>par-</strong></span> 
     </span>
    </p>
   </div>
   <div class='ocr_carea' id='block_1_59' title="bbox 1824 2790 3431 2866">
    <p class='ocr_par' dir='ltr' id='par_1_59' title="bbox 1824 2790 3431 2866">
     <span class='ocr_line' id='line_1_59' title="bbox 1824 2790 3431 2866; baseline -0.001 -19"><span class='ocrx_word' id='word_1_441' title='bbox 1824 2793 1928 2848; x_wconf 90' lang='lat' dir='ltr'><strong>tim</strong></span> <span class='ocrx_word' id='word_1_442' title='bbox 1958 2795 2141 2866; x_wconf 89' lang='lat' dir='ltr'><strong>erepti</strong></span> <span class='ocrx_word' id='word_1_443' title='bbox 2170 2799 2320 2863; x_wconf 90' lang='lat' dir='ltr'><strong>sunt,</strong></span> <span class='ocrx_word' id='word_1_444' title='bbox 2354 2796 2565 2866; x_wconf 89' lang='lat' dir='ltr'><strong>partim</strong></span> <span class='ocrx_word' id='word_1_445' title='bbox 2596 2811 2732 2849; x_wconf 77' lang='lat' dir='ltr'><strong>vero</strong></span> <span class='ocrx_word' id='word_1_446' title='bbox 2763 2794 2948 2848; x_wconf 84' lang='lat' dir='ltr'><strong>adhuc</strong></span> <span class='ocrx_word' id='word_1_447' title='bbox 2969 2790 3431 2863; x_wconf 89' lang='lat' dir='ltr'><strong>eripiendi;quod</strong></span> 
     </span>
    </p>
   </div>
   <div class='ocr_carea' id='block_1_60' title="bbox 1823 2878 3429 2954">
    <p class='ocr_par' dir='ltr' id='par_1_60' title="bbox 1823 2878 3429 2954">
     <span class='ocr_line' id='line_1_60' title="bbox 1823 2878 3429 2954; baseline -0.003 -17"><span class='ocrx_word' id='word_1_448' title='bbox 1823 2882 1952 2937; x_wconf 89' lang='lat' dir='ltr'><strong>ideo</strong></span> <span class='ocrx_word' id='word_1_449' title='bbox 1984 2884 2296 2939; x_wconf 81' lang='lat' dir='ltr'><strong>ostendunt</strong></span> <span class='ocrx_word' id='word_1_450' title='bbox 2328 2888 2388 2938; x_wconf 93' lang='lat' dir='ltr'><strong>ut</strong></span> <span class='ocrx_word' id='word_1_451' title='bbox 2416 2882 2826 2954; x_wconf 71' lang='lat' dir='ltr'><strong>conquerenda</strong></span> <span class='ocrx_word' id='word_1_452' title='bbox 2850 2881 2919 2936; x_wconf 92' lang='lat' dir='ltr'><strong>de</strong></span> <span class='ocrx_word' id='word_1_453' title='bbox 2950 2898 3019 2935; x_wconf 89' lang='lat' dir='ltr'><strong>ea</strong></span> <span class='ocrx_word' id='word_1_454' title='bbox 3047 2878 3429 2952; x_wconf 90' lang='lat' dir='ltr'><strong>penituseripi</strong></span> 
     </span>
    </p>
   </div>
   <div class='ocr_carea' id='block_1_61' title="bbox 1822 2968 3425 3043">
    <p class='ocr_par' dir='ltr' id='par_1_61' title="bbox 1822 2968 3425 3043">
     <span class='ocr_line' id='line_1_61' title="bbox 1822 2968 3425 3043; baseline -0.001 -20"><span class='ocrx_word' id='word_1_455' title='bbox 1822 2975 2157 3026; x_wconf 89' lang='lat' dir='ltr'><strong>mereantur</strong></span> <span class='ocrx_word' id='word_1_456' title='bbox 2185 2990 2197 3026; x_wconf 92' lang='lat'><strong>:</strong></span> <span class='ocrx_word' id='word_1_457' title='bbox 2226 2976 2284 3026; x_wconf 85' lang='lat' dir='ltr'><strong>et</strong></span> <span class='ocrx_word' id='word_1_458' title='bbox 2317 2975 2517 3043; x_wconf 78' lang='lat' dir='ltr'><strong>postea</strong></span> <span class='ocrx_word' id='word_1_459' title='bbox 2543 2974 2711 3026; x_wconf 90' lang='lat' dir='ltr'><strong>orant</strong></span> <span class='ocrx_word' id='word_1_460' title='bbox 2740 2973 2803 3024; x_wconf 90' lang='lat' dir='ltr'><strong>ut</strong></span> <span class='ocrx_word' id='word_1_461' title='bbox 2827 2986 2891 3023; x_wconf 83' lang='lat' dir='ltr'><strong>ex</strong></span> <span class='ocrx_word' id='word_1_462' title='bbox 2937 2972 3058 3024; x_wconf 88' lang='lat' dir='ltr'><strong>toto</strong></span> <span class='ocrx_word' id='word_1_463' title='bbox 3086 2968 3425 3039; x_wconf 89' lang='lat' dir='ltr'><strong>eripiantur,</strong></span> 
     </span>
    </p>
   </div>
   <div class='ocr_carea' id='block_1_62' title="bbox 96 3039 3423 3138">
    <p class='ocr_par' dir='ltr' id='par_1_62' title="bbox 96 3039 3423 3138">
     <span class='ocr_line' id='line_1_62' title="bbox 96 3039 3423 3138; baseline -0.001 -26"><span class='ocrx_word' id='word_1_464' title='bbox 96 3058 258 3113; x_wconf 83' lang='lat' dir='ltr'><strong>vitiis</strong></span> <span class='ocrx_word' id='word_1_465' title='bbox 279 3039 552 3116; x_wconf 86' lang='lat' dir='ltr'><strong>cessando</strong></span> <span class='ocrx_word' id='word_1_466' title='bbox 581 3061 727 3116; x_wconf 88' lang='lat' dir='ltr'><strong>sicut</strong></span> <span class='ocrx_word' id='word_1_467' title='bbox 754 3064 1048 3135; x_wconf 66' lang='lat' dir='ltr'><strong>praecepit.</strong></span> <span class='ocrx_word' id='word_1_468' title='bbox 1083 3065 1163 3119; x_wconf 89' lang='lat' dir='ltr'><strong>Ne</strong></span> <span class='ocrx_word' id='word_1_469' title='bbox 1193 3039 1329 3121; x_wconf 76' lang='lat' dir='ltr'><strong>verd</strong></span> <span class='ocrx_word' id='word_1_470' title='bbox 1355 3039 1590 3138; x_wconf 84' lang='lat' dir='ltr'><strong>putaret</strong></span> <span class='ocrx_word' id='word_1_471' title='bbox 1612 3067 1715 3122; x_wconf 87' lang='lat' dir='ltr'><strong>ali-</strong></span> <span class='ocrx_word' id='word_1_472' title='bbox 1741 3039 1787 3099; x_wconf 64' lang='grc' dir='ltr'><strong>Ο</strong></span> <span class='ocrx_word' id='word_1_473' title='bbox 1820 3074 1952 3112; x_wconf 77' lang='lat' dir='ltr'><strong>cum</strong></span> <span class='ocrx_word' id='word_1_474' title='bbox 1977 3060 2086 3114; x_wconf 83' lang='lat' dir='ltr'><strong>hoc</strong></span> <span class='ocrx_word' id='word_1_475' title='bbox 2116 3060 2188 3114; x_wconf 86' lang='lat' dir='ltr'><strong>sit</strong></span> <span class='ocrx_word' id='word_1_476' title='bbox 2217 3039 2371 3132; x_wconf 76' lang='lat' dir='ltr'><strong>quod</strong></span> <span class='ocrx_word' id='word_1_477' title='bbox 2397 3076 2502 3130; x_wconf 91' lang='lat' dir='ltr'><strong>pro</strong></span> <span class='ocrx_word' id='word_1_478' title='bbox 2530 3061 2646 3114; x_wconf 89' lang='lat' dir='ltr'><strong>Deo</strong></span> <span class='ocrx_word' id='word_1_479' title='bbox 2680 3059 2823 3112; x_wconf 89' lang='lat' dir='ltr'><strong>dura</strong></span> <span class='ocrx_word' id='word_1_480' title='bbox 2845 3046 3158 3129; x_wconf 86' lang='lat' dir='ltr'><strong>patiantur,</strong></span> <span class='ocrx_word' id='word_1_481' title='bbox 3182 3058 3239 3110; x_wconf 90' lang='lat' dir='ltr'><strong>et</strong></span> <span class='ocrx_word' id='word_1_482' title='bbox 3253 3056 3327 3110; x_wconf 91' lang='lat' dir='ltr'><strong>ad</strong></span> <span class='ocrx_word' id='word_1_483' title='bbox 3356 3055 3423 3109; x_wconf 83' lang='lat' dir='ltr'><strong>fi-</strong></span> 
     </span>
    </p>
   </div>
   <div class='ocr_carea' id='block_1_63' title="bbox 96 3148 1716 3227">
    <p class='ocr_par' dir='ltr' id='par_1_63' title="bbox 96 3148 1716 3227">
     <span class='ocr_line' id='line_1_63' title="bbox 96 3148 1716 3227; baseline 0.007 -25"><span class='ocrx_word' id='word_1_484' title='bbox 96 3148 234 3220; x_wconf 91' lang='lat' dir='ltr'><strong>quis</strong></span> <span class='ocrx_word' id='word_1_485' title='bbox 261 3151 416 3221; x_wconf 90' lang='lat' dir='ltr'><strong>quod</strong></span> <span class='ocrx_word' id='word_1_486' title='bbox 445 3168 549 3224; x_wconf 87' lang='lat' dir='ltr'><strong>per</strong></span> <span class='ocrx_word' id='word_1_487' title='bbox 578 3152 824 3207; x_wconf 81' lang='lat' dir='ltr'><strong>liberum</strong></span> <span class='ocrx_word' id='word_1_488' title='bbox 843 3153 1146 3209; x_wconf 88' lang='lat' dir='ltr'><strong>arbitrium</strong></span> <span class='ocrx_word' id='word_1_489' title='bbox 1180 3155 1258 3209; x_wconf 92' lang='lat' dir='ltr'><strong>illi</strong></span> <span class='ocrx_word' id='word_1_490' title='bbox 1285 3156 1381 3227; x_wconf 91' lang='lat' dir='ltr'><strong>qui</strong></span> <span class='ocrx_word' id='word_1_491' title='bbox 1398 3161 1716 3213; x_wconf 88' lang='lat' dir='ltr'><strong>commuta-</strong></span> 
     </span>
    </p>
   </div>
   <div class='ocr_carea' id='block_1_64' title="bbox 93 3238 1713 3315">
    <p class='ocr_par' dir='ltr' id='par_1_64' title="bbox 93 3238 1713 3315">
     <span class='ocr_line' id='line_1_64' title="bbox 93 3238 1713 3315; baseline 0.006 -24"><span class='ocrx_word' id='word_1_492' title='bbox 93 3238 340 3307; x_wconf 88' lang='lat' dir='ltr'><strong>buntur,</strong></span> <span class='ocrx_word' id='word_1_493' title='bbox 372 3239 495 3295; x_wconf 89' lang='lat' dir='ltr'><strong>sine</strong></span> <span class='ocrx_word' id='word_1_494' title='bbox 524 3241 731 3296; x_wconf 83' lang='lat' dir='ltr'><strong>auxilio</strong></span> <span class='ocrx_word' id='word_1_495' title='bbox 757 3241 956 3311; x_wconf 71' lang='lat' dir='ltr'><strong>gratia:</strong></span> <span class='ocrx_word' id='word_1_496' title='bbox 988 3242 1088 3297; x_wconf 90' lang='lat' dir='ltr'><strong>Dei</strong></span> <span class='ocrx_word' id='word_1_497' title='bbox 1112 3242 1262 3297; x_wconf 90' lang='lat' dir='ltr'><strong>tituli</strong></span> <span class='ocrx_word' id='word_1_498' title='bbox 1282 3242 1713 3315; x_wconf 89' lang='lat' dir='ltr'><strong>inscriptionem</strong></span> 
     </span>
    </p>
   </div>
   <div class='ocr_carea' id='block_1_65' title="bbox 96 3327 1707 3402">
    <p class='ocr_par' dir='ltr' id='par_1_65' title="bbox 96 3327 1707 3402">
     <span class='ocr_line' id='line_1_65' title="bbox 96 3327 1707 3402; baseline 0.005 -23"><span class='ocrx_word' id='word_1_499' title='bbox 96 3327 571 3399; x_wconf 88' lang='lat' dir='ltr'><strong>suscepissent,et</strong></span> <span class='ocrx_word' id='word_1_500' title='bbox 584 3328 642 3383; x_wconf 92' lang='lat' dir='ltr'><strong>in</strong></span> <span class='ocrx_word' id='word_1_501' title='bbox 656 3329 979 3384; x_wconf 89' lang='lat' dir='ltr'><strong>doctrinam</strong></span> <span class='ocrx_word' id='word_1_502' title='bbox 992 3346 1119 3385; x_wconf 92' lang='lat' dir='ltr'><strong>com</strong></span> <span class='ocrx_word' id='word_1_503' title='bbox 1127 3332 1257 3401; x_wconf 92' lang='lat' dir='ltr'><strong>plen</strong></span> <span class='ocrx_word' id='word_1_504' title='bbox 1266 3331 1398 3385; x_wconf 90' lang='lat' dir='ltr'><strong>dam</strong></span> <span class='ocrx_word' id='word_1_505' title='bbox 1415 3332 1538 3402; x_wconf 88' lang='lat' dir='ltr'><strong>ejus</strong></span> <span class='ocrx_word' id='word_1_506' title='bbox 1550 3333 1707 3387; x_wconf 90' lang='lat' dir='ltr'><strong>inten</strong></span> 
     </span>
    </p>
   </div>
   <div class='ocr_carea' id='block_1_66' title="bbox 95 3415 1709 3489">
    <p class='ocr_par' dir='ltr' id='par_1_66' title="bbox 95 3415 1709 3489">
     <span class='ocr_line' id='line_1_66' title="bbox 95 3415 1709 3489; baseline 0.003 -20"><span class='ocrx_word' id='word_1_507' title='bbox 95 3415 328 3482; x_wconf 85' lang='lat' dir='ltr'><strong>derent,</strong></span> <span class='ocrx_word' id='word_1_508' title='bbox 361 3416 612 3471; x_wconf 87' lang='lat' dir='ltr'><strong>ostendit</strong></span> <span class='ocrx_word' id='word_1_509' title='bbox 639 3434 741 3488; x_wconf 89' lang='lat' dir='ltr'><strong>per</strong></span> <span class='ocrx_word' id='word_1_510' title='bbox 764 3418 1009 3489; x_wconf 88' lang='lat' dir='ltr'><strong>gratiam</strong></span> <span class='ocrx_word' id='word_1_511' title='bbox 1043 3418 1286 3489; x_wconf 87' lang='lat' dir='ltr'><strong>Spiritus</strong></span> <span class='ocrx_word' id='word_1_512' title='bbox 1306 3420 1484 3474; x_wconf 91' lang='lat' dir='ltr'><strong>sancti</strong></span> <span class='ocrx_word' id='word_1_513' title='bbox 1516 3437 1612 3474; x_wconf 88' lang='lat' dir='ltr'><strong>eos</strong></span> <span class='ocrx_word' id='word_1_514' title='bbox 1638 3421 1709 3475; x_wconf 91' lang='lat' dir='ltr'><strong>ad</strong></span> 
     </span>
    </p>
   </div>
   <div class='ocr_carea' id='block_1_67' title="bbox 92 3502 1709 3574">
    <p class='ocr_par' dir='ltr' id='par_1_67' title="bbox 92 3502 1709 3574">
     <span class='ocr_line' id='line_1_67' title="bbox 92 3502 1709 3574; baseline 0.004 -18"><span class='ocrx_word' id='word_1_515' title='bbox 92 3502 495 3574; x_wconf 79' lang='lat' dir='ltr'><strong>hocattigisse</strong></span> <span class='ocrx_word' id='word_1_516' title='bbox 541 3521 673 3559; x_wconf 90' lang='lat' dir='ltr'><strong>cum</strong></span> <span class='ocrx_word' id='word_1_517' title='bbox 703 3506 882 3573; x_wconf 91' lang='lat' dir='ltr'><strong>addit,</strong></span> <span class='ocrx_word' id='word_1_518' title='bbox 911 3524 1031 3562; x_wconf 87' lang='lat' dir='ltr'><strong>cum</strong></span> <span class='ocrx_word' id='word_1_519' title='bbox 1068 3507 1358 3574; x_wconf 84' lang='lat' dir='ltr'><strong>succendit,</strong></span> <span class='ocrx_word' id='word_1_520' title='bbox 1402 3511 1509 3561; x_wconf 89' lang='lat' dir='ltr'><strong>etc.</strong></span> <span class='ocrx_word' id='word_1_521' title='bbox 1547 3508 1709 3571; x_wconf 88' lang='lat' dir='ltr'><strong>Quod</strong></span> 
     </span>
    </p>
   </div>
   <div class='ocr_carea' id='block_1_68' title="bbox 90 3590 1705 3667">
    <p class='ocr_par' dir='ltr' id='par_1_68' title="bbox 90 3590 1705 3667">
     <span class='ocr_line' id='line_1_68' title="bbox 90 3590 1705 3667; baseline 0.004 -23"><span class='ocrx_word' id='word_1_522' title='bbox 90 3590 173 3645; x_wconf 90' lang='lat' dir='ltr'><strong>sic</strong></span> <span class='ocrx_word' id='word_1_523' title='bbox 204 3590 544 3661; x_wconf 76' lang='lat' dir='ltr'><strong>adoptatur:</strong></span> <span class='ocrx_word' id='word_1_524' title='bbox 574 3593 708 3647; x_wconf 92' lang='lat' dir='ltr'><strong>Dico</strong></span> <span class='ocrx_word' id='word_1_525' title='bbox 733 3594 886 3665; x_wconf 93' lang='lat' dir='ltr'><strong>quod</strong></span> <span class='ocrx_word' id='word_1_526' title='bbox 901 3611 1006 3667; x_wconf 92' lang='lat' dir='ltr'><strong>pro</strong></span> <span class='ocrx_word' id='word_1_527' title='bbox 1030 3594 1117 3649; x_wconf 92' lang='lat' dir='ltr'><strong>his</strong></span> <span class='ocrx_word' id='word_1_528' title='bbox 1138 3595 1233 3667; x_wconf 92' lang='lat' dir='ltr'><strong>qui</strong></span> <span class='ocrx_word' id='word_1_529' title='bbox 1265 3597 1705 3650; x_wconf 90' lang='lat' dir='ltr'><strong>commutabun-</strong></span> 
     </span>
    </p>
   </div>
   <div class='ocr_carea' id='block_1_69' title="bbox 90 3680 1705 3754">
    <p class='ocr_par' dir='ltr' id='par_1_69' title="bbox 90 3680 1705 3754">
     <span class='ocr_line' id='line_1_69' title="bbox 90 3680 1705 3754; baseline 0.006 -23"><span class='ocrx_word' id='word_1_530' title='bbox 90 3682 189 3731; x_wconf 89' lang='lat' dir='ltr'><strong>tur</strong></span> <span class='ocrx_word' id='word_1_531' title='bbox 216 3694 323 3749; x_wconf 90' lang='lat' dir='ltr'><strong>per</strong></span> <span class='ocrx_word' id='word_1_532' title='bbox 349 3680 770 3751; x_wconf 88' lang='lat' dir='ltr'><strong>susceptionem</strong></span> <span class='ocrx_word' id='word_1_533' title='bbox 792 3682 1243 3753; x_wconf 90' lang='lat' dir='ltr'><strong>inscriptioniset</strong></span> <span class='ocrx_word' id='word_1_534' title='bbox 1259 3700 1383 3737; x_wconf 91' lang='lat' dir='ltr'><strong>com</strong></span> <span class='ocrx_word' id='word_1_535' title='bbox 1392 3683 1705 3754; x_wconf 89' lang='lat' dir='ltr'><strong>pletionem</strong></span> 
     </span>
    </p>
   </div>
   <div class='ocr_carea' id='block_1_70' title="bbox 92 3766 1705 3842">
    <p class='ocr_par' dir='ltr' id='par_1_70' title="bbox 92 3766 1705 3842">
     <span class='ocr_line' id='line_1_70' title="bbox 92 3766 1705 3842; baseline 0.004 -22"><span class='ocrx_word' id='word_1_536' title='bbox 92 3766 377 3822; x_wconf 65' lang='lat' dir='ltr'><strong>doctrinae</strong></span> <span class='ocrx_word' id='word_1_537' title='bbox 395 3768 453 3823; x_wconf 91' lang='lat' dir='ltr'><strong>in</strong></span> <span class='ocrx_word' id='word_1_538' title='bbox 486 3771 707 3841; x_wconf 91' lang='lat' dir='ltr'><strong>psalmo</strong></span> <span class='ocrx_word' id='word_1_539' title='bbox 724 3771 931 3842; x_wconf 87' lang='lat' dir='ltr'><strong>agitur,</strong></span> <span class='ocrx_word' id='word_1_540' title='bbox 947 3774 1005 3826; x_wconf 90' lang='lat' dir='ltr'><strong>et</strong></span> <span class='ocrx_word' id='word_1_541' title='bbox 1029 3787 1145 3826; x_wconf 89' lang='lat' dir='ltr'><strong>non</strong></span> <span class='ocrx_word' id='word_1_542' title='bbox 1168 3788 1271 3842; x_wconf 90' lang='lat' dir='ltr'><strong>per</strong></span> <span class='ocrx_word' id='word_1_543' title='bbox 1290 3772 1536 3825; x_wconf 89' lang='lat' dir='ltr'><strong>liberum</strong></span> <span class='ocrx_word' id='word_1_544' title='bbox 1553 3771 1705 3827; x_wconf 89' lang='lat' dir='ltr'><strong>arbi-</strong></span> 
     </span>
    </p>
   </div>
   <div class='ocr_carea' id='block_1_71' title="bbox 91 3855 1704 3931">
    <p class='ocr_par' dir='ltr' id='par_1_71' title="bbox 91 3855 1704 3931">
     <span class='ocr_line' id='line_1_71' title="bbox 91 3855 1704 3931; baseline 0.005 -23"><span class='ocrx_word' id='word_1_545' title='bbox 91 3855 277 3909; x_wconf 89' lang='lat' dir='ltr'><strong>trium</strong></span> <span class='ocrx_word' id='word_1_546' title='bbox 308 3856 739 3913; x_wconf 81' lang='lat' dir='ltr'><strong>sutfeceruntad</strong></span> <span class='ocrx_word' id='word_1_547' title='bbox 754 3859 1175 3931; x_wconf 86' lang='lat' dir='ltr'><strong>susceptionem</strong></span> <span class='ocrx_word' id='word_1_548' title='bbox 1198 3859 1347 3915; x_wconf 89' lang='lat' dir='ltr'><strong>tituli</strong></span> <span class='ocrx_word' id='word_1_549' title='bbox 1363 3861 1704 3916; x_wconf 90' lang='lat' dir='ltr'><strong>etobedien-</strong></span> 
     </span>
    </p>
   </div>
   <div class='ocr_carea' id='block_1_72' title="bbox 92 3943 1707 4020">
    <p class='ocr_par' dir='ltr' id='par_1_72' title="bbox 92 3943 1707 4020">
     <span class='ocr_line' id='line_1_72' title="bbox 92 3943 1707 4020; baseline 0.005 -23"><span class='ocrx_word' id='word_1_550' title='bbox 92 3943 191 3998; x_wconf 69' lang='lat' dir='ltr'><strong>tiaa</strong></span> <span class='ocrx_word' id='word_1_551' title='bbox 225 3944 707 4015; x_wconf 90' lang='lat' dir='ltr'><strong>completionem:</strong></span> <span class='ocrx_word' id='word_1_552' title='bbox 732 3947 832 4001; x_wconf 89' lang='lat' dir='ltr'><strong>sed</strong></span> <span class='ocrx_word' id='word_1_553' title='bbox 849 3951 1221 4020; x_wconf 88' lang='lat' dir='ltr'><strong>susceperunt</strong></span> <span class='ocrx_word' id='word_1_554' title='bbox 1245 3948 1473 4003; x_wconf 90' lang='lat' dir='ltr'><strong>titulum</strong></span> <span class='ocrx_word' id='word_1_555' title='bbox 1498 3952 1555 4003; x_wconf 91' lang='lat' dir='ltr'><strong>et</strong></span> <span class='ocrx_word' id='word_1_556' title='bbox 1575 3950 1707 4005; x_wconf 88' lang='lat' dir='ltr'><strong>obe-</strong></span> 
     </span>
    </p>
   </div>
   <div class='ocr_carea' id='block_1_73' title="bbox 97 4031 1702 4109">
    <p class='ocr_par' dir='ltr' id='par_1_73' title="bbox 97 4031 1702 4109">
     <span class='ocr_line' id='line_1_73' title="bbox 97 4031 1702 4109; baseline 0.004 -23"><span class='ocrx_word' id='word_1_557' title='bbox 97 4031 335 4087; x_wconf 90' lang='lat' dir='ltr'><strong>dierunt</strong></span> <span class='ocrx_word' id='word_1_558' title='bbox 363 4033 639 4089; x_wconf 77' lang='lat' dir='ltr'><strong>doctrinae</strong></span> <span class='ocrx_word' id='word_1_559' title='bbox 663 4052 678 4103; x_wconf 89' lang='lat'><strong>;</strong></span> <span class='ocrx_word' id='word_1_560' title='bbox 739 4051 871 4089; x_wconf 91' lang='lat' dir='ltr'><strong>cum</strong></span> <span class='ocrx_word' id='word_1_561' title='bbox 902 4036 1009 4090; x_wconf 88' lang='lat' dir='ltr'><strong>hoc</strong></span> <span class='ocrx_word' id='word_1_562' title='bbox 1038 4036 1145 4090; x_wconf 88' lang='lat' dir='ltr'><strong>fuit</strong></span> <span class='ocrx_word' id='word_1_563' title='bbox 1174 4037 1328 4108; x_wconf 91' lang='lat' dir='ltr'><strong>quod</strong></span> <span class='ocrx_word' id='word_1_564' title='bbox 1357 4037 1476 4109; x_wconf 90' lang='lat' dir='ltr'><strong>ipse</strong></span> <span class='ocrx_word' id='word_1_565' title='bbox 1505 4037 1702 4105; x_wconf 82' lang='lat' dir='ltr'><strong>David,</strong></span> 
     </span>
    </p>
   </div>
   <div class='ocr_carea' id='block_1_74' title="bbox 1819 3143 3424 3219">
    <p class='ocr_par' dir='ltr' id='par_1_74' title="bbox 1819 3143 3424 3219">
     <span class='ocr_line' id='line_1_74' title="bbox 1819 3143 3424 3219; baseline -0.001 -19"><span class='ocrx_word' id='word_1_566' title='bbox 1819 3145 1951 3201; x_wconf 90' lang='lat' dir='ltr'><strong>dem</strong></span> <span class='ocrx_word' id='word_1_567' title='bbox 1976 3148 2101 3218; x_wconf 86' lang='lat' dir='ltr'><strong>jam</strong></span> <span class='ocrx_word' id='word_1_568' title='bbox 2133 3150 2549 3219; x_wconf 89' lang='lat' dir='ltr'><strong>pervenerunt;</strong></span> <span class='ocrx_word' id='word_1_569' title='bbox 2579 3151 2636 3201; x_wconf 91' lang='lat' dir='ltr'><strong>et</strong></span> <span class='ocrx_word' id='word_1_570' title='bbox 2667 3146 2865 3201; x_wconf 88' lang='lat' dir='ltr'><strong>dicunt</strong></span> <span class='ocrx_word' id='word_1_571' title='bbox 2889 3161 2986 3200; x_wconf 88' lang='lat' dir='ltr'><strong>eos</strong></span> <span class='ocrx_word' id='word_1_572' title='bbox 3017 3162 3085 3200; x_wconf 84' lang='lat' dir='ltr'><strong>ex</strong></span> <span class='ocrx_word' id='word_1_573' title='bbox 3110 3147 3229 3199; x_wconf 91' lang='lat' dir='ltr'><strong>toto</strong></span> <span class='ocrx_word' id='word_1_574' title='bbox 3258 3143 3318 3198; x_wconf 92' lang='lat' dir='ltr'><strong>in</strong></span> <span class='ocrx_word' id='word_1_575' title='bbox 3340 3143 3424 3199; x_wconf 91' lang='lat' dir='ltr'><strong>fu-</strong></span> 
     </span>
    </p>
   </div>
   <div class='ocr_carea' id='block_1_75' title="bbox 1814 3233 3421 3308">
    <p class='ocr_par' dir='ltr' id='par_1_75' title="bbox 1814 3233 3421 3308">
     <span class='ocr_line' id='line_1_75' title="bbox 1814 3233 3421 3308; baseline 0 -21"><span class='ocrx_word' id='word_1_576' title='bbox 1814 3236 1946 3290; x_wconf 91' lang='lat' dir='ltr'><strong>turo</strong></span> <span class='ocrx_word' id='word_1_577' title='bbox 2002 3236 2212 3291; x_wconf 90' lang='lat' dir='ltr'><strong>debere</strong></span> <span class='ocrx_word' id='word_1_578' title='bbox 2267 3237 2433 3308; x_wconf 88' lang='lat' dir='ltr'><strong>eripi,</strong></span> <span class='ocrx_word' id='word_1_579' title='bbox 2483 3252 2613 3290; x_wconf 90' lang='lat' dir='ltr'><strong>cum</strong></span> <span class='ocrx_word' id='word_1_580' title='bbox 2671 3234 2819 3290; x_wconf 89' lang='lat' dir='ltr'><strong>istud</strong></span> <span class='ocrx_word' id='word_1_581' title='bbox 2865 3251 2969 3306; x_wconf 90' lang='lat' dir='ltr'><strong>per</strong></span> <span class='ocrx_word' id='word_1_582' title='bbox 3020 3233 3224 3288; x_wconf 90' lang='lat' dir='ltr'><strong>Filium</strong></span> <span class='ocrx_word' id='word_1_583' title='bbox 3255 3250 3421 3288; x_wconf 90' lang='lat' dir='ltr'><strong>suum</strong></span> 
     </span>
    </p>
   </div>
   <div class='ocr_carea' id='block_1_76' title="bbox 1813 3323 3423 3397">
    <p class='ocr_par' dir='ltr' id='par_1_76' title="bbox 1813 3323 3423 3397">
     <span class='ocr_line' id='line_1_76' title="bbox 1813 3323 3423 3397; baseline 0.001 -20"><span class='ocrx_word' id='word_1_584' title='bbox 1813 3324 1963 3378; x_wconf 89' lang='lat' dir='ltr'><strong>Deus</strong></span> <span class='ocrx_word' id='word_1_585' title='bbox 2007 3325 2356 3396; x_wconf 87' lang='lat' dir='ltr'><strong>promiserit,</strong></span> <span class='ocrx_word' id='word_1_586' title='bbox 2401 3342 2573 3397; x_wconf 90' lang='lat' dir='ltr'><strong>quem</strong></span> <span class='ocrx_word' id='word_1_587' title='bbox 2604 3328 2817 3379; x_wconf 88' lang='lat' dir='ltr'><strong>terram</strong></span> <span class='ocrx_word' id='word_1_588' title='bbox 2849 3325 3184 3396; x_wconf 89' lang='lat' dir='ltr'><strong>loquentem</strong></span> <span class='ocrx_word' id='word_1_589' title='bbox 3237 3323 3423 3379; x_wconf 74' lang='lat' dir='ltr'><strong>intro-</strong></span> 
     </span>
    </p>
   </div>
   <div class='ocr_carea' id='block_1_77' title="bbox 1813 3411 3429 3485">
    <p class='ocr_par' dir='ltr' id='par_1_77' title="bbox 1813 3411 3429 3485">
     <span class='ocr_line' id='line_1_77' title="bbox 1813 3411 3429 3485; baseline 0.001 -20"><span class='ocrx_word' id='word_1_590' title='bbox 1813 3411 2065 3467; x_wconf 89' lang='lat' dir='ltr'><strong>ducunt:</strong></span> <span class='ocrx_word' id='word_1_591' title='bbox 2104 3414 2458 3485; x_wconf 89' lang='lat' dir='ltr'><strong>promittunt</strong></span> <span class='ocrx_word' id='word_1_592' title='bbox 2487 3430 2715 3485; x_wconf 89' lang='lat' dir='ltr'><strong>quoque</strong></span> <span class='ocrx_word' id='word_1_593' title='bbox 2743 3430 2801 3467; x_wconf 90' lang='lat' dir='ltr'><strong>se</strong></span> <span class='ocrx_word' id='word_1_594' title='bbox 2834 3413 2891 3467; x_wconf 91' lang='lat' dir='ltr'><strong>in</strong></span> <span class='ocrx_word' id='word_1_595' title='bbox 2925 3413 3081 3468; x_wconf 89' lang='lat' dir='ltr'><strong>nullo</strong></span> <span class='ocrx_word' id='word_1_596' title='bbox 3104 3411 3429 3480; x_wconf 56' lang='lat' dir='ltr'><strong>confidere,-</strong></span> 
     </span>
    </p>
   </div>
   <div class='ocr_carea' id='block_1_78' title="bbox 1808 3498 2975 3573">
    <p class='ocr_par' dir='ltr' id='par_1_78' title="bbox 1808 3498 2975 3573">
     <span class='ocr_line' id='line_1_78' title="bbox 1808 3498 2975 3573; baseline 0.01 -22"><span class='ocrx_word' id='word_1_597' title='bbox 1808 3498 1915 3553; x_wconf 90' lang='lat' dir='ltr'><strong>nisi</strong></span> <span class='ocrx_word' id='word_1_598' title='bbox 1947 3500 2004 3554; x_wconf 93' lang='lat' dir='ltr'><strong>in</strong></span> <span class='ocrx_word' id='word_1_599' title='bbox 2027 3499 2149 3570; x_wconf 88' lang='lat' dir='ltr'><strong>ipso</strong></span> <span class='ocrx_word' id='word_1_600' title='bbox 2182 3502 2319 3556; x_wconf 92' lang='lat' dir='ltr'><strong>Deo.</strong></span> <span class='ocrx_word' id='word_1_601' title='bbox 2967 3566 2975 3573; x_wconf 68' lang='grc'><em>,</em></span> 
     </span>
    </p>
   </div>
   <div class='ocr_carea' id='block_1_79' title="bbox 1877 3587 3413 3662">
    <p class='ocr_par' dir='ltr' id='par_1_79' title="bbox 1877 3587 3413 3662">
     <span class='ocr_line' id='line_1_79' title="bbox 1877 3587 3413 3662; baseline 0.003 -23"><span class='ocrx_word' id='word_1_602' title='bbox 1877 3587 2041 3655; x_wconf 89' lang='lat' dir='ltr'><strong>Deus,</strong></span> <span class='ocrx_word' id='word_1_603' title='bbox 2102 3589 2341 3659; x_wconf 72' lang='lat' dir='ltr'><strong>repulisti</strong></span> <span class='ocrx_word' id='word_1_604' title='bbox 2386 3606 2499 3656; x_wconf 88' lang='lat' dir='ltr'><strong>nos,</strong></span> <span class='ocrx_word' id='word_1_605' title='bbox 2535 3605 2641 3662; x_wconf 89' lang='lat' dir='ltr'><strong>per</strong></span> <span class='ocrx_word' id='word_1_606' title='bbox 2668 3589 2875 3655; x_wconf 83' lang='lat' dir='ltr'><strong>Adam,</strong></span> <span class='ocrx_word' id='word_1_607' title='bbox 2905 3606 2937 3643; x_wconf 87' lang='lat' dir='ltr'><strong>a</strong></span> <span class='ocrx_word' id='word_1_608' title='bbox 2968 3588 3298 3660; x_wconf 88' lang='lat' dir='ltr'><strong>cognitione</strong></span> <span class='ocrx_word' id='word_1_609' title='bbox 3329 3588 3413 3644; x_wconf 89' lang='lat' dir='ltr'><strong>tui</strong></span> 
     </span>
    </p>
   </div>
   <div class='ocr_carea' id='block_1_80' title="bbox 1806 3674 3410 3748">
    <p class='ocr_par' dir='ltr' id='par_1_80' title="bbox 1806 3674 3410 3748">
     <span class='ocr_line' id='line_1_80' title="bbox 1806 3674 3410 3748; baseline 0.002 -20"><span class='ocrx_word' id='word_1_610' title='bbox 1806 3674 2135 3739; x_wconf 85' lang='lat' dir='ltr'><strong>manifesta,</strong></span> <span class='ocrx_word' id='word_1_611' title='bbox 2169 3694 2343 3748; x_wconf 86' lang='lat' dir='ltr'><strong>quam</strong></span> <span class='ocrx_word' id='word_1_612' title='bbox 2376 3676 2866 3743; x_wconf 88' lang='lat' dir='ltr'><strong>haberemus,nisi</strong></span> <span class='ocrx_word' id='word_1_613' title='bbox 2890 3676 3072 3730; x_wconf 76' lang='lat' dir='ltr'><strong>Adam</strong></span> <span class='ocrx_word' id='word_1_614' title='bbox 3100 3680 3410 3747; x_wconf 88' lang='lat' dir='ltr'><strong>peccasset;</strong></span> 
     </span>
    </p>
   </div>
   <div class='ocr_carea' id='block_1_81' title="bbox 1807 3763 3408 3835">
    <p class='ocr_par' dir='ltr' id='par_1_81' title="bbox 1807 3763 3408 3835">
     <span class='ocr_line' id='line_1_81' title="bbox 1807 3763 3408 3835; baseline -0.001 -17"><span class='ocrx_word' id='word_1_615' title='bbox 1807 3770 1857 3818; x_wconf 89' lang='lat' dir='ltr'><strong>et</strong></span> <span class='ocrx_word' id='word_1_616' title='bbox 1883 3763 2188 3818; x_wconf 75' lang='lat' dir='ltr'><strong>destruxisti</strong></span> <span class='ocrx_word' id='word_1_617' title='bbox 2240 3782 2334 3819; x_wconf 88' lang='lat' dir='ltr'><strong>nos</strong></span> <span class='ocrx_word' id='word_1_618' title='bbox 2365 3781 2398 3819; x_wconf 89' lang='lat' dir='ltr'><strong>a</strong></span> <span class='ocrx_word' id='word_1_619' title='bbox 2441 3765 2798 3819; x_wconf 87' lang='lat' dir='ltr'><strong>beatitudine</strong></span> <span class='ocrx_word' id='word_1_620' title='bbox 2836 3780 3011 3835; x_wconf 89' lang='lat' dir='ltr'><strong>quam</strong></span> <span class='ocrx_word' id='word_1_621' title='bbox 3041 3763 3408 3831; x_wconf 90' lang='lat' dir='ltr'><strong>haberemus,</strong></span> 
     </span>
    </p>
   </div>
   <div class='ocr_carea' id='block_1_82' title="bbox 1806 3850 3410 3923">
    <p class='ocr_par' dir='ltr' id='par_1_82' title="bbox 1806 3850 3410 3923">
     <span class='ocr_line' id='line_1_82' title="bbox 1806 3850 3410 3923; baseline -0.002 -17"><span class='ocrx_word' id='word_1_622' title='bbox 1806 3851 2021 3906; x_wconf 85' lang='lat' dir='ltr'><strong>faciens</strong></span> <span class='ocrx_word' id='word_1_623' title='bbox 2036 3852 2306 3907; x_wconf 91' lang='lat' dir='ltr'><strong>omnibus</strong></span> <span class='ocrx_word' id='word_1_624' title='bbox 2323 3852 2563 3907; x_wconf 89' lang='lat' dir='ltr'><strong>miseriis</strong></span> <span class='ocrx_word' id='word_1_625' title='bbox 2581 3852 2896 3923; x_wconf 88' lang='lat' dir='ltr'><strong>subjacere,</strong></span> <span class='ocrx_word' id='word_1_626' title='bbox 2912 3850 3111 3923; x_wconf 89' lang='lat' dir='ltr'><strong>frigori</strong></span> <span class='ocrx_word' id='word_1_627' title='bbox 3125 3850 3336 3905; x_wconf 90' lang='lat' dir='ltr'><strong>scilicet</strong></span> <span class='ocrx_word' id='word_1_628' title='bbox 3350 3851 3410 3905; x_wconf 79' lang='lat' dir='ltr'><strong>et</strong></span> 
     </span>
    </p>
   </div>
   <div class='ocr_carea' id='block_1_83' title="bbox 1806 3938 3405 4009">
    <p class='ocr_par' dir='ltr' id='par_1_83' title="bbox 1806 3938 3405 4009">
     <span class='ocr_line' id='line_1_83' title="bbox 1806 3938 3405 4009; baseline -0.001 -14"><span class='ocrx_word' id='word_1_629' title='bbox 1806 3942 2003 4009; x_wconf 89' lang='lat' dir='ltr'><strong>calori,</strong></span> <span class='ocrx_word' id='word_1_630' title='bbox 2040 3946 2098 3996; x_wconf 90' lang='lat' dir='ltr'><strong>et</strong></span> <span class='ocrx_word' id='word_1_631' title='bbox 2128 3941 2580 4009; x_wconf 78' lang='lat' dir='ltr'><strong>infirmitatibus,</strong></span> <span class='ocrx_word' id='word_1_632' title='bbox 2609 3944 2666 3995; x_wconf 91' lang='lat' dir='ltr'><strong>et</strong></span> <span class='ocrx_word' id='word_1_633' title='bbox 2696 3940 3057 4007; x_wconf 62' lang='lat' dir='ltr'><strong>maeroribus,</strong></span> <span class='ocrx_word' id='word_1_634' title='bbox 3089 3944 3146 3995; x_wconf 91' lang='lat' dir='ltr'><strong>et</strong></span> <span class='ocrx_word' id='word_1_635' title='bbox 3183 3938 3405 3995; x_wconf 82' lang='lat' dir='ltr'><strong>caeteris</strong></span> 
     </span>
    </p>
   </div>
   <div class='ocr_carea' id='block_1_84' title="bbox 1805 4027 3401 4103">
    <p class='ocr_par' dir='ltr' id='par_1_84' title="bbox 1805 4027 3401 4103">
     <span class='ocr_line' id='line_1_84' title="bbox 1805 4027 3401 4103; baseline -0.001 -20"><span class='ocrx_word' id='word_1_636' title='bbox 1805 4030 2133 4099; x_wconf 75' lang='lat' dir='ltr'><strong>huiusmodi</strong></span> <span class='ocrx_word' id='word_1_637' title='bbox 2191 4031 2577 4103; x_wconf 90' lang='lat' dir='ltr'><strong>passionibus;</strong></span> <span class='ocrx_word' id='word_1_638' title='bbox 2626 4033 2684 4085; x_wconf 88' lang='lat' dir='ltr'><strong>et</strong></span> <span class='ocrx_word' id='word_1_639' title='bbox 2710 4031 2819 4085; x_wconf 88' lang='lat' dir='ltr'><strong>hoc</strong></span> <span class='ocrx_word' id='word_1_640' title='bbox 2851 4045 2969 4083; x_wconf 92' lang='lat' dir='ltr'><strong>non</strong></span> <span class='ocrx_word' id='word_1_641' title='bbox 3004 4027 3185 4082; x_wconf 87' lang='lat' dir='ltr'><strong>fecisti</strong></span> <span class='ocrx_word' id='word_1_642' title='bbox 3217 4044 3286 4081; x_wconf 79' lang='lat' dir='ltr'><strong>ex</strong></span> <span class='ocrx_word' id='word_1_643' title='bbox 3312 4027 3401 4082; x_wconf 91' lang='lat' dir='ltr'><strong>in-</strong></span> 
     </span>
    </p>
   </div>
   <div class='ocr_carea' id='block_1_85' title="bbox 96 4116 3404 4197">
    <p class='ocr_par' dir='ltr' id='par_1_85' title="bbox 96 4116 3404 4197">
     <span class='ocr_line' id='line_1_85' title="bbox 96 4116 3404 4197; baseline -0.001 -23"><span class='ocrx_word' id='word_1_644' title='bbox 96 4121 159 4176; x_wconf 89' lang='lat' dir='ltr'><strong>id</strong></span> <span class='ocrx_word' id='word_1_645' title='bbox 190 4124 279 4175; x_wconf 90' lang='lat' dir='ltr'><strong>est</strong></span> <span class='ocrx_word' id='word_1_646' title='bbox 308 4121 579 4189; x_wconf 83' lang='lat' dir='ltr'><strong>Christus,</strong></span> <span class='ocrx_word' id='word_1_647' title='bbox 625 4124 896 4178; x_wconf 78' lang='lat' dir='ltr'><strong>succendit</strong></span> <span class='ocrx_word' id='word_1_648' title='bbox 935 4124 1377 4195; x_wconf 73' lang='lat' dir='ltr'><strong>Mesopotamiam</strong></span> <span class='ocrx_word' id='word_1_649' title='bbox 1408 4127 1606 4197; x_wconf 56' lang='lat' dir='ltr'><strong>Syria»,</strong></span> <span class='ocrx_word' id='word_1_650' title='bbox 1648 4127 1704 4182; x_wconf 81' lang='lat' dir='ltr'><strong>id</strong></span> <span class='ocrx_word' id='word_1_651' title='bbox 1795 4118 2041 4188; x_wconf 88' lang='lat' dir='ltr'><strong>justitia,</strong></span> <span class='ocrx_word' id='word_1_652' title='bbox 2070 4119 2173 4174; x_wconf 91' lang='lat' dir='ltr'><strong>sed</strong></span> <span class='ocrx_word' id='word_1_653' title='bbox 2197 4122 2363 4174; x_wconf 84' lang='lat' dir='ltr'><strong>iratus</strong></span> <span class='ocrx_word' id='word_1_654' title='bbox 2392 4138 2443 4175; x_wconf 86' lang='lat' dir='ltr'><strong>es</strong></span> <span class='ocrx_word' id='word_1_655' title='bbox 2469 4118 2699 4186; x_wconf 84' lang='lat' dir='ltr'><strong>nobis,id</strong></span> <span class='ocrx_word' id='word_1_656' title='bbox 2713 4120 2818 4184; x_wconf 88' lang='lat' dir='ltr'><strong>est,</strong></span> <span class='ocrx_word' id='word_1_657' title='bbox 2842 4117 2949 4171; x_wconf 90' lang='lat' dir='ltr'><strong>hoc</strong></span> <span class='ocrx_word' id='word_1_658' title='bbox 2968 4116 3404 4188; x_wconf 72' lang='lat' dir='ltr'><strong>fecistiproptcr</strong></span> 
     </span>
    </p>
   </div>
   <div class='ocr_carea' id='block_1_86' title="bbox 90 4210 1701 4287">
    <p class='ocr_par' dir='ltr' id='par_1_86' title="bbox 90 4210 1701 4287">
     <span class='ocr_line' id='line_1_86' title="bbox 90 4210 1701 4287; baseline 0.004 -23"><span class='ocrx_word' id='word_1_659' title='bbox 90 4214 181 4264; x_wconf 91' lang='lat' dir='ltr'><strong>est</strong></span> <span class='ocrx_word' id='word_1_660' title='bbox 207 4210 469 4265; x_wconf 90' lang='lat' dir='ltr'><strong>accendit</strong></span> <span class='ocrx_word' id='word_1_661' title='bbox 492 4212 716 4267; x_wconf 90' lang='lat' dir='ltr'><strong>fervore</strong></span> <span class='ocrx_word' id='word_1_662' title='bbox 738 4212 938 4283; x_wconf 70' lang='lat' dir='ltr'><strong>gratia:</strong></span> <span class='ocrx_word' id='word_1_663' title='bbox 950 4212 1254 4284; x_wconf 89' lang='lat' dir='ltr'><strong>spiritualis</strong></span> <span class='ocrx_word' id='word_1_664' title='bbox 1267 4216 1494 4287; x_wconf 90' lang='lat' dir='ltr'><strong>plebem</strong></span> <span class='ocrx_word' id='word_1_665' title='bbox 1508 4216 1701 4270; x_wconf 88' lang='lat' dir='ltr'><strong>Judai-</strong></span> 
     </span>
    </p>
   </div>
   <div class='ocr_carea' id='block_1_87' title="bbox 1803 4205 3401 4280">
    <p class='ocr_par' dir='ltr' id='par_1_87' title="bbox 1803 4205 3401 4280">
     <span class='ocr_line' id='line_1_87' title="bbox 1803 4205 3401 4280; baseline -0.001 -20"><span class='ocrx_word' id='word_1_666' title='bbox 1803 4206 1951 4262; x_wconf 89' lang='lat' dir='ltr'><strong>iram</strong></span> <span class='ocrx_word' id='word_1_667' title='bbox 1978 4210 2161 4274; x_wconf 90' lang='lat' dir='ltr'><strong>tuam,</strong></span> <span class='ocrx_word' id='word_1_668' title='bbox 2192 4208 2246 4263; x_wconf 91' lang='lat' dir='ltr'>id</span> <span class='ocrx_word' id='word_1_669' title='bbox 2278 4211 2362 4263; x_wconf 91' lang='lat' dir='ltr'><strong>est</strong></span> <span class='ocrx_word' id='word_1_670' title='bbox 2386 4210 2624 4280; x_wconf 90' lang='lat' dir='ltr'><strong>propter</strong></span> <span class='ocrx_word' id='word_1_671' title='bbox 2645 4207 2858 4277; x_wconf 88' lang='lat' dir='ltr'><strong>justam</strong></span> <span class='ocrx_word' id='word_1_672' title='bbox 2887 4205 3401 4276; x_wconf 87' lang='lat' dir='ltr'><strong>viudictam,quam</strong></span> 
     </span>
    </p>
   </div>
   <div class='ocr_carea' id='block_1_88' title="bbox 91 4285 3399 4372">
    <p class='ocr_par' dir='ltr' id='par_1_88' title="bbox 91 4285 3399 4372">
     <span class='ocr_line' id='line_1_88' title="bbox 91 4285 3399 4372; baseline -0.001 -20"><span class='ocrx_word' id='word_1_673' title='bbox 91 4312 225 4352; x_wconf 87' lang='lat' dir='ltr'><strong>cam</strong></span> <span class='ocrx_word' id='word_1_674' title='bbox 256 4298 472 4353; x_wconf 87' lang='lat' dir='ltr'><strong>factam</strong></span> <span class='ocrx_word' id='word_1_675' title='bbox 503 4299 976 4371; x_wconf 82' lang='lat' dir='ltr'><strong>Mesopotamiam</strong></span> <span class='ocrx_word' id='word_1_676' title='bbox 1007 4300 1204 4372; x_wconf 61' lang='lat' dir='ltr'><strong>Syriae,</strong></span> <span class='ocrx_word' id='word_1_677' title='bbox 1237 4285 1295 4357; x_wconf 69' lang='lat' dir='ltr'><strong>id</strong></span> <span class='ocrx_word' id='word_1_678' title='bbox 1326 4308 1408 4358; x_wconf 79' lang='lat' dir='ltr'><strong>est</strong></span> <span class='ocrx_word' id='word_1_679' title='bbox 1436 4308 1699 4359; x_wconf 69' lang='lat' dir='ltr'><strong>vocatam</strong></span> <span class='ocrx_word' id='word_1_680' title='bbox 1724 4285 1778 4343; x_wconf 86' lang='lat' dir='ltr'><strong>D</strong></span> <span class='ocrx_word' id='word_1_681' title='bbox 1802 4295 2095 4350; x_wconf 84' lang='lat' dir='ltr'><strong>exercuisti</strong></span> <span class='ocrx_word' id='word_1_682' title='bbox 2125 4296 2180 4350; x_wconf 90' lang='lat' dir='ltr'><strong>in</strong></span> <span class='ocrx_word' id='word_1_683' title='bbox 2208 4297 2530 4351; x_wconf 91' lang='lat' dir='ltr'><strong>humanum</strong></span> <span class='ocrx_word' id='word_1_684' title='bbox 2563 4293 3226 4366; x_wconf 83' lang='lat' dir='ltr'><strong>genusprOpterculpam</strong></span> <span class='ocrx_word' id='word_1_685' title='bbox 3240 4292 3399 4348; x_wconf 65' lang='lat' dir='ltr'><strong>Adae.</strong></span> 
     </span>
    </p>
   </div>
   <div class='ocr_carea' id='block_1_89' title="bbox 90 4386 1696 4447">
    <p class='ocr_par' dir='ltr' id='par_1_89' title="bbox 90 4386 1696 4447">
     <span class='ocr_line' id='line_1_89' title="bbox 90 4386 1696 4447; baseline 0.004 -7"><span class='ocrx_word' id='word_1_686' title='bbox 90 4386 163 4441; x_wconf 88' lang='lat' dir='ltr'><strong>ad</strong></span> <span class='ocrx_word' id='word_1_687' title='bbox 186 4387 364 4441; x_wconf 82' lang='lat' dir='ltr'><strong>fidem</strong></span> <span class='ocrx_word' id='word_1_688' title='bbox 381 4389 728 4443; x_wconf 87' lang='lat' dir='ltr'><strong>etelevatam</strong></span> <span class='ocrx_word' id='word_1_689' title='bbox 772 4404 805 4443; x_wconf 93' lang='lat' dir='ltr'><strong>a</strong></span> <span class='ocrx_word' id='word_1_690' title='bbox 820 4387 967 4443; x_wconf 89' lang='lat' dir='ltr'><strong>vitiis</strong></span> <span class='ocrx_word' id='word_1_691' title='bbox 984 4393 1042 4443; x_wconf 90' lang='lat' dir='ltr'><strong>et</strong></span> <span class='ocrx_word' id='word_1_692' title='bbox 1070 4390 1375 4445; x_wconf 89' lang='lat' dir='ltr'><strong>sublimem</strong></span> <span class='ocrx_word' id='word_1_693' title='bbox 1394 4391 1451 4445; x_wconf 92' lang='lat' dir='ltr'><strong>in</strong></span> <span class='ocrx_word' id='word_1_694' title='bbox 1475 4392 1696 4447; x_wconf 86' lang='lat' dir='ltr'><strong>virtuti-</strong></span> 
     </span>
    </p>
   </div>
   <div class='ocr_carea' id='block_1_90' title="bbox 90 4474 1701 4549">
    <p class='ocr_par' dir='ltr' id='par_1_90' title="bbox 90 4474 1701 4549">
     <span class='ocr_line' id='line_1_90' title="bbox 90 4474 1701 4549; baseline 0.005 -21"><span class='ocrx_word' id='word_1_695' title='bbox 90 4474 200 4529; x_wconf 89' lang='lat' dir='ltr'><strong>bus</strong></span> <span class='ocrx_word' id='word_1_696' title='bbox 226 4492 239 4542; x_wconf 89' lang='lat'><strong>;</strong></span> <span class='ocrx_word' id='word_1_697' title='bbox 274 4479 332 4529; x_wconf 90' lang='lat' dir='ltr'><strong>et</strong></span> <span class='ocrx_word' id='word_1_698' title='bbox 360 4475 416 4530; x_wconf 90' lang='lat' dir='ltr'><strong>in</strong></span> <span class='ocrx_word' id='word_1_699' title='bbox 450 4476 573 4548; x_wconf 91' lang='lat' dir='ltr'><strong>ipsa</strong></span> <span class='ocrx_word' id='word_1_700' title='bbox 619 4477 1030 4549; x_wconf 86' lang='lat' dir='ltr'><strong>Mesopotamia</strong></span> <span class='ocrx_word' id='word_1_701' title='bbox 1062 4479 1374 4547; x_wconf 90' lang='lat' dir='ltr'><strong>succendit,</strong></span> <span class='ocrx_word' id='word_1_702' title='bbox 1396 4479 1455 4534; x_wconf 91' lang='lat' dir='ltr'>id</span> <span class='ocrx_word' id='word_1_703' title='bbox 1480 4484 1565 4535; x_wconf 89' lang='lat' dir='ltr'><strong>est</strong></span> <span class='ocrx_word' id='word_1_704' title='bbox 1597 4481 1701 4536; x_wconf 87' lang='lat' dir='ltr'><strong>de-</strong></span> 
     </span>
    </p>
   </div>
   <div class='ocr_carea' id='block_1_91' title="bbox 88 4562 1695 4640">
    <p class='ocr_par' dir='ltr' id='par_1_91' title="bbox 88 4562 1695 4640">
     <span class='ocr_line' id='line_1_91' title="bbox 88 4562 1695 4640; baseline 0.004 -24"><span class='ocrx_word' id='word_1_705' title='bbox 88 4562 301 4617; x_wconf 83' lang='lat' dir='ltr'><strong>struxit</strong></span> <span class='ocrx_word' id='word_1_706' title='bbox 328 4581 341 4631; x_wconf 88' lang='lat'><strong>;</strong></span> <span class='ocrx_word' id='word_1_707' title='bbox 383 4571 433 4618; x_wconf 87' lang='lat' dir='ltr'><strong>et</strong></span> <span class='ocrx_word' id='word_1_708' title='bbox 449 4567 632 4619; x_wconf 90' lang='lat' dir='ltr'><strong>totam</strong></span> <span class='ocrx_word' id='word_1_709' title='bbox 658 4565 732 4619; x_wconf 92' lang='lat' dir='ltr'><strong>ad</strong></span> <span class='ocrx_word' id='word_1_710' title='bbox 763 4564 1005 4620; x_wconf 90' lang='lat' dir='ltr'><strong>modum</strong></span> <span class='ocrx_word' id='word_1_711' title='bbox 1039 4567 1124 4621; x_wconf 89' lang='lat' dir='ltr'><strong>rei</strong></span> <span class='ocrx_word' id='word_1_712' title='bbox 1154 4583 1282 4640; x_wconf 75' lang='lat' dir='ltr'><strong>quae</strong></span> <span class='ocrx_word' id='word_1_713' title='bbox 1310 4568 1695 4635; x_wconf 86' lang='lat' dir='ltr'><strong>succenditur,</strong></span> 
     </span>
    </p>
   </div>
   <div class='ocr_carea' id='block_1_92' title="bbox 84 4648 1694 4725">
    <p class='ocr_par' dir='ltr' id='par_1_92' title="bbox 84 4648 1694 4725">
     <span class='ocr_line' id='line_1_92' title="bbox 84 4648 1694 4725; baseline 0.004 -20"><span class='ocrx_word' id='word_1_714' title='bbox 84 4648 321 4720; x_wconf 77' lang='lat' dir='ltr'><strong>Syriam</strong></span> <span class='ocrx_word' id='word_1_715' title='bbox 342 4652 526 4719; x_wconf 91' lang='lat' dir='ltr'><strong>Sobal,</strong></span> <span class='ocrx_word' id='word_1_716' title='bbox 559 4653 617 4707; x_wconf 93' lang='lat' dir='ltr'>id</span> <span class='ocrx_word' id='word_1_717' title='bbox 648 4656 734 4707; x_wconf 90' lang='lat' dir='ltr'><strong>est</strong></span> <span class='ocrx_word' id='word_1_718' title='bbox 762 4653 1178 4711; x_wconf 89' lang='lat' dir='ltr'><strong>sublimitatem</strong></span> <span class='ocrx_word' id='word_1_719' title='bbox 1207 4672 1369 4711; x_wconf 75' lang='lat' dir='ltr'><strong>vanae</strong></span> <span class='ocrx_word' id='word_1_720' title='bbox 1381 4657 1694 4725; x_wconf 87' lang='lat' dir='ltr'><strong>vetustatis,</strong></span> 
     </span>
    </p>
   </div>
   <div class='ocr_carea' id='block_1_93' title="bbox 87 4739 1698 4815">
    <p class='ocr_par' dir='ltr' id='par_1_93' title="bbox 87 4739 1698 4815">
     <span class='ocr_line' id='line_1_93' title="bbox 87 4739 1698 4815; baseline 0.005 -24"><span class='ocrx_word' id='word_1_721' title='bbox 87 4739 420 4809; x_wconf 85' lang='lat' dir='ltr'><strong>superbiam</strong></span> <span class='ocrx_word' id='word_1_722' title='bbox 451 4740 663 4796; x_wconf 89' lang='lat' dir='ltr'><strong>scilicet</strong></span> <span class='ocrx_word' id='word_1_723' title='bbox 700 4741 907 4796; x_wconf 89' lang='lat' dir='ltr'><strong>veteris</strong></span> <span class='ocrx_word' id='word_1_724' title='bbox 951 4742 1114 4815; x_wconf 85' lang='lat' dir='ltr'><strong>legis,</strong></span> <span class='ocrx_word' id='word_1_725' title='bbox 1167 4760 1239 4797; x_wconf 90' lang='lat' dir='ltr'><strong>ne</strong></span> <span class='ocrx_word' id='word_1_726' title='bbox 1266 4743 1324 4797; x_wconf 90' lang='lat' dir='ltr'><strong>in</strong></span> <span class='ocrx_word' id='word_1_727' title='bbox 1356 4760 1424 4798; x_wconf 91' lang='lat' dir='ltr'><strong>ea</strong></span> <span class='ocrx_word' id='word_1_728' title='bbox 1453 4744 1698 4815; x_wconf 88' lang='lat' dir='ltr'><strong>amplius</strong></span> 
     </span>
    </p>
   </div>
   <div class='ocr_carea' id='block_1_94' title="bbox 88 4828 1696 4905">
    <p class='ocr_par' dir='ltr' id='par_1_94' title="bbox 88 4828 1696 4905">
     <span class='ocr_line' id='line_1_94' title="bbox 88 4828 1696 4905; baseline 0.006 -25"><span class='ocrx_word' id='word_1_729' title='bbox 88 4828 436 4884; x_wconf 78' lang='lat' dir='ltr'><strong>confidendo</strong></span> <span class='ocrx_word' id='word_1_730' title='bbox 476 4829 833 4900; x_wconf 88' lang='lat' dir='ltr'><strong>superbiret:</strong></span> <span class='ocrx_word' id='word_1_731' title='bbox 862 4837 912 4885; x_wconf 87' lang='lat' dir='ltr'><strong>et</strong></span> <span class='ocrx_word' id='word_1_732' title='bbox 946 4848 1076 4886; x_wconf 91' lang='lat' dir='ltr'><strong>cum</strong></span> <span class='ocrx_word' id='word_1_733' title='bbox 1111 4833 1219 4885; x_wconf 89' lang='lat' dir='ltr'><strong>hoc</strong></span> <span class='ocrx_word' id='word_1_734' title='bbox 1248 4832 1356 4886; x_wconf 89' lang='lat' dir='ltr'><strong>fuit</strong></span> <span class='ocrx_word' id='word_1_735' title='bbox 1386 4833 1541 4903; x_wconf 91' lang='lat' dir='ltr'><strong>quod</strong></span> <span class='ocrx_word' id='word_1_736' title='bbox 1578 4833 1696 4905; x_wconf 89' lang='lat' dir='ltr'><strong>ipse</strong></span> 
     </span>
    </p>
   </div>
   <div class='ocr_carea' id='block_1_95' title="bbox 91 4915 1696 4994">
    <p class='ocr_par' dir='ltr' id='par_1_95' title="bbox 91 4915 1696 4994">
     <span class='ocr_line' id='line_1_95' title="bbox 91 4915 1696 4994; baseline 0.004 -24"><span class='ocrx_word' id='word_1_737' title='bbox 91 4915 270 4971; x_wconf 87' lang='lat' dir='ltr'><strong>David</strong></span> <span class='ocrx_word' id='word_1_738' title='bbox 298 4921 551 4975; x_wconf 83' lang='lat' dir='ltr'><strong>convertit</strong></span> <span class='ocrx_word' id='word_1_739' title='bbox 577 4918 738 4986; x_wconf 83' lang='lat' dir='ltr'><strong>Joab,</strong></span> <span class='ocrx_word' id='word_1_740' title='bbox 765 4918 825 4974; x_wconf 93' lang='lat' dir='ltr'><strong>id</strong></span> <span class='ocrx_word' id='word_1_741' title='bbox 854 4922 940 4973; x_wconf 90' lang='lat' dir='ltr'><strong>est</strong></span> <span class='ocrx_word' id='word_1_742' title='bbox 975 4919 1274 4975; x_wconf 90' lang='lat' dir='ltr'><strong>inimicum</strong></span> <span class='ocrx_word' id='word_1_743' title='bbox 1300 4920 1577 4992; x_wconf 90' lang='lat' dir='ltr'><strong>gentilem</strong></span> <span class='ocrx_word' id='word_1_744' title='bbox 1596 4938 1696 4994; x_wconf 88' lang='lat' dir='ltr'><strong>po-</strong></span> 
     </span>
    </p>
   </div>
   <div class='ocr_carea' id='block_1_96' title="bbox 92 5005 1695 5080">
    <p class='ocr_par' dir='ltr' id='par_1_96' title="bbox 92 5005 1695 5080">
     <span class='ocr_line' id='line_1_96' title="bbox 92 5005 1695 5080; baseline 0.004 -23"><span class='ocrx_word' id='word_1_745' title='bbox 92 5005 293 5071; x_wconf 88' lang='lat' dir='ltr'><strong>pulum</strong></span> <span class='ocrx_word' id='word_1_746' title='bbox 314 5007 525 5063; x_wconf 91' lang='lat' dir='ltr'><strong>scilicet</strong></span> <span class='ocrx_word' id='word_1_747' title='bbox 544 5007 619 5061; x_wconf 88' lang='lat' dir='ltr'><strong>ab</strong></span> <span class='ocrx_word' id='word_1_748' title='bbox 635 5023 832 5062; x_wconf 87' lang='lat' dir='ltr'><strong>errore</strong></span> <span class='ocrx_word' id='word_1_749' title='bbox 855 5007 927 5061; x_wconf 87' lang='lat' dir='ltr'><strong>ad</strong></span> <span class='ocrx_word' id='word_1_750' title='bbox 940 5008 1136 5062; x_wconf 83' lang='lat' dir='ltr'><strong>fidem:</strong></span> <span class='ocrx_word' id='word_1_751' title='bbox 1153 5016 1202 5062; x_wconf 76' lang='lat' dir='ltr'><strong>et</strong></span> <span class='ocrx_word' id='word_1_752' title='bbox 1220 5012 1479 5078; x_wconf 82' lang='lat' dir='ltr'><strong>percussit</strong></span> <span class='ocrx_word' id='word_1_753' title='bbox 1497 5009 1695 5080; x_wconf 84' lang='lat' dir='ltr'><strong>Edom,</strong></span> 
     </span>
    </p>
   </div>
   <div class='ocr_carea' id='block_1_97' title="bbox 91 5089 1698 5170">
    <p class='ocr_par' dir='ltr' id='par_1_97' title="bbox 91 5089 1698 5170">
     <span class='ocr_line' id='line_1_97' title="bbox 91 5089 1698 5170; baseline 0.005 -25"><span class='ocrx_word' id='word_1_754' title='bbox 91 5089 151 5145; x_wconf 88' lang='lat' dir='ltr'><strong>id</strong></span> <span class='ocrx_word' id='word_1_755' title='bbox 183 5096 288 5161; x_wconf 88' lang='lat' dir='ltr'><strong>est,</strong></span> <span class='ocrx_word' id='word_1_756' title='bbox 315 5095 591 5165; x_wconf 88' lang='lat' dir='ltr'><strong>percussit</strong></span> <span class='ocrx_word' id='word_1_757' title='bbox 617 5114 720 5168; x_wconf 89' lang='lat' dir='ltr'><strong>per</strong></span> <span class='ocrx_word' id='word_1_758' title='bbox 733 5095 1204 5167; x_wconf 77' lang='lat' dir='ltr'><strong>prmdicationem</strong></span> <span class='ocrx_word' id='word_1_759' title='bbox 1228 5097 1486 5152; x_wconf 81' lang='lat' dir='ltr'><strong>fidelium</strong></span> <span class='ocrx_word' id='word_1_760' title='bbox 1510 5097 1698 5170; x_wconf 90' lang='lat' dir='ltr'><strong>ipsum</strong></span> 
     </span>
    </p>
   </div>
   <div class='ocr_carea' id='block_1_98' title="bbox 90 5178 1697 5256">
    <p class='ocr_par' dir='ltr' id='par_1_98' title="bbox 90 5178 1697 5256">
     <span class='ocr_line' id='line_1_98' title="bbox 90 5178 1697 5256; baseline 0.006 -23"><span class='ocrx_word' id='word_1_761' title='bbox 90 5178 231 5235; x_wconf 85' lang='lat' dir='ltr'><strong>Joab</strong></span> <span class='ocrx_word' id='word_1_762' title='bbox 258 5184 574 5240; x_wconf 89' lang='lat' dir='ltr'><strong>secundum</strong></span> <span class='ocrx_word' id='word_1_763' title='bbox 605 5184 759 5256; x_wconf 91' lang='lat' dir='ltr'><strong>quod</strong></span> <span class='ocrx_word' id='word_1_764' title='bbox 790 5187 914 5238; x_wconf 88' lang='lat' dir='ltr'><strong>erat</strong></span> <span class='ocrx_word' id='word_1_765' title='bbox 934 5184 1139 5251; x_wconf 87' lang='lat' dir='ltr'><strong>Edom,</strong></span> <span class='ocrx_word' id='word_1_766' title='bbox 1162 5185 1219 5239; x_wconf 91' lang='lat' dir='ltr'><strong>id</strong></span> <span class='ocrx_word' id='word_1_767' title='bbox 1251 5188 1337 5240; x_wconf 90' lang='lat' dir='ltr'><strong>est</strong></span> <span class='ocrx_word' id='word_1_768' title='bbox 1369 5190 1697 5242; x_wconf 88' lang='lat' dir='ltr'><strong>terrenusvel</strong></span> 
     </span>
    </p>
   </div>
   <div class='ocr_carea' id='block_1_99' title="bbox 93 5271 1698 5348">
    <p class='ocr_par' dir='ltr' id='par_1_99' title="bbox 93 5271 1698 5348">
     <span class='ocr_line' id='line_1_99' title="bbox 93 5271 1698 5348; baseline 0.006 -28"><span class='ocrx_word' id='word_1_769' title='bbox 93 5272 431 5340; x_wconf 77' lang='lat' dir='ltr'><strong>sanguineus,</strong></span> <span class='ocrx_word' id='word_1_770' title='bbox 461 5276 524 5328; x_wconf 92' lang='lat' dir='ltr'><strong>ut</strong></span> <span class='ocrx_word' id='word_1_771' title='bbox 549 5273 607 5328; x_wconf 90' lang='lat' dir='ltr'><strong>in</strong></span> <span class='ocrx_word' id='word_1_772' title='bbox 641 5290 710 5327; x_wconf 91' lang='lat' dir='ltr'><strong>eo</strong></span> <span class='ocrx_word' id='word_1_773' title='bbox 738 5271 1137 5327; x_wconf 82' lang='lat' dir='ltr'><strong>terrenitatem</strong></span> <span class='ocrx_word' id='word_1_774' title='bbox 1161 5273 1480 5330; x_wconf 89' lang='lat' dir='ltr'><strong>destrueret</strong></span> <span class='ocrx_word' id='word_1_775' title='bbox 1511 5275 1698 5348; x_wconf 90' lang='lat' dir='ltr'><strong>etspi-</strong></span> 
     </span>
    </p>
   </div>
   <div class='ocr_carea' id='block_1_100' title="bbox 94 5356 1700 5434">
    <p class='ocr_par' dir='ltr' id='par_1_100' title="bbox 94 5356 1700 5434">
     <span class='ocr_line' id='line_1_100' title="bbox 94 5356 1700 5434; baseline 0.006 -25"><span class='ocrx_word' id='word_1_776' title='bbox 94 5356 364 5415; x_wconf 85' lang='lat' dir='ltr'><strong>ritualem</strong></span> <span class='ocrx_word' id='word_1_777' title='bbox 389 5361 633 5417; x_wconf 84' lang='lat' dir='ltr'><strong>faceret:</strong></span> <span class='ocrx_word' id='word_1_778' title='bbox 668 5364 726 5416; x_wconf 89' lang='lat' dir='ltr'><strong>et</strong></span> <span class='ocrx_word' id='word_1_779' title='bbox 751 5360 860 5415; x_wconf 91' lang='lat' dir='ltr'><strong>hoc</strong></span> <span class='ocrx_word' id='word_1_780' title='bbox 890 5361 1045 5432; x_wconf 90' lang='lat' dir='ltr'><strong>quod</strong></span> <span class='ocrx_word' id='word_1_781' title='bbox 1076 5362 1426 5434; x_wconf 88' lang='lat' dir='ltr'><strong>sanguineus</strong></span> <span class='ocrx_word' id='word_1_782' title='bbox 1456 5367 1599 5431; x_wconf 85' lang='lat' dir='ltr'><strong>erat,</strong></span> <span class='ocrx_word' id='word_1_783' title='bbox 1641 5364 1700 5419; x_wconf 90' lang='lat' dir='ltr'>id</span> 
     </span>
    </p>
   </div>
   <div class='ocr_carea' id='block_1_101' title="bbox 99 5448 1704 5520">
    <p class='ocr_par' dir='ltr' id='par_1_101' title="bbox 99 5448 1704 5520">
     <span class='ocr_line' id='line_1_101' title="bbox 99 5448 1704 5520; baseline 0.007 -23"><span class='ocrx_word' id='word_1_784' title='bbox 99 5448 186 5499; x_wconf 87' lang='lat' dir='ltr'><strong>est</strong></span> <span class='ocrx_word' id='word_1_785' title='bbox 216 5454 544 5517; x_wconf 88' lang='lat' dir='ltr'><strong>persecutor</strong></span> <span class='ocrx_word' id='word_1_786' title='bbox 575 5453 633 5505; x_wconf 90' lang='lat' dir='ltr'><strong>et</strong></span> <span class='ocrx_word' id='word_1_787' title='bbox 669 5448 974 5505; x_wconf 88' lang='lat' dir='ltr'><strong>idololatra</strong></span> <span class='ocrx_word' id='word_1_788' title='bbox 1004 5448 1061 5503; x_wconf 90' lang='lat' dir='ltr'><strong>in</strong></span> <span class='ocrx_word' id='word_1_789' title='bbox 1093 5466 1161 5505; x_wconf 90' lang='lat' dir='ltr'><strong>eo</strong></span> <span class='ocrx_word' id='word_1_790' title='bbox 1216 5456 1602 5520; x_wconf 88' lang='lat' dir='ltr'><strong>consumeret,</strong></span> <span class='ocrx_word' id='word_1_791' title='bbox 1645 5456 1704 5509; x_wconf 88' lang='lat' dir='ltr'><strong>et</strong></span> 
     </span>
    </p>
   </div>
   <div class='ocr_carea' id='block_1_102' title="bbox 104 5534 1526 5616">
    <p class='ocr_par' dir='ltr' id='par_1_102' title="bbox 104 5534 1526 5616">
     <span class='ocr_line' id='line_1_102' title="bbox 104 5534 1526 5616; baseline 0.006 -26"><span class='ocrx_word' id='word_1_792' title='bbox 104 5534 402 5616; x_wconf 76' lang='lat' dir='ltr'><strong>paciﬁcum</strong></span> <span class='ocrx_word' id='word_1_793' title='bbox 434 5542 492 5598; x_wconf 85' lang='lat' dir='ltr'><strong>et</strong></span> <span class='ocrx_word' id='word_1_794' title='bbox 518 5538 720 5600; x_wconf 87' lang='lat' dir='ltr'><strong>mitem</strong></span> <span class='ocrx_word' id='word_1_795' title='bbox 751 5541 810 5595; x_wconf 89' lang='lat' dir='ltr'><strong>et</strong></span> <span class='ocrx_word' id='word_1_796' title='bbox 844 5536 945 5597; x_wconf 86' lang='lat' dir='ltr'><strong>Dei</strong></span> <span class='ocrx_word' id='word_1_797' title='bbox 970 5539 1253 5600; x_wconf 83' lang='lat' dir='ltr'><strong>cultorem</strong></span> <span class='ocrx_word' id='word_1_798' title='bbox 1290 5539 1526 5599; x_wconf 82' lang='lat' dir='ltr'><strong>faceret.</strong></span> 
     </span>
    </p>
   </div>
   <div class='ocr_carea' id='block_1_103' title="bbox 1800 4380 3405 4453">
    <p class='ocr_par' dir='ltr' id='par_1_103' title="bbox 1800 4380 3405 4453">
     <span class='ocr_line' id='line_1_103' title="bbox 1800 4380 3405 4453; baseline 0.002 -18"><span class='ocrx_word' id='word_1_799' title='bbox 1800 4384 1891 4436; x_wconf 89' lang='lat' dir='ltr'><strong>Ira</strong></span> <span class='ocrx_word' id='word_1_800' title='bbox 1917 4400 2048 4438; x_wconf 89' lang='lat' dir='ltr'><strong>vero</strong></span> <span class='ocrx_word' id='word_1_801' title='bbox 2080 4385 2181 4439; x_wconf 89' lang='lat' dir='ltr'><strong>Dei</strong></span> <span class='ocrx_word' id='word_1_802' title='bbox 2208 4384 2351 4438; x_wconf 86' lang='lat' dir='ltr'><strong>nihil</strong></span> <span class='ocrx_word' id='word_1_803' title='bbox 2380 4384 2535 4439; x_wconf 91' lang='lat' dir='ltr'><strong>aliud</strong></span> <span class='ocrx_word' id='word_1_804' title='bbox 2557 4386 2643 4438; x_wconf 87' lang='lat' dir='ltr'><strong>est</strong></span> <span class='ocrx_word' id='word_1_805' title='bbox 2673 4398 2846 4453; x_wconf 90' lang='lat' dir='ltr'><strong>quam</strong></span> <span class='ocrx_word' id='word_1_806' title='bbox 2882 4380 3130 4435; x_wconf 82' lang='lat' dir='ltr'><strong>vindicta</strong></span> <span class='ocrx_word' id='word_1_807' title='bbox 3176 4380 3319 4451; x_wconf 87' lang='lat' dir='ltr'><strong>ejus,</strong></span> <span class='ocrx_word' id='word_1_808' title='bbox 3352 4388 3405 4438; x_wconf 86' lang='lat' dir='ltr'><strong>et</strong></span> 
     </span>
    </p>
   </div>
   <div class='ocr_carea' id='block_1_104' title="bbox 1800 4471 3403 4542">
    <p class='ocr_par' dir='ltr' id='par_1_104' title="bbox 1800 4471 3403 4542">
     <span class='ocr_line' id='line_1_104' title="bbox 1800 4471 3403 4542; baseline -0.001 -18"><span class='ocrx_word' id='word_1_809' title='bbox 1800 4474 1929 4541; x_wconf 87' lang='lat' dir='ltr'><strong>post</strong></span> <span class='ocrx_word' id='word_1_810' title='bbox 1974 4474 2218 4525; x_wconf 83' lang='lat' dir='ltr'><strong>misertus</strong></span> <span class='ocrx_word' id='word_1_811' title='bbox 2261 4489 2311 4526; x_wconf 88' lang='lat' dir='ltr'><strong>es</strong></span> <span class='ocrx_word' id='word_1_812' title='bbox 2365 4473 2534 4526; x_wconf 86' lang='lat' dir='ltr'><strong>nostri</strong></span> <span class='ocrx_word' id='word_1_813' title='bbox 2587 4488 2693 4542; x_wconf 83' lang='lat' dir='ltr'><strong>per.</strong></span> <span class='ocrx_word' id='word_1_814' title='bbox 2731 4472 2978 4524; x_wconf 88' lang='lat' dir='ltr'><strong>mortem</strong></span> <span class='ocrx_word' id='word_1_815' title='bbox 3012 4472 3193 4537; x_wconf 90' lang='lat' dir='ltr'><strong>tuam,</strong></span> <span class='ocrx_word' id='word_1_816' title='bbox 3226 4471 3287 4523; x_wconf 91' lang='lat' dir='ltr'><strong>ut</strong></span> <span class='ocrx_word' id='word_1_817' title='bbox 3316 4486 3403 4523; x_wconf 89' lang='lat' dir='ltr'><strong>re-</strong></span> 
     </span>
    </p>
   </div>
   <div class='ocr_carea' id='block_1_105' title="bbox 1800 4557 3399 4632">
    <p class='ocr_par' dir='ltr' id='par_1_105' title="bbox 1800 4557 3399 4632">
     <span class='ocr_line' id='line_1_105' title="bbox 1800 4557 3399 4632; baseline 0 -18"><span class='ocrx_word' id='word_1_818' title='bbox 1800 4558 2050 4615; x_wconf 90' lang='lat' dir='ltr'><strong>dimeres</strong></span> <span class='ocrx_word' id='word_1_819' title='bbox 2080 4560 2150 4614; x_wconf 92' lang='lat' dir='ltr'><strong>de</strong></span> <span class='ocrx_word' id='word_1_820' title='bbox 2181 4560 2449 4632; x_wconf 90' lang='lat' dir='ltr'><strong>originali</strong></span> <span class='ocrx_word' id='word_1_821' title='bbox 2486 4563 2739 4630; x_wconf 88' lang='lat' dir='ltr'><strong>peccato.</strong></span> <span class='ocrx_word' id='word_1_822' title='bbox 2773 4557 3018 4629; x_wconf 78' lang='lat' dir='ltr'><strong>Exponit</strong></span> <span class='ocrx_word' id='word_1_823' title='bbox 3043 4561 3235 4612; x_wconf 88' lang='lat' dir='ltr'><strong>autem</strong></span> <span class='ocrx_word' id='word_1_824' title='bbox 3259 4575 3399 4630; x_wconf 87' lang='lat' dir='ltr'><strong>que-</strong></span> 
     </span>
    </p>
   </div>
   <div class='ocr_carea' id='block_1_106' title="bbox 1801 4644 3401 4716">
    <p class='ocr_par' dir='ltr' id='par_1_106' title="bbox 1801 4644 3401 4716">
     <span class='ocr_line' id='line_1_106' title="bbox 1801 4644 3401 4716; baseline -0.001 -15"><span class='ocrx_word' id='word_1_825' title='bbox 1801 4647 1975 4702; x_wconf 90' lang='lat' dir='ltr'><strong>modo</strong></span> <span class='ocrx_word' id='word_1_826' title='bbox 2000 4647 2268 4702; x_wconf 89' lang='lat' dir='ltr'><strong>misertus</strong></span> <span class='ocrx_word' id='word_1_827' title='bbox 2287 4651 2527 4716; x_wconf 91' lang='lat' dir='ltr'><strong>est,cum</strong></span> <span class='ocrx_word' id='word_1_828' title='bbox 2557 4646 2719 4702; x_wconf 88' lang='lat' dir='ltr'><strong>addit</strong></span> <span class='ocrx_word' id='word_1_829' title='bbox 2746 4644 3401 4713; x_wconf 80' lang='lat' dir='ltr'><strong>:Commovz’stiterrmn,et</strong></span> 
     </span>
    </p>
   </div>
   <div class='ocr_carea' id='block_1_107' title="bbox 1798 4735 3400 4807">
    <p class='ocr_par' dir='ltr' id='par_1_107' title="bbox 1798 4735 3400 4807">
     <span class='ocr_line' id='line_1_107' title="bbox 1798 4735 3400 4807; baseline -0.001 -18"><span class='ocrx_word' id='word_1_830' title='bbox 1798 4736 2130 4790; x_wconf 83' lang='lat' dir='ltr'><strong>couturbasti</strong></span> <span class='ocrx_word' id='word_1_831' title='bbox 2151 4753 2286 4790; x_wconf 89' lang='lat' dir='ltr'><strong>eam.</strong></span> <span class='ocrx_word' id='word_1_832' title='bbox 2320 4738 2803 4807; x_wconf 66' lang='lat' dir='ltr'><strong>Prmposteratum</strong></span> <span class='ocrx_word' id='word_1_833' title='bbox 2836 4738 2940 4791; x_wconf 90' lang='lat' dir='ltr'><strong>est.</strong></span> <span class='ocrx_word' id='word_1_834' title='bbox 2997 4735 3132 4790; x_wconf 90' lang='lat' dir='ltr'><strong>Dico</strong></span> <span class='ocrx_word' id='word_1_835' title='bbox 3160 4737 3400 4787; x_wconf 72' lang='lat' dir='ltr'><strong>misertus</strong></span> 
     </span>
    </p>
   </div>
   <div class='ocr_carea' id='block_1_108' title="bbox 1796 4831 3399 4901">
    <p class='ocr_par' dir='ltr' id='par_1_108' title="bbox 1796 4831 3399 4901">
     <span class='ocr_line' id='line_1_108' title="bbox 1796 4831 3399 4901; baseline -0.001 -15"><span class='ocrx_word' id='word_1_836' title='bbox 1796 4849 1869 4899; x_wconf 91' lang='lat' dir='ltr'><strong>es,</strong></span> <span class='ocrx_word' id='word_1_837' title='bbox 1902 4836 1960 4887; x_wconf 89' lang='lat' dir='ltr'><strong>et</strong></span> <span class='ocrx_word' id='word_1_838' title='bbox 1980 4832 2056 4887; x_wconf 92' lang='lat' dir='ltr'><strong>sic</strong></span> <span class='ocrx_word' id='word_1_839' title='bbox 2079 4832 2289 4889; x_wconf 89' lang='lat' dir='ltr'><strong>scilicet</strong></span> <span class='ocrx_word' id='word_1_840' title='bbox 2320 4833 2645 4887; x_wconf 84' lang='lat' dir='ltr'><strong>conturbasti</strong></span> <span class='ocrx_word' id='word_1_841' title='bbox 2673 4840 2889 4900; x_wconf 89' lang='lat' dir='ltr'><strong>terram,</strong></span> <span class='ocrx_word' id='word_1_842' title='bbox 2916 4831 2973 4885; x_wconf 91' lang='lat' dir='ltr'>id</span> <span class='ocrx_word' id='word_1_843' title='bbox 3022 4834 3128 4898; x_wconf 88' lang='lat' dir='ltr'><strong>est,</strong></span> <span class='ocrx_word' id='word_1_844' title='bbox 3166 4847 3271 4885; x_wconf 92' lang='lat' dir='ltr'><strong>nos</strong></span> <span class='ocrx_word' id='word_1_845' title='bbox 3301 4831 3399 4901; x_wconf 88' lang='lat' dir='ltr'><strong>qui</strong></span> 
     </span>
    </p>
   </div>
   <div class='ocr_carea' id='block_1_109' title="bbox 1798 4917 3401 4988">
    <p class='ocr_par' dir='ltr' id='par_1_109' title="bbox 1798 4917 3401 4988">
     <span class='ocr_line' id='line_1_109' title="bbox 1798 4917 3401 4988; baseline -0.001 -12"><span class='ocrx_word' id='word_1_846' title='bbox 1798 4922 2015 4976; x_wconf 89' lang='lat' dir='ltr'><strong>terreni</strong></span> <span class='ocrx_word' id='word_1_847' title='bbox 2043 4937 2291 4988; x_wconf 83' lang='lat' dir='ltr'><strong>eramus,</strong></span> <span class='ocrx_word' id='word_1_848' title='bbox 2329 4922 2483 4976; x_wconf 88' lang='lat' dir='ltr'><strong>bona</strong></span> <span class='ocrx_word' id='word_1_849' title='bbox 2507 4922 2966 4983; x_wconf 89' lang='lat' dir='ltr'><strong>conturbatione,</strong></span> <span class='ocrx_word' id='word_1_850' title='bbox 2987 4917 3401 4974; x_wconf 89' lang='lat' dir='ltr'><strong>comminando</strong></span> 
     </span>
    </p>
   </div>
   <div class='ocr_carea' id='block_1_110' title="bbox 1799 5007 3401 5084">
    <p class='ocr_par' dir='ltr' id='par_1_110' title="bbox 1799 5007 3401 5084">
     <span class='ocr_line' id='line_1_110' title="bbox 1799 5007 3401 5084; baseline -0.003 -18"><span class='ocrx_word' id='word_1_851' title='bbox 1799 5028 1903 5084; x_wconf 84' lang='lat' dir='ltr'><strong>per</strong></span> <span class='ocrx_word' id='word_1_852' title='bbox 1924 5010 2508 5083; x_wconf 70' lang='lat' dir='ltr'><strong>prmdicatores,quod</strong></span> <span class='ocrx_word' id='word_1_853' title='bbox 2522 5009 2652 5081; x_wconf 87' lang='lat' dir='ltr'><strong>«qui</strong></span> <span class='ocrx_word' id='word_1_854' title='bbox 2668 5026 2783 5064; x_wconf 89' lang='lat' dir='ltr'><strong>non</strong></span> <span class='ocrx_word' id='word_1_855' title='bbox 2806 5007 3113 5062; x_wconf 90' lang='lat' dir='ltr'><strong>crediderit</strong></span> <span class='ocrx_word' id='word_1_856' title='bbox 3124 5007 3401 5061; x_wconf 86' lang='lat' dir='ltr'><strong>condem-</strong></span> 
     </span>
    </p>
   </div>
   <div class='ocr_carea' id='block_1_111' title="bbox 1800 5095 3405 5171">
    <p class='ocr_par' dir='ltr' id='par_1_111' title="bbox 1800 5095 3405 5171">
     <span class='ocr_line' id='line_1_111' title="bbox 1800 5095 3405 5171; baseline -0.002 -17"><span class='ocrx_word' id='word_1_857' title='bbox 1800 5098 2244 5171; x_wconf 78' lang='lat' dir='ltr'><strong>nabitur(Marc.</strong></span> <span class='ocrx_word' id='word_1_858' title='bbox 2263 5114 2372 5167; x_wconf 77' lang='lat' dir='ltr'><strong>xw,</strong></span> <span class='ocrx_word' id='word_1_859' title='bbox 2412 5101 2472 5153; x_wconf 90' lang='lat' dir='ltr'><strong>l6</strong></span> <span class='ocrx_word' id='word_1_860' title='bbox 2482 5114 2495 5159; x_wconf 70' lang='grc'><strong>)</strong></span> <span class='ocrx_word' id='word_1_861' title='bbox 2519 5121 2542 5149; x_wconf 68' lang='grc' dir='ltr'><strong>ι</strong></span> <span class='ocrx_word' id='word_1_862' title='bbox 2562 5116 2579 5151; x_wconf 92' lang='lat'><strong>:</strong></span> <span class='ocrx_word' id='word_1_863' title='bbox 2604 5102 2661 5151; x_wconf 90' lang='lat' dir='ltr'><strong>et</strong></span> <span class='ocrx_word' id='word_1_864' title='bbox 2690 5098 2766 5152; x_wconf 90' lang='lat' dir='ltr'><strong>sic</strong></span> <span class='ocrx_word' id='word_1_865' title='bbox 2787 5095 3145 5155; x_wconf 72' lang='lat' dir='ltr'><strong>commovisti</strong></span> <span class='ocrx_word' id='word_1_866' title='bbox 3168 5112 3299 5150; x_wconf 89' lang='lat' dir='ltr'><strong>eam</strong></span> <span class='ocrx_word' id='word_1_867' title='bbox 3331 5096 3405 5151; x_wconf 89' lang='lat' dir='ltr'><strong>ad</strong></span> 
     </span>
    </p>
   </div>
   <div class='ocr_carea' id='block_1_112' title="bbox 1798 5183 3408 5259">
    <p class='ocr_par' dir='ltr' id='par_1_112' title="bbox 1798 5183 3408 5259">
     <span class='ocr_line' id='line_1_112' title="bbox 1798 5183 3408 5259; baseline -0.002 -16"><span class='ocrx_word' id='word_1_868' title='bbox 1798 5189 1998 5255; x_wconf 82' lang='lat' dir='ltr'><strong>fidem,</strong></span> <span class='ocrx_word' id='word_1_869' title='bbox 2022 5188 2273 5259; x_wconf 87' lang='lat' dir='ltr'><strong>eripiens</strong></span> <span class='ocrx_word' id='word_1_870' title='bbox 2291 5188 2360 5243; x_wconf 90' lang='lat' dir='ltr'><strong>de</strong></span> <span class='ocrx_word' id='word_1_871' title='bbox 2385 5186 2714 5259; x_wconf 86' lang='lat' dir='ltr'><strong>ignorantia</strong></span> <span class='ocrx_word' id='word_1_872' title='bbox 2744 5186 2801 5241; x_wconf 91' lang='lat' dir='ltr'><strong>in</strong></span> <span class='ocrx_word' id='word_1_873' title='bbox 2820 5201 2932 5256; x_wconf 89' lang='lat' dir='ltr'><strong>qua</strong></span> <span class='ocrx_word' id='word_1_874' title='bbox 2945 5183 3100 5255; x_wconf 88' lang='lat' dir='ltr'><strong>prius</strong></span> <span class='ocrx_word' id='word_1_875' title='bbox 3111 5183 3408 5240; x_wconf 88' lang='lat' dir='ltr'><strong>detineba-</strong></span> 
     </span>
    </p>
   </div>
   <div class='ocr_carea' id='block_1_113' title="bbox 1798 5274 3405 5348">
    <p class='ocr_par' dir='ltr' id='par_1_113' title="bbox 1798 5274 3405 5348">
     <span class='ocr_line' id='line_1_113' title="bbox 1798 5274 3405 5348; baseline -0.001 -19"><span class='ocrx_word' id='word_1_876' title='bbox 1798 5278 1894 5330; x_wconf 91' lang='lat' dir='ltr'><strong>tur</strong></span> <span class='ocrx_word' id='word_1_877' title='bbox 1924 5280 2162 5348; x_wconf 91' lang='lat' dir='ltr'><strong>propter</strong></span> <span class='ocrx_word' id='word_1_878' title='bbox 2186 5274 2816 5348; x_wconf 84' lang='lat' dir='ltr'><strong>originaliaetactualia</strong></span> <span class='ocrx_word' id='word_1_879' title='bbox 2828 5277 3061 5346; x_wconf 90' lang='lat' dir='ltr'><strong>peccata</strong></span> <span class='ocrx_word' id='word_1_880' title='bbox 3076 5289 3195 5329; x_wconf 90' lang='lat' dir='ltr'><strong>sua.</strong></span> <span class='ocrx_word' id='word_1_881' title='bbox 3227 5274 3295 5328; x_wconf 86' lang='lat' dir='ltr'><strong>Et</strong></span> <span class='ocrx_word' id='word_1_882' title='bbox 3320 5276 3405 5342; x_wconf 91' lang='lat' dir='ltr'><strong>tu,</strong></span> 
     </span>
    </p>
   </div>
   <div class='ocr_carea' id='block_1_114' title="bbox 1802 5361 3408 5437">
    <p class='ocr_par' dir='ltr' id='par_1_114' title="bbox 1802 5361 3408 5437">
     <span class='ocr_line' id='line_1_114' title="bbox 1802 5361 3408 5437; baseline -0.001 -19"><span class='ocrx_word' id='word_1_883' title='bbox 1802 5364 1898 5437; x_wconf 91' lang='lat' dir='ltr'><strong>qui</strong></span> <span class='ocrx_word' id='word_1_884' title='bbox 1911 5365 2037 5435; x_wconf 89' lang='lat' dir='ltr'><strong>jam</strong></span> <span class='ocrx_word' id='word_1_885' title='bbox 2068 5381 2197 5419; x_wconf 86' lang='lat' dir='ltr'><strong>eam</strong></span> <span class='ocrx_word' id='word_1_886' title='bbox 2225 5364 2284 5417; x_wconf 92' lang='lat' dir='ltr'><strong>in</strong></span> <span class='ocrx_word' id='word_1_887' title='bbox 2312 5369 2480 5435; x_wconf 88' lang='lat' dir='ltr'><strong>parte</strong></span> <span class='ocrx_word' id='word_1_888' title='bbox 2504 5364 2811 5431; x_wconf 87' lang='lat' dir='ltr'><strong>sanasti,ut</strong></span> <span class='ocrx_word' id='word_1_889' title='bbox 2828 5379 2896 5417; x_wconf 83' lang='lat' dir='ltr'><strong>ex</strong></span> <span class='ocrx_word' id='word_1_890' title='bbox 2921 5361 3255 5435; x_wconf 89' lang='lat' dir='ltr'><strong>ignorantia</strong></span> <span class='ocrx_word' id='word_1_891' title='bbox 3275 5378 3408 5417; x_wconf 88' lang='lat' dir='ltr'><strong>eam</strong></span> 
     </span>
    </p>
   </div>
   <div class='ocr_carea' id='block_1_115' title="bbox 1804 5452 3411 5525">
    <p class='ocr_par' dir='ltr' id='par_1_115' title="bbox 1804 5452 3411 5525">
     <span class='ocr_line' id='line_1_115' title="bbox 1804 5452 3411 5525; baseline -0.002 -16"><span class='ocrx_word' id='word_1_892' title='bbox 1804 5452 2077 5524; x_wconf 90' lang='lat' dir='ltr'><strong>eriperes,</strong></span> <span class='ocrx_word' id='word_1_893' title='bbox 2094 5456 2151 5507; x_wconf 88' lang='lat' dir='ltr'><strong>et</strong></span> <span class='ocrx_word' id='word_1_894' title='bbox 2171 5467 2275 5524; x_wconf 91' lang='lat' dir='ltr'><strong>per</strong></span> <span class='ocrx_word' id='word_1_895' title='bbox 2296 5452 2651 5524; x_wconf 89' lang='lat' dir='ltr'><strong>baptismum</strong></span> <span class='ocrx_word' id='word_1_896' title='bbox 2677 5453 2798 5525; x_wconf 91' lang='lat' dir='ltr'><strong>ejus</strong></span> <span class='ocrx_word' id='word_1_897' title='bbox 2815 5455 3048 5523; x_wconf 86' lang='lat' dir='ltr'><strong>peccata</strong></span> <span class='ocrx_word' id='word_1_898' title='bbox 3071 5452 3411 5517; x_wconf 89' lang='lat' dir='ltr'><strong>redimeres,</strong></span> 
     </span>
    </p>
   </div>
   <div class='ocr_carea' id='block_1_116' title="bbox 1809 5539 3421 5614">
    <p class='ocr_par' dir='ltr' id='par_1_116' title="bbox 1809 5539 3421 5614">
     <span class='ocr_line' id='line_1_116' title="bbox 1809 5539 3421 5614; baseline 0.001 -16"><span class='ocrx_word' id='word_1_899' title='bbox 1809 5558 1939 5601; x_wconf 83' lang='lat' dir='ltr'><strong>sana</strong></span> <span class='ocrx_word' id='word_1_900' title='bbox 1970 5542 2307 5599; x_wconf 83' lang='lat' dir='ltr'><strong>contritiones</strong></span> <span class='ocrx_word' id='word_1_901' title='bbox 2322 5539 2458 5614; x_wconf 80' lang='lat' dir='ltr'><strong>ejus,</strong></span> <span class='ocrx_word' id='word_1_902' title='bbox 2481 5540 2542 5599; x_wconf 89' lang='lat' dir='ltr'>id</span> <span class='ocrx_word' id='word_1_903' title='bbox 2567 5545 2679 5611; x_wconf 82' lang='lat' dir='ltr'><strong>est,</strong></span> <span class='ocrx_word' id='word_1_904' title='bbox 2708 5557 2849 5601; x_wconf 81' lang='lat' dir='ltr'><strong>sana</strong></span> <span class='ocrx_word' id='word_1_905' title='bbox 2876 5556 3007 5599; x_wconf 73' lang='lat' dir='ltr'><strong>eam</strong></span> <span class='ocrx_word' id='word_1_906' title='bbox 3041 5540 3104 5605; x_wconf 86' lang='lat' dir='ltr'><strong>in</strong></span> <span class='ocrx_word' id='word_1_907' title='bbox 3124 5543 3321 5602; x_wconf 84' lang='lat' dir='ltr'><strong>futuro</strong></span> <span class='ocrx_word' id='word_1_908' title='bbox 3347 5539 3421 5600; x_wconf 78' lang='lat' dir='ltr'><strong>de</strong></span> 
     </span>
    </p>
   </div>
  </div>
