4004 6052
487 329 594 401 ‘91:.-

1093 322 1152 402 ς.
1191 322 1535 398 BRUNONtS
1578 323 2207 398 CARTHUSIANORUM
2244 328 2712 398 INS'l‘ITUTORIS
2752 331 2906 398 app.
2949 328 3126 397 pass
3161 337 3203 396 1.

3714 338 3817 398 ωδ

492 467 932 525 contritionibus
953 466 1162 538 ejus,ut
1183 485 1312 523 cum
1335 467 1427 522 hic
1451 467 1720 524 omnibus
1741 467 2034 523 doloribus
2049 469 2105 522 et
2127 478 2180 536 Α
2215 471 2496 539 perpetua
2551 468 2611 523 iu
2643 468 2856 523 l'uturo.
2903 468 2970 522 Et
2998 467 3078 522 ita
3107 466 3178 522 sit
3208 467 3356 522 Deus
3397 470 3456 522 ut
3481 465 3820 523 liberemur.

496 555 855 628 passionibus
884 558 1236 623 conteratur,
1267 574 1392 628 qua:
1417 573 1586 628 poena
1603 560 1736 612 sunt
1756 557 1970 629 peccati
1994 556 2106 612 ori-

498 642 724 716 ginalis,
776 644 834 699 in
883 644 1404 715 impassibilitatem
1455 646 1694 700 reducta
1724 663 1840 701 non
1871 644 2109 700 ulterius

501 735 850 787 conteratur.
871 732 1035 797 Quod
1062 736 1148 786 est
1163 733 1482 797 dicere:Qui
1499 735 1622 804 jam
1641 751 1769 788 eam
1793 734 1863 788 de
1877 736 2108 806 peccato

501 820 736 884 sanasti,
761 838 901 876 sana
933 838 1161 894 quoque
1193 821 1248 875 in
1278 823 1472 877 futuro
1505 822 1573 876 de
1595 839 1765 894 poena
1778 823 2016 895 peccati.
2046 823 2113 876 Et

501 925 705 964 sanare
738 911 912 965 debes
935 911 1310 966 contritiones
1341 911 1463 982 ejus
1507 911 1562 964 in
1593 912 1810 978 futuro,
1841 913 1965 983 quia
1986 911 2110 981 jam

501 1006 760 1052 commota
779 999 944 1054 estde
963 1016 1157 1054 errore
1181 999 1254 1053 ad
1283 999 1552 1067 fidem,ut
1573 1004 1628 1054 te
1661 1002 1846 1055 Deum
1871 1003 1928 1054 et
1959 1017 2114 1054 crea-

503 1089 689 1141 torem
719 1091 775 1142 et
803 1104 1003 1158 regem
1036 1087 1427 1158 suscipiat,cui
1455 1089 1611 1158 prius
1632 1089 1844 1142 cultum
1867 1088 2116 1158 denega-

502 1174 618 1230 bat.
649 1176 909 1231 Ostendit
929 1177 1105 1231 etiam
1135 1177 1307 1230 aliam
1333 1193 1582 1244 causam,
1609 1195 1786 1247 quare
1815 1177 1983 1231 debet
2003 1180 2113 1229 ter-

503 1280 627 1318 ram
663 1281 888 1332 sanare,
923 1265 1001 1318 sic
1035 1281 1047 1320 :
1095 1265 1214 1318 Dixi
1265 1267 1328 1318 ut
1359 1282 1523 1319 sanes
1551 1268 1787 1332 terram,
1822 1264 1950 1319 idco
1981 1263 2116 1336 quia

505 1355 799 1406 commota
829 1352 1137 1418 est,etideo
1153 1353 1327 1407 etiam
1362 1353 1493 1424 quia
1521 1353 1792 1407 ostendisti
1797 1353 1994 1424 popqu
2024 1357 2114 1406 tuo

504 1440 828 1504 dura.Quod
855 1445 939 1494 est
967 1441 1156 1495 dicere
1179 1459 1190 1495 :
1223 1442 1510 1496 Ostendisti
1537 1441 1724 1508 nobis,
1757 1441 1848 1512 qui
1874 1441 2116 1512 populus

502 1544 698 1582 sumus
726 1531 856 1582 tuus
877 1532 934 1582 et
961 1533 1110 1583 terra
1138 1533 1253 1596 tua,
1285 1530 1613 1600 exemplum
1658 1529 1918 1602 patiendi
1943 1529 2115 1582 duras

501 1616 924 1685 tribulationes,
953 1633 1082 1671 cum
1114 1635 1218 1689 pro
1253 1617 1416 1672 nobis
1443 1618 1586 1672 dura
1615 1620 1672 1671 et
1703 1633 2113 1688 asperapassus

504 1703 606 1758 sis:
642 1707 698 1758 et
727 1704 836 1759 hoc
869 1709 1120 1769 ostenso,
1150 1707 1352 1776 potasti
1374 1722 1466 1758 nos
1507 1707 1629 1758 vino
1678 1706 2112 1774 compunctionis,

2206 556 2424 612 Salvum
2437 559 2548 628 fac,
2571 557 2782 612 scilicet
2801 557 3522 628 salvationeperpetua,me
3541 557 3821 630 populum

2211 649 2374 700 tuum
2403 664 2415 700 :
2449 647 2508 700 in
2535 647 2749 701 dextera
2779 651 2871 700 tua
2903 645 3328 712 constituendo,
3352 645 3409 700 id
3425 650 3509 699 est
3535 645 3596 699 in
3627 646 3823 701 favore

2215 735 2417 806 gratias
2451 739 2584 802 tum,
2618 751 2736 790 non
2763 735 2820 788 in
2850 734 3080 788 sinistra
3110 733 3514 789 constituendo
3537 751 3671 789 cum
3697 751 3824 806 per-

2214 823 2436 878 dendis.
2469 824 2548 878 Et
2581 823 2650 878 de
2679 823 2789 877 hoc
2810 823 2964 894 quod
2996 839 3096 877 oro
3115 823 3318 876 salvum
3349 839 3443 877 me
3466 824 3559 892 fac
3589 841 3602 877 :
3632 823 3830 878 exaudi

2211 929 2314 979 me,
2347 911 2405 966 id
2432 915 2535 978 est,
2568 912 2646 966 sic
2673 911 2804 966 audi
2855 914 2916 965 ut
2959 911 3290 982 impetrem.
3339 911 3664 966 Ostendunt
3693 928 3826 966 vero

2212 1019 2271 1056 se
2297 1002 2672 1056 salvationcm
2706 1001 3038 1072 adepturos,
3069 1004 3126 1054 et
3151 1001 3208 1054 in
3233 1000 3348 1056 fine
3365 1000 3567 1056 mundi
3601 1017 3634 1055 a
3660 1002 3830 1056 malis

2215 1106 2334 1145 esse
2371 1088 2788 1160 disgregandos
2819 1105 2886 1142 ex
2913 1089 3033 1159 ipsa
3063 1088 3444 1159 promissione
3475 1088 3597 1156 Dei,
3648 1105 3828 1160 quem

2213 1179 2305 1234 hic
2333 1181 2669 1250 loquentem
2701 1177 3107 1232 introducunt:
3140 1180 3195 1230 et
3220 1193 3324 1249 per
3340 1177 3709 1232 Dominicum
3731 1177 3830 1231 ho-

2216 1268 2436 1322 minem
2467 1269 2650 1322 bonos
2667 1267 2740 1320 ad
2755 1265 3119 1337 perdendum
3146 1267 3545 1336 separaturum
3564 1267 3623 1317 et
3635 1280 3828 1318 susce-

2214 1361 2448 1428 pturum
2478 1373 2490 1410 :
2527 1362 2584 1409 et
2613 1355 2740 1410 ideo
2774 1371 2906 1408 eum
2933 1355 3268 1424 loquentem
3295 1353 3597 1420 inducunt,
3631 1356 3695 1406 ut
3727 1368 3827 1405 au-

2217 1445 2603 1500 ctorizabilius
2632 1444 2722 1511 sit,
2757 1443 2912 1515 quod
2943 1460 3073 1497 eum
3099 1443 3438 1514 promittere
3469 1442 3684 1497 dicunt.
3705 1441 3830 1496 Dixi

2215 1539 2276 1590 ut
2303 1537 2450 1589 Deus
2475 1551 2569 1588 me
2597 1534 2872 1605 populum
2906 1549 3072 1587 suum
3103 1533 3321 1586 salvum
3377 1531 3562 1598 faciat,
3604 1534 3662 1585 et
3693 1544 3827 1584 vere

2213 1622 2416 1677 faciet:
2459 1621 2624 1689 Deus,
2658 1621 2814 1675 enim
2849 1621 3050 1674 loeutus
3079 1627 3152 1674 est
3182 1622 3237 1673 in
3273 1624 3453 1674 sancto
3503 1635 3616 1685 suo,
3647 1617 3708 1672 id
3745 1619 3833 1671 est

2213 1710 2272 1764 in
2300 1710 2598 1764 Dominico
2629 1709 2888 1775 homine,
2911 1707 3368 1763 antonomastice
3398 1710 3616 1762 sancto.

501 1791 560 1846 id
591 1795 676 1847 est
705 1793 987 1864 rcplevisti
1009 1777 1072 1862 2
1094 1777 1110 1862 Ι
1133 1778 1196 1862 Ο
1225 1810 1327 1848 nos
1349 1793 1762 1865 compungcnti
1785 1793 1936 1859 vino,
1959 1792 2116 1846 idest
2140 1787 2188 1844 B
2286 1798 2532 1852 Lambin-
2569 1805 2619 1851 ει
2641 1797 2888 1868 parabo:-
2932 1796 3247 1863 Sz‘chz'mam,
3289 1795 3346 1850 id
3409 1799 3514 1864 est,
3562 1796 3834 1850 lmtanter

501 1881 710 1952 poculo
743 1881 1202 1949 tribulationum,
1225 1885 1409 1953 utpcr
1437 1899 1532 1936 eas
1562 1881 1620 1936 in
1652 1883 1765 1936 ﬁne
1797 1883 2116 1936 commute-

501 1969 752 2042 mur,qui
768 1974 900 2024 ante
915 1970 1349 2025 conversionem
1373 1970 1520 2025 dulci
1538 1971 1669 2024 vino
1684 1969 2020 2042 potatﬂt‘uim
2031 1987 2113 2035 us,

505 2057 565 2112 id
587 2061 672 2112 est
699 2059 904 2130 poculo
933 2059 1335 2128 voluptatis.Et
1359 2059 1467 2114 hoc
1493 2061 1680 2114 totum
1699 2062 1784 2113 est
1805 2075 1870 2112 ac
1897 2058 1942 2112 si
1963 2057 2114 2112 dice-

501 2149 620 2200 ret:
656 2145 786 2199 Ideo
823 2163 926 2200 nos
957 2164 1162 2200 sanare
1189 2147 1382 2214 debes,
1409 2147 1542 2218 quia
1571 2164 1677 2218 pro
1707 2145 2118 2218 tepotionetri-

504 2233 866 2288 hulationum
883 2235 1344 2304 potamur.Undc
1361 2235 1523 2290 nobis
1538 2236 1864 2306 exemplum
1884 2235 1942 2288 in
1958 2251 2114 2288 mor-

503 2324 560 2376 te
593 2322 874 2376 Dominiei
906 2323 1159 2377 hominis
1188 2322 1414 2376 dedisti.
1439 2322 1646 2376 Vinum
1688 2340 1821 2376 vero
1842 2339 2118 2394 compun-

503 2426 666 2481 gens,
695 2409 986 2464 tribulatio
1019 2410 1336 2476 dicitur,eo
1371 2410 1525 2481 quod
1557 2410 1786 2482 corpori
1817 2427 2018 2464 amara
2043 2409 2116 2463 sit

505 2503 564 2554 et
583 2499 908 2566 austera,ad
921 2500 1160 2554 modum
1178 2499 1293 2552 vini
1308 2499 1937 2570 compungentis,quod
1961 2514 2117 2552 ama-

503 2602 634 2641 rum
659 2589 742 2640 est
767 2589 824 2642 et
839 2587 1374 2641 austerum.Dicitur
1395 2603 1622 2658 quoque
1640 2587 1899 2656 voluptas
1919 2585 2117 2640 vinum

505 2674 690 2741 dulce,
718 2691 786 2730 eo
813 2674 968 2747 quod
986 2675 1162 2730 dulcis
1181 2675 1956 2742 est,cthominesdementat,
1977 2673 2117 2728 dum

505 2779 605 2818 eos
635 2781 666 2818 a
691 2766 805 2820 Deo
836 2765 1076 2818 retrahit
1107 2764 1180 2818 ad
1201 2764 1442 2818 modum
1467 2763 2006 2831 vini,dementantis
2021 2779 2120 2817 eos

509 2869 652 2925 quos
667 2852 936 2908 inebriat.
956 2853 1231 2908 Dicuntur
1245 2852 1422 2908 etiam
1441 2852 1836 2908 tribulationes
1855 2851 2122 2924 potiones

511 2958 616 3014 per
661 2942 1120 3008 similitudinem,
1173 2943 1308 3014 quia
1361 2941 1506 2996 sicut
1555 2941 1768 2996 amaris
1795 2939 2123 3010 potionibus

2207 1886 2456 1963 μινιῶον
2483 1903 2516 1940 a
2544 1883 2855 1956 perdendis
2904 1883 3222 1951 Sic/timum,
3279 1883 3337 1938 id
3367 1887 3452 1936 est
3481 1884 3831 1938 humerosos

2216 1975 2342 2029 illos
2371 1973 2604 2040 scilicet,
2639 1972 2735 2044 qui
2777 1972 2836 2026 in
2880 1972 3141 2026 humeris
3166 1972 3280 2025 suis
3307 1971 3594 2042 patienter
3616 1971 3828 2042 jugum

2218 2079 2412 2116 meum
2431 2061 2709 2127 ferunt,id
2729 2065 2814 2115 est
2833 2061 2885 2114 in
2911 2060 3170 2115 humeris
3186 2060 3374 2115 cordis
3400 2061 3588 2130 legem
3608 2073 3830 2122 meam,

2217 2167 2346 2222 qua:
2367 2149 2578 2220 jugum
2601 2147 3002 2202 suavissimum
3033 2151 3139 2214 est,
3177 2145 3516 2202 memoriter
3543 2147 3778 2216 gerunt,
3802 2159 3836 2196 a

2218 2238 2596 2292 similitudine
2625 2237 2856 2292 illorum
2879 2237 2974 2308 qui
2993 2237 3198 2308 jugum
3223 2252 3393 2308 super
3409 2236 3684 2289 humeros
3702 2248 3837 2304 por-

2217 2329 2363 2382 tant.
2397 2326 2650 2381 Sichima
2679 2327 2892 2398 quippe
2923 2327 3168 2380 humerus
3193 2325 3624 2395 interpretatur,
3655 2323 3713 2372 et
3746 2319 3832 2372 di-

2218 2416 2364 2470 citur
2391 2431 2511 2470 esse
2527 2416 2682 2470 locus
2697 2415 2752 2468 in
2768 2415 2982 2469 Judma:
3007 2415 3159 2469 unde
3181 2431 3284 2486 per
3303 2411 3613 2468 Sichimam
3633 2408 3841 2462 ﬁdeles

2219 2503 2290 2558 de
2315 2503 2524 2557 Judaais
2555 2503 2984 2574 intelliguntur;
3016 2501 3149 2574 quia
3167 2498 3609 2556 indeterminate
3630 2513 3842 2568 posue-

2217 2595 2309 2646 rat
2338 2591 2662 2659 Sichimam,
2698 2609 2814 2646 non
2848 2591 3018 2646 datur
3047 2593 3216 2663 plane
3270 2587 3511 2658 intelligi
3551 2602 3694 2658 quos
3725 2585 3840 2638 hu-

2219 2697 2479 2736 merosos
2509 2682 2810 2754 partietur,
2843 2697 2974 2736 cum
3003 2681 3118 2735 sint
3155 2679 3388 2752 quidam
3421 2677 3596 2731 etiam
3626 2674 3723 2746 qui
3743 2675 3843 2744 ju-

2221 2785 2362 2840 gum
2393 2769 2607 2824 diaboli
2643 2769 2934 2836 deferunt,
2979 2771 3038 2823 et
3066 2767 3301 2840 quidam
3335 2765 3431 2837 qui
3470 2762 3576 2818 etsi
3619 2761 3839 2832 jugum

2223 2857 2455 2913 Domini
2502 2857 2652 2912 ferre
2695 2857 3017 2924 videantur,
3049 2873 3170 2910 non
3206 2851 3480 2910 tamenin
3506 2850 3838 2905 humilitate

2223 2946 2542 3018 patiuntur,
2571 2945 2671 3000 sed
2697 2944 2855 3000 inviti
2877 2944 3180 3000 sustinent.
3213 2942 3460 3018 Ideoque
3483 2936 3842 2992 determinat

507 3013 866 3086 medicorum
898 3030 1131 3085 morbus
1162 3013 1487 3101 depellitur,
1517 3029 1842 3101 sanitasque
1872 3028 2121 3083 restitui-
2148 3039 2194 3098 ί]
2224 3013 2368 3108 quos
2399 3036 2738 3090 humerosos
2766 3033 3063 3106 partietur,
3093 3031 3169 3086 sic
3198 3047 3212 3084 :
3415 3013 3432 3098 I
3506 3027 3641 3082 Dico
3680 3022 3844 3097 quod

506 3120 635 3186 tur;
667 3120 744 3174 sic
767 3119 942 3174 etiam
967 3119 1409 3174 tribulationum
1437 3118 1824 3173 amaritudine
1853 3117 2122 3171 vitiorum

506 3207 736 3263 foeditas
763 3208 1042 3278 expiatur,
1077 3213 1134 3263 et
1166 3208 1278 3262 vita
1305 3210 1584 3279 perpetua
1619 3205 2124 3276 reparatur.Unde

512 3296 792 3351 Dominus
814 3295 870 3350 in
905 3296 1210 3368 Evangelio
1243 3296 1415 3350 dicit:
1455 3314 1478 3349 ‹
1515 3294 1756 3350 Potestis
1787 3294 2022 3348 calicem
2048 3292 2130 3347 hi-

509 3379 866 3456 'bere,quem
893 3401 999 3455 ego
1029 3385 1312 3439 bibiturus
1341 3401 1466 3438 sum
1489 3383 1712 3448 (Matth.
1759 3400 1848 3450 xx,
1881 3382 1990 3453 22).
2026 3401 2057 3434 ι

591 3474 964 3529 Demonstrat
995 3489 1126 3528 vero
1162 3490 1275 3544 qua
1302 3473 1546 3528 utilitate
1579 3471 1962 3526 ostenditsuis
1989 3471 2132 3525 dura

521 3579 642 3617 esse
671 3561 969 3633 patienda,
1005 3560 1117 3616 sic:
1151 3561 1288 3616 Dico
1319 3561 1473 3634 quod
1521 3560 1792 3614 ostendisti
1819 3559 2014 3630 populo
2045 3565 2132 3612 tuo

521 3650 658 3704 dura
674 3649 946 3722 patienda
969 3667 1110 3718 esse,
1135 3653 1192 3704 et
1209 3665 1313 3720 per
1338 3650 1435 3704 illa
1467 3649 1610 3704 dura
1643 3648 1832 3702 dedisti
1855 3647 2131 3700 metuenti-

525 3740 618 3794 bus
639 3746 686 3793 te
709 3740 1153 3809 signiﬁcationem
1177 3756 1190 3806 ;
1212 3737 1269 3792 id
1289 3741 1391 3806 est,
1420 3737 1494 3792 ad
1509 3738 1617 3793 hoc
1639 3736 1824 3790 dedisti
1856 3735 1937 3789 eis
1967 3735 2130 3802 dura,

522 3831 588 3884 ut
617 3828 731 3882 sint
757 3827 837 3883 eis
867 3827 1232 3898 significatio,
1264 3827 1321 3882 id
1339 3829 1444 3894 est,
1477 3825 1707 3898 signum
1726 3822 2131 3894 futurijudicii,

523 3918 735 3972 scilicet
756 3921 817 3972 ut
837 3934 966 3972 cum
983 3917 1245 3972 viderent
1265 3919 1445 3971 Deum
1461 3916 1552 3970 hic
1573 3915 1854 3970 ultionem
1875 3911 2132 3982 accipere

527 4005 598 4059 de
630 4004 876 4076 peccatis
905 4005 1162 4059 ﬁdelium
1193 4021 1297 4076 per
1318 4004 1844 4073 tribulal.iones,per
1871 3999 2135 4070 hocjudi-

527 4096 660 4147 cent
685 4093 868 4146 multo
895 4093 1082 4163 magis
1111 4093 1390 4147 ultionem
1405 4094 1775 4164 accepturum
1793 4089 1864 4143 de
1889 4089 2132 4160 peccatis

531 4197 649 4236 non
702 4179 1122 4234 conﬁtentium.
1173 4180 1340 4234 Juxta
1387 4179 1544 4250 quod
1589 4179 1893 4251 Apostolus
1948 4179 2128 4235 dicit:

2219 3125 2465 3196 partibor
2492 3123 2808 3184 Sichimam,
2849 3129 2920 3189 et,
2953 3122 3009 3176 id
3042 3125 3128 3176 est
3156 3118 3388 3184 scilicet,
3426 3115 3678 3171 metibor
3715 3129 3844 3168 con-

2229 3213 2418 3266 vallem
2460 3212 2936 3278 tabernaculorum;
2974 3210 3030 3264 id
3090 3212 3175 3264 cst
3226 3205 3730 3262 tabernaculautes
3783 3200 3846 3256 in

2229 3302 2506 3368 convalle,
2562 3300 2773 3354 scilicet
2813 3299 3128 3354 militantes
3158 3298 3273 3352 Deo
3305 3295 3364 3349 in
3395 3292 3723 3349 humilitate
3749 3307 3853 3362 pa-

2230 3389 2470 3443 tientiae.
2505 3388 2670 3452 Quod
2701 3391 2786 3442 est
2813 3387 3000 3442 dicere
3025 3403 3038 3442 :
3066 3383 3344 3456 Colligam
3375 3399 3472 3438 eos
3494 3399 3527 3437 a
3557 3382 3853 3436 conventu

2235 3477 2703 3549 malignantium,
2737 3493 2770 3530 a
2799 3474 3172 3530 similitudine
3203 3470 3494 3536 metentis,
3509 3469 3604 3542 qui
3626 3467 3853 3538 colligit

2235 3565 2419 3637 spicas
2448 3581 2482 3619 a
2511 3563 2732 3618 culmis.
2759 3564 2921 3618 Unde
2953 3562 3198 3634 legitur:
3232 3556 3690 3630 «Separabiteas
3709 3570 3854 3626 gen-

2232 3657 2322 3708 tes
2350 3654 2421 3708 ab
2449 3653 2714 3720 invicem,
2740 3653 2883 3708 sicut
2908 3655 3102 3723 pastor
3131 3651 3397 3722 segregat
3421 3661 3552 3702 oves
3582 3641 3853 3698 abhazdis

2230 3741 2451 3806 (Matth.
2485 3757 2610 3808 xxv,
2639 3741 2748 3812 32).
2784 3759 2816 3792 »
2871 3738 3151 3794 Convallis
3179 3751 3432 3808 congrue
3461 3749 3529 3788 eo
3561 3731 3719 3804 quod
3778 3731 3854 3784 sit

2233 3827 2484 3894 humilis,
2518 3826 2958 3898 prohumilitate
2987 3825 3238 3896 ponitur:
3257 3819 3692 3876 tabernaculum
3711 3833 3848 3871 vero

2235 3933 2340 3989 pro
2369 3915 2597 3982 militia,
2632 3931 2698 3970 eo
2731 3915 2885 3988 quod
2915 3915 2972 3968 in
3000 3912 3382 3969 tabernaculis
3401 3909 3663 3964 habitare
3691 3906 3844 3960 mili-

2232 4003 2484 4058 tantium
2515 4007 2624 4057 est:
2659 4007 2716 4058 et
2748 4019 2864 4058 non
2885 4001 3248 4057 metiborillos
3272 3999 3586 4054 militantes
3611 3995 3672 4049 in
3705 4010 3846 4048 con-

2233 4095 2398 4160 valle,
2435 4093 2531 4164 qui
2565 4092 2837 4146 deﬁciunt
2865 4109 2900 4146 a
2925 4089 3374 4156 militia,timore
3390 4084 3848 4142 tribulationiset

2234 4179 2516 4252 martyrii.
2551 4178 2663 4233 Sed
2695 4197 2837 4234 meus
2867 4187 2941 4234 est
2963 4178 3194 4245 Galaad,
3229 4177 3287 4232 id
3317 4179 3420 4244 est,
3451 4175 3531 4230 illi
3565 4173 3682 4228 mei
3711 4175 3848 4226 sunt

529 4287 562 4321 «
595 4268 746 4332 Quas
776 4267 1064 4322 sustinetis
1096 4267 1154 4320 in
1187 4268 1518 4337 exemplum
1539 4267 1676 4338 justi
1689 4267 1892 4338 judicii
1933 4269 2031 4325 Dei
2052 4267 2141 4333 (II
2159 4327 2203 4340 ﬂ
2235 4268 2307 4323 ad
2340 4268 2700 4323 metiendum
2731 4269 2827 4340 qui
2863 4271 2998 4323 sunt
3026 4267 3258 4334 Galaad,
3292 4268 3574 4336 martyres
3631 4261 3848 4316 scilicet

531 4355 709 4409 Thess.
744 4372 782 4422 ι,
816 4355 888 4425 4).
937 4374 966 4406 δ
996 4354 1118 4410 Dixi
1149 4354 1304 4426 quod
1337 4371 1440 4426 per
1468 4355 1602 4407 dura
1633 4355 1826 4410 dedisti
1873 4351 2138 4412 fidelibus

528 4443 882 4498 metuentibus
949 4450 996 4498 te
1022 4441 1488 4516 sagmﬁcationem,
1522 4443 1630 4496 ad'
1653 4443 1762 4498 hoc
1813 4445 2044 4512 scilicet,
2078 4452 2136 4498 ut

527 4531 856 4586 contuendo
883 4531 1006 4586 haec
1037 4531 1202 4602 signa
1227 4530 1802 4604 tribulationum,per
1830 4533 2135 4588 correctio-

527 4635 664 4674 nem
691 4619 818 4673 vita:
832 4637 945 4673 suae
964 4621 1186 4690 fugiant
1207 4638 1238 4673 a
1266 4621 1408 4690 facie
1431 4620 1680 4688 arcus,id
1709 4624 1794 4676 est
1823 4639 1857 4676 a
1885 4638 2136 4694 przesen-

526 4707 608 4763 tia
635 4707 1104 4764 comminationis
1125 4709 1265 4780 ejus,
1283 4707 1341 4762 id
1367 4711 1450 4762 est
1479 4726 1512 4762 a
1543 4708 1916 4766 damnatione
1938 4727 2139 4784 perpe-

523 4799 644 4864 tua,
677 4813 852 4869 quam
866 4797 1162 4852 tribulatio
1184 4797 1483 4852 mundana
1503 4799 2050 4863 comminatur,cum
2065 4799 2138 4853 sit

525 4884 755 4956 signum
778 4886 919 4956 ejus,
945 4886 1096 4940 Bene
1127 4884 1336 4957 quippe
1368 4885 1658 4940 tribulatio
1691 4887 2023 4958 temporalis
2051 4903 2136 4940 ar-

523 4991 613 5028 cus
642 4973 874 5029 dicitur:
893 4975 1026 5047 quia
1053 4973 1198 5029 sicut
1227 4991 1388 5028 arcus
1415 4974 1674 5047 delonge
1706 4975 2136 5044 minatur,itaet

521 5061 646 5134 ipsa
659 5064 956 5118 mundana
975 5063 1268 5118 tribulatio
1289 5067 1538 5118 mortem
1557 5067 1837 5119 aeternam
1852 5081 1968 5120 non
1989 5081 2128 5120 con-

519 5152 810 5207 vertendis
839 5152 1248 5220 comminatur,
1281 5152 1448 5222 cujus
1478 5152 1706 5225 signum
1735 5157 1840 5208 est.

593 5240 784 5296 Facies
836 5257 1064 5313 quoque
1127 5241 1274 5296 bene
1307 5257 1410 5312 pro
1439 5241 1745 5312 praesentia
1773 5241 2028 5314 ponitur,
2057 5257 2125 5298 eo

520 5329 678 5401 quod
702 5345 900 5385 coram
929 5330 1074 5384 facie
1105 5329 1667 5402 positos,prmsentes
1695 5347 1814 5384 esse
1846 5329 2122 5386 dicamus.

517 5418 587 5472 Et
615 5416 744 5472 ideo
780 5418 999 5488 fugiant
1023 5417 1118 5472 hic
1147 5419 1474 5472 metuentes
1497 5421 1554 5471 te
1580 5435 1612 5471 a
1641 5418 1782 5488 facie
1811 5435 1990 5486 arcus,
2023 5435 2127 5491 per

515 5505 646 5560 vitm
676 5522 792 5560 suae
821 5505 1266 5574 correctionem,
1293 5505 1539 5561 utdzleeti
1553 5508 1651 5573 tui,
1671 5505 1730 5561 id
1762 5510 1847 5562 est
1867 5510 2127 5563 metuen-

512 5594 600 5676 tes
628 5595 708 5660 te,
735 5592 1020 5653 liberentur
1047 5611 1080 5650 a
1107 5593 1248 5668 facie
1287 5612 1460 5667 arcus,
1490 5593 1549 5652 id
1569 5597 1654 5653 est
1683 5613 1718 5654 ιι
1747 5595 2126 5656 damnatione

2159 4327 2209 4385 Ῑ)
2235 4349 2570 4415 militantes,
2603 4327 3035 4419 perseveranter
3063 4364 3181 4403 non
3226 4327 3580 4416 denega'ntes
3621 4357 3846 4396 nomen

2236 4437 2337 4492 Dei
2363 4438 2538 4492 etiam
2554 4438 2612 4492 in
2635 4436 3128 4504 tribulatione,ubi
3149 4433 3437 4490 videretur
3451 4428 3849 4488 locustimoris

2237 4534 2295 4586 et
2325 4527 2746 4601 denegationis,
2783 4525 2996 4580 Galaad
3053 4539 3263 4594 nempe
3293 4537 3506 4577 acervus
3556 4519 3848 4574 testimonii

2237 4611 2672 4689 interpretatur.
2698 4614 2860 4669 Unde
2897 4629 3151 4685 congrue
3181 4628 3286 4684 per
3315 4609 3526 4666 Galaad
3557 4611 3843 4680 martyres

2235 4707 2654 4779 intelliguntur,
2711 4704 2810 4776 qui
2867 4706 3039 4757 testes
3067 4701 3383 4758 Dominicas
3412 4698 3546 4754 fidei
3577 4697 3756 4752 etiam
3782 4696 3841 4750 in

2235 4793 2704 4850 tribulationibus
2729 4791 2970 4848 existere
2999 4807 3116 4846 non
3150 4791 3438 4844 metuunt.
3471 4786 3635 4851 Quod
3661 4785 3841 4840 etiam

2235 4900 2339 4956 per
2363 4883 2471 4939 hoc
2503 4899 2718 4938 nomen
2749 4879 3105 4952 intelligitur,
3127 4879 3279 4951 quod
3311 4880 3397 4932 est
3422 4879 3660 4946 martyr.
3690 4872 3845 4927 Mar-

2233 4977 2324 5043 tyr
2354 4972 2510 5026 enim
2538 4972 2753 5038 Greece,
2811 4971 2952 5024 testis
2991 4972 3159 5023 sonat
3185 4966 3402 5021 Latine.
3427 4966 3525 5018 Ille
3551 4980 3688 5019 vero
3719 4979 3840 5018 non

2225 5061 2378 5133 juste
2429 5060 2635 5115 dicitur
2699 5057 2880 5126 testis,
2932 5057 3033 5130 qui
3075 5055 3284 5111 timore
3337 5053 3541 5110 mortis
3597 5070 3632 5108 a
3695 5052 3844 5107 veri-

2228 5151 2364 5205 tatis
2412 5148 2744 5204 testimonio
2791 5146 3031 5202 desistit.
3087 5148 3331 5200 Acervus
3379 5160 3513 5200 vero
3565 5143 3838 5198 dicuntur

2229 5243 2532 5310 martyres,
2553 5237 2688 5310 quia
2713 5235 2878 5291 multi
2911 5237 3062 5289 sunt.
3085 5235 3367 5290 Aeervum
3381 5232 3540 5288 enim
3568 5230 3837 5298 dicimus,

2229 5330 2543 5385 multarum
2572 5343 2768 5382 rerum
2799 5324 3224 5380 collectionem.
3249 5323 3445 5378 Potest
3481 5320 3658 5375 etiam
3688 5336 3837 5374 unus

2227 5419 2338 5474 alia
2361 5416 2733 5472 similitudine
2761 5431 2992 5470 acervus
3022 5413 3153 5480 dici,
3194 5427 3262 5467 eo
3293 5411 3447 5483 quod
3479 5409 3540 5464 in
3579 5406 3836 5464 altitudi-

2223 5525 2363 5564 nem
2393 5505 2760 5580 perfectionis
2779 5520 2884 5576 per
2913 5501 3312 5558 tribulationes
3327 5499 3600 5555 excrescit
3621 5514 3688 5554 ac
3706 5513 3836 5558 m0-

2224 5597 2364 5656 dum
2393 5595 2600 5666 acervi,
2634 5593 2732 5670 qui
2756 5593 2816 5650 in
2847 5594 3029 5650 altum
3059 5589 3352 5649 excrescit.
