4004 6052
327 277 431 332 917
1321 272 1677 336 EXPOSITIO
1714 276 1784 336 IN
1822 275 2157 339 PSALMOS.
2193 313 2264 324 —
2300 280 2497 340 PSAL.
2554 268 2661 338 nx
3539 290 3640 345 eis

398 401 684 466 Quoniam
733 421 868 460 vero
914 403 1149 476 quidam
1194 401 1448 470 fuerunt,
1490 404 1587 475 qui
1632 423 1811 479 usque
1853 407 1928 462 ad
1962 408 2133 480 Aqui
2153 413 2414 465 excoctus
2435 413 2520 464 est
2538 409 2609 464 ab
2630 408 2791 463 omni
2811 408 3142 462 terrenitate
3163 425 3267 481 per
3304 410 3500 482 ignem
3530 413 3641 468 tri-

321 492 580 545 mortem
611 494 784 547 testes
805 492 1120 548 Dominicae
1149 492 1281 547 ﬁdei
1312 493 1687 564 exstiterunt;
1722 500 1779 550 et
1808 514 1926 553 non
2036 497 2363 563 bulalionis,
2397 497 2469 551 ad
2500 496 2741 552 modum
2785 495 2911 549 ollae
2951 512 3079 567 qua:
3123 499 3456 569 excoquitur
3502 494 3657 572 igne'

322 577 603 634 charitate
629 581 1050 648 commoti,sed
1081 580 1274 636 favore
1305 582 1928 657 hominuminstigati;
2032 588 2096 639 ut
2119 586 2409 641 robustior
2448 585 2540 652 sit,
2588 583 2794 639 attinet
2843 583 2961 655 spei
3001 600 3168 651 mete,
3216 584 3276 639 id
3323 589 3424 656 est,
3475 587 3638 644 illum

322 665 487 721 Unde
511 667 648 723 dicit
671 671 1007 740 Apostolus:
1029 692 1057 718 «
1083 668 1139 724 Si
1164 669 1455 744 tradidero
1477 687 1685 743 corpus
1708 690 1927 742 meum,
2031 691 2197 746 spero
2230 675 2289 730 in
2319 675 2512 729 futuro
2544 691 2579 728 a
2610 673 2778 728 malis
2809 672 3032 744 partiri.
3061 672 3157 728 Vel
3185 673 3263 727 sic
3288 690 3302 728 :
3328 674 3496 729 Moab
3532 677 3638 731 olla

319 753 404 809 ita
433 758 495 810 ut
509 758 1131 821 ardeam,charitatem
1155 762 1348 813 autem
1366 776 1482 813 non
1499 760 1930 827 habeam,nihil
2031 764 2235 817 attinet
2262 766 2374 834 spei
2410 780 2558 828 meae,
2587 762 2645 816 id
2676 765 2759 816 est
2788 762 3023 833 gentilis
3068 762 3312 833 populus
3351 763 3449 834 qui
3496 764 3637 820 ﬁde-

317 843 465 899 mihi
494 846 731 917 prodest
755 846 818 915 (Ι
854 845 980 901 Cor.
1014 864 1134 914 x111,
1167 847 1242 918 3),
1280 867 1308 894 »
1353 847 1707 902 determinat
1753 865 1927 920 quem
2028 850 2169 905 lium
2195 866 2463 906 meorum
2505 850 2619 905 olla
2658 849 2785 916 fuit,
2830 849 2888 904 id
2915 852 3017 915 est,
3052 864 3379 921 excoquens
3408 866 3508 905 eos
3536 869 3638 923 per

317 933 533 989 Galaad
561 934 712 989 dicat
742 952 863 992 esse
895 952 1084 1003 suum,
1111 951 1244 990 cum
1276 935 1438 990 addit
1468 952 1481 990 :
1514 937 1613 1003 Et,
1634 936 1693 991 id
1717 941 1802 991 est
1823 937 1927 991 sci-
2029 937 2191 1010 ignes
2212 938 2650 993 tribulationum
2679 937 2751 991 ab
2773 936 3222 1003 omnisorde,ad
3250 937 3489 992 modum
3510 940 3637 995 ollae

317 1022 635 1090 licet,meus
663 1030 738 1077 est
764 1023 1060 1089 Manasses,
1096 1024 1152 1079 id
1173 1026 1257 1078 est
1279 1023 1505 1079 oblivio.
1542 1024 1707 1088 Quod
1736 1029 1821 1080 est
1842 1025 1927 1080 di-
2030 1025 2089 1079 in
2123 1042 2237 1097 qua
2265 1025 2376 1079 cibi
2409 1021 2872 1096 excoquuntur'a
2900 1040 3086 1079 nocuo
3118 1024 3386 1080 humore.
3405 1026 3473 1080 Et
3504 1026 3639 1098 quia

322 1126 452 1165 cere
480 1128 497 1163 :
522 1112 603 1165 llli
628 1106 908 1183 martyres
940 1112 1055 1167 mei
1086 1115 1240 1174 sunt,
1270 1112 1366 1184 qui
1390 1115 1524 1166 sunt
1541 1113 1843 1179 Manasses,
1872 1114 1931 1167 id
2031 1117 2222 1184 posset
2251 1114 2431 1184 quaeri
2467 1130 2479 1166 :
2516 1113 2821 1176 Quomodo
2847 1113 3108 1184 acquires
3140 1112 3240 1167 tibi
3262 1114 3445 1181 Moab,
3474 1113 3533 1168 id
3553 1117 3639 1168 est

324 1201 414 1255 est
442 1199 840 1255 obliviscentes
870 1217 1107 1256 omnem
1146 1204 1443 1284 terrenum
1462 1202 1740 1267 favorem,
1757 1205 1930 1273 etpro
2033 1203 2309 1272 gentilem
2332 1202 2606 1272 p0pulum
2624 1200 2652 1254 ?
2674 1200 2847 1254 modo
2872 1199 3125 1254 ostendit
3143 1202 3437 1271 quomodo
3451 1200 3640 1273 acqui-

321 1288 443 1341 sola
468 1287 744 1342 charitate
776 1289 834 1342 in
876 1289 1245 1344 tribulatione
1279 1289 1612 1345 militantes.
1646 1292 1933 1346 Manasses
2032 1293 2140 1356 ret,
2172 1289 2249 1343 sic
2278 1306 2290 1343 :
2326 1290 2458 1344 Dico
2490 1288 2645 1361 quod
2671 1287 2832 1342 Moab
2863 1287 3071 1341 attinet
3101 1288 3174 1341 ad
3221 1305 3384 1359 spem
3419 1305 3635 1357 meam,

323 1375 536 1447 quippe
554 1376 744 1430 oblivio
776 1376 1202 1431 dicitur:etiste
1222 1378 1433 1432 Galaad
1473 1378 1567 1449 qui
1606 1382 1692 1433 est
1710 1379 1928 1434 Manas-
2033 1393 2206 1449 quem
2237 1378 2397 1432 Moab
2435 1377 2579 1431 mihi
2631 1375 2951 1448 acquiram,
2988 1372 3066 1428 sic
3106 1391 3211 1445 per
3240 1377 3347 1431 hoc
3405 1378 3637 1444 scilicet,

319 1463 684 1529 ses,exislens
717 1465 893 1520 etiam
914 1464 1200 1536 Ephraim,
1227 1465 1285 1519 id
1311 1468 1396 1520 est
1410 1466 1763 1521 frnctiﬁcans
1789 1467 1931 1521 alios
2033 1467 2185 1537 quod
2219 1469 2273 1520 in
2301 1466 2655 1533 Indummam,
2689 1465 2746 1519 id
2774 1467 2860 1520 est
2903 1463 2960 1517 in
3010 1464 3291 1535 gentilem
3332 1468 3632 1537 populum,

320 1551 382 1605 in
413 1552 524 1606 ﬁde
557 1569 661 1623 per
679 1554 1153 1624 prazdicationem
1176 1556 1233 1608 et
1253 1554 1638 1609 constantiam
1655 1557 1934 1621 suam,est
2031 1555 2305 1609 extendam
2345 1555 2757 1610 calceamentum
2788 1570 2983 1619 meum,
3015 1552 3073 1606 id
3108 1557 3193 1608 est
3235 1554 3640 1625 praedicatores

316 1640 577 1710 fortitudo
616 1643 720 1695 mei
746 1643 955 1712 capitis,
983 1641 1042 1695 id
1070 1646 1174 1709 est,
1190 1644 1560 1713 computatse
1582 1643 1791 1698 fortem
1809 1659 1931 1697 esse
1960 1711 1998 1715 _
2032 1644 2129 1715 qui
2152 1643 2414 1698 doctrina
2441 1659 2575 1697 eum
2610 1659 2711 1697 sua
2742 1640 2885 1695 mihi
2915 1640 3238 1712 acquirent.

320 1728 382 1783 in
409 1728 731 1783 constantia
762 1711 1200 1784 tribulationum
1232 1711 1340 1801 per
1356 1746 1469 1798 me,
1488 1730 1585 1801 qui
1613 1748 1742 1785 sum
1761 1736 1932 1802 caput
1959 1711 2010 1768 Β
2049 1711 2069 1715 -
2101 1731 2355 1786 ldumaea
2378 1738 2582 1785 terrena
2603 1731 2838 1795 dicitur;
2864 1711 3016 1783 unde
3028 1744 3133 1798 per
3150 1730 3464 1786 Idumtram
3480 1731 3638 1802 plebs

318 1833 509 1884 suum,
535 1817 592 1872 id
624 1820 708 1871 est
731 1818 1087 1889 gubernator
1116 1836 1267 1872 suus.
1296 1818 1569 1888 Ephraim
1588 1823 1783 1874 autem
1805 1821 1928 1891 fru-
2030 1821 2334 1894 gentilium
2371 1820 2702 1885 denotatur,
2732 1834 2860 1890 qua:
2899 1820 3033 1872 ante
3073 1819 3505 1873 conversionem
3533 1820 3637 1875 soli

321 1906 573 1974 ctiﬁcatio
601 1906 1121 1977 interpretatur.Et
1148 1907 1254 1961 hoc
1286 1909 1470 1961 totum
1499 1911 1584 1961 est
1604 1925 1669 1962 ac
1706 1907 1747 1973 si
1777 1908 1927 1962 dice-
2031 1906 2355 1961 tcrrenitati
2386 1907 2643 1962 vacabat.
2662 1907 3130 1962 Calceamentum
3157 1910 3348 1961 autem
3373 1907 3640 1963 dicuntur

322 1995 587 2048 retzlllos
609 1995 883 2050 humeros
900 1995 1159 2065 partibor
1174 2012 1283 2067 ego
1313 2012 1346 2050 a
1373 1995 1538 2049 malis
1562 2013 1573 2049 :
1596 1996 1846 2050 metibor
1875 2001 1932 2051 et
2032 2012 2286 2067 congrue
2309 1996 2738 2067 praadicatores,
2764 2012 2830 2049 eo
2855 1995 3009 2067 quod
3025 1995 3331 2049 Ecclesiam
3359 1996 3635 2067 praadica-

323 2082 468 2137 mihi
502 2083 599 2154 qui
634 2083 747 2138 mei
767 2086 1144 2151 erunttestes,
1169 2084 1345 2138 etiam
1368 2084 1425 2138 in
1448 2084 1928 2151 tribulationibus,
2031 2083 2189 2138 tione
2212 2087 2268 2139 et
2298 2086 2562 2155 exemplo
2586 2083 2919 2139 etoratione
2942 2100 3044 2137 sua
3062 2083 3353 2151 muniunt,
3377 2084 3520 2139 sicut
3538 2102 3639 2157 pes

323 2174 381 2225 et
400 2187 636 2226 omnem
659 2172 913 2226 favorem
932 2171 1927 2240 humanumobliviscentes,etalios,
2033 2191 2067 2228 a
2100 2176 2491 2229 calceamento
2540 2173 2822 2227 munitur.
2880 2173 2977 2227 Vel
3036 2188 3139 2242 per
3178 2173 3635 2225 calceamentum

322 2263 496 2330 prout
526 2263 784 2332 possunt,
816 2260 876 2314 in
902 2260 1014 2314 ﬁde
1032 2260 1535 2327 fructiﬁcanles,et
1558 2277 1796 2315 omnem
1820 2260 1934 2315 for-

222 2412 227 2415 ,
323 2348 636 2403 titudinem
666 2349 1008 2404 constantia}
1037 2367 1174 2416 suae,
1196 2367 1312 2405 non
1332 2349 1437 2404 sibi
1463 2348 1562 2403 sed
1591 2349 1731 2403 mihi
1759 2350 1930 2419 capiti
2033 2353 2273 2406 utuntur
2297 2370 2310 2419 ;
2347 2368 2450 2423 per
2479 2350 2654 2422 pedes
2686 2367 2821 2404 vero
2848 2350 3257 2421 prmdicatores
3290 2365 3303 2402 :
3333 2348 3469 2420 quia
3496 2348 3638 2402 sicut

319 2453 421 2491 suo
435 2438 1061 2492 attribuentes.Galaad
1086 2440 1241 2493 locus
1257 2437 1638 2492 estinJudaea.
1658 2437 1929 2509 Ephraim
2033 2440 2206 2510 pedes
2233 2455 2441 2509 corpus
2475 2438 2763 2505 deferunt,
2796 2438 2874 2492 sic
2902 2442 2959 2492 et
2984 2436 3392 2509 praedicatores
3420 2451 3636 2489 nomen

323 2528 518 2578 autem
549 2528 607 2578 et
633 2526 934 2588 Manasses,
964 2526 1231 2580 homines
1259 2526 1441 2580 Judaei
1476 2526 1729 2580 fuerunt.
1765 2526 1929 2580 Unde
2032 2526 2338 2583 Dominiin
2358 2529 2560 2599 gentes
2585 2527 3046 2582 detulerunt.Vel
3077 2524 3431 2580 sic:Perhoc
3451 2523 3639 2596 acqui-

318 2629 423 2685 per
438 2612 560 2666 haec
582 2614 875 2681 vocabula,
898 2618 1181 2686 martyres
1202 2632 1266 2669 ex
1283 2613 1925 2685 Judzeisintelliguntur.
2029 2632 2158 2670 ram
2184 2617 2318 2670 mihi
2349 2617 2629 2687 gentilem
2662 2616 2963 2687 populum,
2997 2614 3133 2686 quia
3161 2616 3215 2667 in
3234 2613 3533 2668 Idumavam
3553 2630 3648 2667 ex»

317 2700 397 2754 Ne
429 2717 561 2756 vero
590 2701 921 2756 viderentur
947 2703 1304 2757 confessores
1325 2719 1390 2755 ex
1420 2702 1629 2756 Judmis
1655 2719 1773 2757 non
1806 2719 1926 2756 esse
2031 2705 2245 2758 tendam
2294 2706 2705 2759 calceamentum
2740 2722 2934 2769 meum,
2989 2703 3046 2757 id
3106 2706 3211 2769 est,
3264 2701 3321 2756 in
3368 2701 3635 2756 notitiam

318 2789 426 2851 sui,
472 2788 625 2860 ipsos
656 2789 834 2844 etiam
875 2789 1055 2858 addit,
1087 2790 1165 2844 sic
1208 2807 1221 2844 :
1248 2791 1314 2844 Et
1347 2790 1495 2843 Juda
1526 2807 1616 2843 rex
1645 2795 1732 2844 est
1759 2807 1924 2857 meus,
2030 2792 2556 2864 Idumaaa‘,gentilis
2578 2790 3027 2864 populiscilicet,
3043 2789 3352 2844 extendam
3367 2788 3636 2843 notitiam

318 2877 379 2933 id
406 2881 492 2933 est
520 2878 875 2933 confessores
907 2895 973 2933 ex
997 2878 1206 2933 Iudaeis
1236 2878 1350 2932 mei
1392 2882 1546 2945 sunt,
1580 2878 1677 2948 qui
1726 2896 1785 2933 se
1835 2896 1925 2933 re-
2029 2881 2405 2934 calceamenti
2430 2880 2566 2943 mei,
2586 2880 2643 2934 id
2657 2883 2742 2934 est
2762 2877 3139 2934 humanitatis
3162 2894 3330 2944 meae,
3349 2879 3409 2931 ut
3426 2893 3520 2931 me
3539 2875 3635 2948 qui

318 2968 465 3038 gunt
489 2983 561 3020 ne
590 2983 694 3037 per
721 2966 918 3021 illicita
947 2966 1223 3022 deﬂuant.
1246 2967 1455 3019 Parum
1478 2966 1635 3019 enim
1664 2969 1764 3020 aut
1784 2966 1927 3020 nihil
1959 2988 2006 3045 ρ
2031 2970 2177 3022 Deus
2195 2985 2378 3033 eram,
2404 2968 2703 3023 hominem
2727 2984 2846 3021 esse
2872 2967 3088 3020 factum
3109 2982 3213 3037 pro
3238 2965 3412 3019 totius
3429 2963 3634 3018 mundi

318 3053 486 3109 alicui
520 3055 782 3109 conﬁteri
813 3057 930 3110 lleo
977 3071 1112 3109 voce
1153 3054 1431 3125 proderit,
1476 3053 1583 3107 nisi
1631 3055 1810 3109 etiam
1868 3070 1928 3108 se
2031 3057 2213 3110 salute
2240 3073 2613 3127 cognoscens,
2640 3054 2781 3109 mihi
2805 3056 3125 3125 spontanea
3146 3051 3497 3123 subjiciatur.
3516 3051 3637 3105 Cal-

322 3144 471 3199 bene
502 3145 760 3215 regendo
787 3145 860 3199 ab
893 3144 1099 3199 illicitis
1130 3143 1492 3209 abstinuerit,
1524 3146 1583 3197 et
1611 3143 1759 3197 bene
1791 3159 1927 3214 ope-
2029 3149 2398 3200 ceamentum
2432 3147 2626 3198 autem
2652 3161 2716 3198 ex
2747 3143 2988 3215 pellibus
3016 3143 3379 3197 mortuorum
3412 3141 3635 3196 anima-

321 3232 438 3287 rari
468 3232 770 3287 studuerit.
797 3233 958 3287 Unde
978 3234 1221 3303 Prosper
1250 3250 1263 3287 :
1296 3254 1325 3282 «
1353 3233 1503 3286 Bene
1530 3232 1686 3303 loqui
1705 3233 1928 3286 etmale
2029 3234 2172 3288 lium
2202 3234 2466 3300 efﬁcitur,
2496 3232 2740 3304 ideoque
2770 3248 2873 3304 pro
2905 3230 3267 3291 humanitate
3295 3230 3503 3285 Christi
3531 3246 3631 3301 po-

319 3320 686 3387 vivere,nihil
708 3324 792 3375 est
817 3321 973 3375 aliud
996 3337 1172 3392 quam
1199 3339 1300 3376 sua
1325 3337 1381 3375 se
1407 3336 1539 3375 voce
1559 3321 1858 3375 damnare.
1896 3342 1924 3369 »
2030 3324 2206 3390 nitur,
2250 3340 2378 3395 qum
2409 3338 2512 3393 per
2559 3324 2768 3376 multas
2808 3321 3208 3375 tribulationes
3253 3320 3325 3374 ad
3368 3320 3633 3375 ultimam

320 3408 654 3463 EtJoannes
673 3411 994 3481 apostolus:
1020 3433 1046 3459 ‹‹
1066 3409 1261 3480 Siquis
1293 3409 1428 3463 dicit
1448 3426 1505 3463 se
1526 3426 1691 3463 nosse
1720 3410 1923 3476 Deum,
2030 3412 2297 3482 passione
2330 3410 2512 3465 crucis
2540 3409 2886 3464 mortiﬁcata
2910 3412 3014 3462 est.
3049 3407 3209 3462 Unde
3243 3408 3492 3462 Joannes
3530 3409 3635 3461 Ba-

322 3498 381 3550 et
404 3497 682 3551 manda‘a
711 3497 832 3568 ejus
860 3513 976 3551 non
1007 3495 1274 3563 custodit,
1300 3497 1547 3551 mendax
1573 3500 1657 3551 est
1688 3495 1744 3566 (I
1763 3498 1926 3551 Joan.
2030 3501 2202 3571 ptista
2238 3517 2252 3555 :
2284 3502 2417 3554 Post
2472 3516 2567 3553 me
2616 3497 3019 3568 temporaliter
3062 3496 3216 3550 venit
3244 3496 3348 3563 vir,
3385 3497 3636 3551 Christus

322 3600 383 3651 ιι,
422 3586 498 3650 4).
537 3607 564 3634 ››
590 3585 736 3639 Juda
774 3585 1011 3656 quidem
1045 3585 1299 3654 confessio
1320 3585 1757 3657 interpretatur.
1785 3585 1930 3640 Con-
2029 3588 2263 3654 scilicet,
2295 3587 2390 3658 qui
2424 3591 2558 3641 ante
2595 3603 2686 3640 me
2716 3588 2899 3653 factus
2921 3588 3005 3639 est
3029 3586 3215 3650 (Joan.
3248 3586 3633 3651 1,27),secun-

323 3672 624 3727 venienter
650 3689 789 3743 ergo
820 3690 925 3744 per
946 3673 1171 3739 Judam,
1193 3672 1289 3743 qui
1313 3673 1399 3726 vir
1419 3673 1648 3727 Iudaeus
1680 3673 1805 3738 fuit,
1835 3675 1926 3727 Ja-
2031 3675 2767 3738 dumlmmanilatem,non
2792 3671 3299 3742 temporalitersed
3329 3671 3630 3742 dignitate.

324 3761 428 3815 cob
467 3761 683 3815 scilicet
718 3761 888 3829 ﬁlius,
918 3761 1273 3815 confessores
1295 3777 1360 3815 ex
1390 3761 1603 3815 Judzeis
1624 3760 1929 3832 designan-

324 3853 437 3905 tur.

2031 3762 2192 3826 Quod
2212 3763 2540 3816 estdicere:
2565 3761 2670 3824 Qui
2694 3760 2876 3814 factus
2901 3762 2985 3812 est
3006 3759 3237 3829 dignior
3266 3775 3382 3825 me,
3401 3775 3531 3812 cum
3563 3759 3635 3814 sit

2030 3852 2312 3922 posterior
2324 3854 2585 3920 tempore
2601 3848 2917 3903 secundum
2940 3846 3093 3918 quod
3108 3847 3633 3917 homo.Corrigiam

2034 2279 2066 2316 e
2094 2263 2366 2334 contigue
2390 2262 2565 2334 pedes
2584 2260 3042 2333 accipiuntur,eo
3061 2260 3216 2331 quod
3236 2258 3638 2313 calceamentis
3726 2262 3729 2267 λ

396 3939 706 4010 Postquam
739 3939 1022 4009 martyres
1044 3941 1100 3993 et
1121 3937 1475 3994 confessores
1489 3955 1556 3993 ex
1568 3940 1594 3993 J
1603 3937 1776 3993 udteis
1799 3955 1930 3994 suos

327 4042 447 4081 esse
480 4025 752 4091 ostendit,
777 4027 836 4079 et
857 4026 915 4079 in
937 4026 1127 4080 futuro
1152 4027 1485 4097 partiendos
1498 4026 1929 4095 esse,neﬁdeles

328 4131 393 4169 ex
420 4114 686 4185 gentibus
707 4114 913 4167 exclusi
939 4118 1299 4185 putarentur,
1320 4131 1569 4186 quorum
1596 4115 1762 4169 multi
1783 4131 1928 4170 mar-

328 4202 680 4273 tyres,multi
708 4203 901 4255 autem
933 4202 1196 4257 exstitere
1225 4203 1596 4271 confessores,
1619 4205 1770 4276 ipsos
1788 4221 1929 4274 quo-

2029 3940 2403 3995 calceamenti
2433 3940 2590 4009 cujus
2618 3954 2735 3992 non
2771 3952 2898 4003 sum
2930 3935 3137 4007 dignus
3169 3936 3385 3989 solvere
3416 3934 3632 4008 (Ibid.),

2028 4030 2088 4085 id
2113 4032 2216 4093 est,
2247 4027 2554 4082 minimam
2578 4025 2920 4099 particulam
2954 4022 3362 4095 mysteriorum
3385 4023 3510 4094 ejus
3525 4022 3631 4076 hu-

2032 4117 2326 4173 manitatis
2364 4132 2481 4171 non
2514 4132 2638 4170 sum
2672 4114 2878 4185 dignus
2908 4112 3210 4183 explicare.
3242 4111 3405 4175 Quod
3433 4114 3520 4165 est
3548 4111 3634 4165 di-

2033 4223 2160 4261 cere
2192 4223 2204 4260 :
2239 4206 2350 4259 Nec
2381 4205 2558 4258 etiam
2582 4202 2789 4273 dignus
2822 4217 2949 4255 sum
2976 4204 3032 4254 et
3052 4199 3340 4254 sufﬁciens
3369 4199 3442 4254 ad
3466 4198 3639 4270 expli-

330 4269 450 4362 que
468 4289 547 4344 sic
573 4289 840 4360 adjungit
864 4289 1268 4363 universaliter
1302 4308 1314 4344 :
1349 4294 1406 4345 et
1430 4269 1595 4344 Μοαῦ
1617 4269 1701 4346 est
1728 4269 1853 4358 nlla,
1876 4293 1931 4347 id
1957 4269 2007 4326 D
2031 4294 2278 4349 candum
2296 4292 2526 4363 aliquod
2544 4269 2853 4345 minimum
2870 4291 3154 4344 secretum
3171 4269 3634 4358 ejushumanita-

330 4382 413 4433 est
430 4378 812 4448 refectio,spei
830 4362 892 4446 2
915 4363 929 4447 I
952 4362 1015 4447 2
1041 4396 1188 4432 meae.
1215 4378 1377 4441 Quod
1404 4383 1488 4433 est
1513 4378 1702 4433 dicere
1736 4400 1748 4434 :
1781 4382 1928 4435 Gen-

328 4465 441 4520 tilis
469 4467 712 4538 papulas
744 4465 815 4519 ad
843 4465 1018 4520 ﬁdem
1049 4482 1352 4521 conversus
1379 4470 1463 4520 est
1491 4483 1792 4538 meus,pro
1816 4485 1929 4540 quo

329 4570 496 4626 spero
529 4570 622 4607 me
654 4553 866 4624 gaudio
897 4554 1221 4619 reﬁci,cum
1253 4554 1312 4608 in
1330 4554 1522 4608 futuro
1554 4571 1687 4609 eum
1711 4572 1745 4609 a
1766 4557 1933 4611 malis

329 4644 564 4716 partiar.
594 4642 755 4697 Moab
787 4641 934 4696 ﬁlius
965 4641 1073 4695 fuit
1118 4642 1282 4709 Loth,
1329 4659 1501 4713 quem
1559 4658 1627 4697 ex
1678 4642 1796 4697 ﬁlia
1832 4660 1934 4698 sua

331 4730 530 4802 genuit
561 4747 574 4784 :
602 4729 843 4799 decujus
864 4730 1146 4800 sanguine
1169 4730 1472 4801 gentilium
1496 4730 1794 4801 generatio
1818 4747 1936 4784 ma-

330 4819 484 4874 xima
507 4817 802 4888 processit,
826 4817 923 4889 qui
944 4817 1122 4871 etiam
1158 4818 1417 4873 Moabitae
1445 4817 1579 4873 dicti
1613 4822 1745 4873 sunt
1773 4817 1931 4885 (Gen.

331 4924 443 4973 xxx,
475 4911 551 4977 7).
595 4907 757 4961 Moab
804 4905 978 4978 igitur
1010 4907 1157 4960 exlex
1195 4906 1629 4978 interpretatur,
1672 4924 1740 4961 eo
1781 4907 1937 4978 quod

334 5000 536 5051 contra
561 4996 751 5065 legem
775 4994 845 5048 de
876 4994 992 5048 ﬁlia
1013 4994 1085 5048 sit
1122 4999 1446 5065 generatus.
1479 4997 1585 5050 Per
1608 4995 1770 5050 Moab
1798 5011 1936 5065 ergo

337 5083 564 5157 gentilis
584 5083 828 5153 populus
844 5082 1138 5153 accipitur,
1157 5082 1254 5154 qui
1278 5099 1508 5154 semper
1532 5087 1733 5137 contra
1749 5084 1935 5153 legem

337 5174 459 5228 sine
488 5174 612 5242 lege
632 5171 915 5234 fuit,dum
940 5173 1055 5225 Deo
1074 5172 1290 5224 cultum
1324 5171 1582 5225 debitum
1612 5170 1936 5242 denegavit.

2030 4382 2120 4447 tis,
2146 4382 2359 4436 nedum
2378 4380 2599 4451 aperire
2616 4395 2729 4433 non
2746 4377 3025 4432 sufﬁciam
3042 4376 3312 4448 mysteria
3326 4375 3639 4430 ineffabilia

2032 4470 2154 4541 ejus
2176 4468 2512 4524 Divinitatis.
2532 4466 2793 4536 Corrigia
2824 4483 2956 4520 vero
2983 4466 3117 4537 quia
3139 4465 3381 4519 minima
3404 4481 3534 4535 pars
3556 4466 3641 4517 est

2033 4556 2538 4626 calceamenti,pro
2562 4553 2806 4607 minima
2827 4558 2990 4624 parte
3006 4553 3413 4625 mysteriorum
3433 4554 3636 4607 huma-

2035 4645 2228 4699 nitatis
2245 4643 2449 4699 Christi
2470 4643 2602 4712 jure
2621 4642 2877 4713 ponitur.
2896 4642 2994 4695 Vel
3018 4642 3123 4696 sic:
3144 4643 3267 4696 Non
3286 4659 3412 4696 sum
3433 4641 3640 4712 dignus

2037 4733 2254 4787 solvere
2279 4729 2587 4801 corrigiam
2611 4729 2987 4784 calceamenti
3014 4730 3157 4800 ejus,
3186 4729 3242 4784 id
3266 4733 3351 4784 est
3372 4728 3638 4800 qumstio-

2037 4836 2171 4874 nem
2182 4819 2559 4874 humanitatis
2575 4819 2622 4890 ej
2634 4820 2832 4881 us,hoc
2850 4818 3224 4889 scilicetqnod
3247 4836 3279 4872 a
3297 4817 3640 4888 quibusdam

2039 4908 2312 4979 quaeritur
2328 4908 2573 4978 qualiter
2596 4908 2714 4970 ille,
2738 4908 2833 4979 qui
2870 4910 3015 4962 Deus
3038 4909 3182 4967 erat,
3209 4905 3383 4959 homo
3409 4904 3480 4958 sit
3504 4904 3640 4958 effe-

2038 5000 2178 5051 ctus.
2200 4996 2447 5060 Quaestio
2463 5012 2692 5067 quoque
2716 4993 3130 5049 convenienter
3149 4992 3396 5064 corrigia
3413 4992 3640 5059 dicitur,

2041 5085 2174 5156 quia
2192 5085 2333 5138 sicut
2350 5083 2596 5154 corrigia
2616 5082 2793 5136 nectit
2808 5082 3289 5147 calceamentum,
3307 5080 3383 5133 sic
3406 5082 3464 5134 et
3487 5096 3642 5151 quae-

2042 5173 2146 5227 stio
2190 5173 2330 5243 ligat
2372 5171 2509 5225 illud
2551 5171 2702 5224 unde
2748 5170 2831 5224 ﬁt.
2882 5169 3005 5223 Dixi
3049 5169 3203 5240 quod
3249 5171 3303 5222 in
3351 5167 3647 5223 Idumaram

340 5264 448 5316 Per
464 5262 636 5315 ollam
670 5259 906 5314 refectio
935 5276 1054 5314 non
1081 5258 1555 5314 inconvenienter
1571 5259 1939 5330 accipitur,eo
2041 5261 2320 5315 extendam
2348 5260 2760 5315 calceamentum
2783 5275 2960 5311 meum
2984 5275 2997 5312 ε
3029 5260 3087 5312 et
3111 5256 3190 5311 sic
3217 5258 3524 5327 alienigena:
3546 5258 3647 5309 mi-

343 5350 499 5423 quod
528 5366 594 5404 ex
621 5348 759 5403 cibis
806 5347 864 5402 in
905 5348 1018 5403 olla
1052 5347 1246 5413 coctis,
1284 5364 1489 5419 corpus
1520 5348 1793 5402 reﬁcitur.
1847 5347 1944 5401 Vel
2044 5349 2316 5405 hisululiti
2342 5354 2483 5415 sunt,
2517 5348 2573 5402 id
2620 5349 2705 5401 est
2732 5345 2970 5402 Idumaei
2997 5345 3138 5400 mihi
3182 5345 3520 5411 subdentur,
3555 5344 3653 5416 qui

344 5437 420 5493 sic
451 5439 637 5510 potest
653 5436 789 5508 legi,
811 5438 872 5490 ut
893 5440 951 5491 et
971 5435 1260 5491 sententia
1282 5438 1341 5490 et
1362 5436 1649 5491 distinctio
1665 5438 1940 5491 mutetur.

344 5526 508 5592 Moab
540 5526 645 5584 olla
680 5526 765 5581 est
791 5526 903 5600 spei
936 5540 1083 5596 mea,
1116 5524 1295 5595 idest,
1318 5524 1411 5580 ille
1432 5524 1662 5600 gentilis
1677 5525 1942 5601 populus,

2047 5438 2339 5509 hucusque
2361 5437 2593 5491 fuerunt
2617 5434 3054 5507 alienigenm,id
3075 5437 3160 5490 est
3175 5433 3246 5489 de
3269 5433 3383 5488 alia
3410 5448 3653 5505 genera-

2034 5525 2213 5596 tione,
2234 5525 2389 5581 idest
2409 5523 2667 5599 generati
2682 5523 2982 5594 adiabolo,
3003 5526 3060 5581 et
3076 5522 3253 5581 alieni
3268 5521 3654 5600 acognitione
