4004 6052
397 336 503 421 θίό
1007 354 1065 412 s.
1106 353 1452 413 nauseans
1494 346 2126 411 CARTHUSIANORUM
2162 343 2630 407 msrnuroms
2671 344 2826 404 OPP.
2868 344 3045 403 PARS
3083 345 3106 401 1
3236 322 3239 325 ’
3608 346 3714 402 920

396 487 535 546 mei.
566 485 894 543 Notandum
1128 484 1283 556 quod
1325 482 1429 539 etsi
1467 500 1585 539 non
1637 479 2001 537 invenientur
2028 467 2082 526 Α
2104 478 2350 535 instruat
2378 493 2475 533 eos
2505 476 2625 531 solo
2677 476 2793 530 Deo
2842 473 3155 542 confidere,
3188 489 3307 530 non
3355 472 3416 529 in
3476 475 3715 530 terrena

310 576 313 577 ⁷
394 580 519 634 haec
551 578 609 632 in
639 574 977 646 Evangelio,~
997 589 1125 645 quas
1152 572 1243 626 hic
1274 571 1541 626 dicuntur
1569 590 1604 627 a
1639 569 1886 626 Domino
1922 567 2003 622 di-
2104 568 2335 622 virtute.

398 670 490 722 cta
518 665 709 730 fuisse,
757 662 845 717 his
888 665 1086 716 tamen
1127 659 1555 731 aaquipollentia
1595 660 1743 713 Deus
1784 658 2004 711 locutus
2635 654 2703 707 IN
2736 651 3060 707 PSALMUM
3090 652 3192 707 LX.

401 755 571 809 fuisse
602 754 661 807 in
695 749 998 821 Evangelio
1030 748 1259 819 legitur,
1294 764 1420 818 quas
1444 747 1611 802 alicui
1638 744 2004 817 investiganti
2177 743 2389 799 Psalmi
2419 741 2761 813 sexagesimi
2790 741 3008 795 titulus.
3042 740 3109 794 In
3161 741 3322 810 ﬁnem
3375 743 3432 795 in
3474 740 3715 810 Ity/mnis,

400 841 673 896 facillime
704 838 1084 911 apparebunt.
2105 834 2355 889 Psalmus
2380 830 2580 885 David.
2610 829 2774 894 Quod
2807 829 2883 884 sic
2924 829 3229 909 exponitur
3260 847 3274 884 :
3305 829 3556 884 Psalmus
3595 829 3719 884 Da-

474 930 785 1001 Postquam
814 926 987 980 verba
1014 924 1329 980 Dominicm
1369 923 1650 995 passionis
1690 920 2009 977 introduxit
2106 920 2283 987 vid,id
2318 923 2403 974 est
2447 917 2709 974 Ecclesiae
2766 917 3157 988 perfectorum
3198 916 3618 988 perseverantis
3656 916 3722 970 in

405 1018 476 1073 de
511 1018 618 1072 hac
663 1014 1041 1087 promissione
1082 1012 1342 1068 ﬁdelium
1389 1011 1650 1067 collectio
1692 1011 2007 1081 gratulans,
2108 1007 2338 1079 hymnis
2361 1022 2537 1077 usque
2563 1005 2635 1059 ad
2658 1005 2837 1058 finem
2863 1004 3013 1070 vitae,
3036 1004 3094 1059 id
3113 1007 3200 1058 est
3221 1001 3723 1076 perseverantisin

404 1105 564 1177 quasi
593 1105 698 1158 sub
742 1101 1193 1172 interrogatione
1228 1104 1355 1155 orat
1402 1100 1603 1167 deduci
1650 1102 1705 1153 in
1743 1101 2011 1154 civitatem
2111 1095 2212 1151 Dei
2242 1094 2737 1164 laudibus,opere,
2759 1108 2895 1146 voce
2928 1096 2987 1146 et
3008 1092 3353 1147 devotione:
3381 1092 3468 1146 vel
3494 1090 3574 1145 sic
3597 1094 3727 1145 ten-

298 1194 303 1197 ’
404 1190 764 1250 munitam.id
791 1193 876 1243 est
905 1190 964 1243 in
997 1190 1316 1243 Jerusalem
1345 1189 1655 1253 caelestem,
1676 1187 1734 1240 in
1758 1203 1871 1257 qua
1896 1202 2011 1239 non
2114 1183 2302 1239 dentis
2326 1183 2385 1237 in
2418 1183 2619 1244 ﬁnem,
2648 1180 2707 1235 id
2736 1184 2823 1235 est
2851 1180 2909 1234 in
2932 1180 3353 1236 beatitudinem
3379 1179 3723 1252 perfectam,

405 1272 504 1336 fiet
541 1281 781 1335 assultus
809 1278 1099 1332 hostium:
1128 1281 1185 1331 et
1223 1278 1330 1331 hoc
1359 1277 1434 1330 sic
1481 1277 1616 1330 dicit
1658 1279 1716 1328 et
1764 1277 1910 1339 orat,
1954 1277 2016 1327 ut
2114 1272 2175 1326 in
2204 1270 2437 1342 hymnis
2477 1269 2919 1342 perseverando,
2964 1268 3021 1322 id
3060 1272 3146 1323 est
3193 1268 3252 1322 in
3292 1268 3393 1322 Dei
3435 1267 3722 1322 laudibus.

404 1370 497 1424 hic
516 1368 699 1439 magis
716 1383 780 1420 ac
803 1366 986 1437 magis
1013 1366 1284 1419 dilatetur
1306 1365 1375 1418 de
1395 1364 1485 1419 die
1513 1364 1569 1417 in
1589 1363 1763 1417 diem.
1782 1363 1824 1417 Ο
1845 1365 2014 1428 Deus,
2118 1362 2255 1416 Orat
2275 1363 2467 1414 autem
2493 1359 2882 1430 perfectorum
2909 1358 3167 1412 collectio
3196 1360 3258 1411 ut
3283 1359 3430 1412 Deus
3455 1355 3729 1411 exaudiat

405 1456 718 1529 promisisti
748 1455 902 1525 quod
932 1453 1197 1524 partieris
1219 1452 1531 1507 Sichimam
1558 1456 1615 1505 et
1652 1452 1813 1506 Moab
1844 1452 2019 1505 ollam
2119 1449 2445 1505 orationem
2470 1464 2634 1502 suam
2664 1462 2838 1518 quam
2854 1447 3011 1512 facit,
3033 1449 3095 1500 ut
3119 1446 3178 1500 in
3205 1446 3315 1501 hoc
3339 1444 3545 1501 saeculo
3564 1443 3730 1498 habi-

408 1562 443 1600 a
471 1544 779 1618 perdendis
810 1560 924 1609 me,
960 1542 1172 1595 scilicet
1222 1542 1530 1595 Ecclesiam
1588 1540 1657 1594 de
1705 1539 1914 1594 Judmis
1963 1542 2021 1593 et
2118 1542 2203 1592 tet
2228 1537 2289 1591 in
2313 1536 2686 1591 tabernaculo
2718 1534 2840 1599 Dei,
2872 1539 2931 1589 et
2968 1534 3027 1587 in
3070 1535 3263 1588 futuro
3320 1532 3727 1587 haereditatem

409 1632 677 1703 gentibus
710 1648 723 1684 :
757 1634 813 1685 et
843 1630 923 1683 ita
952 1630 1051 1683 ﬁat
1070 1634 1133 1683 ut
1166 1646 1260 1683 me
1280 1629 1566 1700 partiaris,
1593 1631 1650 1682 et
1672 1628 1942 1698 partitam
1964 1629 2020 1679 in
2120 1629 2399 1679 mternam
2423 1623 2710 1703 possideat
2734 1639 2747 1703 ξ
2773 1626 2831 1703 e_t
2850 1626 2977 1677 orat
3003 1625 3064 1676 ut
3084 1621 3349 1676 exaudiat
3364 1619 3727 1692 deprecatio-

408 1695 675 1775 civitatem
704 1721 969 1772 munitam
1009 1695 1445 1771 deducas—Nam
1470 1718 1586 1787 quis
1607 1695 1827 1770 deducet
1856 1732 1938 1768 me
1964 1717 2019 1767 in
2047 1754 2091 1813 Β
2120 1731 2253 1767 nem
2285 1728 2461 1784 quam
2486 1711 2623 1765 facit
2647 1695 2709 1780 2
2731 1696 2747 1781 I
2768 1696 2912 1780 4ut
2940 1712 3089 1765 Deus
3117 1713 3386 1781 proteget
3410 1725 3542 1763 eam
3580 1725 3614 1762 a
3644 1706 3729 1761 vi-

408 1810 677 1864 civitatem
695 1808 955 1859 munitam
973 1806 1073 1859 ?et
1085 1804 1218 1876 quia
1236 1804 1549 1876 promisisti
1572 1803 1724 1875 quod
1746 1803 2020 1857 extendes
2050 1798 2091 1813 ν
2117 1802 2230 1869 tiis,
2260 1818 2328 1856 ea
2357 1800 2709 1855 removendo
2740 1816 2773 1852 a
2796 1815 2853 1852 se
2881 1819 2892 1854 :
2927 1801 2985 1853 et
3012 1801 3282 1871 protegat
3299 1798 3371 1853 de
3399 1813 3570 1868 paena
3590 1811 3725 1868 per-

410 1896 868 1951 calceamentum
889 1894 947 1947 in
978 1894 1317 1959 ldummam,
1343 1892 1623 1947 dilatahic
1645 1908 1735 1945 me
1763 1908 1939 1962 usque
1961 1890 2018 1945 in
2118 1894 2311 1963 petua.
2348 1889 2452 1943 Ubi
2486 1887 2809 1942 notandum
2842 1887 2997 1957 quod
3027 1886 3212 1941 oratio
3233 1885 3462 1953 dicitur,
3486 1884 3643 1956 quod
3663 1884 3731 1937 fit

409 1984 748 2045 Idummam,
771 1982 830 2037 id
858 1985 943 2037 est
971 2000 1150 2054 usque
1179 1982 1236 2035 in
1269 1982 1395 2035 illos
1417 1982 1513 2053 qui
1542 1981 1728 2034 adhuc
1759 1983 2019 2034 suntter-
2121 1979 2191 2033 de
2224 1977 2533 2047 adeptione
2555 1976 2637 2030 rei
2671 1976 2999 2047 cujuslibet;
3036 1974 3364 2045 deprecatio
3389 1989 3524 2028 vero
3545 1973 3616 2027 de
3641 1988 3735 2026 re-

407 2073 559 2141 reni,
592 2077 655 2128 ut
682 2072 787 2142 ipsi
828 2071 1039 2125 scilicet
1080 2071 1222 2124 mihi
1261 2071 1683 2140 adjungantur:
1729 2086 1864 2123 nam
1904 2071 2022 2139 quis
2122 2066 2403 2121 motione.
2427 2064 2689 2119 Ostendit
2708 2067 2904 2117 autem
2923 2080 2980 2117 se
2999 2061 3509 2133 adepturamquod
3531 2063 3734 2115 oratet

410 2162 648 2229 deducet,
709 2160 767 2215 id
816 2163 900 2213 est
943 2158 1226 2224 dilatabit,
1274 2176 1355 2211 me
1395 2176 1557 2229 usque
1609 2160 1665 2211 in
1702 2157 2019 2223 Idumaeam,
2123 2153 2280 2225 quod
2304 2152 2645 2222 deprecatur
2678 2167 2690 2203 :
2727 2152 2783 2203 et
2813 2149 3166 2203 confidentia
3199 2147 3393 2202 meriti
3436 2151 3494 2201 et
3532 2160 3731 2201 exem-

410 2247 469 2304 id
500 2259 585 2304 est
604 2249 748 2303 adeo
777 2246 2020 2315 utldumieimihiadjungantur‘?Nonnetu,
2123 2242 2220 2311 p10
2260 2238 2697 2304 beneﬁciorum,
2755 2254 2882 2309 qua:
2926 2237 3052 2307 jam
3097 2237 3308 2308 adepta
3358 2238 3463 2302 est,
3517 2238 3577 2289 et
3622 2233 3731 2288 hac

411 2338 574 2405 Deus,
598 2338 692 2409 qui
736 2334 977 2407 repulisti
1018 2352 1131 2401 nos,
1164 2334 1224 2387 id
1263 2337 1347 2387 est
1394 2333 1490 2404 qui
1533 2333 1740 2387 videris
1790 2350 1894 2388 nos
1932 2332 2024 2387 hic
2125 2328 2477 2384 confidentia
2502 2344 2615 2399 qua
2644 2326 2990 2397 adipiscetur
3018 2343 3078 2381 se
3106 2327 3396 2398 psalmum
3441 2324 3731 2379 dicturam

412 2426 695 2496 repellere
726 2424 786 2478 in
816 2422 1285 2477 tribulationibus
1314 2422 1551 2493 positos,
1580 2423 1638 2475 et
1669 2420 1765 2492 qui
1796 2421 1887 2475 hic
1919 2437 2025 2473 non
2126 2417 2448 2489 pollicetur.

415 2514 690 2583 egredieris
724 2515 778 2565 in
808 2511 1098 2564 virtutibus
1143 2511 1354 2576 nostris,
1390 2510 1447 2563 id
1475 2512 1559 2563 est
1589 2509 1647 2563 in
1688 2509 2026 2563 exercitibus
2196 2506 2437 2572 Exaudi,
2459 2505 2624 2572 Deus,
2645 2504 3059 2575 deprecationem
3090 2520 3284 2570 meam,
3317 2507 3379 2559 ut
3409 2519 3505 2558 me
3533 2504 3730 2575 prote-

416 2600 723 2667 nostris,ut
752 2615 858 2654 nos
880 2598 1093 2652 scilicet
1114 2597 1289 2651 facias
1316 2596 1594 2652 exercitus
1611 2600 1812 2651 contra
1832 2598 2026 2651 hostes
2128 2612 2229 2666 gas
2255 2611 2288 2648 a
2312 2595 2459 2649 vitiis
2490 2598 2547 2649 et
2575 2611 2747 2665 poena
2772 2598 3069 2664 perpetua,
3099 2592 3451 2648 removendo
3470 2608 3539 2646 ea
3556 2609 3591 2646 a
3610 2608 3732 2649 me.

419 2703 808 2759 congregare;
831 2689 889 2741 et
913 2702 1044 2740 cum
1076 2685 1210 2757 ipsis
1241 2685 1581 2739 exercitibus
1614 2684 1928 2755 egrediaris
1954 2684 2027 2738 ad
2126 2683 2347 2737 Intende
2373 2684 2603 2736 orationi
2629 2698 2777 2748 mea),
2810 2681 2866 2735 id
2897 2684 2984 2735 est
3013 2681 3320 2752 diligenter
3348 2680 3482 2736 audi
3515 2679 3730 2734 oratio-

422 2791 681 2848 pugnam
712 2775 978 2829 adversus
1006 2772 1271 2827 inimicos
1316 2776 1562 2833 nostros,
1593 2772 1737 2826 sicut
1769 2788 2028 2842 egressus
2130 2787 2265 2826 nem
2293 2787 2525 2825 meam:
2559 2771 2646 2825 vel
2678 2769 2905 2837 intende,
2940 2769 2997 2823 id
3045 2773 3131 2824 est
3182 2769 3471 2824 intensum
3528 2772 3585 2822 te
3639 2767 3735 2822 fac

423 2881 483 2918 es
512 2880 645 2918 cum
694 2862 1035 2917 exercitibus
1083 2863 1317 2931 patrum
1369 2862 1723 2926 nostrorum,
1774 2876 1878 2930 per
1917 2858 2025 2913 mi-
2131 2859 2379 2914 orationi
2422 2875 2603 2927 mea};
2637 2858 2853 2913 scilicet
2905 2860 3049 2913 sicut
3100 2857 3322 2912 intense
3380 2872 3505 2923 oro,
3536 2856 3617 2911 ita
3676 2860 3735 2910 et

422 2950 722 3005 nisterium
762 2951 1124 3021 angelorum.
1160 2948 1225 3001 Et
1261 2948 1368 3001 hoc
1401 2950 1588 3001 totum
1630 2951 1734 3014 est,
1767 2964 1832 3001 ac
1866 2948 1911 3002 si
1947 2946 2029 3001 di-
2129 2952 2188 3001 tu
2222 2947 2447 3001 intense
2478 2946 2631 3017 quod
2662 2962 2765 3001 oro
2796 2946 3026 3017 largire,
3054 2946 3267 3001 scilicet
3289 2949 3351 3000 ut
3376 2946 3474 3018 qui
3489 2944 3618 3016 jam
3634 2944 3738 2998 ha-

424 3042 580 3095 ceret
611 3056 624 3094 :
654 3039 796 3094 Cum
828 3039 937 3094 hoc
964 3036 1318 3107 promiseris,
1347 3036 1503 3107 quod
1535 3053 1638 3090 nos
1667 3036 1728 3090 in
1774 3036 1966 3091 futuro
1995 3053 2029 3089 a
2050 3069 2097 3127 C
2129 3036 2314 3091 bitare
2331 3035 2475 3107 coepi
2499 3035 2559 3088 in
2574 3035 2947 3090 tabernaculo
2971 3039 3090 3103 tuo,
3115 3034 3172 3089 id
3197 3038 3283 3089 est
3302 3035 3359 3089 in
3383 3033 3591 3088 militia
3610 3035 3734 3100 tua,

426 3127 593 3182 malis
620 3127 863 3198 partitos
903 3125 963 3179 in
1008 3125 1297 3179 civitatem
1340 3124 1628 3178 munitam
1673 3125 1938 3190 deduces,
1971 3128 2030 3179 et
2058 3121 2097 3127 ⁷
2130 3124 2223 3178 hic
2250 3123 2437 3194 magis
2453 3139 2518 3176 ac
2539 3122 2724 3193 magis
2746 3122 3169 3190 inbabitem,et
3192 3123 3252 3177 in
3272 3122 3466 3177 futuro
3482 3121 3735 3176 heredi-

424 3216 518 3271 hic
548 3214 607 3269 in
637 3214 953 3269 ldumaaam
980 3215 1440 3267 calceamentum
1469 3212 1763 3279 extendes,
1797 3212 1902 3267 etsi
1946 3212 2027 3265 vi-
2131 3215 2313 3266 tatem
2339 3226 2534 3285 meam
2565 3210 2912 3281 possideam.
2939 3212 3006 3265 Et
3045 3212 3289 3283 dignum
3329 3215 3415 3266 est
3455 3213 3519 3265 ut
3560 3225 3737 3264 exau-

429 3303 569 3358 dear
611 3319 644 3356 a
672 3305 727 3357 te
760 3304 1009 3372 repulsa,
1039 3305 1237 3354 tamen
1266 3299 1322 3352 in
1358 3300 1549 3353 futuro
1599 3300 1782 3354 deduc
1833 3317 1928 3355 me
1969 3300 2030 3354 in
2133 3300 2256 3355 dias
2289 3316 2301 3353 :
2332 3316 2472 3354 nam
2509 3299 2744 3353 clamavi
2772 3302 2829 3352 et
2860 3316 2980 3366 ore,
3005 3302 3063 3354 et
3088 3302 3361 3370 opere,et
3384 3297 3743 3365 mente,adte

428 3390 717 3444 civitatem
750 3388 1064 3454 munitam;
1097 3391 1153 3441 et
1178 3387 1269 3440 hic
1299 3386 1474 3440 dilata
1498 3402 1593 3440 me
1620 3404 1795 3458 usque
1820 3387 1877 3442 in
1908 3388 2033 3442 Idu-
2134 3388 2737 3461 promerendum,non
2752 3388 2968 3459 aliquid
2986 3392 3381 3454 terrenum;et
3399 3388 3503 3442 iste
3518 3388 3746 3442 clamor

432 3492 809 3530 meamznam
836 3475 961 3547 quis
991 3478 1179 3546 potest
1209 3475 1318 3528 hoc
1348 3475 1536 3529 facere
1557 3474 1664 3528 nisi
1691 3475 1793 3529 tu?
1820 3477 2028 3530 nullus.
2134 3478 2411 3551 processit
2438 3495 2472 3530 a
2501 3477 2695 3545 ﬁnibus
2735 3483 2907 3543 terrae,
2937 3476 2996 3531 id
3043 3480 3131 3532 est
3168 3476 3540 3531 terrenitatis.
3575 3474 3747 3539 Quod

431 3565 548 3620 Hoc
584 3569 780 3618 autem
817 3580 883 3617 ex
924 3562 1148 3633 ingenti
1186 3562 1468 3617 desiderio
1508 3563 1674 3632 ponit
1707 3563 2031 3636 interroga-
2135 3566 2583 3620 estdicerezPer
2601 3565 2710 3619 hoc
2731 3564 2933 3619 deveni
2955 3564 3027 3618 ad
3054 3564 3207 3618 hunc
3233 3563 3749 3634 clamorem,quod

430 3652 562 3707 tive.
599 3652 721 3707 Dixi
748 3651 903 3724 quod
932 3650 1170 3721 repulisti
1195 3667 1307 3716 nos,
1340 3649 1401 3704 id
1432 3654 1535 3717 est,
1572 3650 1781 3705 videris
1820 3652 1912 3705 hic
1948 3668 2035 3705 re-
2134 3653 2194 3708 in
2208 3670 2303 3708 me
2322 3652 2479 3707 finivi
2508 3669 2750 3707 omnem
2781 3652 3209 3720 terrenitatem,
3229 3656 3292 3707 ut
3322 3669 3439 3708 non
3475 3651 3746 3719 terrenis,

432 3741 643 3814 pellere
671 3741 731 3795 in
756 3740 1123 3795 tribulatione
1152 3739 1396 3810 positos;
1424 3744 1482 3793 et
1507 3740 1635 3794 ideo
1663 3741 1796 3812 quia
1813 3740 1906 3795 hic
1929 3757 2036 3797 nos
2136 3743 2235 3799 sed
2254 3741 3316 3814 spiritalibusinhiarem,praztentione
3330 3741 3752 3796 meriti.Osten-

435 3829 721 3902 permittis
749 3830 807 3883 in
838 3828 1235 3895 tribulatione,
1262 3827 1332 3881 da
1364 3829 1510 3882 nobis
1549 3829 1813 3883 auxilium
1847 3830 1909 3883 de
1942 3832 2037 3883 tri-
2139 3832 2222 3887 dit
2238 3834 2433 3885 autem
2451 3830 2732 3885 beneficia
2741 3831 2867 3901 jam
2891 3830 3119 3900 adepta,
3140 3845 3386 3901 quorum
3400 3829 3665 3901 exemplo
3686 3845 3752 3883 se

437 3918 718 3985 bulatione,
748 3918 807 3972 id
836 3921 920 3972 est
950 3933 1053 3989 per
1080 3917 1230 3971 hanc
1262 3917 1721 3985 tribulationem,
1741 3936 1913 3989 quam
1942 3935 2038 3989 pa-
2137 3918 2322 3974 credit
2346 3919 2687 3989 adepturam
2727 3918 2877 3989 quod
2912 3922 3057 3972 orat.
3091 3919 3227 3973 Dico
3259 3917 3471 3985 exaudi,
3495 3920 3554 3971 et
3591 3916 3753 3989 quod

435 4005 631 4060 timur.
661 4005 825 4069 Quod
850 4008 936 4058 est
965 4005 1155 4059 dicere
1180 4021 1192 4057 :
1223 4005 1331 4058 Fac
1376 4007 1437 4058 ut
1473 4004 1595 4058 11830
1642 4005 1935 4060 tribulatio
1967 4004 2039 4059 sit
2142 4024 2245 4063 oro
2277 4009 2336 4060 et
2372 4006 2529 4077 quod
2558 4006 2840 4079 deprecor
2862 4023 2874 4059 :
2900 4009 2958 4060 et
2987 4006 3257 4061 exaudire
3279 4006 3454 4060 debes
3474 4020 3605 4060 cum
3623 4005 3753 4059 haec

439 4093 602 4147 nobis
630 4092 927 4158 auxilium,
962 4092 1021 4146 id
1051 4096 1137 4146 est
1164 4108 1335 4146 causa
1367 4091 1585 4159 salutis,
1610 4093 1749 4147 dum
1777 4110 1880 4164 per
1908 4109 2039 4148 eam
2141 4094 2427 4150 beneficia
2446 4094 2573 4164 jam
2605 4093 2981 4165 impenderis,
3010 4094 3226 4148 scilicet
3255 4093 3410 4165 quod
3426 4093 3675 4148 (διαιταεεί
3686 4094 3753 4147 in

438 4180 811 4251 excoquimur
831 4196 865 4233 a
888 4180 1151 4234 sordibus
1173 4180 1410 4247 nostris;
1445 4183 1502 4233 et
1532 4179 1660 4235 ideo
1689 4197 1921 4235 oramus
1936 4196 2043 4252 per
2137 4190 2313 4254 petra,
2328 4182 2389 4236 id
2410 4185 2496 4236 est
2515 4182 2573 4236 in
2601 4182 3015 4236 conformitate
3031 4181 3260 4249 Christi,
3282 4180 3379 4253 qui
3392 4180 3563 4236 firma
3584 4184 3754 4254 petra

437 4266 839 4321 tribulationes
878 4266 1155 4336 adjuvari,
1184 4268 1310 4337 quia
1346 4284 1483 4320 vana
1511 4270 1594 4321 est
1622 4266 1765 4321 salus
1793 4269 2038 4323 hominis.
2068 4318 2120 4377 Β
2145 4274 2250 4336 est,
2269 4286 2514 4341 me,qua3
2531 4272 2664 4323 ante
2684 4270 2953 4340 depressa
2983 4285 3145 4324 eram
3182 4268 3242 4324 in
3279 4268 3446 4324 vitiis.
3471 4267 3635 4333 Quod
3665 4272 3756 4322 est

452 4358 515 4377 Δ-
550 4355 588 4377 -ξ
628 4354 834 4377 λε----ι
863 4372 875 4377 -
910 4354 1147 4377 n-.._--__
1180 4354 2004 4377 ΑᾹΞ-----..Σμ-...ι..21.--1-12-.-,πί
2163 4359 2329 4377 1'-,_4_
2391 4375 2400 4377 _
2452 4357 2715 4377 n__‘lA_l:
2764 4373 2852 4377 ___
2897 4357 2943 4377 ἔα
2986 4357 3285 4377 --ξᾼιηιειη-
3344 4361 3400 4377 ,μι
3442 4356 3750 4377 ,-..ι·-..-Αξ-

439 4358 517 4409 Ac
546 4355 592 4408 si
623 4354 875 4410 diceret:
909 4354 1151 4408 Oramus
1177 4354 1433 4424 adjuvari
1452 4371 1555 4426 per
1576 4356 2038 4420 tribulationem,
2068 4354 2119 4377 ν
2147 4359 2337 4414 dicere
2389 4375 2402 4412 :
2452 4357 2721 4411 Exaltasti
2764 4373 2858 4411 me
2895 4357 2953 4411 in
2986 4357 3307 4422 virtutibus,
3344 4361 3406 4411 ut
3434 4356 3753 4411 conformis

442 4458 560 4497 non
592 4459 694 4513 per
724 4443 1046 4497 humanum
1086 4442 1382 4509 auxilium,
1428 4443 1563 4514 quia
1603 4445 1751 4498 salus
1787 4446 2046 4501 humana
2147 4464 2331 4503 essem
2352 4446 2595 4501 Christo.
2622 4447 2791 4500 Petra
2818 4462 2952 4500 vero
2972 4445 3225 4500 Christus
3249 4444 3476 4511 dicitur,
3498 4461 3567 4500 co
3595 4443 3754 4516 quoi

441 4546 588 4585 vana
612 4534 716 4598 est,
735 4531 794 4586 id
820 4535 904 4585 est
924 4532 1248 4586 humanum
1268 4531 1543 4602 auxilium
1559 4549 1771 4587 vanum
1794 4535 2040 4589 asalute.
2148 4537 2222 4591 ad
2245 4534 2686 4591 similitudinem
2716 4537 2896 4606 petras
2929 4533 3166 4588 ﬁrmum
3197 4533 3653 4588 fundamentum
3681 4532 3757 4587 sit

443 4619 588 4687 Dixi,
621 4635 655 4674 ο
686 4620 995 4687 auditores,
1014 4621 1170 4692 quod
1197 4620 1343 4674 Deus
1373 4637 1491 4676 non
1514 4621 1842 4693 egredietur
1871 4625 1927 4676 in
1943 4627 2048 4678 vir-
2150 4621 2978 4687 omniumﬁdelium,neinillo
2992 4621 3218 4676 fundati
3236 4621 3426 4693 aliquo
3443 4620 3619 4677 modo
3635 4636 3759 4675 mo-

445 4708 643 4761 tatibus
667 4709 888 4770 nostris;
912 4724 1016 4763 nos
1033 4707 1187 4763 enim
1205 4725 1320 4762 non
1337 4709 1820 4780 congregabimus
1833 4712 2046 4767 amodo
2150 4711 2580 4768 veantur.Unde
2595 4711 2931 4781 Apostolus:
2950 4733 2977 4760 «
3014 4712 3185 4765 Petra
3207 4713 3403 4765 autem
3433 4714 3559 4765 erat
3590 4709 3757 4765 Chri-

444 4794 701 4863 virtutes,
729 4795 829 4851 sed
856 4798 909 4848 in
940 4794 1053 4851 Deo
1081 4797 1340 4866 faciemus
1387 4799 1635 4850 virtutem
1674 4802 1954 4866 nostram,
1988 4800 2050 4854 id
2153 4804 2272 4856 stus
2287 4798 2341 4866 (Ι
2371 4797 2497 4853 Cor.
2517 4797 2678 4869 x,4);
2710 4816 2740 4849 »
2765 4800 2822 4851 et
2850 4798 3172 4870 propheta:
3203 4819 3231 4848 «
3261 4798 3383 4851 Erit
3412 4797 3472 4851 in
3500 4796 3757 4869 lapidem

444 4885 738 4949 est,Deum
770 4884 1109 4938 habebimus
1134 4900 1238 4955 pro
1266 4883 1493 4951 virtute,
1529 4888 1588 4939 et
1610 4885 1668 4939 in
1696 4903 1763 4941 eo
1792 4888 2047 4942 confide-
2154 4886 2506 4955 offensionis,
2564 4889 2622 4941 et
2667 4889 2897 4956 petram
2933 4885 3184 4940 scandali
3231 4886 3453 4940 duabus
3489 4885 3758 4941 domibus

445 4987 573 5027 mus
603 4972 787 5043 magis
817 4988 993 5043 quam
1026 4971 1086 5026 in
1123 4973 1314 5044 aliqua
1351 4972 1580 5041 virtute,
1620 4977 1681 5028 ut
1711 4974 1831 5046 ipse
1874 4975 2050 5030 faciat
2152 4977 2325 5030 Israel
2348 4974 2481 5041 (Isa.
2507 4991 2623 5041 VIII,
2650 4975 2756 5039 14).
2781 4992 2812 5026 »
2845 4973 3109 5028 Ostendit
3132 4990 3363 5045 quoque
3413 4973 3567 5028 unde
3602 4974 3756 5029 exal-

445 5076 552 5115 nos
572 5059 835 5115 inimicos
862 5063 1087 5114 nostros
1133 5077 1439 5130 superare;
1468 5068 1517 5115 et
1554 5063 1659 5132 ipse
1698 5062 1914 5117 deducet
1956 5066 2050 5117 tri-
2153 5063 2315 5130 tavit,
2361 5062 2708 5134 apponendo
2761 5061 2840 5116 sic
2873 5078 2885 5114 :
2921 5061 3056 5117 Dico
3089 5079 3106 5114 :
3139 5061 3429 5128 Exaltasti,
3464 5062 3615 5129 dunt,
3647 5062 3757 5116 hoc

444 5148 681 5202 tutantes
709 5165 802 5202 nos
831 5147 903 5201 ad
931 5148 1175 5215 nihilum,
1204 5147 1263 5201 id
1303 5152 1389 5203 est
1427 5149 1501 5203 de
1542 5150 1764 5205 malitia
1802 5168 1905 5205 sua
1942 5169 2049 5224 per
2153 5154 2241 5206 est
2270 5150 2446 5222 quod,
2478 5152 2789 5204 antiaretur
2818 5167 2886 5204 ex
2921 5150 3272 5205 conscientia
3314 5149 3623 5204 criminum
3664 5164 3757 5202 cor

442 5236 914 5307 praedicationem
942 5240 1200 5291 nostram
1223 5236 1396 5290 faciet
1416 5253 1514 5292 eos
1534 5238 1734 5292 bonos.
1763 5238 1860 5293 Vel
1886 5239 2047 5293 dedu-
2149 5255 2345 5303 meum,
2378 5237 2435 5291 id
2466 5240 2570 5303 est,
2604 5253 2702 5292 cor
2723 5237 2861 5292 dum
2881 5252 3079 5291 meum
3107 5240 3250 5303 erat,
3276 5253 3391 5291 non
3410 5236 3756 5291 tuumTune
3812 5230 3817 5235 ’

440 5332 518 5380 cet
548 5325 607 5379 in
632 5325 824 5381 futuro
851 5323 921 5378 ad
949 5324 1179 5379 nihilum
1210 5324 1515 5380 tribulantes
1541 5343 1652 5393 nos,
1700 5326 1757 5380 id
1806 5331 1891 5381 est
1938 5345 2044 5399 po-
2149 5343 2251 5382 cor
2265 5325 2472 5381 dicitur
2491 5341 2614 5379 esse
2637 5325 3111 5396 peccatoris,cum
3148 5325 3301 5379 male
3322 5326 3539 5396 cogitat
3571 5341 3583 5377 :
3617 5327 3757 5379 tunc

334 5455 343 5459 -
438 5415 708 5468 testatem
730 5410 1131 5467 tribulantium
1158 5428 1283 5478 nos,
1314 5429 1386 5466 ne
1410 5412 1576 5467 nobis
1600 5412 1659 5466 in
1676 5413 1869 5469 futuro
1893 5432 2041 5487 prm-
2149 5430 2285 5469 vero
2302 5412 2421 5480 Dei,
2440 5429 2569 5468 cum
2591 5413 2760 5467 bene.
2782 5413 2942 5467 Unde
2955 5414 3199 5484 Prosper
3222 5429 3234 5466 :
3256 5435 3283 5463 ‹‹
3306 5412 3429 5467 Non
3456 5412 3637 5468 nostri
3666 5415 3755 5467 est

435 5501 665 5555 valeant
684 5500 827 5554 sicut
857 5500 1033 5555 modo
1062 5500 1122 5554 in
1151 5516 1395 5570 corpore
1418 5501 1914 5573 prazvalentllanc
1937 5520 2039 5559 au-
2147 5502 2564 5569 muneris,cum
2584 5504 2741 5556 recte
2762 5501 3100 5574 cogitamus.
3123 5523 3151 5550 »
3170 5502 3237 5555 Et
3248 5502 3355 5556 hoc
3376 5503 3564 5556 totum
3578 5503 3666 5556 est
3683 5517 3751 5557 ac

435 5591 561 5646 tem
584 5587 1084 5666 apostrophamad
1104 5588 1395 5647 auditores
1413 5590 1571 5660 facit,
1585 5590 1743 5647 utsui
1769 5594 2038 5668 exemplo
2145 5591 2195 5649 si
2241 5591 2459 5649 diceret
2499 5588 2818 5648 :Exaltasti
2861 5606 2945 5650 me
2984 5590 3058 5648 ab
3107 5590 3396 5649 anxietate
3434 5590 3751 5655 criminum
