3970 6040
223 288 321 358 92h

1238 274 1592 356 sXmSmo
1630 295 1699 354 IN
1737 282 2072 356 PSALMOS.
2115 329 2184 340 —
2224 278 2417 355 PSAL.
2462 282 2543 353 LX

3433 307 3536 365 922

224 420 585 490 exemptum.
620 404 726 474 Vei
752 408 829 473 sic
860 433 873 473 :
901 414 1172 473 Ezaltastz
1208 434 1309 486 me,
1342 422 1400 474 et
1429 436 1658 475 necesse
1692 422 1825 474 erat
1860 433 1914 491 Α
1935 417 2248 491 fidelesper
2275 421 2527 473 mortem
2544 415 2752 472 Christi
2777 414 3139 490 filiiadoptivi
3163 420 3540 494 facti,peren-

220 506 363 561 dum
388 508 498 562 hoc
527 510 693 575 esset,
743 510 807 561 ut
857 507 1187 562 anxiaretur
1244 524 1343 563 cor
1403 525 1623 579 meum,
1675 508 1832 580 prius

221 596 381 650 enim
412 595 878 662 contristabatur,
934 596 1068 667 quia
1110 612 1214 666 per
1261 614 1356 652 me
1414 614 1532 652 non
1566 596 1831 668 poteram

221 685 483 740 exaltari.
510 686 590 739 Ac
618 684 664 740 si
696 684 912 740 diceret
939 702 952 739 :
985 685 1222 740 Necesse
1252 689 1375 741 erat
1404 689 1469 741 ut
1499 702 1594 742 me
1626 687 1835 741 exalta-

222 789 337 841 res,
369 790 502 828 cum
523 789 629 844 per
648 789 742 828 me
765 772 1115 828 insufﬁciens
1135 790 1319 828 essem
1345 774 1418 828 ad
1436 774 1829 843 exaltandum,

218 860 378 915 unde
409 860 582 915 nimis
612 860 909 915 anxiabar.
943 860 1122 915 Nimis
1164 861 1322 915 enim
1376 861 1593 933 aliquid
1634 861 1832 917 anxia—

218 952 337 1017 tur,
377 965 507 1003 cum
534 948 591 1002 id
616 949 691 1003 ad
721 948 877 1020 quod
917 949 1078 1003 valde
1116 949 1336 1016 nititur,
1378 950 1665 1021 attingere
1711 966 1830 1005 non

220 1039 430 1107 potest.
472 1038 541 1091 Et
569 1053 662 1090 me
695 1038 1008 1092 exaltatum
1038 1036 1320 1105 deduxisti,
1348 1038 1420 1091 -id
1462 1041 1547 1092 est
1577 1055 1833 1110 perseve-

216 1139 350 1178 rare
381 1124 439 1178 in
469 1124 567 1178 illa
600 1124 949 1179 exaltatione
989 1124 1195 1191 fecisti,
1238 1143 1310 1180 ne
1354 1126 1624 1181 caderem
1660 1144 1673 1195 ;
1720 1128 1828 1193 vel,

218 1211 503 1267 deduxisti
535 1212 605 1267 de
637 1229 851 1281 magno
900 1213 976 1267 ad
1019 1214 1225 1285 majus,
1258 1217 1317 1268 ut
1378 1230 1472 1269 me
1517 1216 1831 1269 exaltatum

218 1300 408 1372 magis
432 1301 503 1355 de
541 1300 633 1356 die
685 1302 744 1355 in
783 1301 938 1356 diem
1000 1302 1295 1356 exaltares.
1354 1302 1647 1357 Promittit
1696 1319 1830 1357 vero

219 1388 327 1444 sibi
356 1405 423 1443 ex
453 1389 795 1444 eertitudine
827 1389 969 1461 spei,
1021 1406 1194 1461 quam
1234 1390 1429 1456 habet,
1482 1407 1542 1444 se
1588 1390 1829 1461 adeptu-

215 1493 354 1531 rum
407 1478 563 1550 quod
612 1482 758 1544 orat,
804 1494 937 1532 cum
975 1479 1138 1533 addit
1169 1495 1182 1532 :
1213 1478 1354 1544 Quia
1406 1479 1583 1547 factus
1624 1496 1675 1533 es
1721 1497 1831 1551 spes

215 1581 360 1632 mea,
387 1574 546 1619 turris
571 1566 913 1635 fortitudinis
937 1584 971 1620 a
993 1568 1136 1637 facie
1164 1569 1395 1621 inimici.

296 1652 612 1708 Inhabitabo
638 1657 693 1708 in
725 1654 1067 1709 tabernaculo
1099 1662 1190 1709 tuo
1227 1674 1282 1709 an
1322 1656 1535 1724 saecula,
1580 1664 1834 1727 protegar

1932 507 2085 561 niter
2114 508 2431 572 habebunt,
2467 506 2610 560 sicut
2640 505 2740 560 ﬁlii
2766 506 2942 576 patris
2962 508 3383 579 hirreditatem,
3411 518 3542 585 post

1932 594 2109 665 ipsius
2157 596 2661 666 patris.mortem,
2714 595 2969 666 quandiu
3016 597 3208 652 vivunt
3253 600 3536 656 obtinent.

1932 683 2178 755 Exponit
2203 688 2396 737 autem
2427 683 2611 754 ipsam
2643 683 3025 750 hereditatem,
3058 700 3190 738 eum
3212 688 3535 760 subjungit:

1930 770 2066 825 Dico
2097 772 2253 843 quod
2279 770 2439 825 dabis
2467 770 2825 825 haereditatem
2852 789 2868 835 ;
2899 772 3132 839 scilicet,
3185 773 3397 843 adjicies
3435 776 3543 830 dies

1932 863 2067 929 regis
2107 878 2263 931 super
2302 860 2411 914 dies
2460 860 2632 931 regis.
2693 859 2858 924 Quod
2897 863 2982 915 est
3012 861 3200 915 dicere
3232 878 3245 916 :
3278 862 3421 917 Cum
3451 864 3543 919 hic

1930 949 2212 1003 habemus
2235 948 2354 1003 dies
2378 948 2707 1004 conformes
2731 949 2930 1004 diebus
2961 948 3190 1016 Christi,
3206 955 3544 1008 autonoma-

1931 1036 2068 1092 stice
2096 1037 2270 1107 regis,
2285 1039 2347 1091 ut
2376 1037 2468 1091 hic
2498 1053 2602 1109 pro
2629 1052 2795 1108 posse
2816 1040 3012 1092 nostro
3039 1038 3373 1108 militemus,
3398 1041 3545 1097 sicut

1932 1125 2055 1196 ipse
2086 1126 2193 1179 tibi
2220 1128 2336 1180 Deo
2388 1125 2447 1179 in
2502 1127 2609 1180 hac
2656 1126 2770 1179 vita
2802 1126 3086 1193 militavit,
3119 1128 3339 1196 adjicies
3374 1130 3543 1185 nobis

1931 1217 2063 1284 post
2089 1216 2343 1268 mortem
2373 1213 2562 1267 carnis
2585 1215 2724 1268 alios
2755 1214 2876 1268 dies
2905 1214 3234 1269 conformes
3264 1217 3388 1271 aliis
3429 1218 3547 1273 die-

1932 1300 2037 1354 bus
2069 1302 2277 1356 Christi
2312 1302 2484 1373 regis,
2511 1301 2607 1374 qui
2628 1304 2799 1356 erunt
2826 1319 2980 1372 super
3000 1320 3107 1357 nos
3123 1304 3234 1357 dies
3252 1307 3385 1372 regis
3396 1322 3541 1376 pra)-

1933 1392 2124 1444 sentes
2156 1390 2468 1461 digniores.
2500 1390 2631 1445 Dies
2674 1390 2888 1443 scilicet
2936 1393 3204 1458 aeternos,
3238 1392 3294 1446 id
3327 1397 3431 1459 est,
3460 1394 3541 1448 vi-

1933 1480 2055 1531 tam
2082 1482 2446 1550 perpetuam,
2476 1495 2603 1549 quas
2643 1478 2957 1532 conformis
3002 1479 3113 1532 erit
3151 1480 3277 1534 vitae
3311 1480 3539 1550 Christi,

1934 1582 2110 1638 quam
2139 1571 2267 1636 post
2294 1570 2544 1621 mortem
2578 1566 2763 1621 carnis
2810 1567 3051 1636 adeptus
3090 1570 3174 1621 est
3201 1586 3217 1621 :
3250 1568 3393 1623 sicut
3421 1570 3541 1641 ipse

1934 1657 2175 1707 testatur
2207 1670 2219 1708 :
2252 1678 2279 1704 ‹‹
2316 1656 2432 1725 Ego
2463 1655 2588 1709 vivo
2611 1658 2668 1709 et
2689 1672 2790 1708 vos
2806 1654 3000 1708 vivetis
3023 1655 3211 1725 (Joan.
3234 1673 3345 1723 xw,
3384 1658 3489 1728 19).
3512 1681 3539 1707 ››

219 1743 280 1795 in
306 1742 594 1796 velamento
615 1742 826 1796 alarum
858 1749 1093 1797 tuarum.
1131 1744 1296 1808 Quod
1336 1745 1415 1799 sic
1464 1746 1834 1800 continuatur
1860 1752 1911 1810 Β
1936 1741 2079 1805 Quia
2102 1758 2233 1797 vero
2281 1742 2507 1797 dixerat
2535 1743 2662 1809 dies,
2691 1760 2763 1796 ne
2806 1742 3139 1797 viderentur
3169 1760 3373 1813 parum
3401 1745 3536 1816 quid

217 1832 281 1884 et
302 1831 669 1898 construitur,
704 1834 767 1885 ut
793 1830 1031 1903 singulis
1055 1832 1280 1903 singula
1309 1833 1650 1888 reddantur.
1674 1833 1794 1888 Dixi
1817 1849 1831 1888 :

215 1918 448 1974 Exaudi
471 1920 893 1991 deprecationem
922 1938 1115 1987 meam,
1161 1924 1223 1975 ut
1241 1938 1351 1977 .me
1396 1926 1665 1994 protegas
1694 1940 1729 1977 a
1759 1922 1835 1977 vi-

213 2006 314 2063 tiis
342 2011 399 2062 et
429 2026 598 2081 pmna
627 2012 926 2081 perpetua,
962 2013 1019 2064 et
1064 2010 1272 2064 intende
1315 2014 1553 2065 orationi
1594 2029 1741 2078 meas,
1770 2014 1834 2065 ut

213 2096 408 2167 magis
435 2097 732 2170 magisque
772 2099 950 2154 facias
996 2098 1322 2154 inhabitare
1381 2102 1437 2153 in
1492 2100 1831 2155 tabernaculo

214 2190 311 2237 tuo
342 2201 360 2237 :
387 2188 445 2239 et
477 2186 645 2256 hujus
674 2186 757 2241 rei
810 2203 985 2259 quam
1030 2187 1312 2259 deprecor
1358 2191 1417 2250 et
1465 2205 1569 2244 oro
1618 2188 1830 2259 adipis-

213 2272 418 2327 cendae
451 2276 607 2328 certa
629 2291 777 2343 sum,
810 2275 1025 2330 scilicet
1054 2276 1192 2348 quia
1237 2277 1416 2346 factus
1459 2294 1511 2331 es
1551 2294 1663 2347 spes
1689 2294 1829 2343 mea,

213 2358 281 2413 id
311 2363 416 2429 est,
444 2362 580 2433 quia
609 2379 713 2435 per
736 2364 845 2419 hoc
875 2364 1030 2436 quod
1061 2381 1155 2418 me
1185 2364 1434 2420 exaltasti
1452 2368 1510 2419 et
1538 2365 1827 2429 deduxisti,

211 2448 400 2519 factus
425 2467 475 2505 es
494 2450 642 2517 talis,
666 2450 725 2505 in
759 2468 873 2523 quo
902 2451 975 2506 sit
1021 2470 1133 2522 spes
1178 2470 1316 2516 mea,
1350 2456 1507 2508 certa
1536 2471 1664 2509 sum
1694 2456 1829 2526 quia

213 2537 527 2591 inltabitabo
556 2541 611 2593 in
642 2539 979 2593 tabernaculo
1005 2546 1116 2607 tuo,
1142 2539 1201 2595 id
1242 2545 1328 2596 est
1364 2542 1436 2597 in
1485 2543 1691 2597 militia
1728 2548 1829 2598 tua

214 2624 407 2696 magis
437 2626 627 2682 eundo
658 2628 721 2681 in
745 2628 934 2681 saecula
989 2628 1309 2697 mundana,
1342 2630 1400 2684 id
1432 2635 1539 2698 est,
1572 2632 1828 2703 quandiu

210 2714 426 2768 saecula
452 2714 751 2770 mundana
782 2716 1090 2782 durabunt,
1122 2719 1500 2787 perseverabo
1525 2720 1583 2774 in
1624 2720 1829 2774 militia

213 2803 345 2869 tua,
373 2801 470 2873 qui
504 2801 710 2874 incmpi
742 2803 945 2859 deduci
972 2804 1030 2858 in
1059 2821 1147 2859 ea.
1182 2789 1366 2877 215
1400 2806 1517 2860 Hoc
1543 2807 1698 2878 quod
1737 2807 1821 2862 di-

212 2888 297 2943 cit
324 2906 337 2943 :
363 2888 560 2944 Factus
580 2908 630 2945 es
652 2908 763 2962 spes
800 2910 938 2961 mea,
969 2893 1293 2965 emphatiee
1326 2894 1509 2963 ponit.
1564 2896 1632 2950 Et
1691 2895 1828 2967 quia

146 3010 157 3013 -
211 2977 402 3031 factus
430 2995 490 3032 es
519 2981 681 3033 turris
707 2980 1043 3049 fortitudinis
1094 2999 1127 3034 a
1181 2981 1324 3051 facie
1361 2982 1591 3049 inimici,
1634 2983 1691 3037 id
1720 2987 1825 3052 est,

132 3100 147 3111 ο
212 3065 357 3135 quia
380 3066 563 3120 factus
592 3083 651 3122 es
679 3067 822 3123 mihi
852 3069 1003 3124 forte
1047 3068 1480 3124 munimentum
1511 3071 1584 3124 ab
1615 3070 1826 3125 instan-

214 3152 303 3207 tia
330 3153 548 3209 inimici
577 3155 809 3211 visibilis
845 3159 905 3210 et
925 3156 1220 3211 invisibilis
1251 3174 1348 3211 me
1371 3158 1640 3230 eripiens,
1674 3164 1829 3215 certa

218 3257 353 3296 sum
376 3242 511 3314 quia
538 3243 784 3299 existens
808 3249 865 3298 in
916 3245 1205 3299 velamento
1256 3246 1469 3301 alarum
1506 3254 1746 3316 tuarum,
1772 3249 1829 3304 id

218 3334 310 3385 est
334 3330 394 3385 in
424 3331 760 3387 defensione
785 3336 883 3387 tua
893 3341 1148 3403 protegar
1179 3351 1196 3387 :
1228 3338 1286 3389 et
1313 3335 1406 3390 hic
1437 3336 1831 3392 indesinenter

219 3434 258 3473 a
285 3418 455 3487 vitiis,
484 3423 543 3474 et
567 3420 625 3474 in
658 3420 850 3477 futuro
881 3438 915 3476 a
943 3438 1131 3492 paena.
1190 3422 1355 3487 Quod
1404 3424 1539 3479 dicit
1584 3427 1640 3479 in
1688 3426 1832 3480 vela-

211 3514 394 3561 mento
424 3508 656 3577 alarum,
692 3526 808 3565 non
841 3510 1048 3565 dicitur
1073 3511 1229 3582 quod
1258 3513 1377 3567 alas
1403 3512 1636 3581 habeat,
1664 3513 1767 3568 sed
1796 3532 1831 3569 a

213 3594 596 3651 similitudine
627 3597 868 3652 volucris
896 3598 1082 3669 ponit,
1116 3615 1244 3670 quae
1273 3589 1459 3672 pullos
1490 3601 1562 3655 ab
1607 3605 1747 3656 aestu
1771 3604 1831 3655 et

216 3684 413 3755 pluvia
438 3687 497 3739 et
523 3685 817 3740 volucrum
842 3687 1140 3757 rapacium
1172 3686 1394 3760 impetu
1423 3689 1645 3743 alarum
1686 3691 1831 3744 vela-

218 3777 423 3828 mento
447 3774 719 3845 protegit.
753 3775 820 3828 Et
848 3778 933 3829 est
960 3776 1339 3848 aequipollens
1377 3793 1441 3832 ac
1486 3777 1532 3832 si
1562 3776 1779 3833 diceret
1811 3795 1824 3832 :

214 3861 497 3931 Proteges
525 3878 621 3916 me
651 3862 710 3917 in
739 3862 1076 3935 defensione
1108 3867 1226 3919 tua.
1273 3864 1371 3919 Vel
1406 3881 1511 3936 per
1548 3867 1665 3921 alas
1705 3882 1831 3937 pos-

214 3950 356 4003 sunt
385 3949 564 4022 accipi
596 3951 723 4006 duae
754 3952 931 4023 leges,
983 3955 1145 4006 vetus
1197 3954 1255 4007 et
1308 3969 1478 4022 nova,
1508 3971 1610 4009 seu
1652 3955 1829 4010 etiam

210 4038 460 4109 gemina
488 4039 739 4103 dilectio,
771 4040 873 4095 Dei
918 4041 1134 4096 scilicet
1172 4044 1231 4096 et
1268 4042 1539 4113 proximi.
1575 4043 1829 4108 Quarum

216 4126 490 4181 exercitio
512 4128 774 4183 Ecclesiae
802 4128 999 4184 ﬁdeles
1025 4129 1250 4185 assidue
1281 4130 1631 4202 refrigerati,
1650 4135 1708 4187 et
1736 4133 1831 4188 hic

215 4216 629 4286 proteguntur,
661 4232 734 4271 ne
769 4232 805 4270 a
850 4217 1319 4273 tribulationibus
1374 4223 1737 4290 superentur,
1771 4223 1832 4276 et

1851 3034 1899 3093 C

1935 1847 2075 1896 esse,
2110 1830 2357 1900 digniori
2387 1848 2486 1885 eos
2510 1832 2787 1884 vocabulo
2814 1834 2997 1897 vocat,
3029 1848 3162 1886 cum
3194 1832 3357 1887 addit
3389 1850 3401 1887 :
3432 1833 3538 1887 sci-

1934 1918 2067 1973 licet
2094 1918 2309 1988 adjicies
2334 1936 2499 1972 annos
2528 1918 2680 1990 regis
2713 1935 2883 1989 super
2929 1936 3112 1974 annos
3155 1921 3295 1990 ejus,
3329 1921 3540 1976 scilicet

1934 2005 2105 2077 regis.
2135 2006 2287 2059 Auni
2318 2009 2375 2060 et
2405 2006 2526 2060 dies
2571 2006 2666 2060 hic
2724 2023 2827 2077 pro
2860 2007 3068 2061 eodem
3098 2008 3404 2063 habentur.
3434 2010 3541 2064 No-

1932 2093 2173 2148 tandum
2204 2109 2318 2147 non
2354 2094 2463 2148 dici
2487 2095 2663 2148 vitam
2702 2099 3043 2166 perpetuam
3086 2096 3206 2150 dies
3230 2097 3316 2150 vel
3353 2113 3539 2152 annos

1932 2181 2254 2251 pluraliter,
2294 2182 2451 2253 quod
2478 2182 2537 2235 in
2565 2198 2634 2236 ea
2659 2182 2732 2236 sit
2775 2182 3000 2237 dierum
3035 2184 3426 2255 multiplicitas
3454 2186 3540 2240 fu-

1931 2272 2079 2336 tura,
2112 2270 2212 2324 sed
2229 2270 2363 2341 quia
2393 2270 2515 2324 dies
2545 2271 2640 2325 illa
2668 2272 2788 2326 sola
2822 2271 3050 2326 dierum
3082 2272 3324 2327 istorum
3346 2274 3538 2329 multi-

1929 2358 2245 2430 plicitatem
2271 2357 2510 2413 excedet
2542 2375 2554 2413 :
2591 2359 2716 2414 dico
2759 2360 2916 2431 quod
2953 2360 3172 2430 adjicies
3215 2361 3329 2416 dies
3382 2380 3538 2434 super

1927 2445 2036 2499 dies
2061 2448 2195 2515 regis
2223 2463 2239 2499 :
2273 2450 2329 2500 et
2381 2447 2490 2501 hoc
2542 2447 2718 2501 facies
2748 2447 2806 2500 in
2841 2447 3076 2502 diversis
3098 2449 3267 2519 justis
3292 2466 3457 2521 usque
3480 2453 3538 2504 in

1926 2534 2065 2588 diem
2089 2536 2441 2603 generationis
2487 2540 2537 2589 et
2563 2537 2939 2604 generationis,
2975 2536 3037 2591 id
3074 2541 3178 2604 est,
3207 2538 3368 2593 dabis
3411 2539 3538 2595 illos

1928 2623 2049 2677 dies
2100 2623 2417 2677 secundum
2463 2624 2721 2678 animam
2753 2624 2988 2678 diversis
3010 2625 3180 2696 justis
3224 2627 3282 2681 in
3315 2626 3535 2683 diverso

1928 2713 2214 2782 tempore.
2252 2711 2433 2766 Hodie
2465 2712 2704 2783 quidem
2734 2712 2832 2766 uni
2861 2713 2931 2767 de
2964 2714 3070 2767 hac
3096 2714 3211 2768 vita
3237 2714 3535 2785 migranti,

1928 2814 2051 2854 cras
2081 2799 2196 2866 alii,
2230 2801 2287 2853 et
2312 2802 2440 2870 post
2468 2815 2593 2854 cras
2619 2800 2742 2854 alii:
2766 2804 2824 2854 et
2846 2801 3173 2873 sicjsemper
3189 2818 3291 2874 per
3316 2819 3534 2858 succes-

1927 2889 2149 2943 sionem
2182 2905 2361 2959 usque
2393 2889 2452 2944 in
2486 2889 2642 2944 diem
2654 2889 2882 2960 judicii,
2906 2891 3003 2962 qui
3028 2891 3139 2945 erit
3166 2891 3287 2946 dies
3312 2908 3534 2962 genera-

1929 2979 2091 3032 tionis
2115 2985 2165 3031 et
2182 2980 2557 3046 generationis,
2589 2978 2646 3033 id
2671 2982 2757 3033 est
2782 2979 3020 3049 duplicis
3040 2980 3450 3051 generationis,
3474 2982 3533 3037 in

1928 3081 2042 3137 quo
2070 3066 2267 3121 fideles
2298 3066 2600 3138 dupliciter
2630 3067 2687 3121 in
2714 3067 3036 3122 asternitate
3080 3069 3534 3139 generabuntur,

1929 3157 1989 3208 et
2018 3154 2335 3209 secundum
2357 3170 2562 3226 corpus
2585 3154 2816 3223 scilicet,
2841 3159 2898 3210 et
2913 3157 3229 3211 secundum
3249 3158 3531 3214 animam:

1929 3242 2028 3314 qui
2052 3259 2187 3298 mox
2217 3246 2347 3315 post
2371 3243 2557 3297 carnis
2574 3244 2796 3298 obitum
2823 3244 3135 3299 secundum
3153 3245 3412 3300 animam
3435 3263 3535 3318 ge-

1931 3334 2231 3386 nerantur.
2266 3331 2393 3385 Haec
2425 3334 2617 3385 autem
2650 3332 2790 3399 dies,
2820 3349 2854 3386 a
2874 3333 3118 3388 Domino
3146 3333 3266 3388 dies
3293 3351 3535 3407 regene-

1930 3418 2169 3498 rationis
2190 3423 2572 3491 nuncupatur,
2598 3435 2729 3475 cum
2747 3420 2883 3475 dicit
2909 3438 2921 3476 :
2944 3445 2971 3471 «
2999 3424 3061 3476 ln
3093 3423 3534 3493 regeneratione

1929 3524 2061 3561 cum
2092 3508 2307 3561 sederit
2347 3507 2494 3561 ﬁlius
2536 3508 2790 3563 hominis
2815 3509 3037 3570 (Matth.
3072 3526 3184 3577 nx,
3218 3510 3330 3583 28),
3366 3532 3392 3560 ››
3422 3516 3532 3567 etc.

1929 3596 2025 3650 Vel
2056 3595 2263 3650 dicitur
2283 3595 2404 3650 dies
2420 3598 2774 3665 generationis
2802 3603 2851 3649 et
2878 3600 3252 3666 generationis,
3283 3615 3351 3653 eo
3378 3599 3535 3669 quod

1930 3700 2133 3739 omnes
2175 3683 2234 3737 in
2279 3700 2346 3738 eo
2377 3683 2711 3754 spiritaliter
2740 3686 3000 3755 generati
3049 3686 3109 3739 in
3158 3686 3294 3755 ﬁde,
3317 3689 3537 3741 aeterna

1929 3771 2285 3827 beatitudine
2311 3771 2479 3825 simul
2506 3771 2941 3843 generabuntur
2973 3790 2985 3826 :
3018 3790 3143 3843 quae
3161 3774 3457 3843 generatio
3476 3777 3536 3828 et

1929 3860 2226 3933 generatio
2243 3866 2522 3930 permanet
2551 3861 2606 3913 in
2635 3867 2910 3930 conspectu
2940 3859 3045 3913 Dei
3067 3862 3123 3912 in
3166 3866 3442 3928 aeternum,
3473 3859 3537 3915 id

1929 3952 2035 4016 est,
2069 3947 2166 4020 qui
2192 3948 2566 4019 spiritualiter
2595 3948 2858 4020 generati
2878 3949 2966 4003 vel
2999 3948 3058 4002 in
3096 3964 3337 4020 corpore
3378 3952 3436 4003 et
3473 3949 3533 4004 in

1930 4039 2127 4094 anima
2176 4039 2459 4110 generati,
2517 4040 2945 4111 permanebunt
2996 4037 3054 4092 in
3104 4040 3410 4106 aeternum,
3472 4038 3535 4094 in

1928 4113 1992 4200 2
2015 4114 2031 4199 I
2141 4128 2450 4201 praesentia
2486 4131 2545 4182 et
2574 4126 3015 4200 beneplacentia
3044 4126 3167 4194 Dei,
3197 4126 3361 4197 juxta
3392 4126 3535 4182 illud

1927 4218 2183 4288 Apostoli
2209 4234 2222 4272 :
2253 4240 2280 4267 «
2318 4216 2409 4271 Sic
2452 4233 2684 4288 semper
2740 4232 2873 4270 cum
2927 4216 3174 4271 Domino
3222 4214 3439 4270 erimus
3483 4214 3542 4288 (I

214 4302 281 4356 in
313 4302 526 4370 futuro,
553 4320 625 4358 ne
650 4320 822 4375 pinna
850 4309 1131 4378 perpetua
1169 4306 1505 4377 puniantur,
1539 4308 1683 4364 sicut
1728 4311 1832 4365 alis
1852 4318 1904 4377 1)
1929 4305 2108 4360 Thess.
2130 4323 2205 4373 iv,
2242 4307 2347 4376 l6).
2371 4327 2399 4355 »
2432 4306 2656 4360 Diceret
2680 4304 2883 4376 aliquis
2915 4320 2927 4355 :
2952 4303 3098 4358 Dicis
3128 4303 3283 4375 quod
3308 4321 3537 4376 perma-

214 4389 461 4444 volucris
488 4391 626 4462 pulli
655 4392 726 4446 ab
760 4392 920 4447 omni
948 4393 1185 4449 laesione
1218 4398 1622 4467 proteguntur.

290 4477 414 4532 Non
433 4479 620 4533 solum
650 4482 845 4534 autem
871 4496 1039 4553 spero
1062 4481 1217 4554 quod
1249 4483 1556 4538 inhabitabo
1578 4487 1634 4538 in
1663 4485 1831 4540 taber-

212 4567 410 4622 naculo
441 4574 550 4635 tuo,
573 4567 702 4624 ideo
732 4569 877 4641 quod
901 4571 1085 4641 factus
1119 4588 1171 4625 es
1211 4584 1329 4643 3pc:
1373 4590 1509 4640 mea,
1556 4574 1656 4629 sed
1696 4574 1825 4632 ideo

212 4670 449 4726 quoque
478 4658 734 4727 quoniam
764 4665 841 4725 tu,
870 4656 1036 4725 Deus,
1078 4658 1175 4731 qui
1207 4663 1417 4732 potens
1460 4678 1521 4715 es
1562 4662 1635 4717 ad
1666 4679 1827 4719 com-

211 4741 495 4813 piendum
526 4744 682 4816 quod
726 4761 851 4814 oro,
888 4747 1161 4803 exaudisti
1204 4749 1501 4807 orationem
1529 4766 1726 4820 meam,
1768 4750 1827 4807 id

212 4832 305 4884 est
333 4830 655 4903 disposuisti
689 4836 982 4906 complere
1012 4836 1338 4893 orationem
1372 4855 1589 4907 meam,
1613 4838 1829 4896 scilicet

214 4921 282 4973 ut
308 4917 625 4976 inhabitem
650 4921 709 4975 in
741 4922 1113 4980 tabernaculo
1139 4926 1239 4980 tuo
1272 4928 1327 4979 in
1349 4928 1538 4982 saecula
1568 4946 1585 4981 :
1608 4931 1667 4983 et
1705 4944 1823 4985 non

210 5006 403 5062 solum
435 5008 595 5064 dabis
621 5013 684 5064 ut
711 5010 803 5065 hic
820 5010 1143 5068 inhabitem
1162 5013 1626 5084 intabernaculo,
1646 5017 1745 5072 sed
1764 5019 1824 5072 in

211 5094 410 5150 futuro
453 5096 662 5165 dedisti,
708 5097 767 5153 id
820 5103 908 5154 est
960 5099 1141 5166 dabis,
1183 5101 1545 5158 hereditatem
1593 5107 1826 5161 aeternas

213 5183 588 5241 beatitudinis
616 5188 928 5243 timentibus
972 5204 1163 5243 nomen
1213 5196 1385 5259 tuum,
1439 5191 1652 5247 scilicet
1693 5209 1825 5248 cum

214 5269 430 5329 timore
459 5277 614 5330 casto
644 5276 1055 5331 venerantibus
1081 5277 1190 5332 hoc
1220 5295 1438 5334 nomen
1450 5283 1636 5347 tuum,
1668 5283 1826 5352 quod

215 5365 305 5416 est
326 5363 627 5432 Dominus,
658 5381 776 5420 non
808 5364 1134 5420 dolentibus
1188 5367 1263 5423 et,
1297 5367 1826 5440 blasphemantibus

214 5448 350 5514 hoc,
372 5451 528 5523 quod
546 5452 824 5509 Dominus
841 5471 921 5509 es.
948 5453 1353 5509 Haereditatem
1373 5472 1528 5523 vero,
1542 5459 1826 5514 aeternam

218 5536 639 5601 beatitudinem
669 5556 775 5617 per
786 5540 1224 5599 similitudinem
1247 5542 1408 5614 dicit,
1425 5558 1496 5602 eo
1522 5542 1679 5617 quod
1694 5560 1829 5607 eam

1929 4394 2150 4447 nebunt
2161 4395 2215 4446 in
2226 4398 2500 4463 conspectu
2515 4391 2637 4458 Dei,
2652 4407 2717 4445 ac
2735 4391 2779 4444 si
2799 4406 3078 4461 magnum
3095 4393 3261 4445 esset.
3275 4390 3362 4445 Ad
3377 4392 3537 4464 quod

1926 4481 2006 4536 sic
2025 4481 2213 4536 addit:
2238 4481 2380 4535 Vere
2410 4495 2690 4551 magnum
2711 4482 2797 4533 est
2824 4478 2965 4533 illud
3000 4494 3363 4549 permanere.
3387 4480 3535 4536 Nam

1927 4572 2044 4643 quis
2069 4572 2297 4642 requiret
2323 4572 2522 4642 postea
2547 4567 2983 4636 misericordiam,
3014 4567 3073 4623 id
3096 4571 3182 4623 est
3197 4572 3433 4639 peccata
3446 4587 3535 4625 re-

1927 4657 2103 4724 mitti,
2133 4658 2191 4711 et
2240 4655 2313 4709 de
2358 4653 2823 4709 tribulationibus
2862 4653 3042 4724 eripi;
3073 4660 3123 4707 et
3147 4658 3445 4723 veritatem,
3473 4656 3534 4710 id

1925 4749 2011 4801 est
2038 4747 2323 4799 aaternum
2355 4745 2413 4796 et
2459 4757 2659 4796 verum
2702 4759 2844 4809 esse,
2900 4746 2958 4796 et
3008 4741 3531 4797 incommutabile?

1924 4835 2126 4888 Nemo.
2154 4834 2233 4886 Ac
2246 4832 2292 4887 si
2319 4830 2502 4885 dicat:
2524 4830 2734 4885 Felices
2754 4834 2945 4898 erunt,
2961 4830 3057 4901 qui
3080 4830 3528 4902 permanebunt,

1924 4939 2064 4979 nam
2095 4938 2227 4977 cum
2254 4920 2470 4975 fuerint
2501 4918 2958 4975 misericordiam
2980 4921 3038 4973 et
3052 4919 3351 4973 veritatem
3370 4920 3532 4989 peni-

1923 5016 2015 5068 tus
2029 5012 2432 5084 adepti,Deum
2446 5009 2517 5064 de
2538 5008 2931 5064 misericordia
2950 5009 3008 5061 et
3026 5006 3265 5061 veritate
3284 5008 3531 5081 amplius

1925 5118 2092 5158 orare
2124 5115 2351 5155 necesse
2374 5114 2491 5153 non
2522 5098 2651 5152 erit.
2678 5097 2827 5167 Ergo
2845 5100 2909 5150 ut
2931 5112 3307 5165 permaneam
3330 5095 3387 5149 in
3398 5112 3533 5151 con-

1925 5194 2121 5263 spectu
2136 5192 2257 5256 tuo,
2279 5204 2312 5242 ο
2331 5188 2499 5249 Deus,
2507 5184 2778 5257 psalmum
2807 5184 2981 5238 dicam
3001 5176 3208 5247 nomini
3225 5192 3333 5252 tuo,
3364 5183 3425 5239 id
3444 5190 3532 5241 est

1922 5280 2079 5335 bona
2090 5294 2268 5350 opera
2284 5292 2416 5331 mea
2444 5275 2503 5329 in
2523 5274 2774 5329 evidenti
2794 5289 3010 5346 ponam
3030 5274 3104 5329 ad
3123 5274 3408 5329 honorem
3422 5291 3529 5330 no-

1925 5368 2099 5423 minis
2120 5367 2223 5435 tui,
2238 5364 2443 5421 nonad
2461 5363 2725 5419 favorem
2741 5362 3049 5419 hominum
3070 5379 3085 5431 ;
3110 5365 3169 5417 et
3189 5364 3297 5419 hoc
3315 5378 3433 5418 non
3448 5364 3534 5419 l‘a—

1922 5457 2075 5513 ciam
2088 5456 2316 5511 horarie
2337 5470 2524 5525 neque
2538 5439 2774 5522 in'vitus,
2793 5452 2893 5509 sed
2905 5450 3118 5507 faciam
3136 5453 3201 5509 de
3223 5453 3309 5507 die
3321 5454 3377 5506 in
3391 5452 3532 5509 diem

1925 5560 2106 5621 opera
2118 5559 2271 5612 mea,
2294 5557 2424 5615 quae
2454 5540 2734 5599 dicuntur
2754 5548 2899 5614 vota,
2921 5555 2990 5601 eo
3013 5542 3171 5621 quod
3198 5544 3332 5603 voto
3355 5543 3417 5598 et,
3439 5541 3537 5601 de.
