3970 6040
554 333 656 387 923

1156 326 1213 385 S.
1257 329 1599 387 BRUNONIS
1639 328 2277 387 CARTHUSIANORUM
2312 321 2784 386 INSTITUTORIS
2826 331 2981 388 OPP.
3022 328 3202 390 PARS
3242 334 3263 387 Ι
3731 342 3805 395 924

550 455 759 511 siderio
782 454 968 511 cordis
982 454 1271 522 liunt,non
1298 456 1500 511 invite:
1523 460 1580 511 et
1606 457 1716 513 hoc
1746 457 1954 512 faciam
1983 474 2152 528 usque
2177 438 2232 497 Α
2263 460 2416 513 ruitis
2436 476 2540 531 per
2569 458 2964 515 tribulationes
2994 463 3050 514 in
3071 477 3167 516 me
3189 441 3371 529 217
3398 458 3671 527 hominem,
3688 460 3734 516 id
3749 468 3805 518 est

549 546 605 598 in
633 546 901 611 saeculum,
919 545 1499 616 scilicetsaeculihujus
1518 546 1956 600 subsecutivum.
1988 546 2151 609 Quod

550 636 635 687 est
664 633 872 700 dicere,
905 633 1159 704 quandiu
1192 634 1441 687 mundus
1468 635 1571 688 iste
1598 634 1848 689 durabit.

1048 723 1115 774 IN
1155 722 1477 777 PSALMUM
1528 724 1652 777 LXI.

620 810 836 864 Titulus
866 809 1214 881 Sexagesimi
1245 811 1437 881 primi.
1470 810 1535 864 In
1573 813 1733 880 ﬁnem
1766 828 1868 883 pro
1907 810 2153 865 Idz'thun.

552 898 801 954 Psalmus
830 898 1028 953 David.
1064 898 1227 962 Quod
1254 899 1333 953 sic
1362 900 1666 970 exponitur
1699 917 1712 954 :
1749 901 2008 955 Psalmus
2052 900 2157 954 iste

552 992 638 1044 est
667 988 863 1055 David,
892 988 951 1042 id
979 992 1065 1042 est
1094 988 1339 1043 Ecclesia
1362 990 1770 1059 pertectorum,
1807 988 2160 1060 compositus

552 1094 657 1149 per
680 1077 908 1130 ldithun
936 1076 993 1129 in
1024 1076 1223 1143 finem,
1252 1077 1313 1130 id
1344 1081 1430 1131 est
1460 1094 1563 1147 pro
1592 1095 1659 1132 ea
1687 1078 2157 1132 consideratione

554 1166 707 1237 quod
744 1182 773 1218 e
808 1168 828 1218 t
867 1164 1093 1220 Idithun
1139 1182 1151 1218 :
1187 1164 1247 1219 in
1280 1166 1479 1232 ﬁnem,
1524 1166 1581 1220 id
1622 1168 1807 1221 estea
1861 1165 2159 1220 occasione

557 1254 712 1325 quod
743 1253 862 1324 ipsa
892 1254 1139 1308 Ecclesia
1166 1258 1250 1308 est
1279 1254 1610 1309 transiliens
1633 1272 1749 1321 eos,
1784 1258 1985 1309 contra
2017 1270 2161 1325 quos

554 1342 647 1396 hic
678 1341 928 1411 disputat
954 1360 966 1396 :
1001 1342 1057 1395 in
1081 1342 1256 1396 ﬁnem
1293 1343 1553 1411 tendens,
1585 1344 1641 1397 id
1669 1344 1822 1397 estin
1840 1342 2158 1398 conformi-

551 1433 732 1484 tatem
783 1431 989 1485 Christi
1048 1432 1178 1484 finis
1231 1432 1545 1503 pr0plietim
1599 1435 1655 1485 et
1706 1433 1864 1502 legis.
1899 1432 2163 1503 Disputat

556 1519 715 1572 enim
746 1519 803 1573 in
837 1520 945 1573 hoc
972 1520 1193 1590 psalmo
1235 1520 1480 1573 Ecclesia
1532 1520 1925 1592 perfectorum
1959 1524 2163 1575 contra

556 1606 856 1661 haireticos
888 1611 945 1660 et
970 1608 1212 1677 gentiles
1244 1611 1300 1661 et
1337 1608 1564 1662 Judmos
1593 1610 1689 1680 qui
1731 1610 1928 1663 volunt
1959 1626 2087 1663 eam
2128 1624 2163 1662 ει

550 1694 678 1765 lege
708 1696 808 1750 Dei
840 1696 1113 1750 devocare
1153 1699 1210 1749 et
1232 1713 1265 1750 a
1292 1696 1646 1767 subjectione
1678 1698 1819 1768 ejus,
1853 1698 2163 1753 ostendens

2266 547 2323 601 in
2340 565 2454 615 me,
2470 547 2565 619 qui
2584 548 2768 602 adhuc
2780 548 2957 604 homo
2976 567 3126 611 sum,
3149 550 3208 603 id
3227 550 3311 602 est
3332 547 3588 601 mortalis
3602 551 3653 601 et
3680 552 3807 619 passi-

2265 636 2413 702 bilis,
2428 636 2485 689 in
2500 653 2612 707 quo
2638 636 2972 691 facultatem
2996 636 3254 691 irruendi
3273 635 3516 689 habetis.
3542 636 3647 690 Hoc
3663 642 3806 693 autem

2266 723 2613 794 increpative
2636 724 2887 794 positum
2925 726 3300 797 aequipollens
3327 727 3434 791 est,
3464 740 3526 778 ac
3551 724 3592 777 si
3612 724 3803 783 diceret:

2264 812 2408 866 Cum
2430 812 2748 868 immobilis
2763 814 2891 880 sim,
2917 814 3171 869 desistite
3192 817 3253 867 ut
3274 816 3512 883 propter
3542 813 3641 867 hoc
3669 815 3718 868 in
3743 834 3806 870 me

2260 900 2510 962 irruatis,
2543 905 2603 954 ut
2634 919 2729 956 me
2757 903 3035 957 revocetis
3068 919 3080 956 :
3116 919 3255 957 nam
3282 901 3557 955 irruendo
3573 903 3804 971 interﬁcite

2260 1006 2370 1054 vos,
2388 992 2637 1043 universi.
2667 989 2831 1053 Quod
2850 994 2934 1044 est
2955 990 3144 1045 dicere
3170 1007 3181 1044 :
3212 990 3324 1044 Hoc
3337 988 3494 1060 quod
3516 989 3570 1042 in
3594 1006 3677 1044 me
3692 993 3807 1044 irrui-

2263 1085 2537 1144 tts,‘eausa
2563 1082 2649 1132 est
2673 1095 2851 1150 quare
2878 1078 2937 1133 in
2970 1076 3607 1156 animainterﬂciamini
3627 1082 3677 1132 et
3692 1081 3805 1133 vobis

2262 1167 2468 1237 loquor
2499 1166 2891 1233 existentibus,
2926 1174 3182 1239 tanquam
3201 1168 3405 1237 parieti
3424 1166 3679 1228 inclinato,
3692 1167 3804 1221 idest

2263 1255 2752 1325 comparabilibus
2768 1255 2969 1325 parieti
2980 1255 3105 1325 jam
3128 1254 3558 1325 inclinato,quze
3574 1259 3734 1324 presto
3751 1259 3806 1309 est

2263 1343 2337 1396 ad
2364 1343 2650 1396 ruendum
2687 1359 2700 1397 :
2734 1348 2793 1397 et
2823 1346 2908 1397 est
2934 1344 3045 1397 hoc
3070 1360 3136 1397 ae
3170 1343 3215 1398 si
3248 1343 3465 1397 diceret
3494 1359 3506 1395 :
3540 1342 3667 1396 Cum
3701 1343 3804 1397 Deus

2262 1448 2361 1486 vos
2385 1431 2585 1485 fecerit
2634 1432 3026 1498 rationabiles,
3056 1436 3114 1486 et
3152 1432 3402 1486 liberum
3442 1430 3713 1485 arbitrium
3734 1431 3803 1484 ha-

2263 1520 2486 1586 bentes,
2523 1522 2580 1574 et
2605 1520 2682 1574 sic
2710 1537 2808 1574 vos
2838 1520 3057 1574 habiles
3082 1519 3356 1584 effecerit,
3390 1523 3455 1573 ut
3484 1518 3713 1572 Ecclesia:
3735 1535 3803 1589 pa-

2265 1607 2378 1661 ries
2405 1608 2619 1675 essetis,
2655 1625 2754 1662 vos
2790 1624 2965 1680 prave
3012 1608 3250 1662 vivendo
3294 1607 3603 1661 inclinastis
3636 1623 3730 1671 vos,
3766 1605 3803 1659 id

2265 1700 2352 1749 est
2385 1695 2595 1749 fecistis
2635 1698 2799 1767 aptos
2825 1697 2899 1751 ad
2950 1696 3276 1750 cadendum
3320 1695 3380 1749 in
3426 1698 3677 1760 mortem,
3703 1694 3802 1746 sicut

551 1783 706 1854 quod
736 1784 1060 1837 nullatenus
1090 1801 1219 1838 eam
1246 1784 1605 1839 devocabunt
1635 1802 1648 1839 :
1682 1790 1739 1839 et
1761 1786 2160 1840 ostenditcau-
2193 1775 2242 1832 Β
2264 1782 2453 1855 paries
2484 1783 2789 1837 inclinatus
2819 1787 2987 1855 aptus
3018 1788 3103 1839 est
3130 1784 3204 1838 ad
3241 1783 3583 1837 cadendum.

550 1888 640 1926 sas
678 1872 870 1941 plures
899 1889 1074 1943 quare
1101 1890 1215 1927 non
1248 1878 1527 1945 poterunt
1550 1891 1677 1929 eam
1712 1874 2018 1931 devocare.
2062 1876 2163 1928 Ex-

550 1960 790 2030 probrat
823 1965 1017 2015 autem.
1049 1978 1250 2016 eorum
1304 1962 1685 2032 impietatem,
1737 1966 1797 2017 ut
1824 1964 1903 2016 sic
1934 1966 2183 2018 revocet‘

553 2064 651 2102 eos
673 2049 757 2101 vel
784 2050 942 2116 alios,
977 2049 1072 2120 qui
1099 2049 1283 2104 adhuc
1314 2054 1445 2104 sunt
1476 2051 1749 2119 insontes,
1782 2051 1968 2106 bonos
2006 2051 2161 2105 vide-

551 2135 686 2189 licet
710 2136 782 2190 ab
815 2153 1016 2191 eorum
1045 2138 1453 2193 conformitate
1499 2141 1776 2193 retrahat.
1809 2140 2165 2194 Adhortatur

557 2224 731 2278 etiam
784 2225 1045 2279 animam
1096 2243 1281 2293 suam,
1328 2243 1401 2281 ne
1444 2244 1645 2281 eorum
1688 2229 1951 2297 exemplo
1984 2245 2018 2281 a
2062 2227 2162 2282 Dei

555 2313 910 2383 subjectione
940 2313 1193 2369 discedat
1227 2332 1240 2369 :
1273 2315 1458 2369 bonos
1478 2332 1707 2387 quoque
1732 2320 1794 2369 ut
1821 2317 1882 2370 in
1905 2317 2020 2371 Deo
2044 2333 2166 2388 spe-

556 2404 690 2456 rent
718 2401 1016 2468 admonet,
1052 2419 1168 2456 non
1218 2403 1275 2456 in
1329 2403 1546 2475 rapinis
1584 2408 1640 2457 et
1683 2404 1890 2458 divitiis
1923 2421 1934 2457 :
1972 2404 2165 2458 dicens

556 2488 616 2544 in
647 2488 763 2542 ﬁne
786 2489 1011 2559 psalmi,
1041 2490 1195 2560 quod
1242 2493 1390 2545 Deus
1436 2491 1744 2562 unicuique
1777 2492 1942 2561 juxta
1990 2508 2167 2562 opera

557 2594 659 2631 sua
688 2577 891 2631 reddet
920 2594 931 2631 :
966 2581 1264 2649 sperantes
1295 2579 1351 2632 in
1381 2596 1439 2633 se
1467 2580 1763 2647 salvando,
1787 2584 1845 2634 et
1873 2581 1932 2634 in
1959 2580 2165 2634 divitiis

557 2668 855 2736 sperantes
878 2665 1030 2736 juste
1057 2666 1522 2722 condemnando.

626 2754 821 2807 Nonne
847 2753 960 2807 Deo
983 2754 1217 2825 subjecta
1240 2758 1341 2809 erit
1364 2759 1547 2811 anima
1570 2776 1685 2812 mea
1710 2760 1739 2811 ?
1756 2760 1833 2811 Ac
1847 2758 1891 2812 si
1925 2757 2160 2812 diceret:

554 2843 734 2896 Vultis
764 2859 915 2911 eam,
946 2860 978 2898 0
1009 2842 1143 2897 ﬁdei
1174 2845 1468 2900 catholicae
1504 2847 1831 2914 adversarii,
1865 2864 1898 2901 a
1919 2847 2019 2901 Dei
2041 2848 2167 2902 sub-

547 2931 803 3003 jectione
834 2949 1152 3000 removere,
1184 2933 1230 2987 si
1260 2934 1522 3005 poteritis
1553 2936 1663 2991 hoc
1707 2936 1959 3003 efﬁcere,
1991 2953 2063 2990 ne
2094 2936 2166 2990 sit

555 3020 810 3118 subjecta
877 3038 1410 3094 nequaquam,vere
1434 3024 1689 3096 subjecta
1706 3026 1833 3093 erit,
1859 3042 1976 3081 non
2000 3028 2163 3098 pote-
2191 3058 2239 3118 Ο

554 3109 631 3164 rit
661 3127 695 3164 a
723 3110 880 3165 vobis
912 3111 1153 3165 moveri.
1184 3113 1251 3166 Et
1282 3114 1491 3167 merito
1522 3114 1779 3184 subjecta
1799 3115 1909 3169 erit
1933 3132 1945 3168 :
1968 3116 2036 3167 ab
2056 3117 2163 3184 ipso

555 3200 694 3251 enim
725 3202 810 3253 est
836 3200 1068 3253 salutare
1098 3218 1293 3267 meum,
1329 3200 1387 3255 id
1421 3204 1507 3255 est
1548 3202 1785 3256 salvatio
1828 3202 1963 3256 mei.
1999 3202 2164 3266 Quod

554 3290 642 3338 est
669 3285 857 3340 dicere
887 3303 899 3339 :
934 3289 1055 3356 Ipse
1088 3304 1182 3341 me
1209 3288 1471 3342 satvabit.
1508 3289 1733 3343 Diceret
1761 3290 1966 3361 aliquis
1995 3307 2007 3343 :
2042 3291 2161 3344 Est-

560 3389 634 3427 ne
664 3377 870 3443 potens
899 3373 973 3427 ad
1000 3378 1057 3428 te
1087 3375 1423 3429 salvandum
1450 3376 1477 3430 ?
1507 3377 1592 3430 Ad
1633 3378 1789 3449 quod
1819 3378 1896 3431 sic
1924 3395 2163 3449 respon-

559 3461 657 3517 det
688 3479 700 3516 :
730 3464 814 3516 Ita
842 3479 973 3517 vere
1004 3464 1074 3517 ab
1102 3464 1222 3535 ipso
1236 3467 1424 3534 potest
1443 3482 1563 3519 esse
1586 3466 1820 3522 salvatio
1849 3467 1983 3521 mei.
2014 3467 2163 3522 Nam

557 3558 608 3606 et
633 3553 738 3621 ipse
758 3553 845 3606 est
864 3553 1009 3606 Deus
1040 3570 1203 3619 meus,
1228 3553 1285 3607 id
1307 3557 1391 3607 est
1417 3563 1709 3609 recreator
1728 3555 1863 3623 mei,
1889 3572 1992 3626 per
2012 3573 2164 3611 mor-

555 3643 677 3695 tem
703 3657 888 3709 suam,
911 3642 1007 3713 qui
1030 3642 1318 3713 perieram
1342 3643 1398 3696 in
1424 3645 1630 3712 Adam,
1654 3651 1703 3698 et
1734 3654 1996 3717 susceptor
2020 3664 2165 3699 meus

557 3730 666 3785 erit
694 3730 751 3785 in
782 3731 996 3797 futuro,
1023 3731 1081 3785 id
1103 3734 1188 3786 est
1217 3732 1471 3787 medicus
1493 3750 1655 3788 meus
1673 3733 1768 3805 qui
1792 3752 1885 3789 me
1912 3735 2083 3789 faciet
2096 3752 2163 3789 ex

558 3820 790 3875 mortali
817 3824 873 3875 et
904 3820 1155 3891 passibili
1186 3820 1579 3876 immortalem
1629 3827 1687 3876 et
1725 3823 2159 3894 impassibilem.

2337 1873 2708 1947 Demonstrat
2740 1875 2937 1926 autem
2979 1873 3166 1927 adhuc
3222 1889 3323 1926 eos
3379 1889 3498 1925 esse
3545 1869 3802 1933 debilium,

2267 1976 2396 2014 cum
2420 1960 2582 2014 addit
2621 1977 2633 2013 :
2666 1959 2742 2013 Et
2772 1960 2931 2014 vobis
2958 1962 3169 2031 loquor
3196 1959 3568 2014 existentibus
3591 1962 3805 2028 tanquam

2265 2050 2508 2102 maceriae
2536 2048 2784 2118 depulsae,
2814 2048 2873 2102 id
2906 2051 3011 2114 est,
3045 2050 3291 2103 maceriae
3315 2046 3803 2118 comparabilibuset

2266 2152 2384 2191 non
2414 2137 2679 2191 maceriae
2698 2142 2868 2191 rectae
2893 2138 2993 2191 sed
3015 2137 3275 2191 maceriae
3288 2136 3536 2207 depulsa,
3560 2134 3691 2189 idest
3711 2148 3803 2203 qua:

2260 2225 2386 2296 jam
2416 2225 2660 2295 impulsa
2691 2229 2795 2293 est,
2830 2229 2888 2280 et
2933 2226 3008 2280 ad
3038 2225 3367 2280 cadendum
3406 2241 3597 2296 prona.
3625 2219 3802 2276 Maceria

2266 2314 2501 2385 proprie
2528 2313 2738 2368 dicitur
2761 2313 3333 2386 congerieslapidum
3347 2314 3467 2368 sine
3483 2313 3726 2367 cmmento
3743 2308 3800 2360 vel

2267 2402 2515 2473 ligatura
2565 2402 2839 2473 quaelibet
2887 2402 3327 2457 subalternatim
3370 2403 3679 2474 positorum,
3711 2412 3799 2467 qua

2267 2492 2378 2545 cito
2410 2491 2557 2545 dirui
2584 2496 2773 2562 potest
2802 2509 2814 2545 :
2850 2492 3037 2563 paries
3066 2508 3221 2558 vero,
3262 2492 3519 2562 lapidum
3571 2485 3800 2558 congeries

2269 2581 2707 2634 subalternatim
2739 2581 3058 2652 positorum
3082 2584 3368 2636 elemento
3389 2582 3469 2635 vel
3487 2580 3720 2651 junctura
3735 2573 3802 2627 ali-

2268 2684 2381 2739 qua
2408 2667 2741 2738 ligatorum,
2761 2685 2889 2739 qua:
2924 2685 3042 2723 non
3067 2674 3152 2723 est
3176 2669 3322 2723 adeo
3355 2667 3531 2723 facilis
3555 2665 3620 2720 ad
3644 2662 3797 2718 caden-

2268 2756 2430 2823 dum,
2463 2760 2527 2810 ut
2560 2757 2829 2811 maceria.
2858 2757 3020 2812 Unde
3050 2774 3305 2829 congrue
3338 2756 3591 2811 maceria:
3625 2764 3797 2819 compa-

2266 2848 2489 2910 rantur,
2513 2846 2610 2915 qui
2641 2846 2763 2898 sine
2783 2845 3199 2915 juneturaﬁdei
3219 2842 3598 2899 etconcordize
3611 2839 3792 2894 existen-

2266 2935 2370 2999 tes,
2404 2937 2461 2986 et
2488 2949 2519 2986 a
2544 2933 2693 2987 vitiis
2722 2933 2973 3004 impulsi,
3002 2934 3074 2988 ad
3105 2934 3395 2989 ruendum
3420 2934 3474 2987 in
3503 2931 3716 2986 mortem
3736 2923 3793 2976 fa-

2264 3021 2401 3075 ciles
2429 3021 2677 3076 existunt
2710 3038 2722 3075 :
2756 3025 2814 3075 et
2858 3022 2967 3076 hoc
3006 3025 3193 3076 totum
3226 3024 3314 3076 est
3354 3038 3418 3075 ae
3473 3020 3517 3074 si
3568 3014 3789 3093 poneret:

2266 3110 2408 3166 Cum
2428 3112 2554 3181 jam
2586 3113 2824 3183 propter
2856 3112 3070 3165 malam
3101 3111 3281 3165 vitam
3320 3114 3561 3165 vestram
3594 3103 3692 3159 sitis
3714 3096 3793 3154 rui-

2265 3200 2397 3266 turi,
2427 3200 2572 3254 sicut
2598 3200 2851 3254 maceria
2867 3200 3121 3270 depulsa,
3145 3200 3429 3255 deberetis
3447 3197 3624 3268 utique
3642 3188 3743 3246 ﬁdei
3755 3188 3791 3239 et

2265 3288 2632 3359 subjectionis
2652 3288 2751 3342 Dei
2780 3293 3063 3342 caemento
3098 3288 3283 3359 ligari,
3310 3305 3385 3342 ne
3428 3283 3661 3341 rueretis.
3686 3275 3793 3332 Facit

2265 3381 2460 3431 autem
2477 3378 2890 3448 apostropham
2914 3377 2987 3430 ad
3006 3376 3317 3442 auditores,
3346 3373 3631 3431 ostendens
3644 3367 3790 3423 adver-

2265 3466 2548 3521 sariorum
2580 3465 2929 3521 desiderium
2963 3469 3024 3519 ut
3054 3465 3240 3535 ipsam
3273 3463 3570 3519 Eeclesiam
3598 3476 3627 3513 a
3657 3452 3790 3521 subje-

2264 3555 2453 3610 ctione
2483 3555 2585 3610 Dei
2616 3556 3010 3622 retraliant,et
3033 3555 3109 3609 sic
3130 3556 3310 3609 etiam
3341 3539 3787 3617 Deum,cuiinhiai,

2265 3643 2369 3698 sibi
2387 3644 2673 3698 auferant.
2697 3643 2831 3715 Agit
2846 3660 3074 3715 quoque
3090 3643 3161 3697 de
3176 3642 3478 3707 hteretieis,
3496 3638 3583 3710 qui
3609 3627 3791 3720 exterius

2265 3749 2364 3787 ore
2386 3732 2533 3786 bene
2560 3732 2849 3804 loquendo
2881 3732 3107 3786 allicere
3139 3747 3268 3785 eam
3302 3731 3574 3792 nituntur,
3604 3726 3653 3777 ut
3690 3727 3791 3808 V8175

2264 3819 2650 3875 locutionibus
2678 3820 2849 3874 falsas
2864 3818 3234 3873 admiscendo
3254 3834 3387 3872 eam
3409 3808 3788 3883 decipiant,etsm

2265 3908 2371 3964 sibi
2394 3908 2765 3963 conforment
2783 3925 2795 3961 :
2817 3907 3068 3962 ostendit
3080 3923 3311 3978 quoque
3325 3921 3484 3960 suam
3502 3904 3553 3956 in
3572 3902 3697 3954 bono
3707 3904 3791 3963 ρετ·

2266 3998 2668 4063 severantiam,
2703 4000 2763 4050 ut
2794 3997 2901 4051 hoc
2933 3997 3004 4050 de
3044 4012 3103 4049 se
3147 3995 3392 4050 dicendo
3435 3991 3654 4047 instruat
3688 3983 3789 4052 ipSOS

555 3908 654 3963 Vel
677 3908 754 3962 sie
786 3910 1176 3978 continuetur,
1200 3914 1264 3964 ut
1287 3911 1576 3971 sententia
1593 3928 1711 3966 non
1728 3914 2009 3967 mutetur:
2030 3912 2164 3967 Ideo

556 3998 791 4068 subjecta
820 4000 920 4049 erit
942 3997 992 4051 ei
1019 4001 1201 4051 anima
1232 4015 1369 4066 mea,
1403 4000 1539 4071 quia
1585 4001 1653 4054 ab
1683 4002 1791 4071 ipso
1824 4005 1907 4055 est
1930 4002 2165 4055 salutare

559 4101 737 4138 meum
762 4099 776 4137 :
811 4086 867 4137 et
895 4084 1025 4139 ideo
1055 4086 1260 4153 adhuc,
1294 4104 1417 4139 nam
1443 4094 1491 4140 et
1522 4089 1626 4157 ipse
1656 4091 1742 4142 est
1768 4089 1911 4143 Deus
1943 4107 2087 4143 meus
2118 4096 2167 4143 et
2268 4084 2559 4140 auditores
2582 4086 2654 4139 ab
2681 4084 2899 4139 eisdem
2931 4083 3270 4138 adversariis
3299 4098 3515 4146 cavere,
3542 4076 3655 4132 etin
3684 4071 3788 4157 ὃς)ῡο

560 4173 810 4226 salutaris
838 4178 886 4225 et
904 4180 1186 4243 susceptor.
1218 4176 1296 4229 Ac
1327 4176 1371 4229 si
1398 4156 1615 4230 diceret
1662 4194 1673 4230 :
1713 4178 1837 4232 Non
1865 4180 2051 4233 solum
2084 4182 2169 4233 est
2269 4189 2670 4244 perseverare;
2704 4176 2762 4226 et
2792 4174 2871 4227 sic
2900 4173 3036 4226 dicit
3069 4188 3082 4225 :
3116 4171 3239 4226 Dixi
3268 4171 3424 4243 quod
3467 4184 3563 4221 non
3596 4156 3787 4252 γῆρυς(Μῦ

560 4261 831 4327 salutaris,
860 4261 961 4316 sed
990 4268 1038 4315 et
1069 4261 1233 4329 Deus,
1284 4269 1332 4316 et
1384 4264 1653 4331 salutaris,
1682 4272 1731 4319 et
1769 4272 2031 4337 susceptor
2063 4284 2079 4319 :
2112 4269 2170 4320 et
2190 4332 2230 4337 __
2271 4278 2303 4315 ο
2337 4260 2645 4323 auditores,
2668 4264 2907 4331 propter
2935 4259 3288 4332 supradictas
3316 4274 3523 4313 causas.
3553 4248 3789 4336 Dixieﬁafn

563 4366 694 4409 cum
722 4352 895 4404 tanta!
922 4367 1103 4405 causa:
1131 4351 1244 4405 sint
1284 4352 1335 4405 ei
1387 4353 1750 4424 subjiciendi,
1792 4373 1896 4409 non
1925 4355 2171 4425 movebar
2190 4332 2244 4390 D
2271 4349 2427 4420 quod
2452 4348 2801 4402 interﬁciunt
2829 4366 2889 4403 se
2919 4348 3225 4419 adversarii
3259 4348 3396 4415 mei,
3420 4346 3548 4400 dum
3576 4341 3624 4393 in
3652 4341 3790 4431 incf"

564 4438 790 4508 amplius
815 4438 887 4492 ab
908 4439 1029 4510 ejus
1053 4440 1406 4511 subjectione
1442 4458 1454 4494 :
1489 4458 1619 4495 cum
1639 4442 1777 4496 dicit
1794 4442 2165 4512 ampliusmon
2272 4441 2465 4491 ruunt.
2507 4438 2885 4491 Verumtamen
2916 4436 3175 4510 quamvis
3202 4436 3288 4491 his
3318 4435 3529 4491 duabus
3555 4415 3790 4515 causispde-

566 4542 633 4580 ex
655 4526 989 4581 necessitate
1021 4527 1190 4583 datur
1219 4529 1480 4601 intelligi,
1506 4532 1659 4601 quod
1677 4531 1988 4602 aliquando
2009 4534 2172 4585 mota
2272 4526 2477 4581 herent
2498 4526 2815 4594 dimittere,
2833 4528 3201 4596 cogitaverunt
3218 4542 3252 4579 a
3273 4541 3368 4579 me
3394 4513 3789 4607 repellereptt‘m‘m

568 4618 734 4682 esset,
758 4615 857 4669 sed
886 4616 1262 4687 aequipollens
1287 4622 1370 4672 est
1400 4635 1464 4672 ae
1494 4619 1538 4672 si
1571 4619 1787 4673 diceret
1816 4636 1828 4673 :
1863 4620 2171 4691 Nunquam
2268 4632 2469 4682 meum,
2494 4616 2551 4670 id
2582 4618 2685 4683 est,
2715 4617 3081 4684 cogitaverunt
3112 4617 3406 4685 quomodo
3436 4625 3523 4665 me
3545 4623 3580 4696 _a
3596 4599 3679 4696 Dei

566 4703 864 4758 movebor.
885 4702 982 4758 Vel
1013 4703 1090 4758 sic
1123 4723 1136 4757 :
1169 4704 1303 4758 Mon
1332 4707 1573 4760 movebor
1597 4707 1841 4778 amplius,
1865 4677 2172 4779 postquam
2265 4704 2521 4776 jectione
2538 4705 2908 4775 repellerent,
2930 4707 2989 4757 et
3010 4703 3089 4757 sic
3113 4702 3363 4773 pretium
3386 4694 3579 4755 laboris
3590 4686 3681 4779 mei
3692 4677 3791 4737 mlhl

567 4791 672 4847 tibi
703 4791 902 4862 subjici
933 4792 1159 4865 incoepi,
1188 4812 1315 4865 quas
1348 4799 1660 4868 antequam
1678 4775 2034 4867 ‘subjicerer;
2058 4814 2092 4851 a
2116 4799 2172 4851 te
2274 4794 2589 4860 auferrent,
2613 4794 2795 4847 Deum
2817 4792 3051 4858 scilicet,
3076 4791 3163 4845 cui
3186 4791 3410 4863 penitus
3425 4775 3792 4868 inhio,ad<lnem

567 4896 672 4954 per
709 4861 1109 4937 infidelitatem
1133 4861 1359 4944 remota
1372 4884 1471 4939 fui.
1497 4861 1808 4958 Dostquam
1831 4861 2025 4940 autem
2042 4902 2176 4941 con-
2275 4881 2435 4938 omni
2464 4882 2664 4936 labore
2692 4897 2935 4952 operum
2960 4861 3249 4935 bonorum
3277 4877 3470 4933 tendo.
3500 4861 3791 4965 Non‘solltfﬂnl'

568 4973 661 5024 tra
698 4986 902 5024 omnes
927 4971 1282 5027 adversarios
1303 4972 1439 5044 egit,
1472 4973 1798 5045 specialiter
1822 4977 2024 5029 contra
2048 4991 2172 5030 ma-
2275 4971 2450 5026 modo
2478 4987 2611 5025 vero
2640 4971 2719 5025 illi
2753 4969 2849 5042 qui
2895 4969 2954 5023 in
2987 4986 3080 5023 me
3127 4965 3574 5023 tribulationibus
3608 4944 3789 5045 ὶιτιξιξθίν

568 5058 775 5113 nifeste
807 5058 1213 5132 impugnantes
1243 5034 1791 5132 pervtribdlationes,
1824 5063 2050 5118 Iudaeos
2076 5062 2177 5118 sci-
2269 5060 2449 5132 judoei
2480 5060 2691 5114 scilicet
2721 5034 2789 5113 et.
2807 5059 3071 5130 gentiles,
3094 5060 3458 5128 cogitaverunt
3484 5064 3567 5105 me
3593 5034 3788 5131 νίφείζίνδ

568 5146 705 5202 licet
734 5150 791 5201 et
817 5131 1082 5218 gentiles,
1115 5131 1262 5220 agit,
1306 5149 1613 5204 ostendens
1646 5150 2040 5222 nequidquam
2079 5167 2176 5205 eos
2277 5150 2377 5205 sed
2404 5149 2580 5203 etiam
2615 5149 2870 5204 haeretici
2894 5166 2909 5216 ;
2933 5164 3071 5202 nam
3092 5164 3221 5202 cum
3256 5163 3363 5219 ego
3380 5139 3571 5198 cucurri
3586 5131 3790 5225 petit“?

569 5235 757 5308 ipsam
786 5214 931 5291 velle
964 5214 1335 5305 devocare,et
1353 5254 1459 5311 per
1486 5238 1595 5294 hoc
1626 5214 1965 5312 semetipsos
1986 5239 2177 5311 potius
2280 5240 2569 5294 bonorum
2602 5254 2866 5309 operum,
2893 5214 2951 5291 et
2979 5237 3088 5291 hoc
3114 5239 3169 5290 in
3192 5214 3317 5302 siti;
3335 5235 3392 5289 id
3413 5234 3492 5287 est
3510 5229 3559 5282 in
3580 5214 3789 5312 ἀωίάξδπξ)

572 5324 634 5380 in
667 5325 865 5379 anima
885 5325 1230 5394 interficere,
1262 5330 1326 5381 ut
1348 5328 1457 5381 hoc
1487 5328 1663 5383 modo
1690 5345 1789 5383 eos
1817 5328 2179 5385 devocet.Vel
2282 5344 2378 5382 eos
2407 5326 2549 5381 mihi
2582 5325 3014 5397 incorporandi,
3046 5342 3150 5396 per
3179 5324 3493 5395 exemplum
3529 5299 3789 5405 θοι-υιξιξὶίξίξ

576 5414 623 5470 si
646 5413 907 5469 devocari
937 5416 1251 5483 noluerint,
1292 5416 1702 5472 inexcusabiles
1732 5418 2052 5473 reddantur
2084 5434 2095 5471 :
2123 5421 2180 5471 et
2283 5432 2525 5487 operum
2553 5415 2865 5482 bonorum,
2901 5413 3006 5486 ipsi
3037 5431 3126 5468 ore
3153 5431 3248 5467 suo
3292 5404 3640 5467 (reuertit-ebant,
3671 5388 3715 5487 ιξὶ
3735 5382 3790 5487 εδξ

577 5502 692 5558 hoc
717 5501 796 5556 sic
825 5503 983 5569 dicit,
1018 5503 1143 5558 dico
1171 5522 1183 5558 :
1207 5503 1334 5559 Non
1365 5506 1611 5561 movebar
1636 5524 1652 5560 :
1683 5510 1740 5560 et
1769 5523 1899 5561 cum
1936 5506 2047 5560 sim
2072 5505 2181 5560 im-
2284 5504 2552 5576 quaedam
2601 5505 2756 5559 bona
2792 5503 2965 5558 verba
3006 5502 3363 5557 simulatorie
3390 5481 3734 5576 proferebant:
3757 5470 3787 5576 ei

581 5590 842 5656 mobilis,
864 5564 1149 5665 quousque,
1168 5591 1228 5647 id
1251 5596 1529 5670 estusque
1555 5595 1628 5651 ad
1655 5596 1811 5669 quod
1832 5600 2079 5670 tempus,
2104 5596 2183 5652 ἰν·
2286 5564 2469 5665 idem,
2501 5592 2609 5667 ipsi
2647 5592 2800 5651 corde
2835 5609 2927 5649 suo
2980 5564 3479 5665 maledicentia-id
3515 5581 3605 5649 est:
3643 5564 3789 5628 eadem
