4004 6052
334 382 438 438 923

1344 374 1699 443 Exrosmo
1738 384 1807 442 IN
1847 382 2180 443 PSALMOS.
2215 417 2283 426 —
2313 374 2506 443 PSAL.
2552 386 2656 441 LXI

3546 390 3650 445 926

337 505 531 573 verba,
556 521 684 578 qua;
708 505 874 561 bona
897 504 1315 563 videbanturin
1342 510 1458 566 oris
1478 510 1825 582 prolatione,
1857 527 1947 565 re-
1970 522 2025 580 Α
2048 512 2236 565 vestra
2255 512 2412 565 recta
2445 510 2517 564 sit
2547 512 2604 565 et
2630 510 2819 575 firma,
2856 509 3109 579 e/fundite
3160 509 3318 566 corda
3376 517 3565 577 vestra,
3595 510 3653 565 id

336 595 621 666 putabant
650 596 802 650 mala
827 599 884 650 et
916 595 1244 668 deceptoria
1265 598 1324 652 in
1338 599 1524 653 cordis
1540 599 1934 670 conceptione.

340 682 504 746 Quod
529 688 615 738 est
649 684 839 739 dicere
875 703 888 739 :
919 685 1195 749 Quaedam
1226 687 1559 759 deceptoria
1588 689 1782 755 verba,
1816 704 1942 758 quas

338 771 495 826 bona
526 771 888 844 videbantur,
922 789 1020 827 ore
1052 775 1445 844 proferebant,
1480 779 1543 830 ut
1577 776 1664 830 his
1688 776 1831 829 falsa
1861 776 1941 829 la-

338 864 531 914 tenter
555 861 1049 930 admiscendo,me
1061 863 1414 935 deciperent,
1438 868 1495 919 et
1512 864 1590 919 sic
1617 864 1755 918 mihi
1791 881 1822 920 a
1842 863 1940 919 Dei

339 949 695 1020 subjectione
724 955 963 1006 remotae
985 952 1197 1007 laboris
1212 953 1329 1007 mei
1360 953 1610 1025 pretium
1629 955 1940 1021 auferrent;

340 1038 476 1093 facit
505 1042 700 1093 autem
730 1040 803 1094 ad
824 1040 1082 1095 animam
1119 1058 1284 1096 suam
1311 1041 1943 1107 exhortationem,cum

341 1126 534 1181 addit:
567 1127 814 1182 Verumta
827 1146 962 1181 mem
998 1130 1111 1184 Deo
1139 1131 1372 1201 subjecta
1417 1136 1542 1199 eslo,
1575 1133 1756 1184 animo
1806 1146 1941 1182 mea.

345 1214 508 1279 Quod
525 1219 609 1270 est
629 1216 819 1271 dicere
838 1234 850 1272 :
884 1217 1261 1272 Verumtamen
1276 1236 1608 1291 quanquam
1628 1217 1731 1289 ipsi
1756 1218 1943 1272 nitan-

342 1306 437 1357 tur
464 1303 622 1358 omni
649 1304 824 1359 modo
876 1308 930 1358 te
963 1323 997 1360 a
1027 1306 1381 1377 subjectione
1416 1323 1737 1373 removere,
1780 1309 1837 1359 et
1865 1304 1945 1357 sic

344 1390 594 1462 pretium
622 1395 785 1446 tuum
817 1409 851 1446 a
880 1396 936 1447 te
966 1394 1227 1464 repellere,
1261 1395 1379 1449 noli
1421 1395 1577 1449 malo
1604 1394 1866 1465 exemplo
1889 1393 1946 1445 et

346 1479 733 1534 exhortationi
764 1480 989 1549 cedere,
1026 1482 1125 1536 sed
1157 1483 1343 1554 magis
1373 1500 1437 1536 ac
1468 1482 1653 1554 magis
1678 1484 1794 1537 Deo
1822 1478 1946 1534 sul-

338 1566 479 1638 jecta
502 1573 627 1635 esto,
642 1570 825 1621 anima
839 1587 975 1624 mea.
998 1570 1223 1624 Diceret
1241 1571 1471 1643 aliquis:
1493 1570 1550 1625 Si
1567 1571 1820 1641 subjecta
1836 1569 1948 1623 exi-

346 1659 499 1710 stens
524 1673 731 1711 eorum
755 1658 1161 1726 exhortationi,
1193 1660 1395 1714 cedere
1437 1660 1708 1725 nolueris,
1738 1659 1947 1713 multas

345 1743 742 1800 tribulationes
774 1746 1026 1816 patieris,
1052 1748 1123 1801 ad
1155 1748 1308 1819 quod
1329 1749 1407 1802 sic
1437 1748 1635 1803 addit:
1667 1747 1796 1801 Non
1816 1749 1945 1800 emi-

2044 603 2424 665 est,evacuate
2443 599 2618 654 corda
2654 597 2968 653 secundum
2994 598 3101 652 hoc
3125 599 3277 670 quod
3309 602 3494 653 vestra
3522 604 3656 654 sunt

2045 689 2105 740 et
2134 703 2251 741 non
2288 688 2389 742 Dei
2432 706 2444 742 :
2488 688 2643 759 quod
2676 691 2760 741 est
2799 687 3027 741 dicere:
3064 687 3337 741 Evacuate
3367 686 3543 741 corda
3559 703 3652 741 ve-

2045 778 2163 829 stra
2190 793 2224 830 a
2253 776 2696 849 cogitationibus
2732 777 2916 843 malis,
2959 794 3086 847 quas
3144 794 3209 830 ex
3256 779 3445 829 vestra
3491 778 3654 846 parte

2044 867 2178 917 sunt
2197 868 2254 917 et
2285 881 2403 919 non
2432 864 2532 919 Dei
2560 881 2572 919 :
2598 868 2661 918 ut
2693 864 3042 918 effundenda
3090 863 3265 918 corda
3309 862 3429 917 sitis
3474 879 3655 918 coram

2044 950 2178 1019 Deo,
2212 951 2269 1005 id
2302 956 2387 1006 est
2412 953 2471 1006 in
2500 952 2938 1023 beneplacentia
2964 951 3100 1019 Dei;
3135 951 3243 1005 nisi
3280 950 3437 1005 enim
3469 950 3651 1005 effun-

2048 1038 2281 1105 deretis,
2317 1057 2435 1095 non
2466 1057 2665 1095 coram
2696 1042 2811 1095 Deo
2841 1039 3056 1108 essetis,
3087 1039 3454 1093 eteﬁ'undcre
3479 1038 3653 1092 debe-

2047 1126 2148 1195 tis;
2179 1145 2315 1182 nam
2329 1129 2408 1183 sic
2429 1129 2572 1183 Deus
2602 1128 3140 1199 adjutornostererit,
3172 1127 3233 1181 id
3253 1126 3657 1197 est,adjuvabit

2048 1219 2106 1270 et
2136 1233 2230 1270 me
2261 1221 2319 1271 et
2349 1234 2445 1272 vos
2478 1218 2551 1272 ad
2577 1219 2726 1272 bene
2757 1218 3138 1290 operandam,
3174 1219 3229 1269 in
3259 1223 3517 1270 aeternum
3550 1232 3655 1270 nos

2047 1305 2676 1377 deducturus,perillud
2697 1305 2967 1360 auxilium
2993 1305 3189 1375 gratias
3213 1321 3348 1358 suos.
3370 1305 3656 1374 Exprobat

2046 1408 2180 1447 vero
2212 1393 2695 1448 adversariorum'
2728 1395 2997 1449 duritiam
3034 1393 3104 1447 ad
3150 1392 3456 1447 utilitatem
3512 1392 3651 1445 fide-

2047 1480 2210 1547 lium,
2244 1498 2387 1552 quos
2413 1484 2673 1552 proxime
2707 1483 3044 1536 adhortatus
3065 1484 3168 1549 est,
3194 1481 3387 1552 neipsi
3419 1481 3499 1535 eis
3515 1497 3652 1534 con-

2047 1569 2395 1636 formantur,
2429 1587 2561 1625 cum
2593 1571 2784 1625 subdit
2815 1588 2826 1624 :
2862 1571 3004 1637 Dixi,
3036 1586 3067 1624 ο
3091 1571 3424 1639 congregatio
3449 1569 3650 1639 pepuli.

2049 1662 2113 1713 ut
2137 1658 2196 1712 in
2222 1661 2340 1713 Deo
2372 1659 2632 1729 speretis,
2666 1663 2723 1713 et
2756 1659 2930 1713 corda
2984 1658 3309 1723 effundatis,
3344 1662 3401 1712 et
3447 1657 3525 1710 sic
3559 1672 3653 1710 co-

2048 1764 2175 1801 ram
2204 1764 2271 1801 eo
2304 1747 2444 1813 sitis,
2476 1750 2533 1801 et
2580 1748 2811 1817 adjutor
2865 1750 3051 1800 vester
3113 1747 3203 1800 sit.
3276 1746 3656 1800 Verumtamen

342 1834 505 1905 grabo
537 1835 609 1889 ab
635 1834 808 1907 ipsius
839 1836 1215 1907 sulnjectione,
1248 1837 1456 1891 timore
1490 1837 1945 1901 tribulalionum,
1972 1846 2022 1904 Β
2050 1851 2386 1907 quanquam
2414 1835 2773 1906 sperantium
2806 1835 2981 1889 corda
3011 1851 3206 1888 coram
3259 1836 3373 1888 Deo
3408 1832 3539 1899 sint,
3599 1836 3657 1887 et

347 1922 445 1977 sed
477 1922 876 1979 tribulationes
899 1940 1004 1995 pro
1019 1940 1086 1979 eo
1105 1924 1389 1996 patienter
1406 1925 1613 1993 feram,
1628 1910 1690 1995 2
1712 1910 1728 1995 Ι
1750 1909 1950 1995 8guo-

345 2013 493 2066 niam
525 2013 592 2066 ab
631 2015 741 2083 ipso
772 2016 856 2067 est
884 2016 1148 2084 patientia
1190 2032 1326 2080 mea,
1371 2014 1428 2068 id
1473 2018 1578 2081 est,
1620 2015 1948 2084 exemplum

344 2101 636 2172 patientia:
651 2102 1152 2169 meaa,deditenim
1166 2102 1309 2156 mihi
1325 2104 1651 2174 exemplum
1670 2101 1947 2173 patiendi,

345 2206 475 2244 cum
506 2204 610 2260 pro
639 2207 732 2244 me
752 2204 948 2261 passus
973 2191 1063 2245 sit.
1092 2191 1189 2245 Vel
1220 2192 1285 2245 ab
1308 2193 1416 2262 ipso
1438 2195 1523 2245 est
1532 2193 1796 2261 patientia
1814 2207 1947 2255 mea,

346 2277 405 2333 id
435 2281 540 2345 est,
584 2278 707 2349 ipse
734 2279 892 2333 dedit
914 2279 1056 2333 mihi
1087 2279 1451 2351 patientiam,
1488 2297 1560 2333 ne
1591 2295 1695 2348 pro
1727 2295 1794 2333 eo
1834 2277 1950 2348 pati

344 2356 606 2435 timeam,
640 2369 698 2421 et
736 2367 865 2422 ideo
899 2368 1083 2422 adhuc
1110 2384 1218 2422 non
1242 2368 1527 2437 emigrabo,
1562 2367 1697 2438 quia
1727 2368 1832 2437 ipse
1861 2365 1950 2419 cui

345 2455 602 2526 subjecta
654 2472 806 2521 sum,
851 2463 925 2510 est
968 2456 1113 2511 Deus
1159 2473 1323 2523 meus,
1363 2455 1421 2509 id
1455 2459 1558 2521 est,
1611 2455 1847 2509 Creator
1892 2458 1950 2508 et

342 2543 594 2599 Salvator
619 2561 787 2611 meus,
818 2544 1168 2599 remittendo
1198 2548 1453 2616 peccata,
1470 2552 1519 2598 et
1540 2544 1757 2614 adjutor
1782 2561 1945 2609 meus,

346 2636 410 2686 ut
430 2634 579 2687 bene
601 2632 826 2704 operer.
851 2634 1177 2688 Notandum
1222 2634 1325 2687 has
1354 2649 1548 2687 causas
1575 2649 1715 2704 quas
1734 2632 1826 2686 hic
1852 2650 1950 2705 po-

347 2721 709 2788 nit,dicendo
734 2721 866 2793 quia
886 2723 989 2793 ipse
1011 2723 1152 2778 Deus
1164 2739 1329 2790 meus,
1362 2724 1496 2789 etc.,
1522 2738 1635 2776 non
1658 2723 1946 2792 superfluo

344 2810 637 2882 repetitas,
672 2826 803 2864 cum
817 2811 1076 2881 superius
1093 2810 1324 2865 easdem
1343 2810 1640 2882 posuisset,
1672 2810 1950 2880 quoniam

348 2899 606 2971 superius
634 2916 731 2953 eas
759 2900 949 2971 posuit
975 2902 1175 2953 contra
1203 2897 1556 2952 adversarios
1582 2898 1829 2969 agendo,
1858 2897 1950 2952 hic

346 3004 481 3042 vero
513 2988 586 3043 ad
609 2987 763 3041 aliud
783 3005 928 3055 sese,
952 2987 1212 3042 videlicet
1240 2986 1620 3041 exhortando.

419 3076 613 3130 lnnuit
642 3093 776 3131 vero
825 3076 1197 3131 salvationem
1221 3091 1384 3129 suam
1412 3092 1445 3129 a
1475 3075 1596 3129 solo
1608 3076 1725 3129 Deo
1757 3074 1950 3141 fuisse,

350 3181 469 3219 non
494 3164 567 3218 ab
590 3165 780 3236 aliquo
806 3164 1014 3219 merito
1029 3180 1129 3219 suo
1146 3163 1519 3252 praecedenti,
1554 3179 1625 3217 ne
1643 3164 1767 3234 quis
1788 3167 1952 3235 puta-
1980 3193 2027 3252 α

347 3255 437 3307 ret
458 3252 612 3324 quod
630 3252 689 3306 in
705 3253 825 3323 ejus
839 3252 1151 3307 salvatione
1165 3251 1380 3324 aliquid
1392 3254 1765 3321 cooperatum
1780 3254 1955 3305 essset

348 3340 597 3395 liberum
627 3340 928 3394 arbitrium
956 3344 1053 3395 aut
1069 3341 1247 3395 ullum
1265 3341 1538 3395 meritum
1560 3339 1701 3410 ejus,
1724 3340 1866 3394 sicut
1895 3341 1954 3394 in

350 3427 505 3483 bona
528 3429 863 3499 operatione
886 3428 1131 3484 liberum
1153 3429 1457 3484 arbitrium
1478 3427 1952 3499 cooperatur,sic:

352 3516 655 3588 Dixi,quod
669 3516 816 3570 Deus
838 3520 922 3570 est
936 3517 1169 3570 salvator
1184 3533 1328 3569 meus
1343 3520 1400 3570 et
1415 3516 1646 3570 salutare
1675 3532 1870 3581 meum,
1897 3515 1957 3568 id

352 3605 587 3676 est,ipsa
607 3604 844 3659 salvatio
868 3604 1011 3659 mihi
1032 3606 1167 3659 data
1181 3608 1237 3657 in
1252 3604 1366 3659 Deo
1388 3605 1530 3672 solo,
1547 3604 1606 3659 id
1622 3608 1727 3671 est,
1761 3604 1818 3657 in
1838 3604 1959 3657 sola

353 3693 453 3747 Dei
483 3692 668 3764 gratia
690 3693 825 3747 data
852 3692 988 3761 fuit;
1006 3693 1163 3764 quod
1175 3693 1344 3763 gloria
1364 3693 1565 3759 mea,id
1579 3696 1663 3747 est
1683 3692 1791 3746 hoc
1804 3692 1959 3764 quod

354 3781 487 3836 fecit
506 3799 599 3837 me
627 3781 944 3854 gloriosum
978 3785 1036 3835 et
1065 3782 1179 3836 vita
1204 3780 1552 3836 laudabilem
1581 3782 1818 3853 prOpter'
1846 3780 1956 3834 sal-

355 3871 648 3926 vationem
670 3872 808 3939 mei,
845 3871 904 3925 in
937 3872 1058 3926 solo
1093 3873 1209 3926 Deo
1232 3874 1336 3939 est,
1369 3888 1487 3925 non
1518 3870 1577 3925 in
1600 3871 1808 3925 merito
1822 3886 1960 3941 quo-

358 3959 886 4027 libet,autinlibero
917 3959 1155 4015 arbitrio
1189 3976 1340 4014 meo.
1365 3960 1444 4012 Ne
1476 3975 1607 4014 vero
1647 3958 1801 4013 bona
1822 3974 1961 4029 ope-

359 4047 503 4103 ratio
530 4065 597 4102 ex
626 4047 806 4102 libero
836 4047 1072 4102 arbitrio
1126 4048 1352 4118 penitus
1383 4063 1502 4101 esse
1532 4047 1841 4113 videretur,
1905 4049 1962 4101 et

362 4152 479 4190 non
498 4136 674 4190 etiam
696 4153 760 4190 ex
795 4137 933 4203 Deo,
967 4135 1146 4203 addit,
1162 4139 1220 4190 et
1238 4136 1382 4190 Deus
1407 4136 1493 4189 est
1521 4135 1712 4188 auxilii
1723 4136 1828 4188 mei
1840 4134 1961 4206 opi-

362 4223 645 4288 fex.Quod
666 4223 985 4278 estdicere:
1014 4222 1157 4278 Cum
1213 4222 1465 4296 gratuita
1510 4224 1809 4278 voluntate
1869 4238 1963 4277 me

362 4312 679 4381 salvaverit,
713 4315 770 4367 et
790 4311 1103 4384 gloriosum
1132 4311 1354 4379 fecerit,
1380 4311 1685 4366 auxiliator
1736 4328 1965 4385 quoque

2051 1941 2183 1978 eum
2217 1925 2471 1978 habeant
2495 1924 2846 1994 adjutorem,
2865 1924 2969 1992 ﬁlii
2988 1927 3184 1977 tamen
3220 1924 3494 1976 hominum
3510 1924 3658 1975 vete-

2049 2027 2182 2065 rum
2215 2010 2646 2079 conformitate,
2704 2012 2761 2066 id
2807 2017 2891 2066 est
2922 2012 3202 2066 adversati
3251 2011 3363 2064 mei
3394 2009 3658 2081 _gentiles

2052 2098 2386 2153 conformes
2424 2100 2718 2154 vetustatis
2748 2101 2885 2155 Adae
2918 2104 2976 2154 et
3007 2102 3133 2155 Eva:
3162 2102 3289 2154 vani
3311 2104 3465 2168 sunt,
3500 2100 3558 2153 id
3575 2103 3659 2152 est

2054 2188 2258 2242 nolunt
2287 2187 2345 2241 in
2386 2189 2502 2243 Deo
2536 2205 2789 2260 sperare,
2819 2206 2946 2260 qua:
2975 2205 3103 2259 spes
3129 2189 3446 2244 certissima
3489 2191 3657 2253 esset,

2053 2275 2154 2328 sed
2186 2276 2315 2329 vani
2361 2280 2512 2341 sunt,
2547 2277 2605 2331 id
2634 2281 2717 2330 est
2768 2278 2927 2331 vanis
2975 2278 3356 2345 adhaerentes,
3413 2274 3660 2331 terrenis

2052 2362 2283 2417 scilicet.
2318 2364 2423 2418 Ubi
2452 2381 2557 2419 nos
2587 2365 2677 2419 hic
2709 2366 3008 2433 habemus,
3057 2366 3165 2434 ﬁlii
3208 2366 3501 2432 hominum,
3552 2365 3659 2417 He-

2051 2450 2247 2506 braica
2267 2453 2566 2507 translatio
2580 2454 2774 2519 habet,
2802 2454 2907 2522 ﬁlii
2927 2454 3133 2508 Adam.
3168 2454 3349 2521 Etﬁlii
3360 2454 3657 2519 hominum,

2049 2538 2232 2593 Judaei
2251 2543 2308 2593 et
2325 2540 2883 2606 hmretici,mendaces
2898 2546 3030 2596 sunt
3048 2545 3103 2595 in
3118 2544 3344 2610 stateris,
3384 2542 3440 2596 id
3461 2543 3566 2609 est,
3600 2539 3659 2594 in

2052 2627 2258 2682 divinis
2300 2628 2597 2700 Spirituris
2626 2648 2766 2702 quas
2797 2632 3023 2686 sinistre
3055 2635 3370 2703 exponunt.

2123 2716 2348 2771 Dictum
2378 2721 2462 2771 est
2493 2735 2526 2772 a
2556 2719 2929 2773 similitudine
2960 2724 3367 2782 mercatorum,
3393 2719 3489 2789 qui
3528 2734 3658 2772 cum

2053 2803 2331 2860 deberent
2346 2805 2409 2860 in
2422 2809 2632 2861 statera
2645 2807 2966 2878 ponderare
2981 2807 3663 2879 aaqualiter,mentiuntur

2051 2894 2431 2964 ponderando
2458 2894 2837 2966 inaequaliter.
2860 2895 3137 2949 Dicuntur
3162 2912 3295 2951 vero
3318 2894 3658 2962 staterze,di-

2053 2981 2199 3036 vinas
2223 2982 2555 3053 Scripturoe,
2590 3000 2658 3037 eo
2687 2984 2841 3054 quod
2870 3000 3112 3038 examen
3144 2985 3318 3039 totius
3349 2984 3464 3038 sint.
3501 2983 3663 3054 justi-

2057 3070 2173 3137 tias,
2201 3071 2347 3125 sicut
2368 3071 2750 3142 stateraejusti
2770 3072 3043 3142 ponderis
3055 3089 3297 3127 examen
3312 3075 3464 3126 sunt.
3501 3071 3661 3135 Quod

2058 3164 2141 3214 est
2155 3160 2342 3215 dicere
2369 3177 2380 3215 :
2399 3160 2540 3215 Cum
2559 3161 2815 3232 utrisque
2848 3179 2911 3215 ex
2925 3162 3134 3215 Iudaeis
3147 3165 3201 3215 et
3218 3160 3501 3215 haereticis
3519 3160 3662 3213 Scri-

2055 3252 2238 3320 ptura:
2263 3250 2570 3321 propositae
2610 3249 2725 3303 sint
2754 3250 2826 3304 ad
2857 3267 3100 3304 examen
3141 3248 3522 3315 rectitudinis,
3554 3247 3661 3320 ipsi

2058 3340 2222 3392 motu
2254 3338 2483 3393 illarum
2507 3338 2933 3409 Scripturarum
2952 3340 3156 3394 nolunt
3176 3337 3472 3403 effundere
3489 3336 3664 3391 corda
3728 3346 3735 3355 ‘

2059 3426 2159 3484 sed
2183 3425 2545 3482 mentiuntur
2573 3428 2914 3499 exponendo
2949 3444 3211 3498 perverse
3231 3426 3379 3499 ipsas
3409 3425 3662 3495 Scriptu-

2060 3499 2245 3584 ras,2
2267 3499 2283 3583 Ι
2304 3499 2454 3585 Qad
2470 3513 3667 3587 hoc,utdecipiantbonos,zpsi,quiboniqui-

2061 3606 2307 3662 busdam
2332 3606 2618 3671 videntur,
2652 3605 2842 3659 eundo
2874 3606 2937 3659 de
2968 3608 3204 3660 vanitate
3248 3608 3301 3658 in
3342 3605 3588 3675 idipsum,
3608 3601 3667 3657 id

2061 3698 2147 3751 est
2185 3693 2244 3747 in
2276 3694 2610 3760 vanitatem,
2634 3694 2789 3764 quod
2819 3696 2903 3747 est
2934 3692 3146 3760 dicere,
3181 3696 3243 3746 ut
3278 3692 3569 3762 decipiant
3598 3691 3663 3744 fi-

2063 3784 2237 3849 deles,
2271 3782 2565 3837 tendendo
2599 3780 2669 3834 de
2700 3797 2848 3835 vana
2877 3783 2935 3834 et
2960 3780 3103 3834 falsa
3133 3780 3423 3835 locutione
3454 3779 3511 3833 in
3539 3795 3663 3834 ma-

2061 3874 2147 3945 gis
2172 3887 2381 3926 vanam
2412 3873 2469 3924 et
2492 3870 2715 3923 falsam.
2749 3869 2920 3923 Facta
2941 3868 3384 3939 exprobratione
3406 3866 3668 3921 inimico-

2060 3978 2213 4027 rum,
2242 3958 2549 4013 revertitur
2577 3958 2650 4012 ad
2694 3956 3155 4012 exhortationem
3198 3956 3509 4022 bonorum,
3544 3954 3621 4009 sic
3649 3971 3661 4008 :

2064 4051 2199 4106 Dico
2215 4053 2418 4119 sperate
2430 4046 2485 4100 in
2511 4046 2816 4114 Deo,nolite
2829 4063 3039 4116 sperare
3053 4045 3116 4099 in
3137 4046 3418 4115 iniquitate
3428 4059 3670 4114 genera-

2064 4139 2215 4205 liter,
2244 4139 2307 4191 ut
2337 4135 2601 4190 videlicet
2630 4134 2870 4206 speretis
2901 4151 2969 4188 ex
2996 4132 3298 4205 iniquitate
3326 4132 3583 4203 qualibet
3633 4149 3668 4185 a

2068 4227 2267 4298 dipisci
2296 4223 2514 4295 aliquid
2545 4222 2823 4287 utilitatis,
2850 4224 2939 4276 vel
2962 4222 3040 4276 sic
3061 4222 3222 4276 nolite
3249 4238 3459 4292 sperare
3484 4223 3539 4274 in
3562 4222 3669 4275 ini-

2067 4319 2288 4388 quitate,
2318 4314 2375 4367 id
2404 4317 2489 4368 est
2517 4312 2574 4366 in
2595 4312 2803 4366 divitiis
2823 4329 2952 4384 quae
2983 4312 3258 4383 iniquitas
3284 4311 3571 4376 dicuntur,
3599 4300 3667 4365 eo

362 4400 504 4455 mihi
534 4404 622 4455 est
645 4401 716 4455 ad
747 4401 894 4456 bene
932 4401 1313 4473 operandum,
1352 4401 1537 4456 libero
1574 4401 1809 4456 arbitrio
1833 4419 1964 4457 meo
1990 4410 2042 4469 D
2067 4403 2221 4475 quod
2243 4402 2505 4473 iniquum
2534 4400 2605 4454 sit
2631 4417 2726 4455 eas
2769 4416 3148 4471 congregare,
3177 4402 3235 4453 et
3262 4415 3379 4453 non
3408 4398 3671 4470 pauperi-

362 4494 730 4562 cooperante.
767 4490 899 4545 Ideo
926 4506 1063 4561 ergo
1092 4488 1226 4562 quia
1251 4490 1502 4560 gratuito
1550 4507 1644 4545 me
1709 4491 1960 4558 salvavit,

363 4582 421 4633 et
456 4579 771 4650 gloriosum
797 4578 952 4646 fecit,
977 4581 1034 4632 et
1064 4579 1240 4633 etiam
1263 4578 1564 4633 auxiliator
1593 4581 1677 4633 est
1703 4578 1776 4633 ad
1817 4579 1964 4633 bene

363 4668 747 4738 operandam,
777 4685 889 4738 spes
930 4685 1047 4721 mea
1079 4670 1163 4721 est
1217 4669 1273 4719 in
1312 4666 1461 4720 Deo:
1486 4666 1545 4721 id
1585 4669 1689 4733 est,
1719 4683 1850 4720 cum
1881 4670 1967 4722 tot

351 4754 480 4826 jam
511 4755 863 4829 impenderit
892 4755 1035 4810 mihi
1064 4754 1365 4821 beneﬁcia,
1400 4771 1561 4826 spem
1582 4755 1768 4811 habeo
1782 4756 1965 4826 adipi-

360 4844 554 4898 scendi
580 4861 647 4899 ea
660 4862 787 4917 quas
812 4845 871 4900 in
904 4846 1021 4899 Deo
1042 4850 1193 4913 sunt,
1226 4843 1439 4899 scilicet
1467 4842 1966 4898 immortalitatem

364 4932 975 5006 etimpassibilitatem.
1018 4933 1361 4988 Exhortatur
1382 4948 1517 4988 vero
1542 4932 1724 4987 bonos
1737 4931 1805 4986 ad
1834 4948 1969 5005 Ope-

362 5022 613 5076 randum
634 5023 694 5077 in
718 5024 857 5091 Deo,
893 5021 978 5075 sui
1010 5022 1296 5093 exemplo,
1330 5037 1462 5076 cum
1514 5020 1813 5093 subjungit
1839 5020 1919 5074 sic
1948 5037 1962 5075 :

363 5109 498 5166 Dico
523 5111 677 5182 quod
702 5127 813 5181 spes
838 5127 953 5164 mea
982 5111 1038 5163 in
1062 5110 1175 5164 Deo
1213 5118 1308 5177 est,
1344 5109 1505 5164 Unde
1536 5110 1799 5182 exemplo
1850 5109 1966 5164 mei

361 5206 563 5270 sperate
578 5201 722 5266 ineo,
742 5202 912 5254 omnis
926 5200 1263 5270 congregatio
1282 5197 1493 5269 populi,
1522 5198 1581 5253 id
1620 5201 1725 5266 est,
1749 5214 1845 5252 vos
1866 5198 1962 5270 qui

364 5306 482 5346 non
512 5288 642 5344 estis
664 5288 1002 5360 disseparati
1034 5307 1068 5344 a
1098 5288 1324 5343 Christo
1352 5289 1509 5343 mala
1536 5288 1650 5342 vita
1681 5290 1871 5342 vestra
1908 5292 1967 5342 et

360 5377 800 5445 haeresibus,sed
822 5378 1147 5450 quicunque
1167 5376 1224 5429 in
1256 5376 1472 5448 populo
1512 5377 1811 5430 mundano
1833 5392 1966 5430 con-

363 5468 587 5539 gregati
616 5467 747 5522 estis
776 5465 835 5521 in
859 5466 994 5535 ﬁde,
1028 5469 1085 5520 et
1117 5464 1527 5520 conformitate
1561 5463 1789 5530 Christi,
1818 5466 1875 5517 et
1904 5463 1964 5518 in

361 5555 472 5614 hoc
490 5572 671 5611 unum
695 5556 851 5624 estis,
876 5559 939 5609 ut
966 5555 1050 5610 ait
1066 5554 1375 5627 Apostolus
1393 5570 1406 5608 :
1423 5576 1450 5603 «
1473 5552 1627 5608 Multi
1645 5564 1827 5607 unum
1842 5568 1965 5607 cor-

361 5660 469 5727 pus
496 5662 693 5704 sumus
718 5645 776 5701 in
800 5644 1022 5703 Christo
1062 5642 1240 5709 (Rom.
1284 5657 1383 5714 xu,
1415 5641 1489 5719 5}.
1516 5659 1549 5695 »
1599 5641 1666 5697 Et
1718 5644 1782 5697 ut
1832 5657 1963 5717 spes

2066 4493 2173 4547 bus
2203 4506 2463 4562 erogare.
2501 4488 2661 4543 Unde
2687 4488 2968 4542 Dominus
2993 4488 3128 4541 dicit
3164 4506 3175 4542 :
3221 4507 3252 4539 ‹‹
3284 4488 3471 4542 Facite
3510 4487 3670 4542 vobis

2067 4580 2284 4635 amicos
2300 4579 2369 4632 de
2402 4592 2741 4631 mammona
2758 4575 3076 4647 iniquitatis
3102 4575 3253 4646 (Luc.
3274 4575 3669 4647 xv1,9).»Quod

2066 4664 2581 4723 estdicerezNolite
2595 4681 2805 4735 sperare
2827 4664 2964 4718 utile
3010 4680 3131 4718 esse
3178 4664 3400 4719 divitias
3426 4668 3671 4719 retenta-

2065 4773 2129 4811 re
2166 4773 2178 4810 :
2212 4758 2270 4810 et
2296 4770 2411 4817 vos.
2446 4756 2708 4807 carentes
2739 4752 2969 4820 divitiis,
3002 4752 3163 4806 nolite
3190 4756 3553 4823 concupiscere
3586 4769 3671 4806 ra-

2062 4847 2237 4916 pinas,
2269 4843 2328 4897 id
2347 4845 2434 4898 est
2453 4841 2675 4897 divitias
2705 4858 2832 4913 quae
2864 4841 3133 4897 dicuntur
3158 4842 3398 4912 rapinae,
3428 4842 3515 4895 vel
3539 4841 3673 4912 quia

2065 4932 2119 4986 vi
2147 4949 2246 4986 seu
2266 4931 2467 4985 fraude
2490 4930 2655 4985 alicui
2676 4930 2999 5002 rapiuntur,
3036 4948 3131 4985 scu
3160 4930 3337 4984 etiam
3372 4928 3505 4999 quia
3529 4927 3671 4983 nulli

2066 5019 2427 5088 tribuuntur;
2453 5019 2617 5089 juxta
2654 5019 2795 5073 illud
2849 5018 3152 5089 Prosperi:
3183 5040 3210 5067 ‹‹
3244 5017 3380 5081 Quae
3411 5015 3552 5070 nulli
3573 5016 3674 5069 tri-

2066 5108 2210 5176 buit,
2233 5108 2578 5181 pauperibus
2601 5106 2810 5177 rapuit;
2835 5125 2865 5157 »
2888 5108 2946 5160 et
2958 5108 3006 5159 si
3016 5107 3215 5159 divitia
3230 5106 3484 5175 afﬂuant,
3504 5103 3560 5158 id
3586 5104 3673 5158 est

2069 5198 2365 5253 abundent
2394 5196 2571 5263 vobis,
2598 5195 2759 5249 nolite
2783 5194 2893 5249 illis
2921 5210 3013 5250 cor
3041 5211 3320 5265 apponere,
3349 5193 3410 5248 id
3453 5196 3540 5247 est
3564 5192 3665 5247 de-

2068 5286 2343 5342 siderium
2367 5284 2555 5341 cordis
2576 5283 2893 5355 applicare,
2915 5285 2979 5337 ut
3027 5299 3122 5337 eas
3164 5283 3291 5353 plus
3331 5280 3511 5336 nimio
3537 5280 3665 5335 dili-

2068 5378 2288 5446 gentes,
2342 5376 2522 5428 Deum
2582 5371 3016 5427 obliviscamini.
3070 5370 3232 5425 Unde
3303 5370 3595 5442 apostolus
3647 5386 3660 5424 :

2067 5466 2356 5530 «Avarus,
2385 5461 2541 5533 quod
2571 5462 2655 5514 est
2692 5456 2980 5514 idolorum
3021 5460 3276 5527 servitus,
3330 5475 3449 5513 non
3493 5457 3669 5512 habet

2064 5556 2292 5626 partem
2351 5550 2411 5605 in
2464 5566 2644 5621 regno
2709 5547 2916 5603 Christi
2970 5551 3028 5603 et
3085 5547 3186 5603 Dei
3241 5546 3404 5621 (Eph.
3440 5563 3493 5612 v,
3526 5544 3604 5617 5).
3631 5567 3659 5594 η

2065 5642 2188 5713 Vel,
2241 5639 2403 5696 nolite
2448 5655 2704 5712 apponere
2783 5653 2873 5696 cor
2926 5636 3105 5711 cordi,
3177 5636 3236 5693 id
3303 5639 3408 5709 est,
3455 5633 3661 5712 adjun-
