4004 6052
379 350 479 407 9'27

985 352 1430 411 S.'BRUNONIS
1468 348 2098 409 CARTHUSIANORUM
2133 344 2603 407 INSTI’I‘UTORIS
2645 341 2799 406 OPP.
2845 342 3021 405 PARS
3060 344 3081 404 Ι

3580 349 3686 404 9'28

376 491 514 545 gere
536 474 863 546 superbiam
888 478 1177 549 superbiae
1195 478 1382 534 cordis
1398 478 1589 544 vestri,
1612 476 1821 531 scilicet
1854 492 1986 530 cum
2007 493 2061 551 Α
2083 478 2219 531 ante
2257 474 2586 548 passionem
2621 472 2970 530 desiderium
2999 489 3165 528 suum
3198 470 3570 545 perveniendi
3613 471 3689 525 ad

377 563 562 634 magis
580 567 637 618 et
652 564 1057 635 magisdivitice
1069 567 1229 621 vobis
1240 567 1711 633 afﬂuxerint,non
1728 565 1855 620 ideo
1870 581 1989 619 ma-

377 651 465 721 gis
487 652 785 724 magisque
828 654 1056 723 superbi
1081 655 1452 723 efficiamini;
1487 655 1641 709 unde
1670 655 1877 709 Paulus
1907 652 1982 708 ad

374 739 739 794 Timotheum
759 758 770 794 :
789 764 815 790 «
836 741 1137 813 Praecipite
1151 743 1417 798 divitibus
1436 744 1605 815 hujus
1627 740 1838 813 saeculi,
1863 758 1979 796 non

377 824 621 897 superbe
645 844 865 901 sapere,
899 846 1005 884 nec
1040 846 1271 901 sperare
1317 832 1374 886 in
1399 832 1620 886 incerto
1653 830 1981 885 divitiarum

375 914 465 982 (II
491 915 522 968 1
544 918 635 969 im.
660 933 754 983 vn,
804 917 910 989 l7).
938 939 966 967 »
991 918 1133 982 Quia
1162 936 1295 974 vero
1329 920 1548 973 dixerat
1579 936 1699 974 esse
1747 934 1981 990 speran-

378 1002 516 1058 dum
544 1002 601 1058 in
623 1006 762 1067 Deo,
796 1007 855 1059 et
884 1022 1001 1060 non
1037 1007 1096 1060 in
1130 1007 1359 1075 divitiis,
1392 1011 1454 1062 ut
1484 1008 1556 1062 ad
1580 1007 1689 1062 hoc
1734 1006 1985 1061 attrahat

377 1091 687 1158 auditores,
725 1093 862 1147 dicit
892 1095 1074 1149 Deum
1125 1099 1425 1166 potentem
1472 1113 1593 1150 esse
1633 1096 1706 1150 ad
1738 1095 1983 1167 punien-

376 1179 511 1233 dum
546 1180 602 1233 in
637 1180 842 1235 divitiis
861 1185 1243 1253 sperantes,et
1269 1184 1701 1239 misericordem
1730 1183 1804 1237 ad
1836 1183 1985 1236 bene

375 1269 868 1323 remunerandum
902 1271 961 1323 in
983 1288 1042 1325 se
1078 1275 1396 1343 sperantes.
1454 1272 1597 1338 Dixi,
1651 1273 1984 1341 congregatio

322 1354 329 1361 ’
362 1355 573 1426 populi,
598 1365 801 1427 sperate
831 1361 884 1411 in
917 1359 1048 1425 Deo,
1079 1366 1137 1414 et
1155 1377 1268 1415 non
1299 1362 1358 1414 in
1387 1360 1616 1427 divitiis,
1646 1364 1703 1415 et
1718 1360 1876 1413 nolite
1895 1376 1984 1413 cor

376 1460 654 1513 apponere,
686 1448 743 1498 et
760 1447 864 1500 hoc
888 1447 1230 1503 obedienter
1251 1449 1544 1520 complere
1566 1448 1808 1503 debetis.
1837 1448 1981 1501 Nam

371 1529 516 1584 Deus
549 1531 749 1586 loculus
773 1540 845 1587 est
874 1538 931 1588 et
949 1552 1054 1606 per
1079 1537 1407 1607 scripturas,
1446 1540 1503 1590 et
1533 1552 1636 1608 per
1664 1536 1981 1590 humanam

378 1620 668 1685 naturam,
703 1622 760 1674 et
786 1622 894 1676 hoc
933 1623 1107 1691 semel,
1160 1624 1219 1677 id
1267 1627 1355 1678 est
1403 1623 1976 1678 incommutabiliter.

378 1703 541 1768 Quod
573 1710 656 1760 est
676 1707 865 1762 dicere
899 1727 912 1764 :
946 1711 1077 1764 Tale
1109 1711 1248 1782 quid
1282 1713 1503 1766 locutus
1530 1715 1634 1781 est,
1699 1710 1854 1783 quod
1898 1711 1981 1764 in-

2086 566 2289 620 Deum.
2324 564 2484 618 Unde
2515 581 2572 619 se
2595 563 2829 635 vigilare
2857 562 2915 617 in
2943 563 3097 617 bono
3112 578 3288 633 opere
3308 561 3594 627 asserit,ut
3613 560 3689 614 ad

2086 669 2217 707 eum
2247 652 2546 725 pervenire
2562 652 2758 724 possit,
2793 654 2851 705 et
2865 650 3155 723 promitlit
3175 648 3607 722 perseveranter
3627 665 3690 703 se

2085 743 2268 796 Deum
2296 742 2663 796 laudaturum
2695 742 2753 794 et
2780 756 2939 807 voce,
2966 743 3023 794 et
3044 740 3200 794 bona
3223 739 3338 794 vita
3366 741 3692 805 sua,etorat

2085 830 2270 902 gratia
2298 830 2536 902 spiritali
2551 832 2984 901 perseveranter
3005 827 3236 899 repleri,
3262 830 3325 881 ut
3341 827 3551 881 alaude
3567 842 3691 881 non

2087 918 2352 986 desistat;
2378 918 2487 972 hoc
2512 921 2705 972 autem
2722 916 2860 971 facit
2884 916 2956 971 ad
2974 915 3409 971 instructionem
3430 929 3689 980 suorum,

2085 1008 2149 1059 ut
2177 1008 2235 1059 et
2263 1004 2368 1076 ipsi
2398 1005 2660 1076 exemplo
2692 1021 2793 1059 suo
2822 1003 3080 1075 vigilent,
3112 1006 3171 1058 et
3191 1003 3264 1058 ad
3284 1004 3463 1057 Deum
3496 1016 3696 1073 perve-

2086 1094 2211 1149 nire
2244 1094 2802 1161 desiderent,eteum
2817 1091 3155 1148 omnimode
3178 1091 3436 1156 laudent,
3452 1094 3511 1145 et
3522 1092 3697 1145 orent

2086 1183 2323 1255 spiritali
2348 1183 2768 1255 gratiarepleti,
2798 1187 2861 1237 ut
2888 1183 2965 1237 sic
2990 1182 3051 1236 in
3089 1182 3211 1253 ejus
3240 1181 3409 1237 laude
3434 1197 3695 1253 perseve-

2085 1273 2218 1324 rent
2247 1287 2258 1324 :
2291 1269 2457 1323 aliter
2483 1270 2641 1324 enim
2665 1286 2781 1324 non
2810 1273 3062 1342 possent.
3086 1270 3149 1323 In
3171 1270 3285 1323 ﬁne
3316 1285 3448 1324 vero
3480 1267 3695 1340 psalmi

2084 1359 2205 1429 agit
2235 1358 2305 1412 de
2337 1359 2446 1413 hoc
2472 1359 2627 1430 quod
2657 1362 2920 1430 quaerent
2948 1374 3081 1412 eum
3106 1356 3324 1411 inimici
3362 1357 3574 1411 frustra
3627 1354 3691 1408 in

2084 1450 2272 1502 morte
2300 1446 2581 1501 detinere.
2605 1447 2740 1518 Agit
2760 1447 2935 1501 etiam
2958 1446 3028 1501 de
3051 1445 3391 1501 eorumdem
3423 1442 3693 1498 inimico-

2082 1550 2212 1589 rum
2246 1535 2547 1606 multiplici
2568 1534 2961 1601 damnatione,
2999 1537 3057 1589 et
3083 1535 3153 1588 de
3180 1533 3379 1588 lmtitia
3430 1547 3688 1587 resurre-

2083 1624 2305 1692 ctionis,
2340 1627 2399 1678 et
2427 1624 2497 1678 de
2524 1623 2855 1678 laudatione
2879 1640 3114 1678 suorum
3138 1623 3195 1677 in
3226 1622 3441 1677 futuro.

2152 1712 2421 1785 Πρω,ηυί
2441 1712 2704 1768 omnium
2721 1712 3113 1767 communiter
3124 1727 3183 1766 es
3204 1712 3371 1778 Deus,
3400 1727 3546 1765 meus
3558 1724 3687 1780 spe-

374 1796 787 1851 commulabile
818 1798 949 1869 erit,
983 1803 1040 1854 et
1070 1816 1300 1854 necesse
1332 1804 1420 1854 est
1474 1802 1537 1854 ut
1596 1801 1975 1871 compleatur.
2009 1817 2060 1875 Β
2083 1801 2322 1869 cialiter,
2355 1801 2443 1855 cui
2472 1818 2590 1873 prB
2625 1800 2894 1856 omnibus
2925 1800 3132 1855 obedio
3181 1799 3276 1871 qui
3330 1815 3424 1853 me
3458 1797 3689 1870 penitus

373 1880 518 1934 Illud
549 1882 761 1954 quippe
793 1894 973 1940 tinum
1028 1891 1182 1942 recte
1238 1889 1501 1956 d?cimus,
1561 1888 1717 1959 quod
1770 1888 1981 1942 nullius
2082 1888 2409 1943 immunem
2461 1889 2640 1944 fecisti
2670 1906 2703 1943 a
2732 1891 2988 1960 peccato,
3019 1888 3207 1957 vigilo,
3231 1888 3380 1941 bene
3418 1884 3685 1953 vivendo,

371 1969 770 2026 mutabilitatis
801 1973 1023 2028 obtinet
1048 1976 1459 2043 diversitatem,
1494 1977 1636 2031 sicut
1652 1979 1798 2031 Deus
1848 1992 1980 2030 cum
2082 1979 2153 2034 ad
2184 1987 2230 2034 te
2259 1981 2660 2036 obtinendum.
2683 1980 2846 2044 Quod
2865 1983 2949 2035 est
2978 1980 3167 2034 dicere
3193 1996 3205 2033 :
3232 1979 3353 2033 Non
3388 1995 3480 2032 me
3502 1976 3687 2048 negli—

369 2054 432 2109 in
462 2059 725 2126 personis
754 2061 826 2116 sit
855 2058 1082 2130 trimus,
1114 2082 1261 2119 unus
1277 2065 1504 2132 dicitur,
1529 2082 1597 2121 eo
1613 2064 1838 2136 quodin
1856 2081 1981 2119 sen-
2082 2072 2287 2140 genter
2314 2069 2500 2124 habeo
2540 2069 2600 2123 in
2621 2069 2914 2123 voluntate
2930 2071 3049 2138 tua,
3062 2067 3162 2121 sed
3191 2067 3372 2135 vigilo,
3399 2065 3459 2120 id
3489 2067 3574 2119 est
3589 2081 3687 2119 cu-

372 2146 558 2199 tentia
584 2146 657 2199 sit
682 2147 1173 2207 incommutabilis
1193 2157 1252 2207 et
1277 2153 1615 2208 indiversus.
1649 2152 1810 2207 Unde
1825 2153 1985 2206 semel
2079 2157 2262 2211 riosus
2286 2147 2582 2211 etSedulus
2599 2157 2752 2212 nitor
2770 2157 2909 2211 adte
2928 2155 3378 2228 adipiscendum,
3410 2154 3468 2208 id
3500 2157 3585 2208 est
3612 2153 3689 2207 ad

372 2246 478 2302 pro
500 2231 1053 2294 incommutabiliter
1089 2240 1181 2295 hic
1206 2242 1459 2311 ponitur.
1484 2240 1619 2296 Dico
1662 2242 1815 2313 quod
1834 2240 1980 2294 Deus
2078 2244 2188 2299 hoc
2217 2249 2281 2300 ut
2309 2246 2393 2299 tui
2423 2246 2888 2300 couformitatem
2918 2241 3557 2310 obtineam,secuudum
3576 2242 3688 2296 hoc

375 2319 579 2375 locutus
598 2330 690 2390 est,
725 2327 783 2378 et
799 2325 950 2381 inter
970 2344 1039 2382 ea
1060 2344 1187 2399 qum
1209 2329 1568 2385 inlocutione
1587 2331 1708 2401 ejus
1723 2329 1975 2401 percepi,

376 2408 564 2462 audivi
586 2409 711 2477 duo,
741 2416 978 2484 propter
1023 2433 1151 2486 quae
1191 2420 1275 2472 est
1316 2418 1375 2472 in
1408 2435 1476 2473 eo
1512 2418 1886 2489 sperandum,
1920 2420 1979 2471 et

375 2510 495 2550 non
526 2494 585 2549 in
614 2497 907 2567 divitiis,et
923 2507 1055 2557 sunt
1070 2506 1246 2559 corda
1262 2505 1613 2560 effundenda
1649 2522 1661 2559 :
1684 2506 1812 2559 Haec
1831 2504 1978 2558 scili-

374 2586 465 2637 cet
481 2583 998 2659 duo,quiapotestas
1037 2599 1112 2646 est
1151 2592 1275 2661 Dei,
1322 2594 1379 2648 id
1431 2596 1535 2660 est,
1591 2597 1710 2659 tua,
1745 2610 1779 2648 o
1811 2595 1978 2661 Deus,

375 2671 511 2743 quia
523 2676 583 2727 tu
599 2676 745 2730 Deus
757 2682 962 2748 potens
979 2697 1060 2746 es,
1082 2688 1131 2734 et
1157 2683 1270 2749 tibi,
1304 2682 1552 2750 Domine,
1585 2686 1670 2737 est
1687 2683 1978 2737 misericor-

373 2759 484 2827 dia,
511 2761 569 2817 id
595 2766 699 2831 est,
733 2768 791 2819 et
810 2768 890 2829 tu,
925 2768 1519 2839 Domine,misericors
1531 2788 1622 2827 es:
1645 2772 1769 2826 haec
1787 2775 1982 2825 autem

374 2848 623 2905 breviter
660 2855 894 2923 exponit
944 2857 1267 2927 subdendo,
1327 2860 1449 2914 sic:
1485 2860 1620 2914 Dico
1674 2859 1829 2931 quod
1875 2859 1980 2914 tibi

374 2940 462 2991 est
485 2945 712 3008 potestas
730 2947 781 2996 et
796 2945 1176 3014 misericordia,
1206 2948 1362 3019 quod
1404 2952 1490 3003 est
1528 2965 1592 3002 ac
1623 2948 1667 3003 si
1700 2948 1975 3015 dicerem,

372 3026 505 3096 quia
536 3033 593 3081 tu
623 3029 802 3085 reddes
831 3035 1116 3106 unicm'que
1131 3036 1287 3104 juxta
1331 3054 1487 3108 opera
1529 3054 1626 3093 sua
1675 3037 1733 3090 in
1786 3037 1977 3091 futuro

2080 2334 2235 2403 quod
2265 2334 2442 2388 homo
2471 2350 2620 2397 sum,
2647 2332 2988 2388 utvidelicet
3002 2331 3496 2387 ﬁamimmortalis
3512 2329 3690 2384 etim-

2081 2422 2362 2493 passibilis
2377 2422 2522 2477 sicut
2534 2426 2656 2492 tu,a
2668 2421 3042 2476 similitudine
3058 2420 3197 2475 boni
3214 2418 3689 2490 servi,quiexspe-

2081 2510 2291 2564 ctando
2327 2510 2632 2565 dominum
2669 2527 2835 2564 suum
2860 2526 2978 2564 non
3020 2508 3350 2564 dormitsed
3370 2506 3588 2577 vigilat,
3612 2505 3686 2559 de

2083 2614 2196 2669 quo
2220 2598 2279 2652 in
2311 2599 2617 2670 Evangelia
2640 2598 2879 2669 legitur:
2904 2600 3151 2652 «Beatus
3172 2597 3264 2651 ille
3290 2611 3686 2666 servus,quem

2082 2702 2213 2739 cum
2236 2686 2457 2740 venerit
2504 2686 2803 2749 Dominus,
2833 2686 3117 2741 invenerit
3141 2685 3478 2756 vigilantem
3522 2682 3679 2754 (Luc.

2081 2773 2331 2845 xn,37).»
2357 2775 2490 2829 Dico
2508 2775 2755 2844 vigilo,et
2773 2775 2895 2829 haec
2916 2773 3171 2845 vigilatio
3187 2772 3470 2844 contingit
3487 2771 3552 2826 de
3573 2771 3689 2824 luce

2080 2862 2353 2917 virtutum
2383 2867 2439 2918 et
2465 2864 2814 2935 cognitionis
2856 2866 2989 2932 tuae,
3025 2880 3137 2935 qua
3164 2862 3404 2918 interius
3431 2860 3687 2932 repleor.

2081 2950 2245 3015 Quod
2267 2955 2352 3006 est
2378 2952 2566 3006 dicere
2598 2969 2612 3006 :
2651 2952 2894 3008 Maxima
2922 2953 3017 3005 lux
3044 2951 3342 3016 virtutum,
3374 2951 3433 3003 et
3456 2952 3567 3002 tute
3594 2963 3689 3002 co-

2080 3038 2357 3108 gnitionis
2387 3040 2528 3094 mihi
2571 3040 2816 3111 ingesta,
2878 3056 3046 3094 causa
3074 3042 3161 3094 est
3212 3054 3390 3110 quare
3447 3036 3686 3107 vigilem

375 3112 485 3168 hoc
513 3120 707 3172 autem
740 3122 927 3175 totum
961 3127 1063 3191 est,
1094 3141 1159 3178 ac
1206 3125 1251 3179 si
1290 3126 1541 3181 breviter
1596 3125 1813 3181 diceret
1844 3142 1856 3179 :
1891 3125 1981 3178 Ef-
2009 3112 2057 3170 C
2080 3132 2532 3199 perseveranter.
2556 3129 2678 3194 Vel,
2705 3127 2901 3199 vigilia
2956 3144 3089 3182 mea
3135 3125 3426 3197 contingit
3453 3124 3517 3178 de
3548 3123 3684 3191 luce,
3768 3138 3775 3143 ‘

374 3200 673 3259 fundenda
697 3210 831 3261 sunt
862 3211 1035 3265 corda
1056 3215 1113 3266 et
1133 3214 1483 3283 sperandum
1511 3214 1569 3268 in
1600 3216 1740 3281 Deo,
1773 3217 1830 3267 et
1861 3229 1977 3267 non

372 3286 435 3341 in
464 3289 696 3360 divitiis;
715 3296 990 3365 quoniam
1008 3302 1092 3366 tu,
1122 3303 1290 3367 Deus,
1323 3302 1742 3372 loquensnobis
1758 3300 1975 3355 verissi-

373 3391 474 3430 ma
494 3380 552 3431 et
582 3378 1044 3440 incommutabili
1073 3388 1364 3443 locutione
1396 3390 1517 3443 haec
1536 3388 1977 3459 ostendistizqui

375 3478 509 3518 cum
538 3465 613 3520 sis
632 3471 838 3539 potens
858 3472 931 3526 ad
952 3474 1353 3532 damnandum
1383 3476 1740 3548 negligentes
1755 3480 1833 3544 te,
1852 3477 1979 3532 red-

377 3550 478 3607 des
509 3552 569 3608 in
596 3555 788 3614 futuro
821 3561 1127 3634 unicuique
1155 3565 1320 3635 juxta
1370 3582 1548 3637 opera
1587 3584 1709 3634 sua,
1764 3566 1979 3622 scilicet

375 3640 802 3713 negligentibus
833 3652 888 3703 te
921 3667 1151 3722 poenam
1177 3669 1190 3720 ;
1218 3655 1582 3725 sperantibus
1610 3658 1804 3709 autem
1832 3655 1890 3709 in
1920 3658 1977 3710 te

375 3730 435 3782 et
463 3729 889 3791 eﬂ‘undentibus
904 3740 1079 3795 corda
1091 3743 1463 3811 sua,salutem
1484 3746 1856 3816 perpetuam;
1887 3746 1975 3799 vel

375 3816 453 3871 sic
475 3834 488 3872 :
510 3819 690 3876 Semel
703 3823 904 3881 locutus
914 3835 990 3882 est
1006 3830 1235 3900 Deus,id
1248 3835 1575 3898 est,a3terne
1589 3832 1783 3888 etinco
1792 3850 1910 3888 mm
1919 3850 1977 3888 u-

373 3906 629 3964 tabiliter
645 3912 922 3984 disposuit
939 3920 1223 3986 omnia,et
1235 3920 1422 3973 adhuc
1436 3920 1879 3992 disponit.Quod
1891 3924 1977 3977 est

377 3993 598 4052 dicere:
633 4001 1194 4061 lncommutabiliter
1206 4011 1508 4063 etaeternae
1529 4009 1729 4079 genuit
1747 4008 1972 4081 Filium,

374 4083 436 4135 et
454 4084 639 4139 adhuc
659 4088 1521 4166 gignitinvestigabiliter.Gigni
1539 4096 1751 4167 quippe
1769 4097 1973 4151 Filium

374 4170 733 4243 aPatre,non
761 4182 845 4232 est
856 4180 1009 4235 aliud
1031 4199 1205 4253 quam
1220 4199 1324 4253 per
1342 4200 1471 4238 eum
1489 4187 1694 4238 cuncta
1706 4184 1973 4256 dispone-

374 4271 440 4311 re
468 4275 481 4311 :
504 4260 949 4333 Dispositionem
983 4273 1175 4326 autem
1195 4270 1582 4325 Deivocamus
1612 4271 1975 4329 ineﬁ'abilita-

2078 3214 2140 3269 id
2177 3218 2261 3269 est
2282 3216 2352 3269 de
2382 3216 2663 3287 sapientia
2706 3219 2825 3282 tua,
2859 3216 3001 3271 mihi
3064 3214 3442 3287 personaliter
3496 3212 3684 3279 unita,

2079 3320 2207 3375 qum
2236 3303 2496 3358 animam
2528 3320 2723 3359 meam
2753 3302 3435 3369 incessanterilluminat,
3462 3304 3522 3355 et
3546 3300 3687 3355 inde

2079 3407 2306 3462 quoque
2344 3392 2632 3462 contingit
2654 3393 2801 3447 bene
2830 3391 3081 3464 vigilatio
3125 3407 3258 3445 mea
3290 3406 3304 3444 :
3338 3389 3472 3461 quia
3517 3390 3690 3443 sitivit

2076 3480 2259 3532 anima
2283 3496 2398 3532 mea
2430 3482 2579 3543 inte,
2611 3480 2668 3534 id
2723 3484 2827 3546 est,
2879 3480 3078 3535 anima
3125 3496 3256 3534 mea
3309 3479 3688 3533 vehementer

2079 3566 2423 3621 desideravit
2452 3571 2508 3622 et
2537 3568 2723 3622 adhuc
2755 3567 3042 3622 desiderat
3064 3566 3205 3621 illud
3223 3566 3378 3637 quod
3402 3566 3461 3620 in
3489 3568 3547 3619 te
3575 3569 3682 3632 est,

2076 3653 2596 3727 impassibilitatem
2614 3655 2859 3723 scilicet;
2891 3655 3047 3727 quod
3068 3658 3154 3709 est
3173 3654 3363 3709 dicere
3393 3669 3407 3708 :
3433 3654 3684 3708 Tantum

2076 3742 2251 3796 habet
2280 3743 2628 3797 desiderium
2660 3743 2719 3797 in
2770 3746 2846 3805 te,
2878 3742 2938 3796 id
2967 3744 3071 3811 est,
3118 3740 3177 3795 in
3227 3740 3684 3813 impassibilitate

2077 3831 2736 3902 conformari,quantum
2756 3831 2850 3885 ille
2879 3831 2977 3902 qui
3002 3831 3164 3885 valde
3184 3829 3302 3884 sitit
3329 3829 3683 3885 desiderium

2076 3919 2252 3973 habet
2269 3919 2501 3975 bibendi
2513 3926 2581 3987 ,et
2598 3935 2723 3975 caro
2752 3936 2868 3973 mea
2890 3918 3176 3975 sitivittilii
3194 3918 3489 3973 adhaerere
3503 3933 3679 3988 quam

2076 4007 2445 4078 multipliciter
2458 4010 2486 4060 7
2502 4007 2667 4072 Quod
2681 4010 2767 4062 est
2788 4008 2979 4062 dicere
3003 4024 3016 4061 :
3046 4008 3111 4061 In
3128 4022 3301 4062 carne
3324 4022 3457 4061 mea
3492 4006 3677 4060 multo

2077 4096 2269 4167 plures
2288 4112 2471 4150 causae
2491 4099 2625 4150 sunt
2654 4112 2828 4167 quam
2853 4095 2913 4150 in
2940 4095 3160 4166 anima,
3182 4094 3388 4166 quibus
3412 4094 3542 4148 sitio
3572 4094 3679 4149 tibi

2074 4184 2424 4239 conﬁrmari.
2456 4186 2517 4238 In
2541 4185 2737 4239 anima
2766 4185 2887 4239 sola
2906 4184 3004 4239 illa
3028 4200 3196 4238 causa
3225 4186 3330 4250 est,
3387 4198 3566 4254 quare
3621 4186 3681 4236 te
3722 4170 3733 4178 ’

2076 4272 2249 4341 sitiat,
2273 4272 2406 4343 quia
2433 4271 2709 4344 passibilis
2740 4275 2824 4327 est
2853 4289 2866 4339 ;
2911 4271 2971 4326 in
3021 4288 3201 4326 carne.
3235 4286 3391 4337 vero,
3438 4273 3497 4325 et
3544 4271 3683 4343 quia

376 4344 449 4442 tis
488 4348 864 4442 locutionem,
895 4358 1034 4412 etin
1067 4357 1164 4413 illa
1191 4360 1481 4414 locutione
1512 4359 1625 4415 duo
1656 4361 1780 4415 haec
1810 4362 1971 4417 audi-
1999 4384 2052 4442 D
2076 4361 2257 4415 multo
2288 4358 2610 4432 passibilior
2645 4359 2860 4426 anima,
2913 4362 2971 4413 et
2999 4360 3135 4431 quia
3191 4358 3471 4425 mortalis,
3520 4359 3679 4429 quod

375 4433 439 4487 tu
461 4435 650 4491 audivi
675 4439 955 4513 interiori,
976 4448 1084 4500 etc.
1117 4463 1133 4510 ;
1166 4447 1289 4501 haec
1310 4464 1426 4501 non
1451 4450 1770 4504 mutantur.

752 4515 951 4602 220
988 4534 1055 4587 IN
1088 4535 1412 4591 PSALMUM
1441 4535 1590 4591 Lxu.

447 4614 659 4670 Psalmi
672 4621 1009 4691 sexagesimi
1036 4624 1274 4678 secundi
1294 4625 1762 4682 titulus.Psalmus
1775 4624 1974 4696 David,

375 4711 498 4754 cum
526 4710 651 4757 esset
680 4707 734 4758 in
758 4706 957 4761 deserto
989 4708 1260 4766 Iduma’av.
1325 4711 1489 4775 Quod
1525 4714 1603 4767 sic
1633 4714 1974 4785 exponitur:

379 4786 638 4847 Psalmus
658 4793 766 4848 iste
781 4796 1116 4853 attribuitur
1131 4799 1331 4870 David,
1353 4800 1412 4855 id
1435 4805 1520 4856 est
1552 4802 1805 4857 Christo:
1840 4804 1977 4860 habi

376 4877 467 4932 tus
492 4881 577 4933 est
602 4880 706 4936 iste
737 4885 987 4955 psalmus
1014 4886 1086 4941 ab
1117 4886 1238 4957 ipso
1273 4888 1470 4959 David,
1501 4907 1621 4943 cum
1651 4891 1763 4961 ipse
1801 4891 1980 4946 David

377 4967 589 5035 esset,id
610 4974 695 5027 est
707 4978 1143 5030 conversaretur
1159 4977 1536 5048 corporaliter
1547 4980 1605 5033 in
1634 4978 1831 5033 deserto
1849 4978 1980 5033 Idu-

378 5056 609 5120 Μῶα»,ίά
622 5061 707 5114 est
726 5060 783 5115 in
800 5064 1013 5134 papulo
1025 5064 1051 5118 J
1061 5063 1386 5136 udaico,qui
1401 5065 1693 5121 desertum
1716 5070 1840 5122 erat.
1854 5084 1985 5139 pro-

378 5146 509 5214 pter
528 5147 938 5218 Idumieam,id
959 5157 1045 5208 est
1075 5156 1317 5224 propter
1340 5155 1744 5210 terrenitatem
1793 5172 1978 5210 suam.

377 5232 543 5296 Quod
563 5240 646 5291 est
671 5238 860 5294 dicere
889 5257 901 5294 :
937 5241 1081 5305 Quia
1100 5241 1345 5296 terrenis
1366 5242 1577 5297 intenti
1600 5246 1787 5312 erant,
1818 5246 1874 5297 et
1899 5244 1980 5297 le-

378 5336 516 5393 gem
540 5325 642 5379 Dei
658 5331 897 5399 propter
922 5330 1263 5385 traditiones
1278 5346 1406 5385 suas
1434 5330 1658 5385 irritam
1696 5331 1977 5403 fecerant,

382 5409 594 5467 deserti
620 5419 787 5470 erant
805 5432 839 5471 a
848 5416 1036 5488 gratia
1048 5418 1235 5486 Dei,et
1254 5419 1530 5474 infertiles
1545 5419 1832 5474 bonorum
1851 5435 1983 5490 ope-

379 5515 535 5568 rum,
564 5502 638 5557 ad
665 5504 906 5562 modum
926 5507 1098 5561 terra:
1139 5506 1403 5578 desertae,
1436 5524 1563 5580 qui»
1580 5506 1849 5563 infertilis
1868 5511 1974 5567 est.

381 5587 644 5646 Ostendit
665 5594 861 5650 autem
899 5593 962 5651 in
1004 5595 1113 5651 hoc
1159 5596 1381 5671 psalmo
1426 5594 1758 5656 Dominicus
1794 5596 1972 5656 homo

2076 4448 2274 4503 anima
2294 4465 2411 4502 non
2435 4451 2538 4501 est.
2576 4447 2712 4502 Dico
2727 4447 3078 4519 quodanima
3093 4450 3151 4501 et
3186 4462 3310 4502 caro
3340 4447 3508 4501 sitivit
3534 4446 3636 4500 tibi
3665 4463 3680 4502 :

2077 4540 2261 4591 anima
2290 4542 2339 4590 et
2358 4553 2480 4590 caro
2495 4536 2620 4591 dico
2650 4535 2836 4608 posita
2864 4538 2921 4589 in
2944 4541 3081 4589 terra
3106 4534 3441 4600 deserta,etc.
3475 4534 3571 4587 Vel
3604 4533 3683 4588 sic

2078 4627 2535 4693 continuatur,ut
2554 4624 2833 4696 expositio
2858 4640 2977 4678 non
2994 4622 3413 4689 mutetur,Dico
3435 4621 3590 4693 quod
3602 4625 3682 4675 vi-

2076 4715 2184 4786 gilo
2205 4715 2276 4769 ad
2286 4722 2468 4785 te,ego
2483 4714 2631 4778 dico,
2657 4705 2896 4785 'positus
2934 4714 2993 4765 in
3012 4718 3154 4767 terra
3169 4711 3374 4765 deserta
3389 4717 3438 4764 et
3459 4712 3608 4765 invia
3634 4718 3685 4765 et

2081 4806 2334 4875 inaquosa
2362 4819 2378 4871 ;
2411 4818 2477 4856 ac
2499 4801 2545 4855 si
2562 4800 2815 4856 diceret:
2846 4800 2960 4855 Etsi
2975 4798 3685 4856 converserinterludaaos

2081 4891 2178 4965 qui
2205 4898 2345 4945 terra
2368 4891 2521 4953 sunt,
2536 4888 2597 4943 id
2633 4891 2719 4943 est
2743 4887 2982 4943 omnino
3011 4886 3225 4942 terreni
3252 4891 3310 4941 et
3330 4886 3490 4950 invii,
3522 4886 3583 4942 id
3600 4889 3688 4941 est

2082 4979 2204 5034 sine
2218 4979 2326 5043 via,
2363 4979 2625 5032 nolentes
2645 4992 2739 5030 me
2768 4975 3047 5046 recipere,
3076 4975 3171 5047 qui
3184 4991 3309 5029 sum
3323 4975 3431 5039 via,
3455 4974 3683 5042 veritas,

2085 5071 2143 5121 et
2166 5067 2281 5119 vita
2310 5065 2492 5136 (Joan.
2534 5080 2642 5131 xxv,
2675 5064 2730 5135 6)
2763 5082 2780 5118 :
2809 5067 2866 5119 et
2893 5065 3023 5119 ideo
3045 5063 3179 5135 quia
3207 5061 3422 5117 terreni
3451 5066 3585 5117 sunt
3626 5065 3687 5116 et

2083 5154 2238 5221 invii,
2267 5157 2399 5208 sunt
2424 5153 2600 5207 etiam
2622 5152 2906 5225 inaquosi,
2942 5152 2997 5206 id
3021 5156 3107 5207 est
3129 5168 3246 5206 non
3275 5150 3466 5223 aquati
3498 5150 3687 5222 gratia

2083 5241 2343 5314 spiritali,
2377 5240 2478 5296 sed
2504 5241 2724 5295 steriles
2743 5241 2815 5296 ab
2847 5240 3005 5296 omni
3033 5242 3187 5296 bono
3215 5242 3273 5294 et
3300 5238 3457 5307 sicci;
3485 5242 3685 5294 tamen

2083 5348 2117 5385 a
2143 5329 2474 5402 vigilatione
2505 5345 2638 5384 mea
2667 5344 2784 5384 non
2815 5345 3051 5385 revocor
3078 5345 3183 5401 per
3215 5344 3333 5395 eos,
3367 5331 3425 5383 et
3455 5327 3501 5381 si
3552 5343 3683 5398 pos-

2080 5423 2166 5474 set
2198 5436 2319 5473 esse
2347 5419 2505 5474 locus
2528 5416 2875 5472 desistendi:
2909 5434 3039 5472 cum
3070 5420 3264 5472 autem
3296 5416 3433 5471 dicit
3458 5418 3513 5470 in
3543 5422 3686 5470 terra

2078 5507 2303 5573 deserta,
2326 5505 2466 5561 talia
2520 5505 2698 5560 verba
2723 5505 2889 5576 juxta
2934 5505 3163 5559 titulum
3223 5503 3411 5577 ponit,
3450 5502 3509 5559 in
3568 5518 3684 5575 quo

2091 5596 2308 5654 dictum
2332 5593 2442 5652 fuit
2473 5610 2487 5653 ς
2533 5593 2789 5673 Psahnus
2825 5592 3035 5665 David,
3065 5609 3188 5651 cum
3228 5597 3357 5650 esset
3394 5593 3452 5650 in
3482 5591 3688 5673 deserto
