3970 6040
236 257 344 335 929

1211 271 1570 339 EXPOSITIO
1606 272 1677 337 IN
1713 272 2045 337 PSALMOS.
2085 307 2154 323 —
2189 276 2385 338 PSAL.
2429 274 2562 337 LXII

3447 270 3550 340 030

233 396 506 458 Idumam.
531 397 675 479 Quia
695 415 835 479 vero
862 398 1083 460 dixerat
1105 401 1286 474 vigilo,
1312 421 1386 461 ne
1406 403 1696 461 videretur
1729 404 1839 460 hoc
1867 418 1920 478 Α
1952 404 2362 461 exsultantibus
2413 403 2597 461 labiis.
2659 401 3013 476 Comprobat
3050 403 3245 461 autem
3286 405 3552 479 exemplo

239 507 304 546 ex
322 474 739 563 jactanti822
762 475 778 562 I
800 490 1023 559 dixisse,
1048 493 1105 546 et
1130 509 1247 547 non
1274 509 1341 547 ex
1362 509 1520 559 vero,
1542 492 1848 547 confirmat

236 572 295 636 se
326 580 561 652 vigilare
593 597 659 635 ex
688 581 813 652 ipsa
836 581 1179 636 auctoritate
1211 581 1416 647 Patris,
1443 597 1575 635 cum
1611 582 1844 651 subjun-

237 668 362 741 git:
392 668 514 724 Dixi
544 669 703 742 quod
732 670 894 739 vigilo
941 671 999 723 et
1035 671 1182 723 sitivi
1218 677 1267 723 et
1314 671 1369 723 in
1411 676 1594 723 sancto
1623 670 1850 740 apparui

238 759 354 825 tibi,
386 759 446 813 id
484 762 589 825 est,
633 759 692 813 in
730 759 839 813 hac
875 760 1072 813 sancta
1100 757 1430 829 vigilatione
1462 760 1521 811 et
1555 757 1647 811 siti
1678 759 1846 811 notus

238 866 367 903 sum
398 848 521 904 tibi.
548 848 714 913 Quod
729 851 814 903 est
826 848 1016 902 dicere
1036 864 1048 902 :
1067 846 1230 911 Quod
1254 864 1350 901 me
1375 846 1500 901 dico
1524 846 1756 916 vigilare
1789 848 1847 900 et

236 937 415 1004 sitire,
447 953 567 993 non
609 939 696 991 est
730 952 966 1002 vanum,
1002 952 1138 990 nam
1169 936 1232 990 in
1271 936 1381 989 hoc
1415 937 1594 989 sancto
1621 935 1850 1005 apparui

234 1042 347 1099 ego
375 1027 489 1093 tibi,
519 1026 577 1081 id
606 1030 711 1093 est,
744 1029 913 1080 notus
942 1042 1091 1093 sum,
1121 1025 1199 1080 sic
1234 1032 1295 1079 ut
1333 1025 1563 1079 viderem
1593 1027 1845 1078 virtutem

236 1122 408 1183 tuam,
427 1115 486 1170 id
510 1117 614 1183 est,
646 1118 816 1170 notus
830 1131 965 1169 sum
976 1115 1079 1168 tibi
1096 1114 1155 1169 in
1182 1115 1289 1168 hac
1303 1113 1633 1184 vigilatione
1650 1115 1847 1167 sancta

235 1208 296 1261 et
320 1205 410 1260 siti
440 1220 825 1276 perseverare,
861 1206 925 1257 ut
949 1204 1099 1257 hanc
1129 1201 1401 1258 virtutem
1431 1209 1480 1257 et
1505 1203 1736 1273 gloriam
1751 1218 1814 1255 re
1832 1231 1846 1242 -

232 1293 535 1349 velationis
561 1293 808 1359 videam,
841 1292 902 1347 id
931 1296 1018 1347 est
1044 1294 1312 1363 reputem
1362 1308 1481 1346 esse
1522 1298 1694 1360 tuam,
1726 1307 1845 1345 non

234 1398 453 1439 meam.
486 1383 594 1436 Per
620 1381 729 1436 hoc
751 1384 947 1436 autem
971 1396 1077 1436 nos
1102 1380 1351 1446 instruit,
1380 1379 1534 1452 quod
1566 1377 1844 1451 quidquid

233 1471 374 1527 boni
392 1471 692 1537 habemus,
706 1472 844 1537 Deo,
859 1486 977 1525 non
998 1467 1677 1540 nobisimputemus.Dixi
1689 1467 1845 1539 quod

1948 494 2382 561 recordationis,
2402 510 2461 553 se
2492 493 2760 565 deinceps
2787 495 2970 549 Deum
3001 494 3391 562 laudaturum,
3417 512 3551 552 cum

1947 583 2106 637 addit
2134 600 2147 637 :
2180 583 2313 639 Dico
2366 582 2520 654 quod
2558 582 2805 637 laudabo
2837 582 2893 636 te
2933 584 3343 638 exsultantibus
3366 585 3549 652 labiis,

1947 672 2101 743 quod
2123 688 2321 726 revera
2359 671 2567 726 faciam
2596 673 2663 737 si,
2691 672 2799 726 hoc
2816 674 2901 726 est
2925 672 3099 743 quod,
3128 689 3328 726 memor
3351 674 3443 742 fui
3469 673 3553 728 tui

1947 759 2168 813 assidue
2195 776 2349 829 super
2385 765 2613 811 stratum
2656 775 2851 825 meum,
2885 759 2941 813 id
2977 762 3063 813 est
3099 759 3159 813 in
3197 763 3375 816 strato
3417 778 3551 817 meo

1946 846 2206 901 existens.
2243 846 2407 911 Quod
2433 850 2517 900 est
2542 847 2729 901 dicere
2765 864 2777 901 :
2810 846 2947 901 Inde
2977 850 3166 918 potest
3189 850 3557 919 comprobari

1946 936 2102 1007 quod
2149 936 2394 990 laudabo
2429 938 2484 990 te
2514 935 2888 1002 incessanter,
2933 935 3066 1007 quia
3104 953 3211 1008 ego
3261 938 3554 1010 hucusque

1947 1041 2178 1096 semper
2208 1041 2436 1079 memor
2464 1024 2543 1079 fui
2569 1024 2672 1092 tui,
2701 1024 2761 1079 id
2792 1028 2878 1078 est
2906 1028 3018 1079 tuae
3044 1026 3249 1093 laudis,
3282 1026 3342 1081 in
3373 1029 3553 1084 strato

1946 1129 2100 1181 meo,
2136 1114 2194 1169 id
2220 1116 2306 1168 est
2336 1114 2393 1167 in
2422 1114 2671 1187 puritate
2700 1114 3064 1169 conscientia:
3090 1131 3398 1187 meae,qua3
3413 1122 3555 1170 stra-

1948 1208 2057 1256 tum
2073 1203 2299 1271 dicitur,
2319 1219 2386 1258 eo
2409 1204 2563 1274 quod
2586 1202 2645 1256 in
2673 1220 2740 1257 ea
2759 1202 3097 1258 omnimode
3116 1206 3313 1259 sancta
3325 1205 3554 1277 quiesco

1945 1294 2003 1345 et
2030 1291 2303 1358 delector,
2349 1292 2493 1346 sicut
2522 1292 2727 1363 aliquis
2760 1292 2817 1346 in
2850 1294 3027 1347 strato
3072 1292 3293 1364 optimo
3320 1293 3563 1365 quiescit

1946 1383 2003 1435 et
2042 1382 2382 1436 delectatur.
2419 1381 2561 1436 Cum
2596 1380 2753 1447 dicit,
2799 1398 2953 1452 super
2993 1389 3241 1450 stratum,
3281 1382 3438 1437 idem
3475 1385 3562 1438 est

1946 1469 2102 1540 quod
2134 1473 2191 1523 et
2221 1469 2283 1523 in
2325 1472 2502 1524 strato
2528 1486 2541 1537 ;
2573 1469 2673 1523 sed
2720 1469 2854 1541 quia
2883 1485 3054 1542 super
3081 1474 3326 1526 stratum
3356 1470 3561 1543 aliquis

232 1559 422 1628 vigilo,
453 1562 511 1613 et
538 1560 647 1614 hoc
669 1558 820 1625 ideo,
853 1558 988 1630 quia
1009 1558 1371 1613 misericordia
1394 1564 1511 1623 tua,
1542 1556 1600 1611 id
1626 1558 1730 1623 est,
1762 1555 1843 1609 vi-
1936 1557 2112 1628 jacet,
2143 1575 2211 1612 ea
2241 1557 2616 1612 similitudine
2648 1558 2888 1628 ponitur
2913 1559 3006 1614 hic
3036 1577 3225 1631 super.

237 1647 472 1721 gilando
502 1646 710 1714 vivere,
730 1646 883 1719 quod
907 1646 1192 1718 contingit
1212 1650 1269 1700 et
1296 1645 1694 1700 misericordia
1724 1646 1842 1710 tua,
2018 1646 2141 1701 Non
2175 1649 2363 1701 solum
2395 1650 2588 1700 autem
2620 1647 2868 1701 laudabo
2898 1651 2951 1701 te
2981 1648 3131 1702 labiis
3173 1650 3554 1721 exsultationis,

235 1737 427 1792 melior
454 1742 528 1790 est
560 1752 717 1806 super
743 1734 971 1802 vitas,id
992 1738 1077 1789 est
1095 1734 1302 1789 melior
1331 1738 1416 1789 est
1438 1732 1704 1789 omnibus
1722 1732 1846 1786 vitis
1877 1737 1925 1795 B
1945 1736 2045 1790 sed
2075 1753 2182 1807 ego
2208 1738 2264 1789 in
2289 1742 2337 1790 te
2362 1735 2692 1807 respiciens,
2715 1735 2771 1789 id
2799 1736 3178 1801 est,contuitu
3204 1738 3557 1809 adipiscendi

236 1824 595 1879 saecularium
609 1823 1427 1895 virorum,quantumcumque
1441 1821 1557 1875 sint
1570 1820 1848 1886 felices,et
1946 1824 2445 1879 immortalitatem
2462 1825 2520 1876 et
2537 1823 3048 1894 impassibilitatem
3061 1866 3075 1891 ,
3089 1810 3479 1897 quae222in
3500 1831 3559 1883 te

238 1913 412 1983 longe
436 1911 525 1966 vel
552 1911 737 1966 melior
764 1917 839 1965 est
869 1928 1024 1982 super
1051 1911 1211 1972 vitas,
1242 1909 1303 1965 id
1329 1911 1414 1964 est
1450 1909 1645 1963 utilior
1674 1911 1732 1963 et
1761 1908 1845 1963 di-
1947 1914 2098 1979 sunt,
2140 1914 2197 1966 in
2234 1912 2512 1966 matutinis
2557 1911 2870 1966 meditabor.
2910 1912 3009 1966 Vel
3052 1912 3148 1981 sic,
3183 1916 3237 1966 in
3269 1920 3335 1980 te,
3373 1914 3432 1969 id
3473 1917 3559 1971 est

239 2000 410 2073 gnior
438 1999 706 2055 omnibus
734 1999 1009 2055 institutis
1035 1998 1278 2066 vivendi,
1298 2015 1474 2070 quate
1496 1995 1849 2068 philosophis
1947 2018 2050 2073 per
2081 2005 2157 2068 te,
2192 2001 2519 2071 adjutorem
2550 2000 2844 2053 meditabor
2871 2001 2934 2056 in
2963 2004 3261 2068 matutinis,
3283 2003 3342 2056 id
3370 2005 3474 2071 est,
3497 2003 3557 2058 in

237 2089 476 2144 inventa
506 2091 657 2143 sunt.
695 2087 859 2152 Quod
885 2090 970 2142 est
1000 2087 1221 2143 dicere:
1246 2087 1379 2142 Ideo
1405 2085 1641 2157 vigilare
1658 2085 1847 2155 dispa-
1950 2090 2219 2160 operibus
2265 2089 2435 2143 bonis
2474 2078 2852 2159 complendis,
2896 2089 3108 2144 scilicet
3143 2107 3248 2162 per
3284 2091 3558 2147 auxilium

237 2177 346 2246 sui,
380 2176 513 2248 quia
548 2176 664 2231 vita
692 2177 815 2231 haec
855 2175 1124 2230 omnibus
1146 2175 1276 2229 vitis
1303 2175 1477 2245 longe
1507 2172 1713 2227 melior
1741 2174 1846 2226 est.
1948 2179 2113 2231 tuum
2140 2176 2395 2231 curiosus
2407 2191 2528 2241 ero,
2548 2180 2609 2229 ut
2632 2174 2692 2229 in
2718 2175 2884 2231 bonis
2907 2177 3176 2247 operibus
3200 2180 3559 2251 complendis

312 2266 453 2321 Cum
468 2264 623 2332 dicit,
636 2282 791 2335 super
810 2266 967 2331 vitas,
994 2267 1052 2318 et
1074 2281 1192 2318 non
1221 2265 1489 2334 oporteat
1510 2276 1725 2333 ponere
1743 2259 1850 2314 nisi
1948 2268 2006 2320 te
2032 2266 2292 2320 laudem:
2319 2281 2447 2335 qum
2463 2264 2594 2319 ideo
2616 2264 2904 2319 matutina
2917 2266 3204 2333 dicuntur,
3220 2267 3354 2338 quia
3371 2270 3560 2340 splen.

239 2354 510 2411 omnibus
527 2352 676 2420 vitis,
693 2353 766 2407 ad
787 2352 1229 2407 inculcationem
1256 2350 1441 2422 ponit,
1458 2367 1522 2404 ac
1545 2349 1589 2404 si
1611 2348 1846 2416 diceret,
1950 2354 2085 2409 dida
2104 2356 2237 2408 sunt
2276 2355 2334 2407 et
2355 2354 2512 2407 clara
2537 2352 2684 2406 sicut
2707 2369 2910 2421 mane;
2941 2357 2999 2409 et
3026 2355 3161 2409 inde
3190 2357 3559 2428 comprobari

234 2444 421 2498 multo
452 2440 660 2496 melior
691 2443 772 2495 est
814 2441 1080 2495 omnibus
1109 2434 1287 2495 vitis":
1316 2438 1604 2511 promittit
1626 2454 1761 2492 vero
1789 2453 1849 2491 se
1950 2445 2138 2514 potest,
2167 2442 2320 2513 quod
2338 2441 2666 2497 meditabor
2693 2441 2751 2495 in
2779 2441 2944 2495 bonis
2974 2442 3243 2512 operibus
3267 2444 3561 2500 incessanq

233 2532 312 2586 de
341 2533 550 2585 cetero
584 2529 970 2595 laudaturum,
999 2544 1131 2582 cum
1157 2527 1317 2582 addit
1345 2544 1357 2581 :
1388 2526 1522 2581 Dico
1552 2527 1848 2594 vigilolau-
1948 2537 2077 2597 ter,.
2105 2532 2232 2601 quia
2269 2530 2427 2599 fuisti
2449 2529 2666 2599 adjutor
2705 2546 2850 2582 meus
2894 2528 2967 2583 ad
3007 2530 3155 2584 bene
3196 2533 3557 2604 operandum

233 2621 431 2676 dando
456 2622 513 2674 te
537 2634 675 2673 voce
699 2620 757 2673 et
780 2618 897 2672 vita
920 2635 932 2672 :
955 2620 1013 2672 et
1038 2633 1155 2672 non
1172 2617 1252 2671 sic
1270 2620 1332 2670 ut
1348 2616 1695 2687 quandoque
1714 2614 1852 2669 dor-
1947 2619 2258 2689 hucusque.
2291 2617 2457 2683 Quod
2507 2620 2593 2671 est
2633 2616 2825 2672 dicere
2881 2633 2893 2671 :
2954 2616 3111 2673 Sicut
3140 2619 3428 2692 hucusque
3461 2638 3558 2677 me

232 2708 451 2764 mitans
480 2707 719 2761 alaude
760 2709 859 2760 tua
905 2705 1323 2769 desistam,sed
1352 2704 1495 2758 labia
1543 2720 1660 2756 mea
1691 2705 1846 2756 exte-
1948 2706 2233 2777 adiuvisti,
2288 2706 2370 2760 ita
2426 2704 2698 2776 deinceps
2750 2705 3064 2775 adjuvabis.
3116 2707 3239 2761 Dixi
3293 2709 3559 2779 repleatur

230 2797 396 2853 riora
423 2794 1163 2867 laudabuntteincessanter,
1182 2798 1241 2850 et
1268 2793 1346 2848 sic
1369 2793 1524 2865 quod
1549 2791 1848 2846 benedicam
1947 2798 2126 2849 anima
2155 2812 2272 2848 mea
2316 2796 2453 2849 sicut
2500 2794 2655 2864 adipe
2698 2800 2747 2847 et
2778 2793 3120 2864 pinguedine,
3145 2797 3208 2848 ut
3235 2812 3340 2867 per
3369 2797 3476 2852 hoc
3501 2800 3558 2853 te

232 2887 413 2944 etiam
431 2885 561 2941 ideo
584 2884 844 2939 exaltabo
866 2886 924 2938 et
940 2883 1001 2937 in
1022 2884 1177 2938 bona
1193 2881 1309 2937 vita
1326 2898 1476 2947 mea,
1501 2880 1561 2934 id
1581 2882 1685 2947 est,
1700 2880 1848 2933 bene
1947 2883 2178 2938 laudem
2208 2886 2266 2936 et
2294 2898 2394 2936 ore
2415 2883 2475 2935 et
2498 2883 2554 2933 in
2583 2883 2887 2949 matutinis;
2909 2883 2968 2935 et
2986 2898 3094 2952 ego
3116 2882 3195 2937 sic
3212 2886 3266 2938 te
3292 2885 3553 2953 laudans,

232 2975 503 3041 vivendo,
517 2975 635 3028 etin
657 2974 868 3026 nomine
889 2978 999 3038 tuo,
1017 2971 1074 3026 id
1095 2975 1199 3041 est,
1223 2970 1281 3025 in
1294 2971 1582 3025 honorem
1597 2966 1848 3022 nominis
1882 3013 1927 3041 η
1948 2988 2065 3026 non
2092 2971 2309 3024 timebo
2341 2985 2415 3023 ne
2446 2968 2711 3022 deﬁciam
2730 2968 2790 3022 in
2812 2968 3299 3039 tribulationibus,
3315 2975 3378 3027 ut
3398 2973 3554 3029 vide-

243 3064 398 3119 bene
419 3060 939 3133 operando,levabo
956 3076 1141 3113 manus
1160 3057 1400 3127 meas,id
1420 3060 1506 3112 est
1525 3056 1846 3111 sublimabo
1884 3056 1928 3073 υ
1949 3062 2108 3113 retur
2160 3059 2318 3112 locus
2376 3056 2619 3110 timendi
2671 3059 2731 3110 et
2778 3056 3083 3111 deficiendi
3113 3075 3126 3112 :
3161 3060 3262 3114 sed
3314 3062 3555 3117 exultabo

1946 3146 2165 3220 positus
2208 3149 2265 3200 in
2307 3144 2598 3199 velamento
2649 3145 2863 3199 alarum
2895 3151 3131 3214 tuarum,
3163 3147 3222 3201 id
3258 3152 3345 3203 est
3371 3153 3555 3207 exsul-

1948 3238 2140 3291 tanter
2170 3236 2321 3290 bene
2344 3234 2650 3305 operabor,
2665 3234 2983 3289 consistens
3014 3234 3073 3289 in
3104 3235 3404 3308 refrigerio
3421 3256 3556 3311 pro-

1946 3324 2215 3381 tectionis
2244 3326 2379 3378 tuae.
2403 3322 2568 3387 Quod
2590 3325 2675 3376 est
2692 3322 2881 3377 dicere
2903 3323 3220 3379 :Protectio
3233 3327 3559 3385 clementiae

1948 3418 2060 3469 tuae
2110 3413 2253 3468 mibi
2295 3410 2667 3483 refrigerium
2710 3412 2820 3466 erit
2867 3411 2926 3466 in
2968 3412 3450 3485 tribulationibus,
3483 3435 3557 3473 ne

1948 3502 2218 3556 desistam
2267 3502 2341 3555 ab
2387 3516 2563 3572 opere
2604 3500 2781 3554 bono.
2832 3500 3137 3556 Velamenta
3177 3504 3407 3573 alarum,
3448 3524 3556 3579 pro

1944 3588 2247 3661 refrigerio
2280 3587 2679 3659 protectionis,
2712 3604 2746 3641 a
2776 3588 3149 3645 similitudine
3190 3594 3443 3663 ponitur,
3486 3613 3555 3650 eo

1947 3678 2104 3749 quod
2124 3676 2368 3731 volucris
2388 3676 2714 3729 velamento
2729 3675 2949 3730 alarum
2970 3679 3468 3751 pullosrefrigerat
3482 3683 3555 3738 ab

1947 3768 2088 3821 aestu
2121 3767 2178 3819 et
2207 3782 2241 3819 a
2264 3764 2495 3818 laesione
2523 3763 2775 3834 protegit
2808 3764 3049 3819 :etideo
3077 3767 3390 3835 exsultabo,
3423 3770 3561 3840 quia

1947 3854 2169 3908 adhaesit
2199 3852 2302 3907 tibi
2334 3852 2557 3923 glutine
2600 3850 2922 3906 dilectionis
2962 3855 3145 3907 anima
3174 3872 3310 3922 mea,
3349 3864 3471 3927 post
3510 3864 3560 3913 te

1949 3942 2215 4008 existens,
2248 3940 2307 3994 id
2332 3943 2418 3994 est
2449 3943 2505 3995 te
2532 3939 2638 3993 sibi
2669 3955 3034 4011 praeponens,
3050 3944 3109 3995 et
3133 3944 3189 3996 te
3213 3959 3332 4014 prae
3355 3961 3412 3999 se
3437 3945 3560 4002 dili-

1949 4047 2110 4101 gens.
2145 4027 2311 4092 Quod
2341 4031 2427 4081 est
2458 4027 2649 4082 dicere
2686 4044 2697 4081 :
2727 4027 2941 4083 Idcirco
2970 4029 3238 4084 exsultabo
3273 4032 3332 4087 in
3363 4038 3557 4104 prote-

1948 4118 2137 4173 ctione
2170 4121 2289 4183 tua,
2324 4116 2459 4187 quia
2506 4116 2608 4170 tibi
2650 4116 2848 4170 anima
2884 4133 3017 4172 mea
3042 4118 3225 4174 nimia
3253 4121 3558 4179 dilectione

1948 4206 2258 4276 conjuncta
2282 4208 2387 4272 est,
2417 4208 2475 4259 et
2502 4204 2635 4259 inde
2677 4209 2867 4260 certus
2910 4223 3037 4261 sum
3077 4209 3233 4279 quod
3267 4212 3556 4281 exsultabo,

234 3168 418 3224 opera
440 3167 591 3206 mea.
613 3149 777 3214 Quod
797 3152 882 3203 est
900 3148 1089 3203 dicere
1114 3164 1126 3201 :
1150 3149 1303 3202 Bene
1335 3146 1623 3217 operabor
1647 3144 1706 3198 in
1736 3144 1849 3198 ho-

232 3256 445 3295 norem
477 3237 730 3292 nominis
756 3237 856 3302 tui,
890 3239 948 3291 et
978 3236 1055 3291 sic
1083 3235 1351 3290 sublimia
1385 3236 1443 3289 et
1473 3234 1650 3306 digna
1679 3233 1852 3287 erunt

232 3343 417 3400 opera
446 3343 606 3394 mea;
634 3326 680 3381 si
709 3341 844 3380 vero
861 3325 919 3380 in
937 3325 1174 3380 nomine
1190 3340 1322 3379 meo
1345 3339 1637 3394 operarer,
1660 3321 1850 3394 potius

232 3416 649 3488 deprimerem,
683 3431 858 3486 quam
890 3415 1202 3469 exaltarem
1234 3429 1432 3485 opera.
1482 3410 1621 3467 Orat
1651 3414 1849 3465 autem

183 3502 199 3514 ’
230 3504 496 3561 interiori
517 3503 799 3576 sapientia
827 3506 885 3558 et
902 3503 1108 3558 robore
1123 3501 1322 3573 gratius
1351 3500 1618 3571 spiritalis
1636 3497 1848 3570 repleri

230 3594 609 3661 incessanter,
641 3609 713 3646 ne
745 3591 1126 3662 aliquatemus
1156 3607 1191 3644 a
1222 3589 1392 3644 laude
1432 3587 1681 3652 deficiat,
1715 3602 1848 3641 cum

229 3680 533 3755 subjungit
549 3696 563 3734 :
582 3680 706 3735 Dixi
727 3679 883 3751 quod
903 3678 1149 3732 laudabo
1172 3680 1231 3731 te
1247 3676 1409 3731 labiis
1430 3678 1488 3729 et
1505 3674 1847 3729 benedicam

228 3769 370 3837 vita,
399 3771 457 3824 et
485 3770 595 3824 hoc
643 3768 721 3823 sic
751 3768 1049 3838 :repleatur
1072 3768 1253 3821 anima
1299 3782 1415 3819 mea
1458 3766 1595 3819 sicut
1621 3762 1774 3833 adipe
1798 3764 1848 3817 et

218 3856 571 3932 pinguedine,
604 3856 665 3911 id
690 3858 795 3923 est,
827 3855 1109 3927 sapientia
1130 3853 1413 3919 interiori,
1452 3869 1579 3923 quae
1601 3853 1686 3906 est
1706 3850 1849 3904 sicut

233 3945 437 4016 adeps,
470 3944 531 3999 id
561 3948 666 4012 est,
709 3934 1115 4014 comparabilis
1154 3941 1332 4011 adipi,
1370 3939 1610 3994 interius
1637 3937 1850 4016 scilicet

234 4036 424 4090 latens
446 4034 504 4087 in
533 4033 751 4100 anima,
779 4032 922 4087 sicut
962 4031 1139 4103 adeps
1168 4029 1227 4083 in
1254 4028 1561 4083 visceribus
1588 4014 1769 4092 latet,’
1792 4027 1851 4080 et

238 4121 452 4176 robore
481 4120 682 4192 gratias
708 4119 998 4190 spiritalis,
1014 4118 1167 4190 quod
1182 4121 1267 4172 est
1282 4116 1425 4171 sicut
1454 4113 1766 4186 pinguedo,
1790 4112 1850 4167 id

238 4214 326 4267 est
347 4209 750 4281 comparabilis
770 4206 1129 4280 pinguedini,
1162 4205 1409 4261 exterius
1432 4203 1645 4259 scilicet
1673 4218 1848 4273 appa-

238 4316 377 4355 rens
404 4315 510 4372 per
538 4314 736 4370 opera,
750 4298 894 4352 sicut
912 4295 1201 4368 pinguedo
1218 4296 1459 4368 apparet
1484 4291 1731 4348 exterius
1746 4307 1852 4361 per

240 4389 529 4445 membra.
562 4387 751 4459 Adeps
776 4385 988 4458 quippe
1018 4385 1251 4456 proprie
1274 4383 1502 4449 dicitur,
1532 4381 1631 4454 qui
1657 4378 1851 4436 vitalia

241 4476 751 4549 cooperitinterius
769 4476 975 4541 latens,
990 4473 1282 4545 pinguedo
1310 4488 1442 4527 vero
1457 4487 1584 4543 qua:
1606 4469 1851 4523 exterius

241 4570 483 4638 apparet
506 4564 774 4620 membra
802 4562 1217 4629 corroborans;
1247 4577 1366 4615 non
1405 4560 1542 4614 dicit
1567 4557 1847 4629 repleatur,

241 4654 398 4728 quod
430 4670 545 4709 non
576 4653 650 4708 sit
676 4668 908 4725 semper
936 4651 1155 4722 repleta
1198 4647 1479 4720 sapientia
1508 4645 1771 4702 interiori
1793 4646 1853 4699 et

240 4744 451 4800 robore
481 4741 682 4814 gratiae
712 4739 979 4811 spiritalis
1013 4738 1278 4805 exterius,
1314 4753 1417 4808 per
1448 4752 1626 4809 opera
1672 4751 1847 4807 appa-

240 4830 440 4898 rentis,
468 4830 569 4885 sed
598 4829 756 4884 idem
782 4831 869 4883 est
890 4845 954 4882 ac
970 4827 1018 4882 si
1041 4827 1291 4882 diceret:
1317 4825 1512 4880 anima
1535 4840 1686 4889 mea,
1720 4838 1848 4893 quae

234 4920 361 4990 jam
390 4918 610 4989 repleta
638 4920 740 4985 est,
758 4933 876 4972 non
908 4915 1137 4971 deﬁciat
1164 4914 1353 4987 aliquo
1382 4912 1579 4978 modo,
1601 4911 1701 4966 sed
1716 4926 1850 4981 per-

241 5010 461 5061 severet
485 5006 545 5062 in
570 5006 891 5078 repletione
921 5003 1064 5059 sicut
1092 5003 1278 5076 adipis
1306 5006 1362 5057 et
1378 4999 1765 5074 pinguedinis,
1791 5000 1850 5053 et

243 5094 419 5150 etiam
468 5094 608 5149 labia
654 5093 1036 5159 exsultationis,
1088 5092 1147 5146 id
1194 5093 1297 5158 est,
1336 5105 1468 5144 mea
1509 5087 1851 5143 exsultantia

240 5182 393 5239 labia
442 5183 776 5253 repleantur
811 5183 947 5236 sicut
1007 5180 1164 5250 adipe
1201 5185 1251 5232 et
1286 5177 1644 5248 pinguedine,
1678 5175 1737 5230 id
1763 5177 1850 5229 est

242 5271 429 5327 verbis
454 5270 946 5342 procedentibusa
973 5267 1256 5340 sapientia
1284 5265 1547 5320 interiori
1570 5267 1627 5319 et
1660 5262 1850 5335 gratia

245 5359 507 5429 spiritali,
530 5361 589 5413 et
616 5358 807 5413 taliter
836 5357 1076 5411 laudabit
1106 5363 1154 5410 te
1195 5371 1250 5408 os
1282 5370 1480 5408 meum.
1509 5353 1609 5407 Vel
1645 5351 1745 5417 ita,
1783 5352 1850 5405 ut

248 5447 422 5503 etiam
458 5448 650 5502 littera
678 5448 898 5503 diversa
917 5446 990 5501 sit
1015 5464 1028 5500 :
1053 5445 1188 5500 Dico
1222 5442 1487 5516 repleatur
1506 5442 1690 5495 anima
1709 5458 1846 5506 mea,

248 5539 306 5594 et
334 5536 412 5594 sic
435 5536 676 5593 laudabit
703 5539 759 5593 te
791 5553 846 5591 os
886 5550 1063 5591 meum
1090 5533 1247 5590 labiis
1266 5531 1647 5593 exsultationis,
1679 5527 1738 5587 id
1766 5531 1853 5586 est

1876 4269 1924 4326 D
1947 4269 2081 4366 quia
2108 4295 2331 4363 suscepit
2360 4269 2442 4346 me
2463 4292 2676 4346 dextera
2708 4300 2820 4359 tua,
2849 4293 2909 4348 id
2941 4298 3028 4349 est
3051 4269 3444 4367 patrocinatus
3473 4269 3561 4355 est

1946 4399 2176 4455 semper
2197 4381 2341 4436 mihi
2362 4381 2523 4435 favor
2541 4381 2743 4451 gratia:
2772 4385 2906 4446 tuae,
2922 4385 2985 4436 ut
3007 4383 3065 4437 in
3084 4384 3240 4439 nullo
3263 4387 3559 4456 permitte-

1948 4474 2038 4527 ret
2068 4486 2162 4525 me
2194 4469 2436 4524 crimine
2470 4468 2785 4523 otfcnderc.
2822 4471 3063 4525 Dextera
3094 4488 3198 4544 pro
3229 4473 3423 4531 favore
3453 4494 3557 4548 po-

1949 4559 2125 4624 nitur,
2148 4574 2216 4613 eo
2233 4557 2389 4629 quod
2405 4556 2532 4610 illos
2544 4556 2750 4627 quibus
2777 4557 2969 4612 favere
2988 4561 3259 4630 solemus,
3283 4563 3355 4618 ad
3370 4564 3560 4621 dexte-

1948 4663 2075 4702 ram
2106 4662 2324 4717 ponere
2354 4643 2772 4699 consuevimus.

2018 4734 2141 4789 Dixi
2171 4733 2326 4805 quod
2354 4732 2647 4787 meditabor
2685 4735 2740 4786 in
2785 4737 3085 4800 matutinis,
3118 4741 3177 4791 et
3213 4740 3457 4795 exultabo
3500 4744 3557 4795 in

1947 4822 2239 4877 velamento
2269 4821 2511 4886 alarum;
2540 4824 2641 4893 ipsi
2669 4839 2810 4891 vero,
2845 4824 3002 4895 quod
3034 4824 3275 4881 minime
3306 4826 3555 4897 deceret,

1947 4910 2021 4965 ad
2052 4926 2193 4980 quos
2244 4909 2569 4964 docendum
2627 4913 2685 4965 et
2738 4911 3076 4965 salvandum
3120 4912 3347 4981 adveni,
3376 4916 3559 4972 Judaei

1948 4997 2181 5065 scilicet,
2207 4997 2280 5051 de
2300 5014 2550 5069 quorum
2572 4999 2851 5070 sanguine
2866 5001 3032 5053 natus
3049 5016 3196 5064 sum,
3215 5005 3556 5074 quaesierunt,

1948 5087 2006 5142 id
2031 5090 2117 5142 est
2146 5088 2421 5158 quaerent,
2437 5086 2674 5139 animam
2701 5103 2873 5140 meam
2889 5085 3149 5141 detinere
3175 5088 3234 5143 in
3257 5093 3465 5159 morte,
3485 5111 3558 5148 ne

1949 5174 2222 5230 amittant
2251 5174 2442 5228 locum
2465 5178 2524 5228 et
2542 5176 2807 5245 gentem:
2825 5177 2882 5228 et
2900 5173 3009 5228 hoc
3030 5174 3244 5232 facient
3264 5180 3318 5232 in
3335 5196 3555 5250 vanum,

1948 5261 2007 5316 id
2046 5266 2151 5329 est,
2189 5277 2337 5316 vana
2377 5261 2489 5315 erit
2530 5262 2654 5315 haec
2705 5278 2835 5333 spes
2870 5255 3096 5330 eorum,
3137 5282 3277 5320 nam
3309 5283 3344 5321 a
3371 5270 3560 5338 patria

1950 5351 2185 5423 expulsi,
2227 5348 2517 5403 introibant
2552 5351 2607 5401 in
2637 5350 2896 5419 inferiora
2927 5357 3100 5421 terrae,
3128 5353 3186 5409 id
3217 5357 3323 5420 est,
3355 5372 3487 5409 cum
3526 5375 3560 5412 a

1953 5456 2054 5493 sua
2082 5441 2238 5494 terra
2267 5453 2395 5509 quas
2414 5437 2616 5490 fertilis
2637 5443 2747 5507 est,
2782 5440 3001 5511 expulsi
3021 5441 3257 5511 fuerint,
3272 5444 3563 5499 introibant

1953 5525 2012 5582 in
2035 5527 2262 5599 pejores
2274 5527 2332 5581 et
2346 5523 2405 5579 in
2428 5524 2738 5585 inferiores
2749 5530 2945 5606 partes
2956 5531 3242 5591 terraezvix
3257 5530 3399 5588 dum
3410 5532 3571 5591 enim
