3970 6040
454 323 552 390 931
1056 321 1115 384 S.
1154 274 1500 384 BRUNDNIS
1540 318 2175 383 CARTHUSIANORUH
2210 319 2680 383 INSTITUTORIS
2720 320 2876 382 OPP.
2917 319 3097 382 PARS
3138 318 3163 381 ῐ
3650 326 3738 391 93!

460 450 653 527 aliqua
669 465 804 525 pars
831 450 1118 506 terrarum
1140 447 1285 504 adeo
1311 446 1584 503 infertilis
1599 448 1684 502 est
1703 444 1759 502 in
1794 462 1909 519 qua
1926 460 2059 518 pars
2084 446 2141 507 Α
2174 443 2428 515 datione,
2451 444 2682 519 quando
2705 443 3734 508 ditabunturmternaremuneratione.

458 559 663 601 eorum
684 558 805 597 non
818 539 995 612 possit
1025 537 1308 605 inveniri;
1333 541 1390 592 et
1418 538 1527 592 hoc
1560 536 1695 591 dicit
1717 536 1789 590 ad
1819 552 2060 607 aggera-
2234 535 2472 602 Exaudi,
2495 535 2658 601 Deus,
2696 537 2987 591 orationem
3016 552 3206 603 meam,
3237 539 3295 589 ut
3322 552 3418 591 me
3458 538 3734 608 resuscites,

454 632 678 687 tionem
708 627 1049 683 calamitatis
1079 643 1303 693 eorum,
1338 626 1475 697 quia
1496 625 1540 680 si
1573 642 1606 679 a
1629 624 1814 697 patria
1847 622 2064 694 expulsi
2166 627 2222 679 et
2260 627 2398 695 eripe
2427 643 2459 678 α
2493 627 2678 678 timore
2730 626 2952 691 inimici,
3005 623 3223 679 Judaici
3272 625 3489 696 populi,
3535 629 3737 684 animm

454 720 515 775 in
530 720 783 791 aliquam
800 712 2065 788 regionemfertilemdispergerentur,minus
2164 730 2356 780 meam,
2387 731 2458 768 ne
2490 714 2658 768 cadat
2684 714 2741 768 in
2770 730 2971 769 eorum
3005 714 3501 781 conformitatem,
3527 731 3634 769 cum
3649 734 3736 789 ego

456 810 654 881 utique
692 823 864 879 grave
917 804 1205 859 videretur
1236 820 1413 875 quam
1454 803 1611 875 quod
1658 802 1716 855 in
1746 802 2066 873 asperrima
2165 802 2411 873 deprecor
2447 806 2524 857 te.
2561 802 2727 867 Quod
2766 806 2853 858 est
2895 803 3107 857 dicere:
3147 803 3302 857 Tunc
3334 805 3493 874 eripe,
3522 820 3631 859 cum
3652 822 3735 877 ego

454 896 660 953 mundi
678 896 801 949 loca
822 892 1075 947 maxima
1086 908 1216 963 pars
1233 908 1435 945 eorum
1461 891 1718 961 dispersa
1733 893 1837 957 est;
1856 891 1941 944 vel
1964 890 2061 957 sic,
2165 891 2411 962 deprecor
2449 891 2696 958 assidue,
2723 891 2961 959 scilicet,
2991 891 3136 946 sicut
3161 892 3269 946 hoc
3296 908 3405 963 ego
3436 892 3641 948 assidue
3661 894 3738 949 de-

454 987 717 1058 quserent
740 983 999 1037 animam
1036 996 1250 1047 meam,
1293 982 1349 1033 et
1390 980 1542 1033 malo
1593 995 1717 1045 suo,
1764 994 1901 1033 nam
1933 978 2062 1033 ideo
2167 998 2410 1053 precor;
2443 981 2707 1036 enuntiat
2752 983 2946 1035 autem
2990 980 3130 1035 illud
3173 980 3431 1036 futurum
3466 998 3580 1036 esse
3616 983 3738 1054 quod

452 1074 748 1129 introibant
778 1073 840 1126 in
872 1071 1126 1139 inferiora
1150 1074 1322 1134 terrae,
1344 1067 1401 1121 id
1422 1070 1507 1121 est
1546 1066 1604 1121 in
1625 1067 1939 1132 infernum,
1968 1068 2066 1139 qui
2166 1070 2368 1138 oravit,
2402 1086 2533 1124 cum
2589 1069 2750 1125 addit
2783 1085 2796 1123 :
2830 1069 2967 1125 Dico
3000 1071 3159 1141 eripe,
3198 1073 3254 1124 et
3286 1070 3365 1125 ita
3420 1069 3602 1125 facies.
3630 1073 3739 1129 Pro-

452 1166 538 1218 est
566 1162 623 1215 in
676 1158 1040 1214 inferioribus
1085 1161 1253 1212 terrm
1297 1156 1572 1229 partibus.
1627 1156 1789 1211 Unde
1834 1172 2064 1227 quoque
2165 1161 2343 1212 texisti
2369 1176 2469 1225 me,
2497 1158 2556 1213 id
2588 1160 2674 1213 est
2712 1161 2983 1231 proteges
3004 1174 3122 1224 me,
3146 1176 3178 1212 a
3200 1164 3457 1213 conventu
3485 1160 3741 1229 malignan-

451 1250 709 1306 infernus
737 1245 1139 1318 dicitur,quasi
1170 1244 1761 1316 inﬁmus:etquidam
1776 1244 2063 1297 tradentur
2167 1250 2299 1301 tium
2330 1247 2687 1315 Iudaeorum,
2721 1246 2782 1300 id
2814 1251 2900 1301 est
2944 1250 3007 1301 ut
3035 1264 3154 1302 non
3185 1247 3392 1302 cedam
3436 1247 3513 1302 eis
3546 1247 3736 1317 timore,

451 1343 508 1395 in
542 1353 753 1404 manus,
772 1336 998 1391 idestin
1020 1337 1365 1406 potestatem
1388 1333 1585 1405 gladii,
1616 1336 1679 1387 ut
1705 1332 2062 1388 interﬁcian-
2166 1351 2293 1390 cum
2317 1336 2375 1389 in
2407 1352 2499 1390 me
2528 1335 2827 1407 insurgent
2848 1335 3119 1407 malignis
3151 1334 3358 1402 verbis,
3374 1337 3432 1390 et
3447 1352 3559 1390 non
3587 1336 3736 1392 solum

452 1432 581 1485 tur:
606 1429 665 1482 et
682 1428 988 1497 postquam
1011 1422 1298 1477 interfecti
1319 1421 1556 1489 fuerint,
1573 1429 1729 1475 erunt
1744 1428 1930 1491 partes
1957 1421 2066 1475 vul-
2167 1441 2258 1478 me
2292 1427 2561 1495 proteges
2592 1441 2626 1478 a
2651 1423 2865 1478 timore
2888 1440 3114 1490 eorum,
3145 1440 3277 1477 cum
3302 1423 3568 1495 malignis
3590 1426 3739 1481 verbis

442 1519 619 1588 pium,
651 1518 709 1569 et
737 1515 1079 1567 casterarum
1117 1510 1397 1575 ferarum,
1453 1512 1515 1563 ut
1562 1510 1635 1564 ab
1682 1510 1819 1581 ipsis
1861 1526 2064 1563 eorum
2164 1512 2535 1583 insurgentin
2556 1512 3011 1577 me,accusando
3034 1511 3737 1580 etdetrahendo,sedetiam

452 1620 696 1676 corpora
723 1618 839 1656 non
862 1601 1082 1671 sepulta
1107 1598 1728 1665 comedantur;velsic,
1746 1597 2064 1652 secundum
2165 1606 2434 1674 proteges
2458 1618 2550 1654 me
2566 1619 2597 1653 a
2620 1600 2963 1654 multitudine
2994 1602 3333 1671 Operantium
3349 1601 3738 1672 iniquitatem,id

453 1693 612 1749 illam
631 1689 981 1744 sententiam
1000 1688 1188 1758 inqua
1216 1686 1482 1752 diximus,
1513 1686 1807 1741 introibant
1837 1688 1891 1738 in
1923 1686 2061 1756 infe-
2092 1760 2119 1761 ﬂ
2165 1692 2249 1744 est
2279 1693 2547 1761 proteges
2561 1705 2654 1743 me
2673 1688 2939 1743 faciendo
2961 1692 3440 1755 constantem,ne
3454 1705 3551 1760 pro
3567 1689 3737 1746 timore

451 1784 593 1836 riora
616 1786 788 1844 terrae,
811 1778 865 1831 id
893 1784 966 1831 est
996 1778 1049 1829 in
1066 1774 1379 1843 infernum;
1396 1790 1511 1829 non
1529 1776 1717 1829 solum
1740 1774 2065 1829 introibant
2088 1760 2140 1819 Β
2164 1780 2365 1835 cedam
2382 1778 2761 1845 multitudini,
2781 1778 2840 1833 id
2862 1782 2948 1833 est
2967 1778 3609 1834 conventuiludasorum
3629 1796 3736 1851 ope-

450 1869 509 1924 in
551 1868 865 1933 infernum,
912 1867 968 1920 et
1014 1864 1293 1918 tradentur
1341 1881 1397 1918 tn
1441 1881 1632 1917 manus
1659 1864 1849 1933 gladii,
1885 1863 1982 1917 scd
2007 1866 2064 1917 et
2164 1868 2415 1925 rantium
2438 1872 2688 1924 mortem
2707 1884 2899 1923 meam
2915 1867 3735 1941 antonomasticeiniquitatem.

451 1957 688 2031 quidam
720 1973 923 2011 eorum
958 1960 1140 2025 partes
1174 1953 1411 2024 vulpium
1452 1959 1626 2018 erunt,
1661 1952 1719 2006 in
1752 1956 1838 2007 est
1862 1949 2063 2025 partiti
2164 1958 2329 2023 Quod
2360 1962 2444 2012 est
2474 1957 2661 2011 dicere
2710 1972 2723 2011 :
2767 1957 2961 2029 Neque
3003 1974 3134 2011 cum
3176 1958 3557 2029 malignantes
3583 1961 3736 2025 erunt,

452 2049 639 2113 erunt,
673 2048 730 2100 et
754 2044 959 2116 captivi
994 2044 1274 2098 ducentur
1304 2059 1338 2096 a
1360 2042 1642 2112 vulpibus,
1667 2041 2063 2113 aprincipibus
2166 2046 2381 2101 timebo
2396 2062 2707 2117 eos,neque
2727 2062 2858 2100 cum
2871 2045 3428 2118 eruntiniquitatem
3454 2049 3734 2119 operanles.

451 2136 685 2202 scilicet,
705 2134 802 2206 qui
819 2135 1016 2203 vulpes
1039 2132 1325 2198 dicuntur,
1352 2147 1418 2185 eo
1442 2131 1598 2202 quod
1619 2130 1804 2185 callidi
1830 2131 2065 2185 fuerunt
2165 2136 2243 2190 Nc
2270 2152 2404 2190 vero
2439 2138 2779 2189 excusentur
2800 2134 2872 2189 ab
2896 2133 3219 2206 iniquitatis
3259 2136 3609 2206 operatione,
3633 2151 3736 2190 cum

452 2224 525 2279 ad
565 2222 1014 2296 expugnandum
1049 2238 1167 2287 eos,
1212 2219 1356 2274 sicut
1391 2219 1585 2289 vulpes
1631 2218 2063 2274 callidissimum
2165 2240 2296 2278 eum
2322 2239 2505 2295 neque
2527 2222 2793 2277 manibus
2812 2238 2998 2294 neque
3016 2221 3191 2276 armis
3210 2222 3545 2290 occiderint,
3568 2224 3741 2294 adjun-

458 2313 674 2369 animal
705 2316 807 2366 est.
827 2312 889 2365 In
912 2312 1020 2365 hoc
1039 2313 1235 2364 autem
1255 2309 1503 2363 multum
1527 2311 1839 2379 exaggerat
1859 2324 2063 2364 eorum
2166 2312 2283 2385 git:
2309 2313 2450 2365 Vere
2492 2312 2889 2383 operabuntur
2919 2314 3170 2365 mortem
3212 2327 3431 2378 meam,
3475 2316 3529 2366 et
3564 2312 3604 2366 si
3643 2328 3738 2366 non

453 2401 795 2474 nequitiam,
829 2417 960 2454 cum
993 2399 1116 2453 illos
1147 2397 1397 2453 ostendit
1426 2397 1497 2451 ab
1529 2396 1814 2451 extraneis
1847 2397 2064 2467 disper-
2166 2400 2343 2456 armis
2374 2403 2432 2454 et
2463 2399 2751 2465 manibus,
2775 2398 2911 2470 quia
2926 2406 3267 2467 exacuerunt,
3290 2400 3351 2454 id
3374 2404 3460 2455 est
3482 2402 3736 2467 exacuent,

454 2491 696 2560 gendos.
731 2490 867 2544 Dico
899 2487 1053 2559 quod
1076 2487 1178 2558 ipsi
1197 2486 1487 2539 introibant
1514 2487 1569 2538 in
1596 2486 1855 2555 inferiora
1886 2492 2060 2553 terra’,
2166 2489 2382 2558 linguas
2408 2506 2531 2541 suas
2560 2495 2609 2543 et
2638 2488 2900 2557 gladium.
2942 2487 3107 2552 Quod
3139 2491 3225 2542 est
3254 2488 3451 2544 dicere
3485 2506 3497 2543 :
3524 2489 3739 2561 Adapta-

453 2582 513 2633 et
565 2578 841 2632 tradentur
890 2578 945 2630 in
997 2592 1186 2629 manus
1214 2574 1403 2645 gladii,
1437 2576 1494 2627 et
1522 2579 1674 2627 erunt
1719 2579 1901 2644 partes
1946 2574 2061 2627 vul-
2165 2576 2311 2631 bunt
2338 2577 2513 2631 verba
2543 2576 2875 2647 linguarum
2907 2592 3164 2644 suarum,
3195 2578 3260 2632 ut
3287 2576 3541 2632 efﬁcacia
3566 2577 3665 2631 sint
3683 2574 3739 2631 ad

442 2670 621 2740 pium.
642 2666 759 2720 Rex
784 2683 900 2719 vero
924 2665 1193 2719 laetabitur
1227 2664 1288 2718 in
1325 2663 1460 2731 Deo,
1488 2662 1545 2717 id
1567 2664 1673 2729 est,
1695 2678 1802 2733 ego
1824 2665 2067 2716 antono-
2167 2682 2260 2720 me
2275 2665 2331 2719 in
2347 2669 2597 2720 mortem
2612 2664 2986 2732 trahendum,
3007 2664 3250 2720 dicendo
3276 2682 3329 2720 :u
3351 2664 3567 2721 Sihunc
3580 2665 3737 2720 dimit-

457 2755 695 2811 mastice
722 2771 842 2821 rex,
872 2753 1112 2808 laetabor
1143 2752 1200 2807 in
1232 2750 1625 2805 misericordia
1655 2750 1778 2817 Dei,
1802 2750 1940 2805 dum
1970 2768 2063 2805 me
2165 2754 2256 2819 tis,
2290 2771 2410 2808 non
2467 2770 2527 2807 es
2570 2752 2790 2807 amicus
2844 2752 3083 2808 Caesaris
3132 2753 3318 2824 (Joan.
3367 2772 3478 2822 xxx,
3531 2755 3671 2823 12),»
3696 2756 3739 2809 et

452 2842 812 2901 resuscitabit
838 2845 893 2897 et
921 2840 1267 2914 glorificabit
1290 2858 1303 2894 :
1337 2843 1395 2894 et
1425 2856 1542 2894 non
1578 2840 1765 2894 solum
1793 2856 1884 2893 rex
1914 2839 2065 2893 laeta-
2167 2846 2375 2897 cmtera
2390 2842 2543 2908 talia,
2569 2858 2673 2913 per
2692 2858 2819 2913 qum
2840 2844 3054 2913 cogent
3082 2842 3330 2897 Pilatum
3345 2843 3443 2916 qui
3457 2860 3546 2899 me
3560 2844 3738 2915 quaeret

456 2936 615 3000 bitur,
649 2932 749 2987 sed
796 2938 844 2985 et
891 2947 1066 2983 omnes
1096 2931 1195 3001 qui
1233 2929 1421 2998 iurant
1460 2929 1522 2982 in
1564 2945 1642 2995 eo,
1675 2927 1733 2982 id
1761 2930 1844 2981 est
1875 2926 1973 2998 qui
2005 2927 2063 2981 in
2168 2930 2478 2998 dimittere,
2512 2934 2575 2985 ut
2608 2930 2926 3001 cruciﬁgat,
2961 2947 2994 2984 a
3024 2930 3403 2986 similitudine
3454 2931 3636 3003 gladii,
3662 2928 3737 3003 qui

451 3022 799 3095 baptismate
830 3018 1079 3073 firmiter
1119 3017 1469 3088 promittunt
1503 3033 1561 3071 se
1601 3032 1971 3088 perseverare
2005 3015 2060 3071 in
2084 3041 2132 3102 ρ
2168 3020 2460 3074 exacuitur
2490 3021 2553 3072 ut
2584 3018 2873 3072 efficacior
2924 3018 2996 3072 sit
3048 3018 3122 3073 ad
3162 3018 3635 3074 interficiendum.
3685 3018 3734 3072 Et

454 3129 544 3179 eo,
574 3111 631 3164 id
652 3114 756 3175 est,
789 3108 847 3162 in
874 3109 1168 3162 voluntate
1190 3106 1312 3177 ejus
1342 3106 1750 3173 laudabuntur,
1786 3106 1842 3161 id
1874 3109 1980 3174 est,
2006 3105 2065 3161 in
2166 3109 2502 3181 priusquam
2526 3110 2806 3162 exacuant
2828 3106 3111 3179 linguam,
3135 3105 3473 3163 intenderunt
3503 3106 3737 3171 arcum,id

452 3200 644 3253 futuro
677 3196 989 3251 laudabiles
1020 3194 1195 3248 etiam
1240 3194 1489 3248 inimicis
1517 3196 1901 3265 apparebunt,
1931 3212 2065 3249 cum
2166 3201 2252 3251 est
2282 3196 2571 3251 intantam
2603 3195 2820 3251 faciant
2851 3196 3255 3267 deceptionem
3286 3194 3734 3265 suam,utblande

456 3290 677 3341 aeterna
734 3284 918 3356 gloria
969 3282 1328 3347 ditabuntur,
1370 3281 1467 3352 qui
1505 3282 1598 3335 hic
1646 3281 2066 3337 abominabiles
2166 3285 2455 3357 loquendo
2502 3284 2734 3356 capiant
2766 3301 2861 3339 me
2892 3284 2951 3338 in
2983 3300 3271 3353 sermone,
3306 3284 3672 3358 improvidum
3694 3285 3738 3336 et

454 3372 893 3438 videntur,dum
915 3370 1139 3424 assidua
1159 3368 1543 3443 tribulatione,
1562 3374 1951 3439 macerantur,
1968 3371 2065 3443 qui
2167 3372 2483 3440 incautum,
2510 3376 2567 3427 et
2593 3372 2671 3426 sic
2696 3372 2931 3427 tradant
2954 3372 3233 3427 ministris
3249 3373 3488 3428 Caesaris
3516 3373 3584 3428 ad
3611 3372 3738 3427 dam-

456 3462 630 3517 etiam
663 3458 868 3514 dicturi
891 3475 1012 3511 esse
1032 3458 1337 3529 leguntur:
1602 3478 1633 3510 ‹‹
1665 3459 1775 3513 Nos
1793 3460 2066 3515 insensati
2167 3463 2550 3530 nandum,vel
2569 3464 2836 3516 accusent
2850 3461 2919 3516 de
2942 3461 3086 3534 legis
3106 3462 3739 3534 prmvericationednter—

453 3550 629 3604 vitam
661 3548 891 3601 illorum
922 3545 1347 3599 mstimabamus
1382 3545 1670 3600 insaniam
1701 3563 1713 3600 :
1749 3564 1878 3602 ecce
1919 3565 2063 3621 quo-
2165 3552 2454 3623 rogabunt
2495 3551 2653 3606 enim
2684 3567 2778 3606 me
2810 3551 2972 3623 quasi
3000 3552 3340 3623 magistrum
3369 3569 3382 3606 :
3413 3571 3445 3603 ς
3472 3552 3614 3606 Licet
3634 3566 3737 3604 cen-

386 3626 401 3641 λ
454 3639 629 3693 modo
660 3633 975 3709 computati
994 3636 1127 3687 sunt
1151 3633 1303 3688 inter
1324 3634 1467 3688 filios
1493 3634 1591 3689 Dei
1620 3635 1767 3706 (Sap.
1788 3638 1998 3705 v,<i-,5).
2031 3655 2064 3689 »
2166 3656 2293 3694 sum
2329 3641 2467 3695 dare
2503 3639 2729 3707 Cmsari,
2759 3656 2831 3693 an
2863 3640 3021 3695 non?
3055 3662 3083 3689 »
3109 3639 3333 3711 (Matth.
3365 3658 3494 3707 χχιι,
3529 3642 3605 3706 l7)
3630 3642 3681 3692 ut
3702 3636 3737 3690 si

453 3726 587 3782 Dico
618 3725 773 3797 quod
804 3723 1070 3777 lietabitur
1099 3740 1208 3788 rex,
1236 3726 1293 3776 ct
1325 3723 1555 3789 merito,
1582 3726 1710 3795 quia
1739 3724 2063 3779 obstructum
2166 3729 2362 3783 dixero
2384 3746 2501 3784 non
2524 3745 2645 3783 esse
2669 3727 3233 3794 dandum,ministris
3251 3729 3529 3785 Romanis
3548 3726 3739 3783 tradant

451 3824 544 3883 est,
577 3815 634 3869 id
663 3818 749 3868 est
778 3813 1126 3877 obstruetur,
1157 3828 1211 3863 os
1234 3811 1555 3883 loquentium
1588 3815 1793 3885 iniqua,
1834 3814 2060 3868 Judmo-
2164 3834 2280 3879 me,
2314 3820 2512 3887 utpote
2544 3816 2744 3870 tributi
2777 3816 3019 3870 Caesarei
3067 3816 3525 3889 prohibitorem;
3563 3816 3603 3870 si
3630 3828 3735 3868 vero

450 3924 581 3962 rum
608 3904 837 3969 scilicet,
867 3901 963 3973 qui
992 3918 1085 3955 me
1110 3904 1325 3971 negant
1352 3918 1471 3956 esse
1513 3903 1716 3967 Deum,
1752 3902 1868 3956 imo
1900 3903 2063 3958 sedu-
2162 3924 2281 3961 esse
2308 3905 2563 3960 dandum
2582 3922 2898 3972 asseruero,
2918 3905 3064 3977 legis
3086 3904 3735 3979 mihipraavaricationem

451 3999 672 4051 ctorem
699 3996 757 4046 et
782 3991 1185 4062 blasphemum
1212 3993 1490 4043 asserunt.
1517 3991 1684 4053 Quod
1716 3995 1799 4045 est
1830 3991 2018 4047 dicere
2044 4009 2056 4046 :
2162 3995 2486 4067 imponant,
2518 3994 2797 4065 injustum
2819 3994 2953 4064 judi
2972 4010 3097 4048 cem
3126 4010 3221 4048 me
3244 3995 3522 4060 vocando,
3552 3992 3636 4065 qui
3660 4005 3734 4046 eos

451 4084 536 4137 Ita
565 4078 894 4136 testimonio
935 4078 1368 4132 resurrectionis
1407 4081 1463 4131 et
1507 4079 1867 4133 exaltalionis
1914 4097 2060 4135 mea:
2162 4068 2457 4138 Dei'cultui
2474 4083 2753 4149 subditos,
2786 4082 2912 4154 regi
2961 4082 3221 4137 Romano
3246 4082 3528 4138 deservire
3547 4079 3732 4152 judica-

452 4170 879 4233 convertentur,
895 4166 1050 4238 quod
1069 4165 1206 4219 nihil
1232 4166 1387 4237 quod
1408 4166 1477 4220 de
1498 4183 1591 4221 me
1619 4167 1830 4235 dicant,
1848 4168 2062 4223 habcn-
2159 4188 2313 4227 vero.
2349 4172 2416 4225 Et
2442 4172 2549 4225 hoc
2576 4174 2660 4226 est
2683 4170 2836 4243 quod
2859 4170 3097 4225 obscure
3112 4170 3278 4242 ponit
3297 4164 3729 4243 asquipollentur}:

452 4263 559 4325 tes,
591 4256 787 4322 velint,
808 4254 1018 4319 nolint,
1051 4254 1451 4325 tacebunt,qui
1485 4254 1627 4309 mihi
1655 4256 1832 4311 modo
1866 4256 2059 4311 multis
2080 4321 2120 4327 _
2160 4259 2466 4314 intendent
2491 4277 2694 4325 arcum,
2732 4276 2975 4312 amaram
3020 4276 3131 4313 rem
3173 4259 3411 4327 scilicet,
3439 4262 3497 4314 et
3524 4259 3566 4313 si
3591 4252 3732 4311 dulcis

452 4321 638 4401 verbis
666 4321 963 4398 mulediois
988 4340 1313 4411 insurgunt-
1371 4321 1392 4325 _
2079 4321 2133 4381 D
2164 4348 2439 4414 videatur,
2467 4348 2526 4402 id
2552 4350 2637 4401 est
2658 4321 2993 4418 deceptoria
3024 4348 3198 4402 verba
3223 4321 3527 4420 parabunt,
3554 4359 3665 4418 quae
3688 4341 3732 4393 et

949 4431 1015 4483 IN
1036 4430 1358 4484 PSALMUM
1387 4429 1560 4482 LXI”.
2160 4438 2202 4492 si
2237 4437 2538 4491 videantur
2592 4436 2798 4501 dulcia,
2856 4439 3026 4490 erunt
3072 4439 3270 4490 tamen
3303 4435 3662 4492 amarissima,
3686 4434 3732 4482 ut

518 4520 734 4575 Titulus
755 4517 1093 4589 sexagesimi
1116 4517 1268 4571 tertii
1292 4534 1303 4571 :
1328 4516 1393 4569 In
1415 4517 1575 4586 ﬁnem
1597 4517 2053 4576 PsalmusDavzd.
2157 4528 2407 4596 sagittent
2436 4524 2860 4591 immaculatum,
2886 4524 2942 4578 id
2973 4527 3078 4592 est,
3099 4524 3314 4579 laedant
3339 4542 3432 4579 me
3460 4525 3729 4583 insontem,

452 4609 615 4674 Quod
645 4608 723 4663 sic
752 4607 1057 4679 exponitur
1090 4624 1102 4660 :
1133 4608 1391 4661 Psalmus
1422 4606 1618 4673 David,
1642 4607 1699 4661 id
1731 4611 1816 4662 est
1854 4607 2057 4664 Christi
2159 4613 2302 4666 sicut
2326 4612 2419 4667 ille
2448 4612 2810 4684 losditur,qui
2845 4612 3168 4684 sagittatur.
3214 4613 3282 4666 Et
3319 4614 3427 4668 hoc
3472 4614 3524 4666 in
3555 4606 3731 4664 occulti:

450 4698 805 4770 respicientis
833 4696 890 4749 in
918 4696 1116 4762 finem,
1148 4695 1207 4749 id
1237 4699 1322 4750 cst
1355 4695 1412 4749 in
1454 4696 1772 4767 perfectam
1796 4697 1881 4752 sui
1921 4715 2057 4753 con-
2158 4701 2391 4768 faciant,
2425 4701 2484 4755 id
2510 4704 2615 4769 est,
2649 4700 2728 4755 sic
2758 4700 3055 4772 sagittent,
3090 4704 3153 4755 ut
3182 4703 3469 4757 occultum
3507 4698 3634 4755 mihi
3656 4694 3727 4757 sit,

448 4786 924 4849 summationem,
949 4786 1076 4854 post
1093 4786 1342 4838 mortem
1362 4784 1639 4852 futuram;
1666 4786 1750 4839 vel
1775 4786 1832 4840 in
1855 4786 2054 4855 finem,
2161 4807 2232 4845 ne
2264 4807 2462 4845 cavere
2495 4791 2733 4844 valeam.
2770 4789 3099 4844 Notandum
3132 4790 3288 4861 quod
3313 4790 3569 4860 gladium,
3590 4786 3640 4839 id
3664 4784 3731 4836 est

443 4877 502 4932 id
532 4880 617 4931 est
635 4876 693 4929 in
712 4873 1027 4944 perfectam
1045 4888 1281 4926 suorum
1304 4874 1867 4929 consummationem
1891 4876 1949 4930 in
1968 4877 2059 4931 die
2161 4882 2422 4950 apertam
2456 4894 2659 4934 eorum
2686 4878 3167 4949 persecutionem,
3194 4895 3313 4932 non
3354 4878 3489 4933 dicit
3516 4891 3623 4950 esse
3636 4885 3728 4950 [ειζι

438 4966 643 5039 judicii
665 4965 942 5029 futuram,
965 4983 991 5010 ‹‹
1027 4960 1258 5033 quando
1283 4961 1394 5015 erit
1412 4963 1557 5015 Deus
1577 4963 1847 5017 omniain
1874 4966 2062 5019 omni-
2161 4985 2424 5033 amaram,
2458 4966 2593 5039 quia
2622 4968 2875 5033 constat;
2913 4982 3099 5020 arcum
3139 4982 3272 5020 vero
3313 4967 3409 5038 qui
3441 4981 3528 5021 res

444 5058 552 5112 bus
584 5053 635 5125 (Ι
652 5050 779 5107 Cor.
811 5067 898 5116 xv,
932 5051 1048 5115 28).
1082 5070 1108 5096 »
1140 5048 1277 5103 Orat
1307 5048 1365 5102 in
1396 5048 1504 5102 hoc
1536 5050 1757 5119 psalmo
1802 5051 2057 5106 Domini-
2161 5055 2337 5111 dulcis
2358 5054 2602 5117 videtur,
2624 5072 2732 5107 rem
2760 5071 3009 5108 amaram
3031 5057 3194 5109 vocat
3216 5056 3544 5126 :postquam
3567 5051 3727 5103 autem

446 5162 544 5200 cus
578 5143 754 5197 homo
787 5140 857 5194 de
891 5136 1329 5202 resurrectione,
1364 5139 1421 5190 et
1452 5136 1794 5208 deprecatur
1823 5144 1883 5193 ut
1912 5143 2059 5195 Deus
2159 5142 2517 5197 intenderint
2549 5160 2757 5204 arcum,
2790 5143 2960 5196 subito
2990 5142 3322 5212 sagittabunt
3346 5159 3465 5196 eum
3490 5140 3727 5194 immacu-

444 5231 649 5305 eripiat
672 5246 732 5283 se
756 5245 791 5283 a
820 5228 1029 5281 timore
1052 5225 1291 5279 inimici.
1318 5224 1451 5296 Agit
1469 5242 1699 5297 quoque
1727 5226 1799 5280 de
1831 5231 2059 5284 occulta
2158 5234 2364 5297 latum,
2392 5234 2673 5303 quantum
2706 5231 2781 5285 ad
2810 5231 3149 5302 opinionem
3177 5229 3474 5296 eorum,id
3499 5229 3595 5291 est,
3616 5218 3728 5276 certi

442 5322 584 5378 etde
599 5317 905 5373 manifcs‘a
932 5314 1300 5369 inimicorum
1323 5315 1757 5385 persecutione;
1785 5316 1855 5371 de
1879 5335 2061 5373 resur-
2162 5338 2281 5376 esse
2314 5320 2602 5391 putabunt
2633 5320 2789 5391 quod
2829 5336 3032 5375 revera
3070 5337 3165 5375 me
3200 5317 3542 5389 sagittabunt,
3567 5314 3618 5367 et
3641 5310 3725 5364 hoc

439 5403 1097 5467 rectionisexaltatione,
1117 5402 2058 5474 etinimicoruminefﬁcacitate,et
2157 5409 2344 5475 subito,
2371 5407 2429 5461 id
2467 5410 2553 5461 est
2583 5424 2647 5461 ex
2682 5407 3017 5478 improviso,
3046 5408 3199 5479 quod
3230 5407 3479 5462 nesciam
3510 5413 3683 5457 cavere
3711 5410 3722 5446 :

441 5501 643 5571 postea
692 5493 762 5547 de
810 5508 1052 5561 operum
1092 5491 1190 5545 Dei
1229 5509 1357 5563 quae
1386 5508 1490 5561 per
1520 5492 1931 5563 praedicatores
1959 5496 2055 5551 lict
2156 5502 2203 5551 et
2230 5515 2338 5549 non
2369 5496 2627 5550 timebunt
2659 5512 2751 5550 me
2778 5495 3219 5567 sagittare,cum
3248 5496 3353 5550 hoc
3379 5489 3721 5549 valdetimere

441 5579 1345 5651 annuntiatione,etdejustorum
1368 5581 1423 5636 in
1439 5581 1629 5637 futuro
1643 5582 1842 5638 laetitia
1853 5586 2047 5642 aclau~
2160 5587 2436 5642 deberent
2456 5601 2560 5658 pro
2583 5583 2846 5642 doctrina
2867 5586 3227 5652 sanctamea,
3243 5600 3413 5657 quam
3426 5574 3717 5638 audient,et
