3970 6040
180 226 290 298 933

1173 239 1533 306 EXPOSlTlO
1566 242 1640 305 IN
1680 242 2014 309 PSALMOS.
2042 282 2112 296 —
2140 249 2337 316 PSAL.
2379 256 2535 318 LXIII

3401 268 3506 339 O34

183 391 290 453 pro
319 376 614 438 miraculis
634 381 693 439 et
708 380 984 457 operibus
1003 380 1147 441 meis
1167 384 1355 453 bonis,
1380 403 1508 460 quas
1530 385 1785 460 frequen-

1906 372 1961 443 gi
1972 372 2009 430 li
2034 376 2278 435 materia
2306 378 2703 455 factae,parum
2720 383 2959 458 laedunt,
2995 388 3053 446 et
3074 392 3440 454 earumlazsio
3457 394 3504 457 si

183 471 274 523 ter
301 468 597 541 aspicient.
634 472 701 526 Et
726 489 857 528 cum
885 491 979 528 me
1003 474 1277 546 sagittare
1293 476 1676 547 nequiverint,
1701 478 1796 545 ﬁr-

181 565 484 625 maverunt,
504 559 562 613 id
594 564 677 615 est
708 561 876 617 ﬁrme
898 566 956 617 et
985 566 1319 617 constanter
1341 564 1659 635 proferent,
1689 582 1796 617 ser-

181 661 389 698 monem
405 664 655 717 nequam,
672 648 940 704 dicendo:
971 650 1287 722 «Cruciﬂge
1312 652 1624 723 (Luc.xxm,
1645 652 1795 724 21),»

182 736 241 789 et
264 734 370 788 hoc
390 735 508 802 sibi,
541 735 599 789 id
624 740 708 790 est
727 737 799 791 ad
822 737 1258 793 incommodum
1274 743 1330 793 et
1345 741 1795 796 destructionem

182 822 291 890 sui,
344 824 478 896 quia
527 824 764 895 hujusce
794 828 879 881 rei
907 828 1096 897 gratia
1129 828 1517 884 destruentur.
1551 830 1648 884 Vel
1677 831 1791 886 sic:

181 912 495 983 Postquam
541 914 870 969 exacuerint
921 916 1151 985 linguas,
1182 917 1349 972 ﬁrme
1381 921 1439 971 et
1463 921 1797 973 constanter

181 1000 486 1072 proferent
510 1001 584 1056 ad
612 1001 1054 1059 incommodum
1069 1022 1235 1059 suum
1260 1023 1550 1059 sermonem
1568 1025 1795 1079 nequam

181 1086 429 1144 dicendo
456 1106 468 1144 :
518 1108 550 1142 α
599 1090 847 1164 Sanguis
878 1093 1001 1164 ejus
1026 1110 1199 1166 super
1224 1110 1330 1148 nos
1361 1098 1419 1148 et
1446 1111 1617 1166 super
1647 1096 1793 1151 ﬁlios

178 1180 412 1232 nostros
438 1177 657 1249 (Matth.
687 1197 857 1248 xxvii,
892 1186 1001 1247 '25).
1064 1204 1092 1230 »
1124 1182 1261 1237 Dico
1297 1184 1454 1255 quod
1488 1183 1794 1239 intendent

178 1282 368 1319 arcum
419 1274 477 1320 ut
522 1271 793 1339 sagittent,
824 1273 882 1324 et
931 1286 1026 1324 me
1055 1271 1329 1343 sagittare
1384 1274 1689 1344 putabunt,
1735 1277 1794 1328 et

176 1357 490 1426 postquam
521 1357 812 1428 sagittatio
840 1375 1041 1414 eorum
1080 1359 1345 1415 inefficax
1374 1362 1502 1428 erit,
1537 1379 1790 1416 narrave-

175 1450 331 1511 runt,
355 1446 464 1499 etc.
486 1445 583 1500 Vel
613 1446 690 1500 sic
709 1447 1097 1516 continuatur,
1130 1452 1194 1503 ut
1223 1450 1499 1521 expositio
1520 1467 1636 1506 non
1670 1469 1792 1506 mu-

175 1535 366 1587 tetur:
398 1533 535 1588 Dico
569 1534 724 1606 quod
753 1535 1069 1591 firmabunt
1085 1538 1194 1593 sibi
1216 1556 1505 1593 sermonem
1542 1557 1789 1611 nequam,

174 1620 414 1677 scilicet.
448 1642 480 1675 ι
508 1622 751 1695 Sanguis
782 1626 923 1696 ejus,
952 1645 981 1678 ιι
1001 1631 1108 1682 etc.
1132 1628 1319 1700 ;prius
1346 1646 1477 1684 vero
1498 1646 1671 1701 quam
1694 1630 1791 1685 lir-

1902 462 2100 535 aliqua
2127 470 2231 535 est,
2265 469 2535 527 citissime
2568 478 2841 545 sanatur;
2894 479 2972 534 ita
3001 484 3057 535 et
3084 499 3282 539 eorum
3315 487 3501 558 plagas

1896 566 2073 621 parvo
2094 558 2351 626 tempore
2370 561 2826 629 lmdentes,brevi
2842 568 3101 640 tempore
3123 575 3498 644 sanabuntur;

1898 642 2172 737 quoniam
2196 649 2323 716 post
2372 652 2487 703 tres
2511 650 2631 705 dies
2651 669 2949 725 resurgam
2988 642 3500 737 (Maltinxxvnﬁil),

1898 730 1954 780 et
1980 735 2287 821 postquam
2307 738 2619 806 exaltabor,
2640 741 2834 811 linguae
2852 761 3032 798 earum
3056 749 3341 817 inﬁrmata
3356 730 3498 821 sunt,

1899 819 1955 870 et
1986 818 2093 872 hoc
2126 829 2309 875 contra
2335 842 2436 891 eos,
2468 829 2621 898 quod
2652 831 2965 887 estdicere:
3000 835 3127 889 Haec
3158 839 3328 893 verba
3372 818 3501 914 quas

1896 903 1966 959 de
2000 923 2092 960 me
2123 911 2502 981 mentiantur,
2534 917 2808 989 tingendo
2832 938 2945 976 non
2978 903 3503 995 resurrexisse,.sed

1894 1009 2099 1064 corpus
2125 1014 2322 1054 meum
2352 1018 2385 1055 a
2417 1002 2705 1076 discipulis
2754 1008 3005 1064 furatum
3037 1011 3227 1081 fuisse,
3268 1015 3503 1075 inﬁrma

1893 1086 2255 1177 apparebunt
2285 1093 2341 1143 et
2365 1090 2540 1147 falsa:
2564 1097 2783 1177 9}.qu
2807 1097 2981 1152 etiam
3000 1107 3183 1155 contra
3210 1120 3291 1158 eos
3306 1110 3498 1177 erunt,

1893 1170 1949 1224 id
1976 1176 2061 1227 est
2090 1174 2299 1231 idonea
2326 1178 2397 1232 ad
2427 1197 2524 1235 eos
2769 1186 3073 1243 mendaces
3095 1206 3214 1245 esse
3232 1166 3501 1266 compro;

1890 1260 2169 1317 bandum.
2205 1264 2263 1320 Si
2290 1265 2469 1335 enim,
2503 1273 2565 1325 ut
2596 1276 2874 1340 asserunt,
2901 1277 3183 1345 custodes,
3207 1260 3501 1339 cumfura—

1892 1352 2017 1403 tum
2048 1367 2252 1423 corpus
2282 1355 2473 1424 fuerit,
2505 1359 2887 1425 dormierunt,
2916 1364 3066 1419 unde
3096 1366 3351 1424 furatum
3379 1388 3499 1427 esse

1892 1444 2332 1509 cognoverunt?
2360 1445 2491 1500 Dico
2520 1448 2674 1518 quod
2695 1448 3146 1509 infirmabuntur
3176 1457 3385 1530 linguae
3400 1477 3498 1516 eo-

1893 1543 2043 1594 rum,
2070 1536 2119 1582 et
2139 1547 2317 1585 omnes
2343 1536 2437 1604 qui
2480 1536 2749 1599 ridebant,
2782 1538 2839 1593 id
2870 1544 2954 1595 est
2979 1543 3076 1614 qui
3107 1544 3380 1602 videbunt
3400 1566 3498 1605 eos

1891 1613 2236 1685 inﬁrmatos,
2266 1636 2381 1674 non
2415 1623 2602 1678 solum
2642 1627 2908 1682 exteriori
2927 1613 3026 1684 sed
3047 1636 3103 1686 et
3126 1633 3385 1691 interiori
3415 1638 3496 1692 vi-

178 1714 351 1765 ment
382 1720 761 1778 πανναυρηιπτ,
873 1717 958 1769 ρει
974 1718 1300 1772 narrabunt
1338 1716 1395 1771 in
1420 1718 1791 1790 dispasitione
1816 1701 1866 1760 B
1888 1703 2069 1771 sione,
2104 1723 2205 1761 sua
2229 1708 2451 1765 ratione
2473 1715 2777 1768 conturbati
2800 1724 2943 1785 sunt,
3077 1726 3162 1777 est
3188 1728 3495 1783 conturba-

179 1817 308 1868 sua,
342 1808 402 1855 ut
419 1801 794 1858 absconderent
826 1804 1053 1876 laqueos,
1085 1805 1142 1860 id
1168 1810 1272 1873 est,
1310 1809 1371 1861 ut
1395 1808 1789 1862 absconditam

171 1893 432 1945 mortem
455 1890 596 1945 mihi
616 1895 840 1962 parent,
860 1911 972 1964 qua
991 1910 1082 1947 me
1115 1894 1435 1962 detineant,
1457 1913 1529 1951 ne
1542 1897 1790 1951 mundus

177 1979 329 2034 mihi
350 1980 704 2051 subjiciatur,
725 1984 866 2035 etne
880 1982 1163 2053 refugium
1186 2000 1220 2037 a
1242 1984 1617 2039 similitudine
1638 1987 1791 2040 volu-

177 2068 317 2137 cris,
344 2085 471 2141 quas
502 2070 722 2142 laqueis
763 2070 1053 2126 detinetur
1083 2089 1156 2127 ne
1187 2073 1413 2141 evadat,
1445 2074 1785 2141 etatis-erunt,

170 2156 237 2212 id
261 2161 346 2214 est
362 2158 574 2225 dicent,
595 2175 788 2214 secum
811 2160 1140 2231 cogitando:
1164 2160 1295 2227 Quis
1308 2162 1500 2217 videbit
1519 2162 1686 2229 eos,id
1705 2166 1789 2218 est

164 2247 431 2319 laqueos,
466 2247 523 2302 id
552 2250 657 2315 est,
690 2247 816 2320 quis
861 2255 1169 2320 cognoscet
1222 2266 1347 2313 nos,
1374 2254 1641 2321 operatos
1668 2268 1788 2305 esse

169 2338 427 2390 mortem
449 2336 496 2407 ej
508 2336 883 2405 us?nullus;ac
906 2337 950 2390 si
970 2337 1214 2393 diceret:
1235 2338 1623 2410 Disponentin
1640 2339 1792 2410 cogi-

169 2423 490 2479 tationibus
514 2424 628 2479 suis
658 2428 720 2479 ut
733 2427 980 2480 latenter
998 2431 1207 2496 parent
1227 2427 1368 2481 mihi
1388 2431 1787 2494 mortem,tra-

169 2512 367 2567 dendo
384 2530 478 2567 me
494 2530 597 2584 per
608 2513 1036 2586 discipulum,et
1052 2516 1451 2571 interficiendo
1467 2533 1560 2571 me
1578 2516 1790 2587 perRo-

167 2617 381 2656 manes
400 2601 693 2667 milites,et
710 2603 994 2673 putabunt
1012 2604 1165 2675 quod
1187 2605 1376 2659 nullus
1391 2604 1678 2659 existimet
1691 2621 1787 2660 eos

163 2690 407 2762 hujusce
428 2690 512 2745 rei
524 2691 751 2763 culpam
764 2692 1137 2759 habere,cum
1154 2693 1293 2747 nihil
1310 2693 1575 2748 manibus
1588 2696 1784 2765 agent.

168 2780 339 2835 Unde
362 2797 459 2834 eos
480 2779 682 2834 dixisse
703 2780 914 2851 legitur
935 2781 1161 2853 (Ane.in
1182 2782 1324 2835 hunc
1354 2782 1525 2852 Psal.)
1554 2799 1566 2836 :
1599 2801 1632 2835 ι
1649 2783 1786 2837 0m-

165 2867 274 2924 nia
296 2868 578 2923 faciamus
608 2868 707 2935 sic,
743 2872 805 2922 ut
826 2869 967 2923 nihil
997 2869 1196 2925 fecisse
1228 2870 1546 2938 videamur,
1577 2874 1668 2925 net
1685 2872 1786 2927 has

1890 1792 2104 1848 buntur
2135 1796 2290 1851 bona
2319 1802 2779 1871 conturbatione,
2812 1805 3072 1863 timendo
3086 1825 3337 1879 poenam,
3363 1815 3498 1886 quia

1890 1880 1947 1935 in
1983 1887 2169 1939 morte
2203 1886 2324 1958 ejus
2353 1897 2769 1948 consenserunt
2801 1911 2812 1948 :
2865 1902 2914 1949 et
2943 1904 3073 1968 post
3110 1880 3498 1959 conturbatio-

1889 1988 2045 2038 nem,
2081 1972 2138 2027 id
2168 1977 2254 2029 est
2307 1981 2436 2048 post
2482 1979 2755 2037 timorem
2803 1985 3087 2055 servilem,
3121 1992 3297 2044 timuit
3325 1996 3496 2048 omnis

1888 2061 2127 2128 homo,id
2157 2068 2242 2118 est
2272 2065 2562 2123 timebunt
2591 2088 2726 2125 eum
2756 2073 2964 2128 timore
2996 2079 3150 2131 casto
3183 2095 3387 2135 omnes
3411 2081 3505 2138 illi:

1890 2151 2236 2218 conturbati,
2271 2154 2371 2225 qui
2402 2161 2575 2211 erunt
2603 2160 2890 2228 homines,
2919 2162 2977 2217 id
3007 2166 3091 2217 est
3120 2165 3344 2222 ratione
3371 2185 3490 2225 non

1889 2241 2171 2308 carentes,
2201 2240 2345 2296 sicut
2383 2247 2547 2300 multi
2576 2248 2671 2318 qui
2702 2249 3125 2306 irrationabiles
3162 2255 3487 2326 existentes,

1889 2344 2075 2399 neque
2090 2332 2588 2389 conturbabuntur
2607 2354 2791 2409 neque
2811 2339 3097 2395 timebunt
3120 2358 3132 2395 :
3151 2349 3201 2396 et
3220 2343 3492 2401 timentes

1888 2414 2045 2485 facti,
2096 2422 2555 2477 annuntiaverunt
2586 2442 2741 2496 opera
2770 2427 2891 2493 Dei,
2916 2435 2965 2481 et
2982 2430 3131 2498 facta
3151 2432 3264 2501 ejus
3293 2435 3492 2489 intelle-

1885 2512 2096 2573 xerunt;
2127 2507 2235 2561 hoc
2257 2508 2333 2562 sic
2355 2517 2764 2584 prirposterate
2786 2516 3023 2587 legitur:
3072 2520 3384 2592 Postquam
3416 2523 3487 2577 ti-

1888 2599 2112 2650 mentes
2143 2599 2394 2665 erunt,id
2409 2604 2494 2655 est
2510 2602 2833 2674 diligentes,
2853 2604 3177 2677 intelligent
3195 2609 3345 2665 facta
3362 2612 3486 2680 Dei,

1888 2680 1947 2736 id
1976 2686 2080 2749 est,
2136 2685 2463 2759 intelligent
2492 2694 2764 2758 mortem,
2799 2695 2856 2746 et
2893 2696 3396 2766 resurrectionem,
3430 2703 3488 2755 et

1889 2772 2309 2838 ascensionem,
2361 2781 2420 2831 et
2468 2783 2676 2833 cmtera
2709 2797 2885 2852 opera
2915 2799 3046 2838 mea
3075 2800 3196 2839 esse
3226 2786 3378 2840 facta
3407 2787 3488 2842 di-

1886 2860 2200 2931 spositione
2231 2863 2460 2936 pietatis
2489 2867 2611 2935 Dei,
2647 2884 2763 2922 non
2790 2885 2957 2937 casu;
2993 2874 3050 2924 et
3084 2872 3481 2947 intelligendo,

184 2956 543 3029 iniquitates,
575 2956 634 3011 id
664 2959 749 3011 est
778 2964 837 3010 ut
862 2958 1070 3029 laqueos
1110 2959 1551 3027 absconderent,
1576 2947 1787 3014 scilicct
1809 2986 1856 3045 Ο
1887 2950 2315 3045 anilflntiabunt
2341 2953 2464 3045 ipsa
2489 2970 2667 3026 Opera
2698 2956 2817 3011 Dei.

165 3049 239 3100 ut
266 3062 361 3100 me
393 3061 497 3117 per
526 3045 864 3116 discipulum
905 3062 1103 3101 meum
1134 3048 1385 3114 tradant,
1419 3064 1522 3121 per
1573 3048 1783 3102 milites

171 3133 472 3189 Romanos
510 3133 880 3200 interficiant,
912 3137 1144 3189 scrutati
1167 3141 1311 3202 sunt,
1346 3135 1405 3189 id
1434 3139 1519 3190 est
1550 3135 1780 3190 investi-

1959 3037 2093 3093 Dico
2131 3040 2284 3111 quod
2302 3042 2407 3112 ipsi
2430 3045 2955 3116 conturbabuntur;
2968 3047 3150 3117 justus
3164 3058 3338 3105 autem
3365 3052 3488 3125 qui-

1882 3141 2020 3196 sque
2050 3127 2316 3183 lambitur
2345 3133 2401 3184 in
2438 3130 2690 3200 Domino,
2721 3133 2780 3188 id
2821 3138 2925 3201 est,
2968 3136 3225 3209 discipuli
3244 3140 3359 3195 mei
3386 3142 3485 3215 qui

166 3221 397 3294 gabunt
434 3222 728 3299 quomodo
758 3221 981 3292 possint
1009 3222 1260 3289 efﬁcere,
1295 3226 1351 3277 et
1380 3224 1610 3290 frustra,
1645 3240 1781 3278 nam
1874 3212 2015 3283 justi
2048 3220 2199 3283 sunt,
2228 3218 2577 3274 laetabuntur
2624 3221 2683 3275 in
2711 3223 3058 3279 exaltatione
3081 3228 3311 3283 Domini
3343 3212 3481 3299 mei,

159 3317 466 3366 scrutantes
490 3311 612 3365 haec
641 3312 922 3377 scrutinio,
951 3310 1010 3365 id
1038 3315 1124 3366 est
1146 3328 1279 3365 cum
1326 3328 1553 3366 summa
1577 3315 1635 3366 et
1661 3313 1784 3367 dili-

164 3398 334 3471 genti
383 3399 754 3466 scrutatione,
802 3398 1126 3468 defecerunt,
1178 3399 1239 3453 id
1265 3402 1349 3453 est
1401 3399 1522 3454 hinc
1554 3400 1781 3455 efficere

162 3486 515 3558 nequibunt,
548 3489 611 3540 ut
640 3487 875 3558 hujusce
907 3487 991 3542 rei
1022 3504 1140 3543 non
1169 3491 1495 3559 appareant
1524 3505 1644 3543 esse
1674 3489 1778 3543 rei.

168 3576 313 3632 Dico
344 3576 499 3647 quod
560 3576 872 3646 disponent
900 3593 1105 3649 parare
1160 3576 1307 3630 mihi
1340 3576 1568 3648 laqueos,
1612 3578 1670 3631 id
1699 3580 1784 3631 est

160 3664 564 3720 absconditam
583 3669 857 3727 mortem,
877 3666 1035 3736 quasi
1052 3665 1405 3737 prmsciendo
1425 3666 1629 3719 vellem
1652 3682 1782 3720 eam

168 3753 450 3825 eﬂugere,
479 3753 580 3807 sed
607 3770 724 3807 non
785 3756 1083 3824 oporteret
1109 3754 1182 3808 ad
1215 3754 1321 3808 hoc
1367 3770 1467 3807 eos
1496 3754 1780 3809 laborare.

165 3841 317 3896 Nam
361 3841 432 3896 ad
464 3843 712 3895 mortem
745 3845 951 3913 sponte
981 3842 1186 3896 accedet
1214 3843 1391 3907 homo,
1425 3841 1483 3895 id
1513 3844 1618 3908 est,
1653 3858 1782 3912 ego,

168 3945 347 4001 quem
396 3928 719 3999 simplicem
766 3930 1067 3984 hominem
1130 3930 1464 4001 opinantur,
1516 3930 1785 3985 accedam

166 4020 377 4091 sponte
403 4017 475 4071 ad
490 4020 740 4071 mortem
771 4018 829 4071 in
858 4018 963 4071 hoc
996 4018 1150 4089 quod
1170 4018 1345 4072 homo
1379 4034 1527 4084 sum,
1555 4022 1613 4073 et
1636 4019 1784 4073 hanc

166 4105 559 4162 accessionem
580 4105 749 4160 faciet
769 4122 859 4161 cor
888 4106 1076 4172 altum,
1094 4105 1150 4159 id
1171 4109 1254 4160 est
1276 4107 1391 4160 alta
1409 4107 1783 4177 etinvestiga-

162 4193 304 4251 bilis
318 4194 610 4266 dispositio
647 4194 940 4265 sapientiae
957 4193 1441 4248 meae.Summum
1460 4194 1618 4248 enim
1632 4211 1782 4265 mys-

1882 3309 1931 3355 et
1959 3305 2188 3373 sperabit
2217 3309 2272 3360 in
2297 3324 2374 3373 eo,
2394 3308 2451 3362 id
2477 3313 2562 3363 est
2587 3327 2750 3382 spem
2770 3311 3001 3367 ﬁrmam
3024 3319 3201 3386 ponet
3223 3316 3363 3373 ineo
3386 3320 3485 3392 qui

1881 3396 2087 3464 potens
2139 3394 2250 3449 erit
2279 3412 2413 3450 eum
2448 3396 2506 3451 in
2536 3397 2730 3454 futuro
2772 3401 3120 3470 beatiﬁcare,
3162 3409 3222 3459 et
3252 3407 3347 3477 qui
3378 3424 3483 3478 po-

1881 3483 2011 3535 tens
2039 3481 2148 3535 erit
2170 3499 2227 3536 se
2259 3485 2563 3553 post'diem
2582 3488 2816 3542 tertium
2837 3491 3128 3558 suscitare,
3159 3495 3311 3564 quod
3326 3496 3486 3566 prius

1885 3568 1955 3621 ab
1986 3569 2119 3638 ipsis
2140 3570 2306 3639 justis
2323 3571 2610 3644 discipulis
2630 3576 2969 3645 quibusdam
3002 3579 3375 3651 dubitabitur,
3407 3602 3483 3639 an

1882 3655 1954 3708 sit
1981 3656 2243 3712 videlicet
2267 3664 2473 3730 potens
2500 3663 2871 3718 resuscitandi
2902 3682 2980 3731 se,
3014 3666 3256 3738 ideoque
3275 3668 3332 3721 in
3360 3669 3482 3740 ipso

1885 3744 2154 3811 Domino,
2188 3746 2247 3800 in
2277 3764 2372 3802 me
2397 3748 2628 3815 scilicet,
2654 3752 3084 3807 nonaudebunt
3102 3754 3346 3809 ﬁrmiter
3360 3774 3485 3828 spe-

1885 3849 2033 3888 rare.
2065 3834 2223 3888 Unde
2250 3835 2565 3891 dubitando
2584 3837 2785 3892 dixisse
2804 3840 3153 3909 legunturz<<
3186 3842 3296 3896 Nos
3316 3846 3482 3914 puta-

1885 3921 2086 3975 bamus
2103 3923 2257 3993 quod
2278 3923 2368 3976 hic
2386 3924 2791 3996 redempturus
2810 3931 2957 3981 esset
2972 3929 3137 3982 Israel
3160 3929 3309 3993 (Luc.
3334 3948 3480 4001 xxxv,

1885 4011 1990 4070 2t).
2020 4028 2047 4061 »
2083 4009 2240 4076 Dico,
2267 4011 2865 4081 justelaatabunturin
2894 4016 3241 4073 exaltatione
3273 4019 3485 4075 scilicet

1889 4098 2115 4153 Domini
2165 4100 2300 4165 mei,
2336 4105 2394 4155 et
2419 4101 2477 4155 in
2508 4102 2699 4156 futuro
2731 4104 3095 4158 laudabuntur
3138 4123 3313 4161 omnes
3356 4110 3486 4162 recti

1884 4186 2054 4254 corde,
2076 4187 2133 4242 id
2155 4191 2239 4241 est
2260 4189 2575 4244 laudabiles
2598 4192 2960 4263 apparebunt
2978 4191 3116 4262 justi
3144 4198 3276 4250 recti
3308 4197 3482 4264 corde,

165 4281 387 4338 terium
408 4282 517 4336 hoc
534 4285 825 4354 est,quare
849 4283 1037 4353 potius
1075 4282 1345 4337 homines
1360 4284 1550 4337 morte
1573 4299 1674 4337 sua
1694 4298 1784 4336 re-
1809 4275 1860 4333 D
1886 4291 2016 4329 cum
2044 4277 2274 4347 gloriosi
2298 4281 2355 4332 et
2376 4278 2750 4349 impassibiles
2780 4280 3374 4340 efﬁcientur.l’ossunt
3391 4303 3487 4340 au-

165 4369 395 4424 dimere
407 4370 740 4436 voluit,cum
755 4370 987 4424 eosdem
1004 4370 1277 4440 potentia:
1291 4385 1404 4423 suae
1422 4369 1667 4442 imperio
1682 4372 1787 4424 sal-

166 4474 309 4513 vare
322 4458 752 4530 potuerit,quod
771 4443 1038 4530 equidem
1055 4458 1401 4512 conveniens
1413 4458 1611 4524 fuit,ut
1624 4474 1693 4512 eo
1707 4458 1783 4512 sci

166 4548 308 4602 licet
325 4548 553 4603 mortali
569 4548 741 4613 facto,
759 4564 888 4601 cum
903 4564 937 4601 a
958 4547 1186 4602 diabolo
1206 4547 1263 4601 in
1291 4550 1479 4601 morte
1502 4564 1604 4601 sua
1621 4546 1785 4602 insti-

167 4635 436 4708 ganteinj
447 4634 1129 4699 usteinvaderetur,idem
1143 4634 1404 4689 diabolus
1426 4633 1668 4687 humani
1689 4650 1786 4704 ge-

170 4723 328 4780 neris
338 4727 818 4796 potestate,quam
829 4723 851 4793 j
864 4739 961 4776 ure
981 4722 1450 4792 obtinebatjuste
1463 4721 1785 4792 privaretur

243 4811 376 4866 Dico
399 4810 554 4882 quod
596 4812 771 4865 homo
805 4810 1039 4865 accedet
1060 4809 1131 4864 ad
1160 4812 1432 4875 mortem,
1465 4815 1516 4861 et
1536 4808 1614 4863 sic
1643 4809 1783 4863 eral-

166 4898 374 4953 tabitur
399 4898 562 4965 Deus,
596 4897 651 4951 id
684 4900 788 4964 est,
821 4898 1117 4951 exaltabor
1139 4896 1498 4967 resurgendo
1531 4901 1589 4950 et
1610 4897 1781 4952 caelos

164 4986 553 5053 ascendendo,
587 4990 645 5040 et
669 4988 805 5039 tunc
830 4985 1122 5057 apparebo
1154 4983 1329 5038 etiam
1365 4985 1638 5056 Deus,qui
1660 5000 1779 5040 non

161 5075 366 5130 videor
388 5076 564 5129 homo
582 5090 775 5145 purus:
802 5074 1043 5145 Oportet
1072 5072 1229 5127 enim
1254 5072 1373 5143 pati
1398 5072 1779 5139 Christum,et

164 5165 249 5219 ita
270 5164 487 5218 intrare
503 5162 560 5217 in
575 5163 821 5233 gloriam
836 5162 1146 5232 (Lummv,
1173 5164 1256 5230 26]
1284 5178 1298 5227 ;
1339 5165 1397 5214 et
1419 5177 1546 5213 vere
1563 5163 1775 5215 exalta-

163 5252 324 5307 bitur
344 5251 721 5322 resurgendo,
753 5267 887 5304 nam
910 5250 1088 5320 plaga?
1110 5265 1310 5315 eorum,
1329 5248 1536 5321 quibus
1563 5265 1656 5303 me
1671 5249 1774 5303 du-

164 5343 300 5395 cent
328 5340 399 5395 ad
449 5344 726 5407 mortem,
748 5340 910 5409 facta?
945 5344 1067 5391 sunt
1109 5339 1321 5406 sagittae
1336 5337 1775 5407 parvulorum,id

164 5433 252 5483 est
285 5429 426 5483 ﬂent
458 5428 874 5500 comparabiles
898 5426 1119 5497 sagittis
1147 5424 1684 5495 parvulorum,quia
1701 5425 1772 5479 si-

166 5520 263 5573 cut
290 5516 402 5571 illze
429 5532 561 5573 cum
593 5516 823 5589 fragiles
837 5515 1222 5585 sint,dcligno
1252 5514 1337 5569 vel
1356 5513 1428 5568 de
1448 5511 1777 5583 aliquafra—

1885 4366 2005 4417 tem
2034 4364 2091 4418 hi
2122 4368 2235 4419 tres
2264 4382 2456 4420 versus
2483 4366 2553 4420 de
2582 4367 2853 4437 apostolis
2881 4368 2959 4422 sic
2992 4370 3126 4440 legi,
3160 4374 3224 4425 ut
3251 4372 3489 4437 siccen-

1885 4450 2213 4506 tinuentur:
2243 4454 2363 4507 Dixi
2394 4454 2547 4525 quod
2570 4455 2925 4510 abscondent
2952 4458 3187 4529 laqueos
3217 4460 3486 4520 etinten-

1885 4538 2023 4593 dent
2051 4555 2249 4595 arcum
2268 4542 2340 4596 ad
2366 4542 2759 4613 sagittandum
2791 4560 2905 4612 me,
2935 4548 3488 4619 etomneediscipuli

1883 4627 1999 4681 mei
2030 4630 2254 4683 ratione
2287 4632 2532 4697 utentes,
2566 4634 2628 4685 ut
2655 4631 2921 4688 homines
2942 4634 3229 4695 timebunt
3252 4653 3483 4707 pcenam

1884 4714 2137 4786 ipsorum
2150 4716 2680 4789 Judmorum,quam
2698 4722 2960 4775 exczecati
2981 4723 3186 4779 timere
3204 4727 3483 4793 nesciant,

1883 4807 1940 4869 et
1964 4804 2225 4859 timendo
2258 4807 2686 4862 annuntiabunt
2706 4809 2786 4863 eis
2813 4826 2991 4881 opera
3014 4811 3136 4877 Dei,
3172 4817 3481 4870 utconver-

1881 4896 2097 4960 tantur,
2122 4894 2179 4947 id
2204 4896 2290 4947 est
2314 4898 2743 4951 annuntiabunt
2756 4914 2932 4969 opera
2946 4900 3151 4953 mortis
3166 4905 3223 4955 et
3236 4919 3485 4959 resurre-

1881 4983 2105 5051 ctionis,
2120 4987 2177 5037 et
2203 4984 2611 5040 miraculorum
2633 5002 2900 5041 meorum
2921 4987 3073 5042 facta
3090 4988 3258 5045 fuisse
3286 4991 3482 5064 diSpo-

1880 5070 2085 5125 sitione
2114 5070 2234 5137 Dei,
2278 5078 2326 5123 et
2342 5073 2493 5141 facta
2515 5072 2627 5141 ejus
2649 5073 3034 5140 intellexerunt,
3056 5073 3117 5128 id
3153 5080 3237 5130 est
3269 5077 3480 5134 intelli-

1880 5176 2016 5230 gere
2050 5159 2264 5213 facient
2294 5159 2445 5231 ipsos
2472 5160 2700 5213 Judaeos
2724 5161 3003 5233 quosdam
3027 5163 3350 5231 salvandos,
3383 5169 3482 5238 qui

1879 5263 2031 5301 nunc
2061 5247 2381 5318 intelligere
2406 5247 2708 5318 negligunt
2728 5265 2741 5315 ;
2764 5249 2955 5303 Justus
2981 5254 3177 5305 autem
3210 5251 3482 5309 laetabitur

1877 5338 1931 5388 in
1951 5335 2253 5401 Domino,et
2271 5336 2497 5405 sperabit
2517 5352 2673 5389 meo:
2712 5337 2820 5391 hoc
2859 5339 3052 5392 autem
3076 5338 3375 5410 pluraliter
3398 5343 3478 5395 le-

1877 5423 2133 5494 gendum
2169 5426 2252 5475 est
2284 5427 2340 5476 et
2370 5424 2802 5493 exponendum,
2838 5429 2897 5480 ut
2933 5425 2989 5479 in
3017 5428 3483 5499 supradictascn-

1876 5510 2080 5577 tentia,
2101 5513 2157 5565 et
2190 5510 2266 5565 sic
2296 5512 2699 5569 continuatur:
2726 5515 2859 5572 Dico
2892 5516 3193 5588 quodjusti
3211 5513 3309 5589 qui
3331 5515 3484 5573 vide.
