3970 6040
135 283 243 359 ῢθἺ

1122 284 1479 379 Ειιροειτιο
1514 291 1585 352 IN
1621 281 1957 354 Psxmos.
1986 320 2060 341 --
2084 294 2281 357 PSAL.
2321 290 2475 357 inv

3349 290 3458 360 938

136 435 273 481 cum
302 420 500 480 autem
528 418 656 477 erat
685 414 757 477 de
790 414 903 476 hoc
936 414 1148 489 reditu,
1185 417 1286 477 dat
1328 419 1495 478 nobis
1533 417 1824 486 orandiA
1845 422 2067 495 pollens
2095 425 2181 480 est
2199 440 2266 481 ac
2308 423 2355 481 si
2414 419 2667 481 diceret:
2717 417 2805 480 Ad
2841 418 2952 479 hoc
2997 418 3334 496 praetulerunt
3390 424 3463 483 ut

135 513 490 585 exemplum.

211 602 288 656 Te
301 602 443 656 deret
497 601 749 670 hymnus,
797 598 962 664 Deus,
995 600 1051 653 in
1075 599 1230 665 Sion,
1252 599 1309 654 id
1325 603 1409 655 est
1427 599 1487 654 in
1502 599 1750 655 Ecclesia.

135 707 266 763 quae
293 690 431 745 Sion
464 688 573 744 erit
598 688 829 761 specula
878 691 1129 754 terrena,
1163 688 1272 743 erit
1303 689 1550 759 hymnus,
1575 688 1636 743 id
1665 691 1752 743 est

134 781 282 848 laus,
315 779 582 849 talis,qua
606 781 683 843 te,
704 778 854 831 Deus
884 776 1159 839 Verbum,
1187 776 1352 844 decet,
1384 778 1444 831 id
1469 781 1554 833 est
1586 778 1750 832 dece-

136 869 245 924 bit.
275 867 443 932 Quod
498 869 584 921 est
613 864 839 919 dicere:
875 865 1123 919 Ecclesia
1148 882 1182 920 a
1234 869 1291 920 te
1343 866 1749 921 constituenda

133 955 397 1011 laudabit
425 957 483 1009 te
515 953 742 1009 decenti
772 952 964 1020 laude,
992 953 1206 1008 scilicet
1226 953 1360 1020 ﬁde,
1389 971 1546 1021 voce,
1575 970 1752 1026 opere

136 1047 197 1100 et
223 1043 548 1099 devotione.
585 1041 750 1106 Quod
779 1041 1087 1114 Synagoga
1116 1058 1234 1097 non
1268 1043 1425 1109 facit,
1462 1042 1601 1097 dum
1632 1060 1753 1097 car-

136 1132 364 1187 nalibus
393 1129 890 1186 observationibus
934 1131 1061 1202 plus
1094 1129 1274 1184 nimio
1317 1130 1663 1185 immoratur
1692 1133 1754 1187 et

136 1219 396 1287 conﬁdit,
426 1226 476 1273 et
502 1221 557 1273 in
571 1218 869 1272 Jerusalem
898 1217 1131 1285 caelesti,
1164 1218 1407 1273 reddetur
1430 1220 1528 1273 tibi
1548 1225 1750 1287 votum,

135 1308 199 1364 id
232 1312 317 1363 est
348 1308 702 1380 persolvetur
735 1305 837 1361 tibi
859 1306 1115 1378 perfecta
1144 1308 1266 1362 laus
1296 1308 1457 1362 omni
1513 1312 1647 1364 voto
1693 1311 1753 1363 et

138 1396 303 1453 omni
333 1395 615 1451 desiderio
641 1395 715 1450 ab
745 1394 952 1450 eadem
982 1394 1140 1462 Sion,
1171 1396 1403 1467 quando
1425 1396 1548 1468 ipsa
1564 1397 1638 1451 ad
1664 1398 1752 1451 Je-

136 1485 390 1540 rusalem
414 1500 664 1550 reversa,
690 1483 762 1538 de
791 1500 905 1555 qua
919 1483 1219 1554 perAdam
1245 1484 1471 1553 cecidit,
1495 1485 1616 1540 sine
1633 1485 1749 1541 ﬁne

136 1572 582 1630 beatificabitur.
613 1572 873 1627 Reddere
903 1576 1100 1627 votum
1122 1590 1155 1627 a
1184 1572 1557 1629 similitudine
1581 1574 1747 1645 poni-

139 1665 253 1731 tur;
270 1661 413 1717 sicut
431 1662 585 1715 enim
614 1660 857 1716 reddere
878 1664 1077 1715 votum
1102 1662 1409 1732 perfectius
1428 1663 1645 1717 bonum
1664 1666 1753 1718 est

1849 517 2038 569 essent
2059 531 2213 586 super
2242 533 2355 583 nos,
2379 515 2438 570 id
2464 516 2550 570 est
2599 513 3001 586 opprimerent
3031 530 3156 581 nos,
3188 532 3222 570 a
3251 514 3454 572 simili-

1848 603 2049 658 tudine
2081 604 2184 671 rei,
2220 621 2349 676 quae
2369 605 2442 659 ab
2475 604 2664 675 aliquo
2714 601 2873 673 gravi
2905 602 3161 673 pondere
3189 620 3454 675 superca-

1850 691 2009 746 denti
2042 693 2423 747 vehementer
2452 691 2821 764 Opprimitur.
2846 689 3106 745 Ostendit
3126 693 3322 746 autem
3345 710 3459 765 per

1849 797 2025 851 quem
2066 781 2499 853 pr0pitiabitur,
2522 780 2602 834 sic
2630 796 2643 833 :
2677 780 2744 833 Et
2785 780 2893 833 hoc
2923 778 3095 833 facies
3126 796 3229 850 per
3254 796 3457 851 quem-

1851 868 1985 923 dam
2015 870 2246 925 omnino
2276 870 2506 936 beatum,
2535 868 2850 924 Dominum
2883 869 3077 922 Jesum
3103 868 3336 936 scilicet,
3355 870 3454 942 qui

1851 956 2130 1011 immunis
2160 974 2193 1011 a
2210 961 2443 1028 peccato
2466 958 2694 1012 futurae
2716 960 2980 1027 est,quem
2997 963 3057 1010 tu
3082 957 3235 1026 eliges

1851 1061 1918 1100 ex
1951 1046 2221 1101 omnibus
2264 1046 2597 1101 hominibus
2640 1062 2757 1117 prae
2807 1044 3027 1099 caeteris
3065 1044 3327 1101 ﬁdelibus
3368 1047 3454 1102 di-

1851 1149 2034 1204 gnum
2067 1136 2125 1188 et
2155 1134 2475 1205 egregium.
2524 1135 2691 1189 Juxta
2720 1132 2874 1204 quod
2912 1132 2970 1186 in
3005 1133 3251 1188 Canticis
3286 1135 3358 1190 de
3384 1151 3454 1191 eo

1850 1238 2061 1293 sponsa
2088 1223 2333 1277 Ecclesia
2355 1222 2523 1277 dicit:
2551 1244 2579 1272 «
2612 1222 2858 1277 Dilectus
2888 1238 3053 1276 meus
3102 1222 3378 1277 candidus
3399 1225 3458 1278 et

1850 1310 2204 1365 rubicundus
2247 1328 2313 1365 ex
2344 1311 2597 1365 millibus
2622 1311 2853 1364 electus.
2887 1307 3071 1375 (Cant.
3102 1328 3153 1377 v,
3193 1309 3300 1383 lO).
3326 1332 3355 1360 »
3388 1312 3457 1366 Et

1849 1416 2078 1453 assumes
2096 1398 2302 1466 eum,id
2315 1403 2400 1454 est
2420 1397 2516 1453 tibi
2530 1397 2912 1468 personaliter
2927 1397 3107 1465 unies,
3118 1398 3281 1469 juxta
3299 1400 3459 1471 quod

1851 1490 1908 1542 et
1926 1487 2267 1542 Athanasius
2292 1489 2561 1554 testatur;
2610 1488 2801 1541 «Deus
2837 1488 2896 1539 et
2940 1486 3116 1541 homo
3170 1504 3318 1542 unus
3370 1490 3458 1542 est

1852 1574 2103 1630 Christus
2169 1575 2458 1645 (At/zonas.
2513 1576 2569 1626 in
2596 1573 2892 1642 Symbolo).
2928 1594 2955 1621 ››
2989 1574 3057 1627 Et
3106 1573 3200 1628 ille
3252 1574 3457 1629 beatus

1850 1663 2168 1718 inhabitabit
2197 1665 2254 1717 in
2282 1664 2434 1716 atriis
2475 1664 2596 1729 tuis,
2626 1662 2685 1716 id
2719 1666 2805 1717 est
2830 1662 2890 1715 in
2910 1661 3289 1732 amplitudine
3312 1662 3451 1718 dile-

138 1767 320 1824 quam
349 1765 575 1817 vovere,
603 1765 737 1804 cum
782 1751 1092 1820 utrumque
1123 1749 1193 1804 sit
1241 1750 1491 1820 bonum;
1518 1751 1600 1807 ita
1628 1752 1751 1806 laus
1777 1746 1828 1804 B
1850 1752 2054 1807 ctionis
2082 1756 2216 1819 tuae,
2245 1754 2302 1805 et
2327 1752 2497 1806 bonas
2528 1750 2896 1823 operationis.
2932 1749 3097 1814 Quod
3123 1754 3208 1805 est
3223 1750 3411 1805 dicere
3433 1767 3451 1804 :

135 1840 239 1896 illa
268 1855 397 1910 quae
435 1837 493 1892 in
519 1838 833 1892 Jerusalem
865 1838 1075 1892 caelesti
1105 1840 1461 1909 persolvetur
1499 1857 1533 1893 a
1561 1839 1747 1894 ﬁdeli-

136 1926 585 2000 bus,perfectior
609 1926 719 1980 erit
736 1926 905 1981 laude
928 1926 1189 1997 hac,quae
1211 1926 1269 1980 in
1286 1928 1560 1998 praesenti
1581 1945 1752 1983 saecu-

136 2019 197 2073 lo
223 2016 310 2083 ﬁt,
332 2016 467 2083 ﬁde,
488 2030 647 2082 voce,
673 2030 850 2085 opere
872 2016 930 2068 et
952 2014 1277 2089 devotiqne.
1312 2015 1466 2071 Licet
1488 2016 1610 2071 haec
1631 2017 1753 2071 laus

140 2109 347 2163 sancta
361 2104 436 2159 sit
457 2106 643 2159 etDeo
666 2107 853 2173 grata,
891 2103 981 2158 hic
1013 2103 1171 2158 enim
1203 2104 1357 2158 etsia
1385 2104 1648 2159 ﬁdelibus
1672 2105 1754 2160 ita

132 2192 426 2261 laudetur,
442 2189 500 2246 in
514 2191 704 2263 aliquo
728 2194 925 2245 tamen
945 2191 1015 2245 ab
1040 2191 1258 2246 eisdem
1275 2192 1753 2258 offenditur,dum

133 2282 345 2337 saltem
358 2278 592 2351 aliquod
618 2281 915 2350 peccatum
940 2278 1159 2333 veniale
1176 2280 1645 2339 committitur.[n
1664 2281 1750 2336 fu-

136 2375 271 2425 turo
306 2384 437 2423 vero
460 2367 606 2422 adeo
635 2366 887 2439 perfecte
910 2367 1133 2422 intensa
1156 2367 1461 2423 devotione
1490 2370 1751 2424 laudabi-

132 2462 253 2525 tur,
283 2460 346 2511 ut
376 2457 701 2511 nullatenus
722 2454 1065 2509 offendatur.
1084 2456 1280 2510 Nullus
1295 2457 1454 2511 enim
1480 2464 1756 2529 tuncpec—

133 2544 308 2604 candi
333 2545 441 2600 erit
456 2544 711 2611 aﬁ'ectus,
741 2547 799 2598 et
815 2543 1289 2615 quandoquidem
1303 2544 1440 2600 Sion
1470 2548 1524 2600 te
1544 2545 1751 2601 decen-

133 2640 231 2692 ter
256 2633 562 2689 laudatura
592 2634 708 2686 est:
743 2631 956 2698 exaudi,
988 2632 1136 2685 Deus
1150 2632 1426 2701 Verbum,
1459 2638 1755 2688 orationem

130 2739 333 2791 meam,
354 2738 460 2793 pro
484 2738 552 2776 ea
571 2721 808 2782 factam,
832 2724 896 2774 ut
914 2736 1044 2775 eam
1071 2720 1207 2775 Sion
1240 2721 1575 2777 constituas.
1612 2723 1757 2787 Quia

134 2827 275 2866 vera
307 2811 578 2880 posuerat
604 2806 759 2874 Sion,
790 2811 846 2861 et
895 2824 999 2879 per
1016 2808 1166 2863 hanc
1205 2824 1404 2864 vocem
1432 2812 1576 2865 solet
1604 2826 1757 2882 sape

135 2898 308 2971 plebs
327 2895 565 2951 Iudaica
585 2895 879 2966 designari
908 2912 922 2963 ;
951 2912 1024 2949 ne
1055 2912 1123 2950 ex
1151 2897 1359 2951 Judasis
1383 2898 1753 2954 solummodo

1851 1840 2300 1896 Perfectissimus
2322 1838 2430 1895 erit
2459 1838 2517 1893 in
2533 1839 2694 1894 omni
2712 1838 2989 1892 charitate
3003 1842 3061 1892 et
3079 1839 3233 1893 bona
3246 1855 3450 1910 opera-

1852 1931 2031 1985 tione.
2057 1929 2283 1983 Atrium
2315 1928 2523 1983 dicitur
2571 1929 2703 1982 aula
2726 1926 3105 1997 amplissima,
3140 1944 3267 1998 quae
3298 1927 3454 1984 intra

1853 2018 2056 2073 domos
2083 2017 2363 2072 nobilium
2383 2019 2488 2083 est,
2511 2015 2757 2087 ideoque
2779 2031 2881 2086 pro
2901 2015 3281 2087 amplitudine
3295 2016 3456 2088 poni-

1851 2109 1967 2171 tur,
2000 2108 2108 2173 vel,
2137 2106 2457 2160 inhabitabit
2508 2107 2637 2176 post
2667 2103 3145 2159 resurrectionem
3177 2121 3339 2159 suam
3398 2108 3456 2159 in

1852 2196 2008 2251 atriis
2034 2196 2136 2248 tuis
2153 2192 2493 2258 coelestibus,
2527 2192 2585 2246 id
2605 2195 2689 2246 est
2720 2192 2779 2245 in
2812 2191 2965 2246 ccelis
2992 2208 3134 2263 quos
3160 2193 3455 2260 ascendet,

1852 2287 1917 2338 ut
1946 2299 2050 2338 nos
2079 2283 2151 2337 ad
2180 2299 2240 2337 se
2270 2282 2479 2336 trahat.
2512 2281 2677 2335 Juxta
2701 2280 2855 2350 quod
2881 2280 3037 2335 idem
3066 2280 3125 2334 in
3146 2280 3455 2353 Evangelia

1854 2371 2073 2426 asserit.
2110 2394 2137 2421 ‹‹
2163 2371 2279 2441 Ego
2311 2369 2356 2424 si
2379 2370 2657 2423 exaltatus
2674 2368 2837 2422 fuero
2858 2384 2893 2421 a
2920 2372 3096 2431 terra,
3120 2368 3318 2423 omnia
3347 2372 3460 2423 tra-

1852 2460 1991 2513 ham
2045 2458 2119 2513 ad
2178 2474 2274 2512 me
2304 2457 2491 2528 ipsum
2536 2454 2721 2527 (Joan.
2769 2472 2866 2522 xu,
2924 2454 3047 2527 32);
3079 2475 3107 2504 ››
3160 2458 3218 2510 et
3247 2455 3459 2511 iterum

1856 2547 1995 2601 «Ubi
2011 2563 2117 2618 ego
2132 2562 2282 2613 sum,
2300 2544 2414 2599 illic
2445 2546 2502 2599 et
2531 2543 2796 2600 minister
2816 2560 2979 2598 meus
2992 2543 3101 2599 erit
3125 2542 3286 2615 (Ibid.
3306 2545 3459 2616 26).»

1855 2636 1924 2690 Et
1950 2637 2060 2689 hoc
2088 2638 2248 2689 extra
2274 2635 2489 2689 librum
2521 2633 2847 2703 adaptatur,
2875 2632 2975 2687 sed
2991 2649 3058 2686 ex
3089 2632 3461 2704 sequentibus

1858 2726 2113 2791 notatur,
2146 2739 2278 2777 cum
2306 2721 2385 2776 sic
2413 2720 2676 2776 additur:
2696 2720 2840 2775 Vere
2882 2736 2986 2791 per
3009 2720 3243 2775 beatum
3270 2722 3460 2793 propi-

1859 2814 1930 2866 tia
1938 2812 2088 2869 beris.

1926 2898 2130 2954 Beatus
2161 2896 2319 2953 enim
2348 2895 2578 2969 quidem
2612 2895 2836 2951 futurus
2859 2898 2944 2951 est
2972 2912 3126 2968 quem
3164 2896 3382 2967 elegisti,
3401 2896 3463 2952 id

132 2987 473 3042 crederetur
503 2983 750 3038 Ecclesia
774 2999 894 3037 esse
919 2984 1342 3056 constituenda,
1368 2985 1529 3040 addit
1560 3003 1573 3038 :
1617 2988 1752 3042 Dico
1775 3003 1823 3062 ο
1857 2990 1942 3045 est
1968 3004 2142 3059 quem
2167 2988 2343 3057 eliges
2366 2991 2416 3039 et
2442 2984 2852 3056 assumpsisti,id
2879 2988 2964 3039 est
2989 2985 3462 3057 assumes,etipse

132 3074 299 3148 quod
323 3079 373 3130 te
396 3073 541 3127 decet
572 3073 801 3142 hymnus
832 3073 889 3125 in
916 3071 1050 3127 Sion
1063 3076 1121 3126 et
1140 3074 1263 3127 haec
1292 3073 1429 3128 Sion
1450 3090 1569 3129 non
1587 3092 1651 3130 ex
1666 3092 1754 3131 so-

132 3164 209 3218 lis
237 3161 447 3216 Judaais
477 3160 878 3225 constituetur,
929 3160 1030 3215 sed
1055 3159 1127 3213 ad
1153 3166 1202 3214 te
1221 3163 1391 3215 veniet
1438 3179 1546 3233 per
1574 3163 1753 3219 ﬁdem

130 3267 310 3307 omnis
339 3266 485 3311 caro,
515 3248 576 3303 id
602 3251 687 3302 est
713 3247 1063 3303 omnismodi
1091 3249 1358 3304 homines
1388 3253 1443 3305 et
1468 3251 1669 3319 Judaei,
1697 3255 1757 3307 et

131 3338 405 3412 gentiles,
435 3340 493 3391 et
508 3352 811 3409 pauperes,
834 3340 891 3390 et
908 3336 1133 3399 divites,
1162 3339 1258 3409 qui
1276 3355 1428 3393 nunc
1443 3356 1578 3395 caro
1595 3344 1750 3409 sunt,

130 3428 200 3482 id
231 3429 315 3481 est
340 3425 619 3491 carnales,
651 3424 809 3478 carui
841 3424 1055 3479 scilicet
1102 3427 1352 3495 poenitus
1386 3427 1747 3484 obedientes.

130 3517 219 3570 Ex
251 3514 455 3586 quibus
485 3512 798 3568 constitues
825 3512 982 3567 Sion.
1018 3512 1162 3577 Quia
1185 3531 1319 3569 vero
1350 3514 1594 3570 dicenda
1620 3533 1633 3571 :
1658 3517 1753 3571 Ad

133 3611 189 3658 te
216 3603 392 3655 omnis
418 3617 541 3655 caro
572 3602 760 3662 veniet,
789 3600 1034 3654 dabatur
1070 3600 1316 3672 intelligi
1349 3603 1506 3673 quod
1558 3619 1593 3658 a
1633 3606 1751 3659 Deo

131 3705 276 3746 caro
300 3688 644 3754 recessisset,
664 3687 915 3743 ostendit
935 3688 1227 3759 quomodo
1261 3706 1295 3743 a
1316 3691 1433 3745 Deo
1454 3693 1752 3748 recesserit

133 3776 433 3842 addendo,
470 3775 586 3830 sic:
621 3775 761 3829 Vere
790 3775 860 3828 ad
890 3782 937 3829 te
962 3777 1151 3842 veniet,
1212 3793 1245 3831 a
1292 3793 1405 3847 quo
1466 3795 1570 3850 per
1595 3780 1751 3833 verba

132 3863 609 3937 iniquorum,Adie
632 3863 846 3918 scilicet
876 3867 934 3918 et
961 3865 1102 3931 Evsc,
1151 3866 1417 3934 recessit;
1449 3884 1586 3922 nam
1632 3885 1751 3922 ver-

132 3956 232 4021 ba,
265 3952 325 4007 id
350 3955 435 4006 est
455 3968 641 4023 prava:
673 3952 1070 4022 cogitationes,
1101 3970 1229 4024 quas
1290 3956 1525 4010 fuerunt
1579 3957 1752 4013 verba

130 4040 326 4099 cordis
345 4039 701 4112 iniquorum,
722 4056 754 4094 a
768 4041 882 4094 Deo
907 4042 1525 4113 apostatantium,cum
1539 4045 1751 4115 cogita-

135 4131 381 4185 verunt:
411 4147 442 4180 «
463 4127 688 4182 Erimus
726 4127 871 4182 sicut
902 4129 978 4183 dii
1012 4130 1167 4201 (Gen.
1200 4148 1281 4199 in,
1312 4131 1388 4203 5),
1410 4155 1436 4181 »
1449 4134 1748 4203 ρνερυαίιιε-

80 4257 89 4263 υ
132 4222 268 4272 runt
292 4232 449 4288 super
478 4232 592 4283 nos,
613 4215 670 4270 id
695 4219 779 4270 est
806 4218 1237 4287 praevalucrunt
1267 4221 1452 4274 nobis.
1479 4222 1642 4285 Quod
1666 4224 1751 4276 est

1861 3076 2178 3132 inhabitabit
2195 3078 2250 3129 in
2272 3076 2423 3128 atriis
2441 3075 2635 3141 tuis,et
2654 3076 2959 3144 postquam
2979 3073 3318 3144 propitiatus
3341 3074 3462 3130 fue-

1854 3165 1932 3220 ris
1945 3164 2023 3220 im
2028 3164 2335 3235 pietatibus
2348 3161 2578 3229 nostris,
2596 3161 2842 3217 delendo
2858 3178 2972 3228 eas,
2988 3163 3302 3234 replebimur
3314 3163 3464 3219 bonis

1853 3256 2038 3309 domus
2067 3259 2194 3319 tuae,
2214 3251 2508 3307 existendo
2530 3250 2590 3305 in
2608 3249 2923 3321 bonisipsis
2942 3237 3111 3307 idest
3135 3251 3194 3306 in
3211 3268 3455 3324 corpore

1854 3346 1917 3398 et
1946 3342 2007 3396 in
2031 3342 2249 3409 anima,
2309 3340 2625 3413 replebimur
2672 3339 2817 3394 bonis
2846 3339 3133 3394 Dominici
3180 3340 3458 3409 hominis,

1854 3430 1952 3503 qui
1981 3430 2091 3485 erit
2117 3431 2324 3485 domus
2354 3433 2454 3484 tua
2479 3429 2539 3483 in
2563 3445 2678 3499 qua
2713 3427 3016 3483 habitabis.
3041 3428 3106 3482 Et
3138 3445 3242 3500 per
3270 3428 3461 3499 ipsum

1852 3519 2088 3573 beatum
2115 3517 2468 3589 replebimur
2495 3515 2605 3570 illis
2624 3515 2809 3570 bonis.
2830 3514 2971 3570 Cum
2994 3514 3129 3570 dicit
3148 3516 3463 3586 replebimur

1855 3606 2020 3672 bonis,
2061 3622 2166 3676 per
2194 3603 2519 3676 emphasim
2541 3602 2794 3657 ostendit
2845 3603 3001 3672 quod
3030 3603 3189 3657 valde
3218 3601 3463 3674 replebi-

1852 3711 1985 3749 mur
2023 3693 2132 3747 illis
2162 3692 2399 3757 bonis,a
2421 3689 2797 3745 similitudine
2830 3688 2979 3742 illius
3006 3689 3122 3760 qui,
3144 3706 3278 3744 cum
3298 3690 3370 3745 sit
3397 3690 3459 3746 in

1851 3798 2001 3853 aqua
2019 3781 2102 3835 vel
2124 3780 2181 3835 in
2201 3780 2391 3851 aliqua
2410 3778 2511 3832 tali
2528 3794 2610 3842 re,
2625 3776 3262 3848 repleturinteriusipsa
3286 3793 3457 3848 aqua.

1852 3868 2017 3933 Quod
2043 3872 2127 3922 est
2164 3867 2351 3921 dicere
2386 3883 2397 3920 :
2431 3864 2604 3919 Valde
2651 3862 3003 3933 replebimur
3047 3862 3179 3934 ipsis
3208 3863 3373 3918 bonis
3402 3866 3461 3920 et

1851 3957 2097 4012 exterius
2123 3956 2182 4009 in
2215 3970 2475 4026 corpore,
2511 3951 2823 4007 etintcrius
2840 3951 2896 4005 in
2913 3950 3110 4005 anima
3136 3968 3239 4024 per
3271 3951 3457 4023 ipsum

1851 4046 2106 4100 beatum.
2132 4045 2199 4098 Et
2225 4042 2458 4114 exponit
2495 4043 2721 4113 partem
2744 4039 3003 4110 ipsorum
3034 4040 3322 4095 bonorum
3353 4040 3455 4096 sic:

1849 4135 1990 4189 Vere
2023 4135 2177 4188 bona
2194 4132 2429 4187 habebit
2450 4131 2654 4185 domus
2686 4132 2802 4196 tua,
2836 4145 2973 4183 nam
3003 4136 3242 4184 sanctum
3273 4136 3365 4197 est,
3398 4129 3459 4185 id

1850 4228 1936 4278 est
1959 4223 2088 4290 erit,
2118 4221 2372 4293 templum
2402 4227 2573 4286 tuum,
2607 4219 2665 4273 id
2695 4221 2780 4273 est
2809 4217 2905 4272 ille
2961 4218 3181 4284 beatus,
3216 4218 3311 4289 qui
3345 4218 3453 4274 doc

132 4307 364 4363 dicere:
388 4304 546 4359 Adeo
560 4303 797 4359 fuerunt
826 4304 1082 4359 efﬁcacia
1116 4309 1177 4359 ut
1196 4324 1317 4360 non
1346 4309 1533 4362 solum
1562 4309 1747 4364 Adam
1772 4323 1822 4382 Ι)
1853 4329 1977 4366 mus
2001 4314 2061 4365 et
2091 4310 2372 4381 templum
2402 4312 2565 4363 tuum
2587 4306 2714 4373 erit,
2744 4300 2903 4361 omni
2932 4305 3233 4361 sanctitate
3249 4306 3453 4376 plenus

132 4392 516 4460 etEvam,sed
540 4392 718 4447 etiam
764 4409 869 4447 nos
915 4409 1117 4449 omnes
1134 4398 1192 4449 et
1220 4395 1447 4450 Judieos
1465 4401 1524 4452 et
1548 4403 1749 4469 gentes
1785 4390 1790 4399 λ

128 4482 197 4539 in
229 4484 482 4536 mortem
551 4481 950 4539 detruderent.
986 4481 1200 4537 Omnes
1249 4484 1405 4538 enim
1432 4484 1749 4558 iniquitatis

127 4586 338 4628 eorum
349 4585 544 4641 ,quam
557 4568 615 4623 in
637 4569 796 4641 pomi
810 4570 1162 4627 comestioue
1176 4588 1241 4626 co
1250 4588 1305 4625 ιιι
1315 4572 1613 4639 miserunt,
1620 4590 1747 4645 par-

130 4657 336 4729 ticipes
358 4656 546 4712 effecti
564 4668 781 4711 sumus.
817 4657 981 4713 Unde
1030 4660 1356 4730 apostolus:
1385 4683 1412 4711 «
1436 4662 1545 4716 Per
1565 4680 1745 4720 unum

125 4745 436 4803 hominem
466 4748 771 4816 peccatum
799 4746 1050 4802 introivit
1078 4747 1137 4802 in
1176 4749 1481 4816 mundum,
1515 4754 1572 4804 et
1620 4768 1743 4823 per-

126 4836 435 4908 peccatum
455 4836 696 4901 mors,ct
713 4833 866 4889 sicin
891 4852 1097 4891 omnes
1116 4838 1448 4907 pertransiit
1464 4838 1641 4903 (Rom.
1658 4858 1740 4907 ιιι,

130 4925 243 4994 12).
262 4941 291 4969 ››
319 4920 399 4975 Ne
423 4936 556 4976 vero
576 4924 878 4993 putaretur
893 4923 1049 4993 quod
1073 4939 1179 4993 per
1208 4941 1267 4978 se
1298 4941 1431 4980 caro
1462 4927 1534 4980 ad
1561 4928 1742 4984 Deum

124 5008 435 5084 pervenire
457 5009 766 5078 sufﬁceret,
800 5010 1071 5066 additur:
1102 5012 1239 5067 Dico
1273 5014 1427 5085 quod
1440 5016 1597 5070 verba
1605 5034 1722 5087 pm

124 5095 414 5153 valuerunt
430 5113 588 5167 super
609 5112 726 5164 nos,
753 5105 804 5152 et
835 5104 893 5152 tu
926 5100 1106 5154 Deum
1125 5100 1395 5167 Verbum,
1411 5104 1741 5173 proyitiabe—

124 5188 204 5240 ris
244 5184 604 5255 impietatibus
634 5188 844 5253 nostris,
877 5188 938 5241 et
959 5190 1045 5242 est
1089 5204 1203 5243 non
1235 5205 1303 5243 ex
1360 5190 1581 5246 meritis
1636 5209 1742 5246 no-

122 5273 283 5340 stris,
316 5272 418 5328 sed
448 5288 514 5327 ex
528 5273 938 5345 propitiatione
972 5280 1068 5330 tua
1083 5278 1307 5332 nostras
1334 5280 1393 5332 et
1414 5281 1665 5334 actuales
1688 5283 1746 5335 et

118 5360 381 5419 veniales
412 5359 738 5433 impietates
767 5362 1006 5432 delebis,
1063 5368 1123 5419 et
1166 5364 1245 5418 sic
1293 5366 1365 5421 ad
1399 5369 1453 5420 te
1481 5366 1578 5438 qui
1605 5383 1748 5423 vera

118 5450 246 5505 vita
301 5465 365 5504 es
420 5446 606 5522 (Jom.
667 5467 781 5519 xw,
845 5454 917 5519 6:,
997 5451 1315 5508 veniemus.
1376 5453 1518 5509 Cum
1572 5454 1743 5511 dicit:

127 5538 310 5597 Verba
366 5538 677 5613 iniquorum
741 5540 1145 5612 pra-valuerunt
1192 5559 1348 5615 su1.er
1403 5558 1517 5612 nos,
1571 5544 1748 5618 esqui-

634 5639 870 5697 PATROL.
902 5638 1059 5714 CLII,

1847 4400 1975 4465 erit,
2025 4403 2084 4454 et
2125 4416 2241 4454 non
2295 4413 2499 4469 parum
2539 4400 2803 4450 sanctum
2843 4394 2951 4448 erit
2982 4394 3035 4461 ;I
3076 4392 3175 4448 sed
3204 4394 3452 4450 mirabile

1847 4488 1955 4543 erit
1982 4488 2037 4542 in
2066 4488 2321 4559 aequitate
2349 4483 2666 4541 sanctitatis
2696 4500 2832 4548 suae,
2865 4481 2923 4536 id
2955 4485 3040 4536 est
3071 4481 3215 4537 adeo
3250 4499 3448 4554 aequus

1846 4575 1953 4631 erit
1976 4579 2033 4631 et
2063 4577 2293 4629 sanctus
2317 4571 2650 4629 Dominicus
2693 4571 2892 4637 homo,
2951 4570 3108 4640 quod
3166 4570 3446 4626 mirabilis

1846 4663 2111 4718 omnibus
2143 4662 2291 4716 erit:
2327 4659 2748 4732 quasanctitate
2780 4661 2837 4712 ct
2870 4658 3140 4729 aequitate
3175 4675 3277 4730 per
3301 4675 3435 4713 eum

1842 4751 2197 4823 replebimur
2220 4749 2465 4817 ;scilicct
2487 4751 2547 4802 ut
2568 4748 2746 4803 sancti
2770 4749 2827 4802 et
2858 4747 2916 4800 in
2944 4746 3294 4816 cogitatione
3313 4746 3439 4800 etin

1844 4839 2180 4910 operatione
2209 4836 2547 4903 efﬁciamur,
2574 4835 2703 4891 licet
2732 4852 2848 4890 non
2879 4834 3021 4888 adeo
3060 4836 3120 4887 ut
3144 4834 3283 4903 ipse.
3306 4833 3446 4888 Orat

1845 4932 2039 4983 autem
2094 4928 2279 4997 ipsum
2318 4927 2499 4980 Deum
2544 4924 2816 4989 Verbum,
2847 4926 2908 4977 ut
2960 4921 3308 4992 propitietur
3338 4920 3443 4975 im—

1844 5016 2152 5088 pietatibus
2182 5013 2373 5086 ipsius,
2395 5013 2491 5085 qui
2522 5016 2679 5067 tanto
2700 5015 2832 5065 ante
2859 5013 2970 5063 lem
2980 5025 3118 5080 pore
3137 5008 3325 5064 existit
3338 5026 3444 5080 per

1843 5104 2017 5160 ﬁdem
2049 5102 2278 5160 Domini
2316 5104 2465 5168 Jesu,
2505 5116 2678 5172 quam
2704 5101 2829 5170 jam
2872 5097 3085 5151 habet:
3120 5100 3179 5151 et
3229 5097 3444 5170 impie-

1840 5193 2052 5248 tatibus
2081 5207 2285 5247 eorum
2310 5189 2671 5263 pr0pitietur,
2703 5186 2800 5258 qui
2832 5184 2887 5238 iu
2916 5187 3177 5256 tempore
3204 5185 3447 5254 plenitu-

1845 5281 1992 5336 dinis
2028 5280 2226 5335 ﬁdeles
2255 5281 2445 5343 erunt,
2480 5281 2537 5332 et
2575 5290 2674 5329 eos
2707 5271 3043 5334 sunctiﬁcct,
3075 5274 3131 5325 et
3162 5271 3350 5341 ipsum
3373 5272 3445 5328 ab

1847 5368 2158 5424 actualibus
2177 5365 2421 5437 peccatis
2436 5360 2857 5433 exemptungin
2877 5374 3051 5429 opere
3064 5362 3119 5413 ct
3139 5358 3444 5416 devotione

1847 5458 2206 5527 augmentet,
2241 5456 2299 5509 et
2346 5453 2406 5506 in
2440 5456 2704 5521 tempore
2758 5447 3131 5522 plenitudinis
3157 5463 3290 5501 eum
3322 5447 3453 5503 licet

1844 5544 1973 5618 jam
2003 5545 2299 5601 mortuum
2326 5540 2386 5595 in
2405 5553 2673 5612 corpore,
2711 5544 2907 5597 tamen
2954 5536 3335 5593 emundatum
3382 5535 3456 5592 ad

3101 5635 3167 5694 30
