4004 6052
439 364 547 437 939
1052 362 1115 428 s.
1153 356 1499 427 causam
1536 352 2169 422 uernusuuonnu
2202 351 2670 416 msrnuroms
2709 352 2865 416 OPP.
2905 346 3077 417 mss
3113 353 3150 416 ι·
3654 350 3768 417 9m

447 502 726 557 uernam
740 489 991 571 patriam
1013 490 1282 560 reducat;
1312 488 1510 546 ﬁdeles
1521 489 1720 543 autem
1735 484 1823 539 vel
1840 481 1900 538 in
1921 483 2068 537 tem-
2071 493 2126 551 Α
2142 485 2281 552 post
2310 481 2583 538 timebunt
2611 484 2668 539 te
2703 481 2914 539 timore
2946 483 3124 550 casto,
3157 478 3215 537 id
3246 481 3331 537 est
3349 475 3595 554 diligent
3610 479 3691 548 te,
3712 484 3775 538 et

447 606 589 662 pore
619 584 994 661 plenitudinis
1016 583 1259 647 futuros,
1293 584 1352 635 et
1376 580 1447 634 ab
1463 576 1777 633 actualibus
1799 576 1855 628 et
1876 571 2050 643 origi-
2155 572 2265 627 hoc
2287 572 2442 662 quod
2488 572 2896 662 turbabuntur,
2948 572 3246 644 continget
3276 589 3309 625 a
3348 573 3511 642 signis
3552 573 3675 640 tuis,
3708 571 3769 629 id

449 661 566 734 nali
597 676 806 747 expiet,
842 678 899 728 et
948 672 1005 726 in
1048 686 1221 743 Opere
1249 672 1306 723 et
1332 666 1637 722 devotione
1652 662 2052 727 sanctificatos,
2156 666 2241 715 est
2272 661 2559 715 miraculis
2587 661 3051 733 praedicatorum.

452 767 527 821 ad
552 770 833 821 teternam
861 760 1111 834 patriam
1142 758 1397 822 inducat,
1416 759 1473 809 et
1488 756 1595 809 boc
1610 753 1689 807 sic
1704 751 1841 806 dicit
1870 770 1882 805 :
1918 749 2054 804 Dico
2230 750 2542 821 Postquam
2583 754 2778 803 autem
2804 749 3266 803 conturbabuntur
3294 757 3344 804 et
3370 750 3647 816 timebunt,
3672 748 3764 803 de-

449 855 605 927 quod
614 851 988 924 propitiaberis
1002 847 1248 912 nobis,et
1264 844 1508 916 replebis
1521 841 1685 897 bonis
1703 857 1804 911 per
1820 840 2055 893 beatum
2160 838 2391 927 lectabis,
2424 838 2481 891 id
2504 843 2589 893 est
2610 838 2975 893 delectabilcs
2998 838 3168 893 facies
3215 839 3274 893 in
3303 838 3402 905 eis,
3455 841 3627 893 exitus
3654 856 3770 892 ma-

452 926 639 1009 illum,
666 944 723 995 ct
744 944 806 994 ut
835 940 943 993 hoc
968 937 1060 1003 sit,
1096 935 1291 989 exaudi
1315 950 1425 998 nos,
1453 933 1598 987 Deus
1628 929 1878 983 Verbum
1917 926 2058 980 salu-
2159 929 2323 980 tulini
2347 926 2407 981 in
2449 944 2770 997 vesperum,
2804 928 2862 982 id
2909 932 2993 981 est
3042 928 3221 982 exitus
3271 927 3667 999 prosperitatis
3706 927 3768 980 in

459 1034 592 1088 taris
622 1036 812 1095 noster,
845 1027 902 1081 id
934 1028 1017 1079 est
1038 1020 1849 1087 salvatornosterfuturusper
1870 1018 2057 1088 ipsum
2160 1015 2587 1081 adversitatem,
2622 1020 2677 1071 et
2714 1016 2894 1071 exitus
2924 1035 3127 1088 vespere
3179 1017 3239 1071 in
3297 1017 3674 1082 matutinum,
3708 1015 3767 1069 id

456 1136 575 1185 me,
598 1117 830 1182 scilicet,
863 1114 1065 1168 exaudi
1085 1128 1236 1166 nunc
1264 1110 1333 1164 de
1358 1107 1766 1181 pr0pitiatione
1796 1107 1854 1158 et
1878 1104 2061 1174 reple-
2159 1108 2245 1159 est
2290 1103 2471 1157 exitus
2493 1104 2851 1158 adversitatis
2894 1105 2951 1158 in
2977 1104 3440 1177 prosperitatem.
3486 1104 3651 1169 Quod
3682 1108 3772 1160 est

454 1208 614 1263 tione
650 1208 937 1270 orantem,
965 1205 1023 1256 et
1059 1201 1259 1255 fideles
1286 1199 1511 1252 futuros
1535 1200 1590 1250 te
1613 1195 1683 1249 de
1711 1194 1818 1248 hac
1850 1192 2057 1247 eadem
2160 1192 2383 1246 dicere:
2431 1192 2521 1247 Sic
2542 1193 2719 1247 facies
2749 1210 2846 1247 eos
2877 1195 3030 1248 exire
3063 1194 3133 1249 de
3164 1194 3505 1249 adversitate
3535 1193 3596 1247 in
3632 1209 3769 1264 pro-

453 1313 517 1350 re
547 1294 895 1367 quandoque
926 1292 1209 1346 oraturos.
1237 1283 1619 1356 Tu,dico,qui
1650 1281 1761 1337 eris
1780 1299 1890 1352 spes
1916 1281 2061 1335 salu-
2160 1279 2515 1351 speritatem,
2549 1285 2607 1335 et
2657 1282 2727 1336 de
2752 1283 3133 1353 prosperitate
3152 1282 3213 1337 in
3252 1282 3679 1349 adversitatem,
3709 1284 3773 1336 ut

453 1384 528 1440 tis
555 1385 792 1437 omnium
820 1381 1010 1449 ﬁnium
1055 1379 1226 1442 terrae,
1270 1374 1329 1429 id
1361 1374 1445 1428 cst
1498 1369 1847 1427 omnismodi
1868 1367 2058 1422 homi-
2162 1385 2267 1423 nec
2298 1369 2638 1425 adversitate
2664 1370 3027 1443 frangantur,
3058 1388 3161 1426 nec
3179 1372 3559 1444 prosperitate
3585 1371 3770 1425 extol-

457 1488 602 1528 num
634 1473 693 1525 et
739 1469 1072 1523 Iudaeorum
1122 1468 1180 1517 et
1235 1461 1564 1534 gentilium,
1599 1457 1965 1513 existentium
2001 1456 2058 1510 in
2161 1458 2376 1525 lantur,
2411 1461 2468 1513 et
2498 1458 2557 1513 in
2610 1458 2819 1514 talibus
2874 1460 3113 1515 exitibus
3156 1460 3549 1515 delectaberis.
3602 1460 3770 1514 Mane

464 1558 735 1615 omnibus
760 1556 972 1611 finibus
998 1556 1199 1607 terras:
1233 1558 1283 1605 et
1313 1554 1375 1604 ut
1418 1550 1542 1620 plus
1569 1548 1780 1613 dicam,
1809 1562 1919 1616 spes
1950 1544 2063 1598 eris
2163 1546 2396 1616 quidem
2417 1548 2552 1618 quia
2568 1538 3025 1618 vespera'clarius
3040 1552 3253 1620 est,pro
3272 1549 3651 1620 prosperitate
3664 1563 3775 1620 po-

461 1650 701 1705 omnium
731 1647 788 1699 in
816 1644 958 1697 mari
998 1642 1149 1711 longe
1198 1639 1540 1710 positorum,
1574 1635 1631 1689 id
1662 1634 1833 1689 estin
1864 1633 2064 1687 insulis
2166 1634 2343 1687 nitur.
2386 1635 2639 1707 Vespera
2679 1653 2837 1704 vero,
2882 1636 3019 1708 quia
3075 1653 3247 1691 mane
3288 1636 3605 1701 obscurior,
3660 1651 3770 1705 pro

470 1736 727 1803 marinis,
760 1750 888 1807 qua:
928 1732 1080 1801 longe
1111 1732 1166 1783 in
1193 1730 1337 1782 mari
1362 1727 1561 1798 positae
1592 1727 1743 1779 sunt.
1778 1722 1943 1787 Quod
1980 1724 2066 1775 est
2164 1721 2528 1777 adversitate.
2554 1724 2783 1778 Perboc
2810 1728 3006 1779 autem
3033 1724 3284 1780 ostendit
3309 1740 3407 1779 eos
3433 1722 3774 1795 perfectissi—

464 1826 684 1882 dicere:
719 1824 860 1895 Spes
889 1820 1003 1876 eris
1028 1818 1224 1874 salutis
1254 1814 1517 1871 omnium
1541 1817 1598 1868 et
1629 1813 1686 1867 in
1717 1815 1892 1879 terra,
1925 1813 1983 1865 et
2004 1810 2065 1864 in
2093 1820 2144 1879 Β
2166 1827 2293 1865 mos
2316 1810 2559 1877 futuros,
2574 1828 2705 1867 cum
2728 1815 2870 1868 tales
2896 1814 3076 1868 exitus
3088 1813 3453 1869 solummodo
3474 1810 3775 1885 perfectis-

462 1914 612 1971 mari
633 1910 1042 1969 habitantium.
2167 1898 2447 1954 simorum
2476 1900 2610 1968 sint,
2645 1906 2701 1956 et
2722 1918 2825 1972 per
2845 1903 2952 1957 hoc
2978 1902 3257 1957 delectabis
3286 1902 3346 1956 in
3377 1901 3647 1972 gentibus
3667 1900 3780 1953 exi-

535 2003 699 2059 Unde
716 1992 1634 2073 legitur:Veniensevangelizavit
1652 2007 1850 2065 pacem
1871 1988 2067 2061 bisqui
2171 1994 2253 2041 tus
2280 1992 2541 2045 matutini
2568 1998 2618 2045 et
2645 2007 2855 2063 vespere
2886 2008 2898 2046 :
2935 1992 3100 2056 Quod
3155 1992 3389 2046 visitasti
3413 1997 3610 2044 terram
3651 2003 3779 2043 om-

463 2092 867 2164 ]ongesunt,et
884 2083 1677 2159 bisquiprope(Ephes.n,l7);
1699 2081 1783 2135 vel
1802 2079 1880 2135 sic
1902 2096 1914 2133 :
1939 2078 2069 2148 Spes
2170 2093 2306 2131 nem
2328 2078 2563 2146 scilicet,
2599 2079 2658 2133 id
2693 2083 2779 2149 est
2807 2080 3059 2135 visitabis
3108 2082 3166 2134 et
3211 2082 3415 2150 gentes
3462 2082 3519 2132 et
3540 2076 3776 2131 Iudaeos

467 2181 579 2237 eris
601 2179 796 2235 salutis
810 2178 1050 2231 omnium
1077 2176 1266 2244 ﬁnium
1288 2179 1455 2238 terrm,
1485 2171 1538 2225 id
1559 2173 1643 2225 est
1660 2170 1786 2239 jam
1804 2166 2068 2222 omnium
2172 2165 2267 2237 qui
2292 2168 2506 2221 terreni
2536 2172 2689 2235 sunt,
2712 2172 2770 2224 et
2810 2170 2919 2224 hoc
2956 2170 3151 2236 modo,
3183 2169 3396 2224 scilicet
3449 2165 3604 2239 quod
3659 2166 3774 2217 ine-

466 2267 795 2325 ﬂnientium
814 2265 873 2319 in
891 2262 1361 2318 seterrenitatem
1384 2257 1881 2326 fidelium,scilicet
1899 2255 2070 2310 exJu-
2175 2253 2371 2309 briasti
2397 2273 2534 2322 eam,
2570 2257 2627 2311 id
2653 2260 2738 2311 est
2768 2258 3017 2329 replebis
3045 2274 3176 2312 eam
3208 2256 3423 2329 Spiritu
3453 2256 3651 2310 sancto
3675 2250 3779 2323 qui

468 2355 733 2428 deis,qui
745 2354 871 2425 jam
891 2353 941 2423 ej
951 2369 1014 2406 us
1030 2349 1299 2405 notitiam
1318 2351 1375 2402 et
1387 2346 1561 2401 fidem
1576 2349 1709 2400 ante
1727 2344 1849 2415 ejus
1864 2343 2072 2398 adven-
2171 2358 2289 2397 non
2322 2345 2622 2413 permittet
2633 2348 2761 2416 post
2777 2363 2907 2401 eam
2935 2346 3274 2416 sentire,_vel
3294 2360 3565 2419 prospera
3577 2346 3639 2397 ut
3657 2341 3778 2428 ele-

465 2448 594 2500 tum
613 2427 805 2514 adepti
826 2440 1109 2507 sunt,etin
1123 2440 1435 2508 futurospes
1458 2436 1635 2490 erisin
1650 2451 1788 2488 man
1811 2433 1961 2501 longe
1974 2447 2074 2501 po-
2171 2434 2361 2499 vetur;
2390 2434 2474 2486 vel
2508 2434 2763 2501 adversa,
2794 2438 2857 2489 ut
2899 2434 3226 2506 frangatur;
3261 2435 3334 2489 ad
3364 2433 3605 2488 modum
3633 2427 3779 2495 vini,

468 2530 799 2595 sitorum,id
817 2534 903 2584 est
920 2526 1362 2598 infidelium,qui
1377 2526 1562 2580 adhuc
1582 2522 1837 2594 longe,id
1854 2525 1937 2576 est
1954 2521 2069 2574 val-
2170 2520 2325 2591 quod
2353 2538 2418 2575 ex
2442 2539 2659 2593 magna
2689 2528 2850 2597 parte
2871 2541 3103 2579 sensum
3131 2524 3319 2579 aufert
3344 2524 3420 2578 illi
3456 2538 3627 2595 quem
3650 2520 3778 2575 ine-

466 2620 680 2676 desunt
705 2618 761 2673 in
796 2615 1207 2672 amaricatione
1232 2612 1583 2668 infidelitatis
1612 2628 1757 2678 suae;
1788 2610 1884 2680 qui
1915 2609 1988 2663 ad
2014 2612 2070 2662 te
2170 2608 2343 2663 briat.
2376 2610 2540 2674 Quod
2590 2616 2675 2666 est
2721 2613 2910 2667 dicere
2937 2630 2950 2667 :
2982 2614 3217 2668 Terram
3276 2612 3543 2677 visitabis,
3594 2611 3668 2665 sit
3710 2614 3780 2665 ut

465 2710 883 2763 convertentur
900 2708 1164 2776 tempore
1183 2701 1459 2758 Dominici
1480 2699 1751 2756 hominis.
1772 2700 2069 2753 Marecon-
2170 2713 2300 2752 eam
2329 2701 2554 2771 repleas
2579 2702 2764 2772 gratia
2784 2701 3046 2772 spiritali,
3081 2705 3139 2755 et
3160 2718 3275 2756 non
3300 2700 3541 2773 simplici
3564 2700 3774 2772 gratia:

465 2813 608 2868 grue
630 2791 1199 2868 proiamaricatione
1217 2790 1471 2863 ponitur,
1492 2789 1625 2861 quia
1652 2805 1744 2843 res
1782 2786 2070 2841 amarissi-
2169 2786 2271 2841 sed
2324 2788 2708 2859 multiplicusti,
2741 2790 2797 2844 id
2851 2793 2936 2844 est
2984 2790 3410 2863 multiplicabis,
3464 2789 3781 2861 locupletare

467 2867 567 2940 ma
819 2886 922 2937 est.
954 2881 1216 2937 Ostendit
1244 2882 1439 2934 autem
1470 2878 1724 2950 ipsorum
1750 2876 2073 2947 positorum
2171 2892 2309 2943 eam,
2334 2879 2572 2943 terram,
2606 2878 2663 2932 id
2686 2881 2770 2932 est
2797 2878 3194 2949 multipliciter
3237 2878 3611 2949 locupletabis
3640 2894 3777 2933 eam

462 2973 524 3028 in
556 2973 702 3029 mari
726 2971 1160 3028 conversionem
1174 2972 1232 3024 et
1255 2968 1627 3023 salvationem
1642 2983 1745 3037 per
1765 2965 2069 3036 apostelos,
2172 2980 2206 3018 a
2232 2965 2467 3020 diversis
2521 2966 2687 3020 donis
2728 2967 2909 3021 sancti
2965 2966 3228 3038 Spiritus.
3252 2967 3417 3021 Juxta
3440 2966 3581 3021 illud
3605 2965 3782 3021 Joelis

466 3077 610 3133 quos
643 3062 790 3116 Deus
818 3058 1194 3131 praeparabit,
1225 3056 1441 3111 faciens
1490 3072 1589 3109 eos
1632 3060 1848 3121 montes,
1881 3052 1941 3107 id
1988 3055 2073 3106 est
2094 3104 2141 3164 Ο
2171 3054 2467 3124 prophetas
2493 3072 2506 3109 :
2533 3055 2877 3110 «Effundam
2893 3056 2963 3110 de
2984 3055 3183 3127 spiritu
3207 3072 3338 3110 meo
3352 3070 3777 3125 superomnem

468 3150 480 3160 -
593 3149 624 3164 σι
765 3149 779 3164 1
804 3148 837 3164 ιο
1053 3149 1088 3164 ,1
1137 3146 1150 3164 1
1188 3162 1201 3164 _
1225 3161 1238 3164 -
1277 3145 1343 3164 ,9-
1386 3144 1505 3164 12-31
1541 3160 1552 3164 -
1609 3142 1738 3164 ηε--
1794 3141 1937 3164 ---ιλ
1969 3157 2071 3164 ΛΜ--
2171 3145 2381 3164 ι-....-..-
2416 3144 2433 3164 Ι
2460 3143 2562 3164 1-ᾼ1
2602 3160 2638 3164 --
2693 3145 2784 3164 nn\
2882 3144 3098 3164 “2--__l
3131 3144 3324 3164 ,ιεηηξκ
3349 3161 3360 3164 _
3393 3143 3571 3164 ο--ηι--
3595 3143 3753 3164 -_._-I

466 3150 526 3204 in
555 3149 669 3203 vita
697 3148 989 3213 sublimes,
1038 3149 1096 3200 et
1136 3146 1244 3200 hoc
1271 3145 1348 3199 sic
1376 3144 1513 3199 dicit
1540 3160 1554 3198 :
1608 3142 1742 3197 Dico
1788 3141 1943 3213 quod
1962 3157 2072 3211 spes
2095 3141 2141 3164 “‘
2171 3145 2387 3196 terram
2415 3143 2575 3211 (Joel.
2602 3160 2661 3208 ιι,
2693 3145 2803 3213 28).
2829 3165 2856 3192 ››
2882 3144 3106 3199 Diceret
3126 3144 3361 3215 aliquis:
3393 3143 3615 3198 Suntne
3633 3143 3783 3196 mul-

475 3238 588 3293 eris
616 3240 854 3292 omnium
878 3238 1069 3306 ﬁnium
1129 3241 1299 3301 terrae,
1330 3241 1379 3286 et
1418 3235 1472 3286 in
1521 3233 1669 3286 mari
1698 3231 1874 3300 longe,
1908 3233 1965 3283 et
2011 3233 2074 3284 tu
2172 3230 2392 3301 tiplices
2452 3232 2926 3304 locupletationes
2956 3232 3159 3301 gratiae
3190 3232 3457 3303 spiritalis
3486 3232 3515 3286 ?
3555 3233 3641 3286 Ad
3665 3232 3782 3287 hoc

474 3325 605 3393 eris,
625 3341 940 3396 praeparans
997 3329 1217 3388 montes,
1270 3321 1327 3375 id
1358 3323 1444 3374 est
1492 3318 1802 3391 apostolus,
1855 3320 1918 3372 in
1972 3320 2075 3370 vir-
2173 3318 2431 3389 sequitur
2459 3319 2777 3390 responsio,
2811 3319 2916 3375 sic:
2951 3319 3785 3391 Vercmultipliciterlocuple-

468 3419 581 3467 tute
609 3418 726 3478 tua,
750 3412 809 3466 id
842 3414 929 3465 est
973 3410 1033 3464 in
1083 3409 1409 3464 constantia
1437 3405 1886 3478 praedicationis,
1920 3409 1978 3458 et
2014 3404 2074 3458 in
2174 3409 2297 3460 tare
2318 3407 2532 3477 poteris
2562 3424 2691 3462 eam
2723 3408 2910 3480 gratia
2935 3407 3179 3479 Spiritus
3204 3408 3423 3476 sancti;
3481 3425 3621 3463 nam
3670 3410 3784 3479 [lu-

471 3501 739 3557 omnibus
765 3498 1087 3564 virtutibus,
1122 3496 1356 3569 quaseis
1382 3495 1544 3550 dabis
1570 3511 1583 3549 :
1612 3499 1669 3549 et
1683 3493 1795 3548 eris
1808 3495 2077 3548 accinctus
2174 3511 2296 3550 men
2329 3496 2433 3549 Dei
2452 3495 2711 3567 repletum
2750 3503 2824 3549 est
2856 3498 3028 3567 aquis,
3062 3497 3120 3551 id
3161 3501 3247 3551 est
3277 3497 3522 3567 Spiritus
3552 3501 3785 3552 sanctus

458 3591 724 3661 potentia,
758 3587 816 3641 id
845 3589 933 3641 est
974 3586 1109 3657 ipsis
1153 3584 1427 3657 apostolis
1471 3582 1801 3654 potentibus
1847 3580 1906 3635 in
1965 3581 2075 3635 mi-
2180 3584 2275 3656 qui
2307 3586 2514 3640 dicitur
2551 3586 2792 3651 flumen,
2840 3602 2909 3641 eo
2940 3587 3093 3657 quod
3138 3587 3337 3641 fideles
3365 3587 3673 3659 refrigeret
3730 3590 3789 3642 et

469 3677 697 3744 raculis,
730 3675 827 3748 qui
850 3677 1019 3730 erunt
1056 3672 1381 3745 emphatice
1406 3671 1665 3743 potentia
1693 3674 1810 3737 tua,
1843 3669 2080 3724 circum-
2179 3673 2346 3728 satict
2367 3675 2438 3729 ad
2472 3675 2710 3729 modum
2734 3674 3010 3741 ﬂuminis,
3040 3674 3298 3745 repletus
3314 3678 3399 3729 est
3418 3674 3602 3746 aquis,
3621 3674 3679 3730 id
3703 3679 3791 3730 est

469 3766 728 3832 vallatus,
767 3780 801 3819 a
842 3762 1215 3817 similitudine
1256 3760 1474 3815 strenui
1500 3758 1780 3830 ducis,qui
1808 3757 2081 3811 militibus
2180 3763 2378 3818 multis
2393 3764 2559 3818 donis
2580 3763 2834 3829 diversis,
2860 3762 3067 3835 quibus
3109 3763 3307 3817 fideles
3334 3766 3612 3834 palantur
3644 3763 3791 3817 sicut

472 3854 585 3910 suis
614 3852 950 3925 accingitur.
1014 3850 1073 3905 id
1103 3853 1189 3904 est
1219 3848 1705 3913 circumvallatur,
1760 3849 1821 3900 ut
1850 3862 1954 3916 per
1983 3861 2082 3899 eos
2182 3867 2422 3922 aqua,ex
2444 3851 2565 3921 ipso
2584 3850 3061 3920 tlumineparasti,
3085 3850 3141 3905 id
3156 3854 3238 3904 est
3262 3850 3511 3920 parabis,
3534 3851 3709 3904 cibum
3725 3850 3791 3903 il-

471 3944 740 3999 inimicos
766 3958 894 3997 suos
943 3942 1253 4013 expugnet.
1285 3938 1450 4003 Quod
1493 3939 1579 3990 est
1599 3936 1821 3991 dicere:
1858 3936 2083 4004 Prwpa-
2183 3939 2375 4005 lorum,
2408 3955 2521 4009 quo
2555 3939 2611 3992 in
2669 3939 2865 3993 anima
2889 3938 3185 3992 satientur.
3218 3939 3381 4002 Quod
3431 3942 3515 3993 est
3557 3938 3787 3993 dicere:

473 4032 629 4087 rabis
658 4047 777 4097 eos,
811 4033 871 4083 ut
896 4028 1009 4083 sint
1051 4028 1109 4081 in
1137 4024 1578 4096 beneplacentia
1637 4027 1694 4077 et
1748 4022 2084 4077 obedientia
2181 4027 2374 4096 Ipsum
2402 4027 2618 4081 flumen
2650 4026 2825 4080 facies
2853 4043 2973 4081 esse
3003 4026 3193 4080 cibum
3224 4027 3478 4094 illorum,
3509 4027 3605 4098 qui
3631 4027 3794 4081 cibus

475 4124 598 4185 tua,
621 4119 716 4189 qui
761 4117 1049 4171 conturbas
1095 4114 1438 4187 profundum
1502 4114 1685 4178 maris,
1740 4110 1799 4165 id
1829 4112 1914 4164 est
1943 4126 2080 4164 con-
2184 4118 2268 4167 est
2280 4114 2443 4186 panis
2457 4115 3283 4187 vitmetintellectus:quoniam
3300 4118 3374 4169 ita
3386 4118 3792 4186 estpra’paratio

475 4205 721 4261 turbatis
742 4220 846 4275 per
869 4202 1344 4275 prtedicationem
1372 4204 1645 4255 eteorum
1673 4200 1830 4253 bona
1858 4201 2085 4253 contur—
2184 4204 2316 4273 ejus,
2340 4203 2470 4269 cibi,
2499 4204 2557 4258 id
2579 4209 2662 4259 est
2674 4208 3032 4277 pra-paratur
3060 4204 3270 4275 ita,per
3291 4209 3347 4258 te
3369 4205 3596 4260 scilicet.
3623 4205 3792 4270 Quod

476 4294 711 4350 batione
733 4292 859 4346 illos
884 4291 981 4363 qui
1024 4289 1297 4361 profundi
1365 4292 1498 4343 sunt
1528 4288 1587 4342 in
1617 4286 1789 4354 mari,
1824 4286 1884 4341 id
1914 4291 2001 4341 est
2024 4286 2083 4340 in
2186 4296 2271 4347 est
2302 4292 2520 4347 dicere:
2554 4294 2787 4347 Necesse
2831 4298 2917 4348 est
2960 4297 3023 4347 ut
3052 4296 3113 4347 tu
3141 4294 3222 4348 eis
3250 4294 3441 4349 cibum
3476 4310 3791 4368 prsepares,

478 4381 831 4438 infidelitatis
862 4377 1293 4444 amaricatione,
1317 4375 1818 4448 gentilesscilicet:
1844 4378 1902 4429 et
1929 4378 2084 4445 post-
2109 4388 2162 4446 1)
2187 4380 2463 4451 quoniam
2496 4381 2661 4436 aliter
2691 4398 2806 4436 non
2827 4384 3017 4453 posset
3048 4382 3360 4453 prmparari
3392 4382 3529 4437 Orat
3559 4400 3695 4437 vero
3728 4387 3794 4437 ut

480 4486 657 4544 quam
668 4467 1096 4524 conturbaveris
1116 4466 1431 4521 secundum
1446 4466 1553 4519 boc
1571 4464 1725 4537 quod
1747 4467 1880 4518 sunt
1902 4479 2083 4529 mare,
2188 4469 2343 4539 quod
2369 4470 2670 4537 nuntiavit,
2693 4470 2951 4524 futurum
2986 4470 3063 4524 sic
3091 4471 3410 4542 contingat.
3430 4471 3571 4527 Cum
3602 4472 3789 4539 addit,

479 4557 849 4615 conturbabis
873 4556 1053 4612 etiam
1084 4557 1316 4610 sonitum
1344 4556 1607 4625 fluctuum
1661 4553 1773 4623 eius
1805 4553 2000 4620 maris,
2028 4551 2088 4606 id
2188 4557 2300 4612 dixi
2333 4559 2486 4630 quod
2515 4558 2826 4613 inebriabis
2858 4563 3096 4626 terram,
3138 4562 3196 4612 et
3220 4559 3297 4613 sic
3318 4560 3438 4625 fiat,
3469 4561 3794 4628 Deus,rivos

482 4650 568 4702 est
618 4644 1135 4700 contradictionem
1204 4647 1262 4697 et
1328 4641 1790 4715 persecutionem
1832 4641 2085 4708 illorum,
2188 4646 2322 4716 eius,
2360 4631 2738 4716 terrm
2760 4647 2982 4701 inebria.
3018 4648 3080 4702 In
3130 4646 3243 4701 alia
3275 4648 3651 4702 translatione
3685 4648 3790 4701 ba-

481 4735 578 4809 qui
609 4738 844 4806 pr0pter
872 4732 1346 4787 amaricationem
1378 4729 1740 4785 infidelitatis
1772 4732 1943 4783 erunt
1975 4730 2083 4783 flu-
2184 4732 2372 4799 betur,
2394 4734 2561 4787 sulcos
2588 4735 2721 4805 ejus,
2755 4738 2888 4800 etc.,
2922 4738 2979 4788 et
3010 4735 3352 4807 bene,‘quod
3380 4735 3435 4789 in
3464 4736 3569 4789 hac
3600 4738 3790 4790 trans-

481 4829 624 4889 ctus,
652 4822 711 4877 id
738 4825 824 4876 est
853 4820 1208 4876 exundantes
1256 4821 1460 4874 contra
1502 4822 1629 4873 tuos
1683 4818 1741 4872 in
1772 4817 2087 4871 tribulatio-
2184 4820 2399 4875 latione
2423 4823 2676 4891 rivospro
2703 4822 2872 4876 sulcis
2895 4822 3081 4892 ponit,
3100 4839 3168 4877 eo
3187 4822 3343 4893 quod
3371 4822 3626 4877 rivorum
3649 4824 3792 4879 s’ulci

481 4914 649 4968 nibus
674 4910 747 4966 ad
777 4910 1017 4965 modum
1041 4908 1319 4964 ﬂuctuum
1350 4906 1788 4961 exundantium-
1819 4905 1982 4969 ΟυΟά
1999 4907 2084 4959 est
2185 4910 3093 4977 obtineantsimititudinem,cum
3107 4911 3179 4965 ad
3194 4911 3431 4966 modum
3447 4910 3699 4966 rivorum
3716 4913 3795 4967 ri-

482 5002 671 5057 dicere
695 5016 709 5055 :
743 5001 1055 5072 Postquam
1078 5013 1283 5053 eorum
1299 4996 1699 5051 infidelitatem
1715 4994 2079 5059 destruxeris,
2181 5013 2284 5068 pas
2312 4998 2527 5053 habere
2543 4998 3005 5053 videantur.Dico
3025 5001 3163 5052 rivos
3177 4999 3290 5068 ejus
3307 5002 3473 5053 terra!
3488 4999 3712 5063 inebria,
3729 5000 3792 5056 id

480 5091 739 5147 destrues
769 5088 945 5144 etiam
975 5105 1073 5143 eos
1098 5086 1156 5140 in
1169 5087 1279 5142 hoc
1304 5102 1377 5140 ne
1404 5085 1515 5139 tuis
1533 5084 1767 5139 ulterius
1792 5082 2081 5138 contradi-
2182 5088 2265 5139 est
2292 5087 2449 5157 reple
2481 5087 2667 5158 gratia
2698 5086 2938 5158 spiritali
2996 5087 3171 5141 corda
3202 5087 3350 5140 illius
3395 5090 3584 5153 terras,
3617 5086 3792 5144 scissa

479 5182 633 5245 cant,
665 5180 723 5232 et
747 5193 845 5232 eos
888 5177 1331 5248 persequantur.
1388 5173 1573 5244 Digne
1616 5172 1829 5243 quippe
1878 5186 2081 5226 eorum
2182 5178 2241 5229 et
2269 5174 2483 5228 sulcata
2510 5190 2745 5229 vomere
2794 5174 3235 5246 praedicationis,
3292 5174 3352 5229 id
3377 5179 3465 5229 est
3489 5178 3688 5245 aperta
3714 5175 3792 5231 ad

478 5265 961 5323 contradictiones
990 5281 1163 5320 sonus
1190 5264 1480 5329 dicuntur,
1513 5277 1582 5317 eo
1616 5261 1771 5333 quod
1802 5277 1933 5315 cum
1964 5276 2084 5314 ma-
2182 5261 2652 5335 prmdicationem
2685 5262 3098 5334 recipiendam,
3128 5279 3255 5334 qua:
3273 5262 3428 5333 prius
3457 5263 3647 5317 clausa
3662 5267 3791 5318 erat

478 5371 593 5427 gno
626 5344 768 5409 sono
798 5354 963 5408 facta:
995 5356 1147 5407 sunt.
1182 5350 1410 5423 Repetit
1440 5353 1632 5405 autem
1685 5348 1840 5420 quod
1870 5349 2078 5419 posuit,
2181 5366 2285 5422 per
2312 5349 2736 5416 infidelitatem,
2767 5350 2839 5404 ad
2880 5349 3117 5404 modum
3149 5353 3319 5405 terrae
3378 5365 3504 5423 quae
3557 5350 3629 5404 ad
3675 5351 3788 5406 hoc

408 5482 421 5487 -
475 5443 760 5497 conturbas
774 5441 1114 5515 profundum
1153 5441 1339 5498 maris.
1392 5441 1454 5494 ut
1479 5437 1655 5493 addat
1698 5436 2076 5505 turbabuntur,
2180 5437 2478 5503 scinditur,
2512 5438 3027 5504 sulcatur,vomere
3044 5438 3319 5510 aperitur,
3356 5442 3417 5492 ut
3442 5453 3641 5492 semen
3668 5455 3788 5493 sus-

474 5531 735 5602 inquam,
760 5538 957 5600 gentes,
987 5547 1115 5602 quas
1142 5531 1276 5585 sunt
1291 5526 1644 5602 profundum
1674 5525 1879 5583 maris:
1914 5529 1976 5581 ut
2005 5526 2076 5582 ti-
2178 5525 2371 5599 cipiat,
2412 5529 2470 5580 et
2500 5525 2839 5582 inebriando
2872 5526 3057 5580 sulcos
3094 5525 3235 5595 ejus,
3291 5525 3585 5597 multiplica
3627 5529 3787 5595 geni-

473 5621 673 5676 meant
704 5618 776 5673 de
830 5617 1080 5693 peccatis
1105 5617 1219 5675 suis
1263 5615 1455 5675 servili
1486 5614 1698 5673 timore
1755 5613 1987 5685 scilicet,
2015 5619 2075 5672 et
2176 5618 2323 5671 mina
2352 5614 2486 5686 ejus,
2512 5614 2571 5670 id
2602 5618 2690 5670 est
2712 5614 2892 5670 multa
2949 5613 3024 5669 da
3060 5612 3140 5670 illi
3193 5614 3491 5686 genimina
3523 5630 3537 5670 :
3567 5615 3797 5675 multos
