3970 6040
132 280 235 358 tu

1120 292 1476 360 EXPOSITIO
1508 293 1580 358 IN
1616 293 1951 360 PSALMOS.
1988 327 2063 347 --
2100 292 2301 361 PSAL.
2342 292 2472 360 LXV

3350 294 3457 369 9&2

129 416 345 476 scilicet
367 431 721 505 successores
764 412 913 477 ﬁlios
939 417 1245 495 spiritales,
1278 419 1349 479 de
1409 406 1678 479 doctrina
1705 419 1821 494 etA
1842 437 1948 496 pro
1974 417 2284 480 victoribus
2309 422 2567 497 ponitur,
2592 437 2726 481 cum
2741 416 2982 483 victores
3002 422 3229 486 caronis
3250 426 3456 506 saepius

133 511 259 582 ejus
300 508 414 564 fide
436 497 937 581 germinanteszet
963 511 1007 566 si
1040 513 1149 567 hoc
1178 513 1402 583 feceris,
1432 515 1745 582 germinans

133 601 374 674 quisque
393 600 659 654 laetabitur
679 601 735 654 in
758 601 1048 656 stillicidiis
1092 603 1225 672 ejus,
1269 602 1547 665 ﬂuminis,
1576 602 1744 657 susci-

131 689 380 762 piendis,
409 689 468 743 id
500 692 585 743 est
614 689 880 744 laetanter
924 691 1232 762 suscipient
1276 691 1573 762 genimina
1620 692 1743 763 ejus

130 782 326 845 terrae,
347 778 634 833 stillicidia
648 779 769 849 ejus
782 778 1059 846 ﬂuminis,
1094 780 1152 833 id
1183 783 1268 835 est
1292 780 1582 835 doctrinas
1613 797 1741 853 quae

130 869 206 925 ab
232 885 301 923 eo
322 867 649 922 stillabunt:
678 868 765 921 vel
796 866 872 921 sic
896 868 1199 941 possenthi
1218 872 1330 924 tres
1352 886 1544 924 versus
1578 870 1690 942 legi
1723 887 1736 925 :

127 956 328 1012 Exitus
351 959 609 1011 matutini
633 963 684 1009 et
709 974 913 1028 vespere
939 957 1218 1011 delectabis
1253 957 1312 1011 in
1345 960 1650 1031 gentibus;
1683 963 1740 1014 et

127 1062 237 1120 per
264 1047 373 1101 hoc
397 1046 696 1115 delectabis,
727 1046 862 1117 quia
899 1049 1125 1101 visitasti
1151 1054 1366 1115 terram,
1399 1048 1458 1102 id
1489 1053 1573 1103 est
1597 1066 1738 1120 gen-

128 1137 221 1190 tes
250 1135 640 1206 solummodo,
665 1142 715 1189 et
740 1135 817 1190 sic
847 1135 1081 1191 visitasti
1103 1137 1259 1208 quod
1298 1137 1582 1191 inebriasti
1599 1153 1738 1206 eam,

125 1226 506 1297 multiplicasti
533 1224 847 1296 locupletare
874 1242 990 1279 eam
1020 1227 1143 1280 haec
1180 1230 1498 1282 mutantur.

205 1314 465 1371 Ostendit
490 1318 686 1369 autem
704 1331 816 1386 quo
835 1313 1036 1370 ordine
1068 1315 1315 1370 visitabit
1337 1319 1579 1383 terram,
1621 1315 1696 1371 sic
1721 1332 1735 1371 :

125 1404 266 1460 Dico
296 1404 451 1475 quod
482 1402 733 1457 visitabis
760 1405 999 1468 terram,
1029 1407 1086 1458 et
1106 1403 1215 1460 hoc
1248 1405 1430 1459 facies
1477 1422 1582 1477 per
1629 1405 1737 1460 ﬂu-

124 1493 355 1560 men,id
366 1495 452 1547 est
465 1508 569 1564 per
583 1491 934 1562 primitivam
956 1493 1262 1549 Ecclesiam
1288 1494 1358 1549 de
1378 1494 1739 1567 Judaeis,quae

127 1582 341 1638 dicitur
367 1581 607 1647 ﬂumen,
641 1596 709 1635 eo
741 1580 897 1651 quod
926 1597 992 1634 ex
1024 1599 1093 1636 ea
1124 1582 1530 1654 praedicatores
1544 1599 1740 1654 proce-

126 1670 291 1737 dent,
323 1668 469 1723 sicut
486 1655 557 1722 de
572 1668 810 1723 ﬂumine
830 1668 933 1723 rivi
944 1670 1284 1741 procedunt.
1322 1672 1465 1726 Nam
1480 1671 1619 1726 illud
1628 1673 1735 1743 ﬂu-

1840 515 2231 583 honorentur;
2264 518 2323 569 et
2351 515 2429 570 sic
2456 516 2765 587 exponitur
2801 535 2813 572 :
2845 518 3111 575 benedices
3135 537 3450 577 coronaren-

1842 606 1901 658 ni
1931 606 2279 675 benignitatis
2310 612 2431 671 tuas,
2457 606 2515 660 id
2537 609 2621 660 est
2647 606 2831 678 gloria
2851 607 3189 663 sublimabis
3209 611 3453 667 victores

1841 694 2219 748 salvandosin
2260 710 2412 748 anno
2438 694 2815 765 benignitatis
2843 699 2977 763 tuae,
3012 712 3216 751 omnes
3240 699 3455 755 scilicet

1839 780 2054 848 ﬁdeles,
2085 782 2180 854 qui
2197 783 2351 836 hunc
2377 782 2661 836 mundum
2688 784 3099 854 bene|vivendo
3123 784 3444 843 devincent.

1842 869 2435 947 CumdicitzBenedz'ces
2445 870 2747 939 coronande
2769 872 3035 927 universa
3049 874 3298 929 Ecclesia
3308 876 3450 947 agit.

2128 959 2292 1024 Quod
2312 960 2489 1015 etiam
2511 976 2614 1031 per
2628 964 2819 1033 partes
2832 962 3155 1031 exponitur,
3185 964 3292 1019 sic:
3319 943 3449 1021 Dico

1840 1048 1995 1119 quod
2029 1049 2287 1103 benedice;
2317 1066 2543 1111 coronas,
2575 1049 2659 1103 ita
2688 1049 2920 1118 scilicet,
2955 1052 3113 1123 quod
3164 1059 3215 1107 et
3272 1054 3451 1126 campi

1841 1139 1940 1203 tui,
1970 1137 2065 1208 qui
2088 1140 2257 1191 erunt
2282 1154 2412 1208 pars
2443 1137 2591 1192 illius
2625 1153 2874 1206 coronae,
2904 1139 3117 1195 scilicet
3142 1140 3339 1197 fideles
3352 1144 3448 1198 Juv

1841 1224 1949 1279 dmi
1976 1224 2073 1296 qui
2105 1225 2371 1280 dicuntur
2401 1226 2614 1298 campi,
2668 1243 2736 1280 eo
2792 1228 2946 1298 quod
2994 1228 3119 1299 jam
3172 1229 3452 1287 habentes
3512 1216 3515 1221 I

1840 1312 1941 1367 Dei
1969 1313 2233 1368 notitiam
2259 1314 2569 1369 habiliores
2592 1315 2829 1369 fuerunt
2858 1332 3033 1387 quam
3051 1322 3253 1388 gentes
3267 1319 3340 1374 ad
3354 1319 3453 1375 do-

1841 1400 2042 1456 ctrinas
2068 1418 2269 1456 semen
2300 1402 2706 1473 recipiendum
2729 1421 2742 1458 :
2765 1403 2909 1457 sicut
2935 1407 3450 1477 campihabiliores

1840 1494 1972 1545 sunt
2002 1507 2179 1563 quam
2211 1495 2518 1546 montuosa
2534 1494 2693 1546 terra
2711 1492 2783 1547 ad
2810 1509 3008 1547 semen
3022 1495 3452 1566 suscipiendum

1838 1578 2259 1648 replebuntur,in
2273 1579 2732 1653 futuro,ubertate
2751 1581 3122 1637 beatitudinis
3138 1586 3371 1639 aeternas
3393 1586 3453 1639 et

1838 1664 1897 1720 in
1925 1666 2123 1721 anima
2148 1672 2205 1722 et
2226 1667 2285 1721 in
2306 1682 2566 1738 corpore.
2608 1668 3131 1739 Etspeciosadeserti,
3165 1688 3293 1743 quae
3317 1675 3452 1727 sunt

123 1776 252 1813 men
277 1758 383 1812 Dei
399 1757 653 1828 repletum
676 1764 770 1825 est,
798 1757 857 1811 id
881 1762 967 1812 est
995 1759 1330 1828 replebitur,
1358 1763 1530 1833 aquis,
1562 1760 1621 1815 id
1653 1762 1740 1814 est
1764 1769 1815 1828 Β
1839 1755 1950 1810 alia
1979 1772 2113 1827 pars
2142 1772 2394 1819 coronas,
2423 1755 2482 1810 id
2510 1760 2597 1811 est
2627 1761 2850 1828 gentes,
2899 1774 3025 1829 qua
3056 1776 3123 1814 ex
3148 1760 3258 1815 hoc
3294 1761 3451 1832 quod

124 1848 343 1903 multos
381 1845 615 1901 habebit
648 1846 1074 1916 praedicatores,
1109 1848 1205 1920 qui
1244 1849 1516 1904 dicuntur
1547 1867 1734 1922 aqum,

126 1952 200 1992 eo
222 1935 377 2008 quod
416 1934 557 1989 alios
589 1934 662 1988 ad
694 1935 935 1989 modum
970 1953 1252 2008 aquarum
1312 1938 1577 1993 doctrina
1635 1956 1735 1994 sua

120 2027 351 2098 potent.
378 2025 448 2077 Et
477 2026 560 2091 tu,
588 2025 757 2091 Deus,
774 2026 980 2095 parasti
1006 2025 1179 2081 cibum
1210 2026 1443 2093 illorum,
1468 2026 1527 2081 id
1540 2030 1625 2081 est
1643 2044 1740 2099 pa-

118 2113 277 2170 rabis
306 2112 497 2167 cibum
528 2111 608 2167 illi
638 2111 887 2178 ﬂumini,
913 2113 1074 2168 dabis
1092 2114 1306 2169 scilicet
1351 2115 1403 2170 ei
1456 2115 1733 2187 Spiritum

120 2203 414 2269 sanctum,
449 2200 544 2272 qui
579 2200 690 2255 erit
715 2201 766 2255 ei
791 2200 973 2268 cibus,
998 2202 1056 2256 id
1088 2206 1174 2257 est
1203 2203 1368 2274 panis
1408 2203 1536 2258 vitae
1564 2207 1621 2259 et
1646 2205 1733 2259 in-

120 2291 404 2345 tellectus.
434 2289 557 2343 Non
590 2287 906 2360 incongrue
947 2306 1081 2345 vero
1130 2290 1355 2345 illorum
1385 2291 1634 2346 refertur
1662 2291 1735 2346 ad

127 2378 372 2444 ﬂumen,
402 2376 679 2448 quoniam
706 2379 764 2430 et
803 2378 848 2431 si
888 2378 946 2431 in
980 2378 1305 2434 litteratura
1330 2380 1642 2452 singulare,
1674 2381 1735 2435 in

121 2482 295 2521 sensu
322 2468 519 2519 tamen
548 2468 634 2519 est
663 2466 900 2535 plurale.
935 2466 1254 2542 Dicogquod
1284 2468 1513 2539 parabis
1542 2469 1734 2523 cibum

121 2554 658 2625 illorum,quoniam
685 2556 757 2606 ita
815 2560 908 2620 est,
964 2553 1024 2609 id
1088 2559 1174 2609 est
1238 2556 1368 2624 erit,
1405 2560 1735 2629 praeparatio

124 2644 260 2715 ejus,
279 2641 410 2710 cibi,
439 2642 499 2696 id
528 2645 613 2696 est
637 2642 804 2696 aliter
828 2645 1143 2715 praeparari
1192 2660 1310 2700 non
1352 2650 1561 2716 posset.
1598 2647 1737 2701 Orat

124 2734 322 2787 autem
364 2746 467 2804 pro
500 2730 637 2801 ipsis
668 2732 1165 2802 praedicatoribus,
1193 2750 1324 2789 cum
1353 2736 1514 2790 addit
1544 2753 1557 2789 :
1598 2736 1733 2792 Dico

124 2820 284 2893 quod
307 2822 507 2889 ﬂumen
529 2819 635 2872 Dei
655 2820 972 2890 replebitur
1002 2824 1175 2893 aquis,
1204 2822 1263 2876 id
1285 2826 1370 2877 est
1388 2824 1730 2895 praedicato-

120 2908 303 2977 ribus,
337 2911 395 2962 et
425 2911 506 2978 tu,
531 2908 698 2976 Deus,
733 2909 877 2962 rivos
904 2909 1017 2979 ejus
1051 2910 1249 2965 inebria
1298 2912 1486 2982 gratia
1507 2912 1733 2983 spirita-

121 2997 190 3063 li,
214 2995 622 3068 praedicatores
649 2995 861 3049 scilicet
905 2997 999 3067 qui
1042 3013 1108 3051 ex
1158 2999 1403 3053 ﬂumine
1443 3000 1734 3070 prodeunt

122 3089 193 3140 ut
220 3083 346 3150 rivi,
378 3087 437 3137 et
475 3100 577 3153 per
596 3083 1079 3139 rivosinebriatos
1117 3086 1415 3157 multiplica
1456 3090 1735 3159 genimina

120 3175 241 3243 ejus
272 3173 545 3238 ﬂuminis,
566 3172 725 3228 idest
752 3174 964 3228 multos
989 3173 1077 3228 fac
1108 3176 1440 3246 germinare
1473 3177 1618 3232 ﬁlios
1663 3178 1734 3232 de

116 3262 259 3320 rivis
280 3261 403 3333 ejus
422 3260 866 3325 ﬂuminis.Quod
893 3265 977 3316 est
988 3262 1177 3318 dicere
1202 3280 1214 3317 :
1242 3265 1443 3320 Multos
1462 3266 1532 3321 de
1552 3265 1735 3319 incre-

119 3349 276 3403 dulis
297 3349 354 3403 in
376 3349 573 3403 Iudaea
591 3348 680 3403 fac
709 3350 1039 3421 germinare
1063 3350 1120 3404 in
1143 3350 1255 3407 ﬁde
1271 3353 1341 3407 de
1356 3352 1734 3423 generatione

116 3440 185 3494 in
202 3438 772 3511 generationem,per
785 3440 1262 3511 praedicationem
1293 3442 1547 3497 rivorum
1575 3460 1589 3510 ;
1616 3442 1734 3498 etsi

116 3527 275 3583 rivos
288 3527 742 3595 inebriaveris,in
757 3529 1036 3583 stillicidiis
1047 3531 1161 3600 ejus
1180 3530 1455 3601 ﬂuminis,
1487 3530 1545 3585 id
1559 3534 1645 3585 est
1675 3531 1734 3585 in

116 3615 398 3671 doctrinis
424 3633 552 3689 quae
575 3616 871 3672 stillabant
909 3635 943 3671 a
991 3618 1123 3672 rivis
1144 3618 1418 3685 ﬂuminis,
1465 3618 1753 3686 la'tabitur,

113 3706 449 3776 germinans,
474 3703 533 3758 id
547 3707 633 3758 est
650 3704 881 3776 gentilis
909 3707 1154 3777 populus
1170 3705 1230 3760 in
1246 3705 1359 3761 ﬂde
1374 3706 1731 3777 germinans.

118 3791 288 3856 Quod
333 3793 417 3845 est
454 3790 682 3847 dicere:
718 3792 840 3846 Non
859 3794 1045 3848 solum
1085 3793 1415 3848 Judusorum
1458 3796 1735 3865 populum

120 3879 460 3951 germinare
484 3879 716 3946 facient,
750 3881 851 3934 sed
883 3882 1058 3936 etiam
1092 3882 1392 3953 gentilem.
1427 3883 1495 3936 Et
1513 3884 1621 3936 hoc
1648 3885 1735 3938 to-

118 3970 252 4020 tum
292 3969 394 4032 est,
421 3982 487 4021 ac
513 3967 555 4021 si
585 3967 835 4022 breviter
866 3968 1082 4022 diceret
1110 3986 1122 4022 :
1148 3970 1262 4024 Hoc
1310 3970 1513 4024 ordine
1544 3969 1733 4024 visita-

116 4054 212 4111 bis
244 4057 483 4123 terram,
517 4058 720 4126 gentes
745 4056 974 4123 scilicet,
1008 4057 1165 4128 quod
1207 4057 1362 4130 prius
1422 4059 1733 4113 Ecclesiam

121 4141 482 4214 primitivam
511 4144 581 4198 de
611 4143 820 4197 Iudaeis
845 4145 1174 4209 constitues,
1212 4162 1339 4216 quas
1380 4147 1595 4201 multos
1632 4147 1735 4201 ha-

120 4231 317 4287 bitura
337 4233 423 4285 est
452 4231 880 4303 praedicatores,
910 4250 1014 4304 per
1043 4250 1186 4305 quos
1216 4238 1384 4288 terra.
1424 4234 1481 4289 id
1508 4238 1594 4289 est
1635 4252 1735 4307 po-

1841 1844 1998 1916 prius
2028 1844 2318 1899 desertum
2351 1848 2537 1911 erant,
2571 1845 2805 1908 scilicet,
2838 1847 2965 1918 lege
3024 1851 3081 1901 et
3113 1847 3214 1902 Dei
3244 1848 3451 1903 notitia

1839 1935 2120 1999 carentes,
2154 1932 2427 2004 speciosa;
2455 1933 2621 1988 factae
2652 1937 2785 1988 sunt
2833 1933 2891 1988 in
2924 1934 3035 1988 fide
3068 1938 3126 1990 et
3173 1936 3232 1990 in
3289 1937 3452 1992 omni

1840 2019 2114 2074 virtutum
2136 2024 2194 2075 et
2220 2021 2511 2076 bonorum
2546 2038 2788 2093 operum
2821 2022 3199 2095 perfectione,
3223 2026 3452 2096 pingue-

1837 2116 1999 2174 scent,
2019 2109 2076 2163 id
2105 2113 2190 2164 est
2214 2111 2597 2181 replebuntur
2618 2111 2826 2165 eadem
2845 2114 2902 2165 et
2926 2112 3266 2182 gaudebunt
3281 2115 3453 2169 uber-

1840 2200 1958 2253 tate
1983 2216 2097 2270 qua
2125 2202 2184 2253 et
2214 2199 2423 2271 campi.
2451 2200 2828 2271 Pinguescere
2856 2199 2992 2255 dicit
3021 2218 3055 2256 a
3074 2202 3450 2261 similitudine

1840 2285 2052 2353 divitis,
2076 2286 2174 2358 qui
2203 2289 2473 2342 omnibus
2503 2287 2716 2342 divitiis
2745 2289 3016 2360 repletus,
3042 2290 3451 2363 pinguescit,et

1838 2375 2056 2445 gaudet
2082 2374 2142 2429 in
2170 2375 2270 2429 eis.
2308 2376 2445 2440 Quae
2479 2391 2612 2430 vero
2644 2378 2702 2430 et
2730 2375 2921 2432 deserti
2946 2380 3175 2448 speciosa
3205 2382 3266 2434 et
3307 2396 3450 2435 cam-

1829 2463 2132 2533 pihabent
2155 2464 2330 2518 etiam
2364 2479 2493 2518 suas
2525 2466 2719 2534 partes
2753 2480 2766 2517 :
2799 2465 3067 2536 praelatos
3093 2466 3327 2538 scilicet,
3353 2469 3449 2542 qui

1838 2551 2013 2605 colles
2042 2550 2331 2618 dicuntur,
2350 2568 2418 2607 eo
2444 2552 2599 2623 quod
2616 2551 2738 2606 aliis
2763 2556 3019 2624 praesunt
3046 2557 3110 2610 ut
3140 2556 3311 2611 colles
3339 2558 3452 2614 val.

1836 2639 2006 2705 libus,
2030 2642 2087 2693 et
2107 2640 2396 2710 subjectos
2434 2639 2614 2696 dictos
2644 2641 2835 2709 valles,
2870 2642 3006 2714 quia
3035 2644 3289 2715 praelatis
3313 2647 3446 2701 sub-

1831 2727 2111 2799 jiciuntur
2138 2729 2283 2783 sicut
2310 2731 2482 2784 valles
2513 2730 2771 2797 collibus,
2828 2735 2886 2785 et
2933 2731 3169 2803 insuper
3197 2733 3454 2805 majores

1838 2819 1897 2871 et
1923 2816 2156 2871 altiores
2184 2820 2477 2890 praelatos,
2510 2818 2606 2889 qui
2627 2818 2893 2873 omnium
2911 2821 2969 2873 et
2993 2819 3227 2876 collium
3257 2826 3319 2877 et
3345 2822 3459 2877 val-

1837 2903 1978 2958 lium
2007 2905 2179 2961 duccs
2197 2909 2351 2972 sunt,
2380 2906 2525 2960 sicut
2553 2907 2761 2961 arietes
2785 2910 2843 2962 et
2868 2908 3061 2963 ovium
3090 2912 3147 2963 et
3165 2926 3455 2982 agnorum

1839 2992 2010 3047 duces
2040 2994 2308 3047 existunt.
2345 2994 2607 3049 Ostendit
2636 2999 2831 3050 autem
2879 3013 2983 3067 per
3030 3001 3224 3067 partes
3273 3016 3451 3072 quam

1840 3080 2162 3136 ubertatem
2213 3082 2509 3138 habebunt
2552 3086 2609 3137 et
2644 3086 2821 3154 campi
2867 3091 2917 3137 et
2961 3087 3189 3155 speciosa
3241 3087 3454 3155 deserti,

1837 3184 1967 3222 cum
2000 3169 2078 3223 sic
2103 3170 2401 3242 subjungit
2435 3188 2447 3224 :
2489 3171 2623 3226 Dico
2644 3204 2656 3214 ο
2676 3172 2831 3243 quod
2889 3176 3069 3244 campi
3122 3172 3489 3245 replebuntnr'

1840 3257 2389 3329 ubertate,etspeciosa
2400 3260 2592 3313 deserti
2593 3261 2942 3331 pinguescent
2961 3279 2978 3327 ;
2999 3264 3057 3316 et
3078 3262 3154 3318 sic
3176 3264 3456 3321 erit.Nam

1840 3352 1889 3400 et
1915 3346 2087 3414 colles,
2104 3348 2172 3402 id
2198 3350 2284 3402 est
2311 3348 2568 3403 minores
2598 3348 2905 3420 prmlati‘et
2928 3366 3270 3423 camporum
3286 3356 3344 3408 et
3366 3353 3461 3410 de-

1843 3434 1997 3502 serti,
2030 3436 2456 3505 accingentur,id
2471 3441 2558 3491 est
2574 3438 2956 3509 replebuntur
2981 3443 3040 3494 et
3061 3441 3458 3499 circumvalla-

1837 3522 2054 3577 buntur
2082 3527 2141 3577 et
2171 3523 2230 3578 in
2256 3540 2497 3597 corpore
2524 3528 2582 3579 et
2604 3525 2662 3578 in
2695 3526 2913 3589 anima,
2946 3529 3293 3584 exsultatione
3320 3530 3458 3587 bea-

1837 3609 2100 3664 titudinis
2121 3613 2375 3673 aeternae,
2395 3628 2428 3666 a
2451 3611 2827 3667 similitudine
2850 3613 2998 3669 illius
3028 3617 3123 3686 qui
3172 3634 3235 3672 re
3266 3618 3458 3691 aliqua

1842 3697 2180 3769 accingitur,
2206 3698 2264 3753 id
2295 3702 2379 3753 est
2408 3701 2564 3754 totus
2585 3700 2996 3769 circumdatur,
3035 3706 3092 3757 et
3123 3706 3334 3768 arietes,
3396 3707 3457 3763 id

1840 3789 1925 3840 est
1954 3787 2205 3858 majores
2231 3787 2473 3859 praelati,
2501 3787 2691 3842 ovium
2718 3788 2911 3856 duces,
2946 3789 3002 3844 id
3024 3794 3109 3845 est
3134 3792 3451 3858 minorum,

1837 3875 2016 3929 induti
2041 3882 2181 3943 sunt,
2211 3875 2270 3931 id
2299 3878 2385 3929 est
2425 3875 2739 3930 inducntur
2796 3878 3003 3932 eadem
3049 3880 3448 3950 exsultatione,

1836 3981 1950 4036 qua
1986 3967 2044 4018 et
2073 3965 2264 4031 colles,
2302 3965 2359 4019 id
2389 3966 2553 4019 estet
2581 3964 2638 4018 in
2668 3965 2866 4020 anima
2896 3970 2955 4021 et
2985 3967 3046 4022 in
3082 3984 3327 4041 corpore
3358 3989 3448 4026 re-

1798 4122 1813 4135 .
1835 4053 2162 4124 plebuntur.
2190 4053 2304 4107 Hoc
2336 4055 2531 4107 autem
2559 4053 2777 4108 dictum
2803 4057 2888 4108 est
2944 4071 3048 4125 per
3102 4057 3448 4129 emphasim,

1838 4141 2260 4196 asimilitudine
2290 4141 2527 4212 alicujus
2559 4142 2834 4213 corporis,
2866 4144 3023 4214 quod
3050 4146 3299 4202 vestibus
3323 4149 3450 4219 qui—

1838 4230 1943 4284 bus
1968 4229 2231 4283 indutum
2258 4233 2343 4284 est
2369 4230 2697 4301 cooperitur
2730 4234 2786 4286 et
2818 4231 3242 4289 circumdatur:
3271 4244 3321 4289 et
3335 4238 3447 4292 val-

120 4319 293 4392 pulus
313 4319 561 4390 gentilis,
593 4320 949 4390 germinabit
991 4323 1051 4375 in
1082 4322 1193 4376 fide
1224 4326 1281 4376 et
1334 4322 1735 4379 inebriabitur.
1764 4331 1816 4389 1)
1839 4318 1927 4383 les,
1965 4317 2022 4371 id
2055 4321 2138 4371 est
2167 4317 2379 4372 subditi
2411 4320 2470 4371 et
2499 4319 2738 4373 collibus
2773 4324 2832 4375 et
2862 4320 3158 4389 arietibus,
3202 4325 3446 4381 abunda-

199 4406 436 4461 Ostenso
468 4407 655 4479 primo
688 4409 1179 4480 peregrinationis
1200 4410 1735 4477 reditu,secundum

120 4495 429 4550 ostendere
460 4495 731 4563 intendit,
755 4496 864 4551 sic:
896 4497 1018 4552 Dixi
1048 4497 1202 4569 quod
1234 4502 1448 4553 terram
1488 4498 1738 4553 visitabis

119 4586 181 4638 et
208 4582 520 4638 inebriabis
550 4598 657 4654 per
689 4583 843 4639 rivos
867 4584 1230 4651 ﬂuminis,‘ct
1255 4586 1365 4641 hoc
1395 4586 1628 4656 scilicet,
1657 4587 1737 4641 fa-

121 4671 241 4726 cies
290 4670 349 4725 in
404 4671 515 4726 hoc
547 4672 767 4728 mundo
803 4689 815 4726 :
846 4672 905 4726 in
962 4676 1121 4727 sexta
1150 4674 1415 4729 videlicet
1443 4676 1640 4737 (etate;
1674 4673 1734 4729 in

119 4761 320 4816 futuro
338 4762 531 4815 autem
558 4760 820 4815 benedices
857 4779 1065 4817 coronae
1088 4765 1222 4817 anni
1250 4764 1588 4833 benignitatis
1606 4771 1732 4833 tua»,

121 4848 183 4904 id
215 4848 611 4914 est,exaltabis
634 4849 690 4903 in
714 4851 927 4905 ccelesti
980 4851 1165 4922 gloria
1218 4851 1599 4907 universalem
1634 4853 1732 4907 Ec-

121 4935 359 4991 clesiam
387 4939 568 4999 tuam,
602 4940 662 4991 et
683 4955 748 4992 ex
773 4938 982 4993 Iudaeis
1006 4943 1140 4995 etcx
1165 4940 1454 5011 gentibus,
1481 4957 1608 5012 quas
1625 4941 1738 4996 erit

123 5040 345 5080 corona
360 5027 492 5078 anni
523 5024 859 5095 benignitatis
888 5034 1012 5093 tuae,
1047 5026 1105 5081 id
1165 5031 1250 5082 est
1302 5028 1609 5084 multitudo
1644 5046 1733 5084 re-

124 5112 367 5184 dempta
414 5110 471 5167 in
526 5129 681 5168 anno
724 5114 1120 5185 benignitatis,
1157 5115 1215 5170 id
1261 5120 1345 5170 est
1384 5116 1441 5170 in
1474 5120 1737 5190 tempore

124 5199 409 5274 passionis
441 5204 571 5256 luce.
602 5203 664 5256 In
682 5218 795 5273 quo
829 5202 1081 5275 benigne
1122 5220 1256 5274 ages
1304 5220 1435 5257 cum
1480 5204 1737 5261 humano

127 5288 662 5357 genere.Coronam
680 5289 1527 5357 enim,multitudinemcircum
1544 5296 1737 5348 astan-

129 5377 276 5431 tium
296 5376 485 5431 dicere
499 5377 1062 5433 consuevimus.ldeo
1087 5378 1263 5450 digne
1289 5395 1394 5450 pro
1414 5379 1737 5435 multitudi-

130 5482 204 5519 ne
239 5465 473 5537 ponitur
504 5465 779 5536 ﬁdelium,
808 5466 905 5538 qui
937 5466 994 5522 in
1026 5468 1244 5521 aeterna
1283 5468 1467 5539 gloria
1492 5483 1743 5539 praesen-

132 5552 226 5609 tiae
282 5552 514 5611 Domini
570 5554 701 5612 Jesu
755 5553 973 5612 circum
1049 5555 1315 5612 astabunt
1378 5557 1466 5613 vel
1524 5571 1744 5616 corona

1838 4406 1966 4460 bunt
1991 4407 2282 4476 frumento,
2316 4407 2375 4461 id
2401 4411 2484 4462 est
2506 4408 2865 4463 beatitudine
2890 4411 3210 4481 prmsentiae
3243 4415 3448 4471 Christi

1838 4512 1952 4565 qua
1983 4498 2291 4565 pascentur
2321 4496 2652 4567 spiritaliter
2680 4501 2737 4549 et
2768 4496 2826 4550 in
2859 4498 3055 4553 anima
3072 4503 3129 4554 et
3159 4500 3216 4555 in
3249 4519 3449 4575 corpo-

1838 4598 1924 4648 re,
1951 4581 2024 4635 ad
2056 4582 2294 4637 modum
2327 4583 2605 4637 frumenti
2638 4584 2793 4655 quod
2827 4587 3009 4657 magis
3041 4589 3340 4661 egregium
3364 4596 3449 4648 est

1836 4670 2059 4724 caeteris
2092 4671 2371 4725 messibus
2400 4671 2471 4725 ad
2505 4673 2880 4742 pascendum.
2900 4675 3119 4730 Dicitur
3138 4678 3312 4733 etiam
3326 4681 3446 4735 fru-

1836 4763 2101 4812 mentum
2132 4758 2411 4813 Dominus
2461 4760 2638 4826 Jesus,
2695 4761 2790 4832 qui
2835 4779 2938 4817 nos
2988 4781 3136 4835 pane
3168 4766 3447 4822 doctrinm

1835 4862 1950 4901 suae
1971 4846 2160 4901 satiat.
2206 4849 2286 4902 De
2315 4848 2680 4919 quolegitur:
2703 4849 2862 4904 «Nisi
2894 4868 3141 4922 granum
3167 4853 3447 4910 frumenti

1840 4935 2019 5004 (Joan.
2050 4952 2144 5003 xu,
2178 4937 2328 5002 24),»
2350 4938 2483 5003 ctc.;
2515 4943 2563 4992 et
2588 4938 2722 5008 ipsa:
2738 4939 2901 4992 valles
2917 4956 3044 5010 quae
3076 4940 3444 5012 abundabunt,

1833 5024 2105 5093 frumento
2118 5024 2508 5091 clamabunt,et
2528 5026 2782 5080 ostendit
2802 5026 2909 5081 hoc
2932 5043 2964 5078 a
2979 5030 3139 5097 parte
3159 5029 3447 5100 clamoris;

1839 5112 1916 5167 sic
1942 5129 2072 5166 vere
2102 5112 2482 5179 clamabunt,cl
2500 5116 2640 5167 enim
2657 5114 2912 5184 hymnum
2931 5114 3104 5168 dicent
3130 5117 3267 5183 Deo,
3291 5117 3349 5173 id
3366 5125 3451 5175 est

1839 5200 2069 5256 laudem
2084 5218 2201 5255 non
2226 5202 2451 5267 ore,sed
2467 5201 2757 5257 intarioris
2772 5201 3447 5265 devotionisintensione.

2348 5290 2415 5344 IN
2443 5290 2769 5346 PSALMUM
2802 5291 2949 5345 LXV.

1909 5378 2130 5433 Titulus
2186 5379 2527 5450 sexagesimi
2581 5377 2791 5450 quinti,
2847 5378 2915 5433 In
2968 5381 3128 5449 ﬁnem
3183 5387 3459 5441 canticum

1834 5467 2039 5540 psalmi
2066 5469 2481 5523 resurrectionis.
2508 5465 2673 5532 Quod
2714 5468 2794 5524 sic
2841 5470 3147 5540 exponitur
3198 5489 3211 5528 :
3261 5473 3323 5525 In
3353 5473 3462 5529 hoc

1847 5558 2096 5614 tractatu
2120 5555 2453 5613 continetur
2478 5553 2760 5613 canticum
2789 5557 2851 5615 id
2870 5559 2960 5614 est
2987 5559 3244 5631 jucunda
3272 5574 3464 5619 remu-
