4004 6052
480 358 586 423 943

1088 356 1147 418 S.
1188 357 1536 420 BRUNONIS
1576 352 2213 419 CARTHUSIANORUM
2246 354 2717 418 lNS’l‘l’I‘U’l‘ORlS
2754 354 2912 417 DPP.
2951 354 3131 416 PARS
3166 354 3191 416 ῐ

3688 349 3804 418 ομ

481 485 728 556 neratio,
736 483 1025 561 psalmi,id
1036 490 1122 544 est
1138 486 1309 544 bona:
1327 488 1697 561 operationis,
1732 489 1887 561 quod
1903 487 2084 543 canti-
2122 492 2175 550 Α
2198 487 2473 555 reddetis,
2489 504 2592 562 per
2605 486 2893 559 psalmum
2912 486 2986 542 sit
3013 485 3263 559 gloriosa
3287 484 3346 541 et
3372 484 3490 542 Deo
3518 485 3703 557 grata.
3737 480 3801 541 Si

482 594 613 634 cum
636 581 723 633 est
751 577 1207 644 resurrectionis,
1242 578 1537 632 tendentis
1554 580 1609 632 in
1628 579 1807 647 finem,
1838 578 1895 632 id
1914 580 1998 632 est
2027 577 2088 631 in

479 668 795 741 perfectam
836 669 893 721 et
938 666 1476 722 incommutabilem
1499 667 2087 722 consummationem.

483 757 646 822 Quod
665 755 980 811 estdicere:
998 756 1094 809 [lic
1110 756 1300 826 agitur
1319 755 1651 826 dcjucunda
1666 755 2090 811 remuneratio-

482 862 576 911 ne,
600 861 726 916 qute
749 843 979 897 dabitur
992 844 1252 898 ﬁdelibus
1266 860 1368 915 pro
1382 845 1535 898 bona
1555 844 1857 899 devotione
1879 847 1933 897 et
1952 861 2089 915 ope-

478 934 725 999 ratione,
758 932 814 987 in
834 932 930 986 illa
953 932 1206 1003 perfecta
1232 936 1701 987 etconsummata
1722 933 2088 988 resurrectio-

480 1036 574 1087 ne,
598 1019 656 1073 in
680 1020 978 1090 diejudicii
998 1021 1212 1083 futura,
1249 1022 1319 1075 de
1339 1039 1452 1093 qua
1468 1023 1945 1077 remuneratione
1971 1021 2090 1093 agit

478 1107 728 1163 breviter
746 1125 759 1162 :
781 1107 877 1163 ubi
895 1108 1030 1162 dicit
1051 1109 1339 1177 ;Eduxisti
1361 1128 1451 1164 nos
1466 1112 1521 1163 in
1541 1112 1881 1181 refrigerium
1894 1113 1970 1177 ,ct
1985 1127 2090 1165 ca:-

481 1198 605 1251 tera
616 1212 793 1269 usque
811 1196 1138 1262 ad,veniteet
1156 1198 1549 1270 narrabo.Agit
1572 1199 1747 1253 etiam
1768 1199 2087 1254 secundum

478 1300 655 1339 unam
671 1284 1020 1339 sententiam
1039 1286 1110 1340 de
1126 1286 1318 1353 ea,ul)i
1339 1288 1586 1355 ponit,in
1610 1289 2089 1358 ﬂuminepertran-

474 1372 676 1438 sibunt,
699 1375 756 1425 et
786 1375 995 1427 caetera
1018 1391 1195 1445 usque
1227 1375 1320 1441 ad,
1345 1377 1439 1445 qui
1465 1374 1792 1430 dominatur.
1826 1376 2089 1431 Introdu-

476 1462 684 1515 cuntur
713 1464 908 1514 autem
966 1461 1209 1532 apostoli
1241 1462 1299 1516 in
1346 1463 1455 1517 hoc
1497 1464 1743 1533 psalmo,
1781 1463 2088 1520 invitantes

476 1566 682 1606 omnes
701 1553 905 1622 gentes
926 1551 1053 1621 jam
1086 1568 1407 1620 conversas,
1431 1553 1505 1607 ad
1530 1554 1633 1608 Dei
1664 1555 1920 1621 laudem,
1948 1572 2085 1611 con-

477 1638 623 1695 tuitu
671 1642 902 1694 aeternas
933 1642 1457 1709 remunerationis;
1492 1646 1554 1697 ut
1581 1646 1778 1698 autem
1811 1646 1993 1699 Deum
2025 1644 2085 1700 in

476 1729 803 1783 humilitate
829 1729 1461 1797 laudent,considerare
1474 1733 1785 1788 hortantur
1814 1734 1935 1805 ejus
1952 1751 2085 1807 ope-

2194 578 2351 634 enim
2384 578 2457 633 ad
2486 579 2809 631 humanum
2872 576 3456 649 favorempsalmum
3509 573 3798 641 diceretis,

2193 685 2308 723 non
2328 670 2469 721 esset
2488 666 2682 737 utique
2714 664 2965 736 gloriosa
2986 666 3107 719 laus
3136 668 3340 718 vestra.
3369 662 3528 717 Unde
3558 664 3800 734 Aposto-

2192 758 2277 812 lus
2312 774 2373 810 ;‹‹
2409 757 2628 810 Bonum
2662 757 2745 808 est
2776 753 2917 807 mihi
2946 752 3133 823 magis
3178 751 3350 819 mori,
3384 768 3559 823 quam
3582 754 3644 805 ut
3670 752 3797 822 glo-

2190 847 2338 901 riam
2373 861 2566 899 meam
2600 843 2727 915 quis
2758 845 3022 909 evacuet;
3075 858 3211 895 nam
3243 840 3287 894 si
3331 841 3796 912 evangelizavero

2191 937 2410 990 nonest
2431 931 2772 1003 mibigloria
2827 930 2885 1002 (Ι
2911 929 3036 985 Cor.
3069 947 3141 997 ιχ,
3176 934 3260 992 l5,
3296 932 3397 995 l6).
3434 951 3461 977 υ
3514 929 3611 984 Vel
3661 929 3743 982 sic
3777 944 3792 983 :

2189 1023 2324 1078 Dico
2350 1012 2583 1092 j'ubilate
2602 1027 2651 1073 et
2680 1020 2950 1090 psalmum
3003 1019 3184 1085 dicite,
3213 1022 3273 1072 et
3296 1017 3374 1073 sic
3398 1018 3521 1072 date
3564 1018 3797 1088 gloria'u

2189 1111 2475 1179 laiulicjus,
2510 1109 2566 1164 id
2584 1108 2851 1162 cstfaeite
2877 1106 3186 1177 gloriosam
3202 1106 3431 1161 laudem
3460 1106 3602 1177 ejus.
3628 1105 3797 1170 Quod

2188 1200 2502 1254 estdicere:
2517 1198 2673 1251 Tunc
2693 1195 2942 1269 gloriosa
2954 1194 3065 1251 erit
3080 1194 3338 1267 lauleei,
3362 1194 3406 1249 si
3421 1211 3553 1250 eum
3570 1197 3627 1248 et
3637 1194 3796 1265 jubi-

2187 1288 2242 1343 lo
2273 1290 2330 1342 ct
2359 1288 2578 1358 psalmo
2593 1284 2967 1340 laudaveritis
2982 1284 3360 1339 Solummodo
3374 1300 3509 1339 vero
3517 1284 3791 1355 jubilare,

2188 1377 2273 1431 vel
2309 1377 2593 1447 psalmum
2625 1374 2817 1429 dicere
2846 1389 2965 1428 non
2996 1372 3289 1427 sufﬁceret
3315 1390 3329 1440 ;
3356 1375 3416 1427 et
3444 1372 3582 1426 utin
3614 1372 3674 1426 in
3690 1373 3793 1426 hu-

2188 1464 2717 1535 militatejubiletis,
2750 1467 2808 1518 et
2826 1463 3109 1534 psalmum
3129 1462 3347 1530 dicatis;
3367 1460 3684 1529 DieiteDeo,
3709 1462 3794 1516 in-

2187 1554 2385 1609 teriori
2412 1554 2591 1620 dictu,
2613 1553 2671 1607 id
2700 1555 2787 1607 est
2817 1568 2889 1607 ne
2916 1551 2985 1606 de
3001 1550 3190 1622 jubilo
3222 1554 3279 1605 et
3326 1550 3397 1605 de
3445 1551 3669 1622 psalmo
3706 1567 3796 1605 su-

2186 1643 2481 1715 perbiatis,
2505 1641 2754 1713 cogitate
2788 1642 2897 1696 hoc
2910 1640 3204 1695 vobiscum
3232 1639 3306 1693 ad
3336 1640 3619 1694 honorem
3639 1639 3743 1694 Dei
3774 1656 3790 1694 :

2187 1734 2230 1789 Ο
2256 1735 2586 1804 Deus,quam
2605 1729 2873 1786 terribilia
2891 1735 3011 1782 sunt
3027 1747 3183 1800 opera
3205 1728 3384 1795 tua,id
3400 1731 3485 1783 est
3504 1731 3795 1800 quantum

473 1833 540 1874 ra
568 1816 866 1885 terribilia,
889 1818 1043 1890 quod
1065 1820 1274 1874 electos
1291 1821 1574 1892 repudiat,
1598 1822 1823 1876 Judaros
1850 1823 2081 1890 scilicet,
2109 1819 2158 1878 B
2184 1838 2486 1895 possumus
2516 1818 2788 1874 exterreri
2821 1818 3082 1873 contuitu
3114 1833 3356 1888 operum
3402 1815 3666 1871 tuorum!
3725 1817 3796 1871 Et

473 1907 531 1961 et
550 1905 881 1978 repudiatos
932 1906 1178 1978 gentiles
1204 1909 1397 1979 elegit,
1430 1909 1489 1963 in
1522 1926 1635 1982 quo
1667 1914 1912 1983 utroque
1944 1929 2081 1983 ope-

474 2012 537 2051 re
571 1994 838 2051 terribilis
869 2012 990 2050 csse
1046 1996 1444 2069 perpenditur.
1481 1998 1621 2052 Cum
1670 2000 1828 2054 enim
1871 2002 2083 2055 electos

470 2082 1090 2153 repudiet,timendum
1108 2088 1213 2152 est,
1233 2088 1294 2139 ut
1316 2089 1372 2140 et
1384 2090 1585 2157 gentes
1601 2087 1645 2142 si
1669 2089 2079 2159 superbierint,

472 2170 722 2241 abjiciat.
746 2171 888 2226 Cum
906 2175 1105 2245 autem
1127 2173 1279 2244 ipsas
1308 2177 1512 2244 gentes
1530 2176 1650 2229 sola
1671 2177 1859 2247 gratia
1890 2178 2079 2249 elege-

472 2259 567 2327 rit,
598 2259 670 2315 ab
716 2259 935 2315 eisdem
962 2260 1147 2326 valde,
1181 2278 1254 2316 ne
1283 2262 1531 2333 graviter
1563 2263 1909 2333 oﬂ'endatur,
1959 2283 2082 2321 me-

476 2346 759 2402 tuendum
790 2348 906 2414 est;
928 2363 1001 2401 ne
1020 2346 1268 2402 offensus
1292 2365 1387 2403 eas
1417 2349 1623 2420 quibus
1649 2352 1971 2409 clementer
1998 2354 2081 2410 in-

473 2434 665 2500 dulsit,
699 2435 927 2505 gravius
959 2435 1215 2490 damnet.
1253 2436 1457 2507 Agitur
1476 2454 1612 2493 vero
1646 2440 1717 2494 de
1749 2441 2080 2513 repulsione

473 2523 804 2580 Iudaeorum
836 2522 1085 2577 breviter
1106 2523 1198 2579 ubi
1234 2523 1443 2579 dicitur
1472 2525 1840 2582 :Mentientur
1866 2530 2077 2584 tibiini-

470 2611 599 2665 mici
623 2613 735 2665 tui:
767 2611 836 2666 de
855 2612 1135 2666 electione
1153 2612 1439 2683 gentium,
1468 2615 1563 2689 ubi
1588 2617 1947 2689 ponitur,qui
1960 2636 2080 2673 con-

469 2701 652 2767 vartit,
687 2703 821 2767 etc.,
855 2716 1033 2771 usque
1066 2700 1139 2755 ad
1182 2688 1704 2777 benedicitez232
1735 2722 1837 2777 pro
1858 2688 2078 2778 quibus

468 2792 638 2842 orant
665 2787 771 2853 sui,
804 2788 901 2843 ubi
930 2788 1176 2843 habetur
1207 2791 1381 2844 omnis
1430 2798 1594 2855 terra,
1632 2796 1764 2860 etc.,
1796 2811 1972 2866 usque
2005 2796 2077 2851 ad

467 2876 1060 2933 venite.Adhortantur
1076 2894 1305 2950 quoque
1319 2878 1391 2934 ad
1409 2880 1873 2938 benedicendum
1892 2886 2077 2939 Deum

470 2964 664 3032 corde,
697 2980 873 3036 opere
904 2966 962 3019 et
992 2981 1148 3033 voce,
1184 2969 1242 3021 et
1266 2983 1340 3020 ne
1372 2967 1616 3025 timeant
1646 2970 1743 3025 tim
1757 2988 1855 3027 ore
1877 2990 2077 3046 poena-

466 3070 596 3110 rum
627 3070 759 3109 eum
787 3070 982 3109 coram
1016 3054 1341 3111 inﬁdelibus
1385 3058 1757 3128 benedicere;
1791 3064 1849 3115 et
1869 3061 2074 3132 prazfe-

466 3145 605 3199 runt
635 3142 809 3197 etiam
839 3143 1225 3198 constantiam
1284 3162 1470 3213 suam,
1528 3163 1701 3219 quam
1755 3150 1974 3204 habent
2015 3149 2075 3203 in

466 3230 827 3289 multimodis
851 3231 1318 3287 tribulationibus
1355 3237 1452 3287 :ut
1480 3235 1615 3305 ipsa:
1648 3240 1850 3307 gentes
1881 3255 2074 3292 exem-

466 3320 561 3393 plo
584 3334 788 3373 eorum
813 3318 1140 3374 efﬁciantur
1170 3320 1229 3375 in
1259 3320 1629 3378 tribulatione
1652 3328 1999 3380 constantes:
2017 3330 2077 3381 et

465 3407 574 3462 hoc
600 3409 687 3461 est
715 3406 771 3459 in
793 3405 890 3460 illo
919 3407 1042 3461 loco
1073 3408 1167 3463 ubi
1194 3408 1351 3464 dicit.
1371 3408 1669 3466 Benedicite
1722 3430 1900 3484 usque
1919 3414 2073 3468 adil-

466 3495 588 3549 lum
619 3494 715 3549 ubi
738 3495 1479 3565 habetur,transivimus:ubi
1495 3499 1693 3573 incipit
1706 3517 1876 3573 agere
1894 3502 1965 3556 de
1987 3519 2075 3557 re-

468 3583 874 3639 muneratione
902 3600 1078 3656 quam
1111 3584 1389 3661 infuturo
1455 3603 1561 3658 pro
1616 3591 1942 3645 constantia
1988 3590 2077 3646 sui

467 3670 787 3745 accipient:
821 3674 884 3726 ut
913 3689 1007 3727 eas
1039 3678 1242 3744 gentes
1287 3692 1385 3748 spe
1431 3676 1690 3748 ejusdem
1742 3695 2077 3734 remunera-

468 3759 643 3815 tionis
671 3760 746 3815 ad
774 3761 1159 3817 constantiam
1184 3762 1442 3819 invitent.
1492 3765 1596 3819 Ubi
1625 3782 1759 3822 vero
1790 3767 2074 3823 habetur:

476 3848 663 3905 Venite
689 3855 740 3903 et
768 3849 1018 3917 narrabo,
1041 3853 1176 3919 etc.,
1209 3868 1387 3925 usque
1415 3852 1476 3907 in
1506 3853 1683 3908 ﬁnem
1724 3854 1954 3926 psalmi,
1987 3872 2077 3911 os-

468 3938 716 3994 tendunt
740 3937 1021 3993 beneﬁcia
1042 3938 1169 4010 jam
1190 3940 1297 3995 sibi
1328 3958 1362 3995 a
1386 3942 1503 3996 Deo
1518 3943 1724 3997 collata
1750 3944 1958 3999 merito
1973 3944 2076 3999 bo-

472 4042 562 4081 nas
578 4025 705 4080 vita“:
726 4041 876 4079 suae:
911 4029 973 4080 ut
994 4029 1053 4080 et
1071 4027 1340 4097 gentibus
1394 4028 1601 4100 quibus
1649 4031 1964 4103 loquuntur
1988 4032 2077 4086 in-

474 4115 658 4170 nuant
682 4112 790 4167 ista
818 4113 1024 4168 eadem
1055 4115 1161 4169 sibi
1178 4116 1370 4170 danda
1412 4134 1555 4184 esse,
1599 4118 1644 4172 si
1696 4119 1845 4174 bene
1892 4120 2079 4175 vivere

476 4202 986 4276 perseveraverint,
1020 4205 1077 4257 et
1105 4203 1184 4258 sic
1236 4205 1309 4258 ad
1360 4207 1577 4260 bonam
1608 4206 1785 4262 vitam
1814 4208 2077 4264 invitent.

544 4289 785 4345 Jubilate
798 4289 1107 4357 Deo,omnis
1123 4292 1456 4357 terra.Quod
1473 4296 1558 4347 est
1576 4292 1764 4349 dicere
1783 4312 1795 4350 :
1828 4295 1937 4350 Vos
1949 4312 2076 4351 om-

2099 3110 2146 3171 C

2184 1910 2419 1983 exponit
2460 1913 2685 1980 partem
2726 1907 2984 1979 ipsorum
3026 1922 3267 1977 operum
3312 1905 3391 1960 sic
3423 1922 3437 1960 :
3467 1905 3603 1960 Dico
3635 1905 3796 1977 quod

2184 1999 2436 2053 terribilia
2449 2005 2573 2051 sunt
2599 2014 2757 2068 opera
2785 1996 2975 2050 tua.Et
2996 2012 3126 2049 ecce
3146 1995 3254 2050 hoc
3270 2010 3411 2065 opus
3434 1994 3537 2048 tibi
3565 1998 3653 2048 est
3674 1998 3792 2048 ter-

2181 2088 2345 2143 ribile
2383 2087 2540 2159 quod
2569 2084 2847 2157 disponis,
2880 2083 3115 2149 scilicet,
3148 2083 3304 2154 quod
3361 2085 3416 2136 in
3444 2082 3796 2136 multitudine

2181 2178 2393 2231 virtutis
2421 2182 2526 2229 tua?
2547 2176 2866 2228 mentientur
2892 2173 2996 2227 tibi
3016 2173 3225 2225 inimici
3254 2173 3352 2225 tui.
3382 2171 3545 2235 Quod
3587 2173 3675 2224 est
3702 2169 3793 2224 di-

2181 2282 2309 2320 cere
2344 2282 2356 2319 :
2390 2264 2615 2319 Iudaeos
2649 2262 2744 2334 qui
2768 2261 2923 2334 prius
2952 2260 3188 2315 fuerunt
3218 2259 3410 2326 amici,
3441 2275 3596 2314 nunc
3634 2258 3797 2313 mala

2179 2353 2296 2407 vita
2320 2369 2421 2409 sua
2451 2350 2586 2407 facti
2610 2353 2745 2404 sunt
2769 2348 3012 2416 inimici,
3045 2349 3189 2403 adeo
3220 2347 3505 2419 permittis
3537 2362 3793 2401 excaeca-

2181 2442 2297 2497 cari
2328 2445 2386 2495 et
2415 2438 2708 2506 obdurari,
2737 2438 2892 2510 quod
2923 2441 2981 2491 et
3000 2436 3227 2491 mentiti
3246 2439 3380 2491 sunt
3413 2439 3470 2490 et
3490 2435 3791 2489 mentiun-

2178 2533 2292 2597 tur,
2323 2533 2380 2584 et
2396 2530 2830 2600 perseveranter
2859 2527 3202 2581 mentientur.
3229 2527 3290 2579 1n
3322 2523 3794 2579 consideratione

2180 2616 2573 2672 multitudinis
2600 2616 2811 2669 virtutis
2853 2621 2976 2681 tuae,
3009 2612 3223 2667 scilicet
3261 2628 3393 2668 cum
3419 2610 3796 2665 considerant

2181 2704 2575 2778 multipliciter
2603 2703 2926 2775 potentiam
2954 2706 3114 2757 tuam
3132 2702 3188 2756 in
3212 2699 3632 2756 resurrectione
3664 2702 3787 2767 tua,

2178 2797 2236 2849 et
2266 2793 2441 2849 totius
2471 2792 2673 2847 mundi
2697 2790 3121 2863 subjugatione,
3151 2792 3209 2843 et
3243 2788 3300 2842 in
3342 2788 3630 2843 miraculis
3654 2803 3789 2860 qua:

2179 2885 2448 2954 operatus
2478 2898 2556 2947 es,
2577 2885 2635 2935 et
2650 2880 2835 2934 adhuc
2860 2895 2966 2950 per
2995 2880 3121 2932 tuos
3143 2877 3419 2949 Operaris,
3453 2879 3512 2931 et
3566 2875 3793 2930 contui-

2176 2975 2238 3026 tu
2270 2971 2417 3025 illius
2448 2970 2727 3025 deberent
2753 2970 2811 3022 te
2840 2966 3098 3033 laudare,
3131 2968 3189 3020 et
3214 2968 3395 3020 Deum
3438 2981 3560 3020 esse
3602 2964 3787 3018 conﬁ-

2177 3059 2307 3114 teri.
2344 3060 2385 3112 E
2406 3056 2705 3123 contrario
2734 3054 3102 3109 mentiuntur
3128 3052 3472 3125 deneganda
3506 3056 3560 3106 te
3589 3068 3785 3106 resur-

2178 3148 2406 3213 rexisse,
2441 3149 2499 3199 et
2530 3147 2709 3200 Deum
2740 3143 3305 3209 esse,etmentiuntur
3318 3143 3786 3212 perseveranter.

2177 3235 2234 3291 Si
2268 3251 2399 3288 vero
2427 3251 2460 3287 a
2485 3231 2788 3287 mendacio
2826 3234 3134 3296 cessarent,
3170 3229 3464 3285 tolerabile
3502 3231 3650 3282 esset
3676 3228 3787 3281 Be—

2176 3340 2249 3379 nc
2271 3340 2404 3378 vero
2435 3320 2619 3392 ponit,
2654 3335 2772 3374 non
2806 3318 3187 3383 mentiuntur,
3219 3317 3317 3372 sed
3345 3319 3687 3383 mentientur,
3721 3319 3789 3372 ut

2176 3408 2663 3484 perseverantiam
2697 3423 2897 3463 eorum
2934 3406 2992 3461 in
3016 3406 3322 3461 mendacio
3351 3404 3786 3460 ostendat.Dico

2177 3499 2328 3572 quod
2351 3500 2690 3563 mentiemur,
2723 3496 2909 3550 ethoc
2932 3494 3054 3563 tibi,
3088 3495 3145 3549 id
3173 3496 3261 3548 est
3296 3493 3370 3548 ad
3400 3496 3563 3547 tuum
3594 3492 3784 3547 hono-

2174 3606 2301 3643 rem
2333 3586 2649 3657 continget.
2666 3585 2806 3638 Nam
2837 3586 3077 3654 propter
3095 3585 3318 3636 tantam
3338 3580 3788 3636 excmcationem

2177 3693 2403 3739 eorum,
2426 3674 2724 3745 continget
2765 3671 2920 3744 quod
2949 3673 3119 3724 omnis
3150 3678 3311 3736 terra,
3346 3670 3403 3724 id
3458 3674 3543 3723 est
3592 3670 3787 3724 omnis

2180 3766 2337 3820 modi
2359 3764 2602 3835 populus
2622 3760 2872 3833 gentilis,
2902 3759 3146 3813 adorabit
3179 3762 3254 3824 te,
3288 3758 3385 3829 qui
3414 3756 3599 3812 adhuc
3640 3764 3787 3811 terra

2179 3856 2284 3920 est,
2318 3852 2377 3907 id
2403 3854 2488 3906 est
2516 3849 2760 3904 terrenis
2790 3848 3066 3903 intentus.
3096 3845 3263 3910 Quod
3282 3850 3369 3900 est
3397 3844 3589 3899 dicere
3625 3862 3638 3898 :
3669 3845 3786 3900 Illis

2179 3941 2445 4012 expulsis,
2494 3938 2727 4010 gentilis
2756 3936 2999 4008 populus
3042 3933 3411 3989 venerabitur
3464 3936 3518 3987 te
3562 3932 3677 3987 ﬁde
3727 3935 3789 3987 et

2180 4029 2506 4095 devotione,
2538 4042 2889 4098 cognoscens
2920 4027 2974 4078 te
3006 4024 3341 4078 Creatorem
3399 4023 3458 4075 et
3509 4037 3567 4075 se
3617 4037 3786 4092 repu-

2178 4121 2308 4174 tans
2336 4118 2682 4171 creaturam.
2713 4114 2781 4167 Et
2808 4113 2887 4167 sic
2916 4112 2988 4166 sit
3015 4113 3185 4175 Deus,
3216 4112 3386 4163 omnis
3423 4118 3564 4163 terra
3594 4109 3785 4164 adoret

2179 4214 2247 4269 te,
2278 4212 2328 4259 et
2358 4204 2453 4276 qui
2486 4203 2559 4257 ad
2584 4203 2692 4256 hoc
2725 4217 2842 4255 non
2878 4200 3186 4265 sufﬁceret,
3210 4198 3409 4269 psallat
3457 4198 3573 4263 tibi,
3606 4201 3665 4252 et
3694 4214 3788 4253 ex-

2179 4295 2341 4367 ponit
2368 4292 2518 4346 istud
2556 4290 2655 4344 tibi
2684 4288 2973 4367 addenﬁq,
2989 4288 3093 4367 Asic
3125 4304 3138 4341 :
3172 4286 3387 4340 scilicet
3405 4285 3673 4357 psalmum
3699 4286 3786 4339 di-

476 4394 578 4434 nes
598 4380 799 4450 gentes
817 4393 1126 4445 conversae,
1160 4396 1288 4453 qua:
1307 4380 1494 4435 adhuc
1514 4382 1647 4436 estis
1668 4390 1808 4437 terra
1827 4386 1883 4438 et
1912 4384 2073 4453 cinis,
2100 4374 2151 4433 D
2174 4359 2261 4437 Eat
2279 4382 2486 4437 nomini
2511 4387 2621 4445 tuo,
2653 4377 2711 4433 id
2738 4382 2821 4432 est
3070 4375 3143 4430 ad
3173 4374 3392 4429 bonum
3414 4389 3559 4444 opus
3603 4374 3789 4429 mani-

474 4465 536 4521 id
559 4469 645 4522 est
666 4469 939 4522 mortales
965 4471 1023 4523 et
1045 4469 1282 4538 terreni,
1308 4470 1567 4526 nondum
1605 4471 1821 4527 scilicet
1858 4473 2079 4545 spirita-

475 4552 559 4609 les
588 4557 647 4609 et
670 4553 1029 4611 immortales
1052 4557 1209 4626 facti,
1243 4558 1419 4614 etiam
1446 4576 1576 4614 cum
1610 4560 1795 4615 adhuc
1836 4568 1976 4617 terra
2004 4562 2078 4617 si-

476 4639 568 4708 tis,
588 4640 817 4696 laudate
841 4642 1025 4697 Deum
1056 4643 1319 4701 interiori
1342 4646 1528 4717 jubilo
1562 4648 1956 4721 mentis,quod
1975 4667 2079 4706 nec

475 4744 615 4785 voce
640 4744 746 4783 nec
772 4729 985 4801 scripto
1014 4732 1186 4803 plane
1211 4734 1704 4805 potestexplicari,
1726 4736 2080 4794 scilicetlau-

479 4817 614 4874 date
644 4833 778 4873 eum
805 4816 1031 4873 intensa
1061 4819 1388 4889 devotione,
1420 4822 1555 4894 quia
1575 4840 1707 4879 vero
1727 4841 1843 4880 non
1873 4827 2083 4884 sufﬁcit

477 4906 599 4960 solo
623 4905 806 4977 jubilo
836 4907 1093 4976 laudare,
1118 4909 1388 4981 psalmum
1420 4911 1579 4966 dicite
1609 4916 1818 4968 nomini
1844 4916 1980 4985 ejus,
2021 4916 2082 4972 id

479 4995 565 5047 est
593 4992 812 5048 bonum
835 5009 978 5065 opus
1006 4997 1331 5052 manifeste.
1363 4998 1704 5056 Insistitnon
1732 5001 1806 5056 ad
1823 5002 2079 5059 favorem

476 5078 807 5147 hominum,
840 5080 941 5136 sed
976 5082 1050 5138 ad
1084 5084 1317 5141 laudem
1348 5087 1599 5142 nominis
1647 5088 1788 5159 ejus,
1850 5112 1877 5139 ‹‹
1907 5093 1970 5144 ut
1998 5091 2079 5145 vi-

476 5165 652 5221 deant
681 5184 857 5240 opera
889 5173 1077 5225 vestra
1106 5172 1282 5236 bona,
1306 5177 1365 5228 et
1391 5175 1715 5246 gloriﬁcent
1738 5178 1968 5232 Patrem
1986 5195 2077 5234 ve-

472 5256 657 5310 strum
684 5257 780 5328 qui
811 5256 871 5313 in
899 5260 1052 5314 costis
1082 5265 1168 5315 est
1198 5262 1418 5325 (Matth.
1442 5265 1604 5337 v,16)
1633 5282 1695 5320 :»
1748 5268 1813 5319 et
1869 5265 1947 5320 sic
1990 5266 2074 5321 di-

470 5342 653 5399 cendo
663 5343 932 5415 psalmum
956 5348 1171 5405 scilicet
1189 5353 1395 5406 nomini
1421 5354 1555 5424 ejus,
1586 5353 1943 5424 dategloriam
1956 5355 2073 5409 Iau-

466 5430 526 5485 di
551 5432 687 5502 ejus,
720 5432 778 5487 id
808 5437 895 5489 est
922 5435 1094 5492 facile
1125 5439 1441 5510 gloriosam
1468 5442 1704 5497 laudem
1737 5442 1785 5513 ej
1799 5460 1880 5512 us,
1897 5461 2073 5517 quam

468 5517 518 5570 ei
543 5535 717 5589 Opere
769 5522 1128 5579 exhibebitis.
1163 5527 1325 5591 Quod
1369 5532 1455 5584 est
1487 5530 1675 5585 dicere
1710 5548 1723 5585 :
1754 5531 1886 5587 Ideo
1924 5534 2072 5603 psal-

2179 4471 2320 4525 feste
2370 4469 2611 4535 insistat,
2669 4466 2743 4521 ad
2772 4466 3060 4520 honorem
3105 4463 3359 4518 nominis
3389 4462 3495 4525 tui,
3540 4478 3661 4518 non
3710 4461 3785 4516 ad

2178 4558 2589 4616 extollentiam.

2248 4648 2600 4703 Adhortatur
2619 4646 2812 4698 autem
2840 4641 2988 4715 ipsas
3013 4640 3087 4696 ad
3105 4638 3415 4696 videndum
3446 4656 3565 4695 non
3595 4640 3785 4694 solum

2179 4737 2319 4793 illud
2343 4735 2601 4791 terribile
2625 4749 2788 4805 opus,
2821 4746 2934 4803 quo
2959 4730 3185 4785 Judasos
3228 4729 3475 4801 repellit,
3524 4728 3630 4784 sed
3672 4728 3789 4782 alia

2183 4825 2439 4881 terribilia
2453 4820 2867 4895 opera,scilicet
2878 4818 3032 4890 quod
3047 4818 3280 4872 easdem
3298 4820 3501 4888 gentes
3528 4816 3787 4889 gratuita

2181 4914 2392 4987 pietate
2412 4912 2517 4967 sibi
2544 4909 2808 4983 acquirit,
2834 4912 2896 4963 ut
2922 4906 3055 4961 inde
3074 4906 3260 4978 magis
3274 4922 3406 4960 eum
3427 4905 3693 4971 timeant,
3727 4908 3790 4961 et

2180 5004 2289 5058 hoc
2311 5002 2389 5056 sic
2405 5000 2541 5056 dicit
2563 5016 2577 5053 :
2618 4996 2986 5054 Ostendimus
3008 5011 3186 5050 unum
3204 5010 3347 5066 opus
3388 4994 3485 5050 Dei
3503 4994 3784 5062 terribile,

2178 5092 2287 5147 hoc
2304 5089 2515 5144 scilicet
2529 5086 2683 5159 quod
2697 5087 2900 5140 inimici
2912 5082 3512 5138 mentientur.Etadhuc
3527 5085 3664 5137 sunt
3672 5083 3789 5138 alia

2179 5175 2703 5234 terribiliacontuitu
2734 5189 2983 5246 quorum
3005 5187 3250 5242 operum
3279 5173 3342 5224 ut
3369 5172 3554 5225 Deum
3578 5169 3786 5226 timea-

2177 5268 2268 5335 tis,
2292 5283 2389 5321 vos
2427 5266 2621 5331 venite,
2655 5265 2877 5334 gentes,
2912 5264 2970 5315 et
3011 5259 3316 5314 devotione
3350 5262 3409 5312 et
3436 5258 3573 5325 ﬁde,
3605 5258 3665 5313 id
3695 5262 3786 5315 est

2176 5358 2498 5429 praeparate
2526 5371 2646 5419 vos,
2686 5359 2736 5406 et
2763 5350 2843 5406 sic
2874 5350 3039 5404 videte
3071 5346 3333 5402 interiori
3365 5346 3484 5401 visu
3536 5346 3784 5402 rationis

2175 5446 2273 5501 illa
2291 5460 2447 5516 opera
2478 5440 2708 5499 Domini
2733 5438 3027 5494 existentis
3056 5435 3303 5490 terribilis
3332 5436 3391 5488 in
3419 5434 3649 5489 comitiis
3674 5436 3782 5490 ha-

2173 5532 2306 5589 bitis
2331 5549 2484 5604 super
2511 5530 2649 5601 ﬁlios
2690 5529 2989 5593 hominum,
3050 5525 3107 5578 id
3162 5528 3249 5579 est
3278 5523 3335 5578 in
3365 5523 3617 5579 consiliis
3647 5541 3782 5596 quas

469 5622 612 5661 mum
641 5608 803 5664 dicite
826 5614 1039 5667 nomini
1066 5615 1198 5686 ejus,
1255 5620 1316 5672 ut
1371 5618 1494 5674 haec
1540 5620 1663 5677 laus
1703 5637 1877 5695 quam
1946 5624 2064 5681 Deo
2169 5625 2397 5681 exercet
2420 5621 2477 5676 in
2508 5618 2794 5694 gentibus,
2822 5632 2949 5690 qua:
2970 5613 3070 5668 ﬁlii
3088 5612 3356 5670 dicuntur
3380 5612 3782 5672 AdamctEva:
