4004 6052
224 372 332 445 945

1233 376 1592 446 EXPOSITIO
1628 386 1699 444 IN
1742 380 2075 445 PSALMOS.
2107 415 2179 432 —-
2202 374 2384 445 .PSAL
2420 374 2549 445 LXV

3442 376 3545 451 94’s

225 511 553 584 primorum
580 509 910 579 hominum,
941 510 1256 566 secundum
1274 514 1441 567 mala:
1458 513 1584 567 vitae
1601 512 1829 567 confor-
1853 514 1909 573 Α
1936 513 2232 568 lummodo
2245 514 2425 568 salute
2446 510 2763 580 advenisse,
2790 513 2849 567 et
2868 511 3265 568 adhortantur
3282 528 3355 569 ne
3368 511 3542 569 insul-

226 588 515 654 mitatem.
535 599 695 665 Quod
722 602 807 653 est
823 600 1011 654 dicere
1042 617 1055 654 :
1079 601 1193 655 Hoc
1223 601 1379 672 quod
1401 602 1563 656 valde
1587 600 1833 655 terribilis

227 693 333 755 est,
368 692 607 761 apparet
639 691 694 742 in
718 690 953 743 consiliis
979 689 1101 760 ejus
1146 690 1517 744 existentibus
1546 707 1697 761 super
1733 690 1834 744 bo-

224 776 432 843 mines,
462 777 520 832 id
550 780 633 831 est
664 777 868 849 quibus
914 776 1248 832 dominatur
1278 778 1630 845 hominibus,
1671 794 1829 833 com-

223 867 439 939 plendo
472 867 531 922 in
562 867 643 922 eis
664 867 943 940 quidquid
973 868 1075 922 sibi
1096 870 1280 938 placet
1300 885 1311 922 :
1331 871 1389 923 et
1412 869 1519 923 hoc
1545 868 1830 923 denotan-

222 936 321 1010 tur
348 972 480 1010 cum
514 955 651 1010 dicit
676 936 863 1035 super:
887 936 1148 1011 Ostendit
1176 959 1369 1010 autem
1398 956 1521 1027 ipsa
1549 973 1705 1027 opera
1729 965 1830 1010 ter-

222 1044 409 1098 ribilia
439 1044 738 1100 subdendo
787 1044 865 1098 sic
898 1061 911 1099 :
948 1044 1083 1100 Dico
1122 1044 1340 1099 videtete
1378 1061 1535 1115 Opera
1575 1044 1828 1113 Domini,

224 1133 382 1204 quod
418 1132 697 1187 Dominus
719 1135 975 1187 convertit
1004 1150 1150 1187 mare
1172 1133 1232 1186 in
1248 1133 1485 1197 aridam,
1512 1132 1569 1187 id
1588 1136 1674 1186 est
1693 1150 1831 1204 gen-

222 1225 311 1275 tes
331 1237 457 1292 quas
480 1238 676 1275 amare
690 1221 923 1275 fuerunt
938 1225 996 1276 et
1016 1221 1344 1275 difﬂuentes
1360 1221 1417 1274 in
1434 1220 1586 1287 vitia.
1611 1225 1831 1276 utmare

223 1325 488 1363 amarum
511 1313 596 1363 est
618 1313 673 1363 et
696 1309 982 1376 difﬂuum,
1005 1311 1260 1363 convertit
1283 1312 1337 1362 in
1358 1310 1569 1363 aridam
1588 1312 1826 1376 terram,

224 1396 284 1451 id
316 1400 402 1451 est
432 1398 505 1451 ad
533 1397 638 1452 hoc
669 1400 728 1451 ut
757 1398 870 1452 sint
899 1402 1055 1453 terra
1103 1414 1222 1462 sua,
1267 1414 1441 1469 quam
1483 1399 1703 1453 excolat
1732 1414 1832 1452 vo-

226 1501 388 1539 mere
417 1486 845 1557 praedicationis
874 1504 886 1541 :
918 1491 975 1541 et
1004 1490 1066 1540 ut
1096 1486 1210 1541 sint
1235 1486 1404 1553 aridi,
1440 1486 1497 1540 id
1529 1491 1613 1541 est
1632 1486 1829 1541 sitien-

224 1575 313 1627 tes
340 1573 687 1641 doctrinam,
708 1591 882 1645 quam
914 1576 1071 1646 prius
1085 1576 1482 1645 neglexerunt,
1499 1575 1572 1629 ad
1592 1576 1831 1630 modum

226 1664 396 1715 terra:
412 1661 587 1717 aridae
609 1680 737 1734 quae
760 1680 970 1734 aquam
993 1663 1130 1717 sitit.
1152 1664 1274 1717 Non
1293 1665 1479 1718 solum
1497 1666 1690 1718 autem
1724 1664 1833 1718 hoc

227 1750 572 1805 beneﬁcium
588 1751 906 1823 impendet,
922 1755 983 1806 ut
1000 1754 1295 1807 convertat
1309 1755 1511 1823 gentes
1532 1754 1587 1806 in
1600 1752 1828 1806 aridam:

228 1838 331 1892 sed
358 1839 509 1895 istud
542 1839 717 1893 etiam
764 1840 918 1910 quod
976 1840 1097 1912 ipse
1149 1841 1211 1895 in
1263 1843 1484 1911 ﬂumine
1529 1841 1834 1895 existentes

227 1928 529 1981 transibunt
554 1927 695 1982 illud
721 1932 938 1983 ﬂumen
963 1929 1116 1998 pede,
1135 1929 1194 1984 id
1222 1932 1307 1983 est
1322 1946 1426 2000 per
1445 1930 1831 1983 humilitatem

224 2016 286 2070 in
322 2033 434 2087 qua
456 2018 928 2087 perseverabunt.
959 2017 1124 2082 Quod
1146 2022 1232 2072 est
1257 2018 1444 2073 dicere
1477 2035 1489 2072 :
1520 2018 1708 2073 Faciet
1737 2035 1832 2072 eas

223 2104 472 2158 transire
504 2104 747 2172 ﬂumen,
780 2105 838 2159 in
861 2123 973 2177 quo
997 2108 1131 2159 sunt
1148 2106 1303 2177 pede,
1327 2105 1383 2160 id
1400 2109 1484 2161 est
1500 2106 1708 2161 merito
1725 2106 1830 2159 hu-

227 2192 486 2246 militatis
516 2209 630 2247 suae
665 2210 678 2248 :
713 2194 801 2247 vel
824 2193 975 2264 pede,
1000 2193 1054 2247 id
1088 2196 1174 2247 est
1202 2210 1334 2248 cum
1364 2194 1667 2248 securitate
1699 2210 1713 2248 :
1745 2195 1833 2248 vel

227 2281 378 2358 pede,
408 2281 466 2336 id
497 2284 582 2335 est
606 2281 875 2336 velociter
907 2299 919 2336 :
955 2282 1172 2336 ﬂumen
1206 2283 1415 2336 dicitur
1448 2284 1556 2337 hoc
1588 2284 1832 2338 mortale

231 2372 527 2436 smculum,
560 2387 629 2425 eo
661 2370 813 2442 quod
841 2370 913 2424 ad
962 2370 1204 2425 modum
1231 2371 1486 2425 ﬂuminis
1513 2372 1626 2426 cito
1667 2373 1827 2426 ﬂuat.

228 2460 393 2524 Quod
423 2460 593 2513 faciet
623 2476 719 2513 eas
748 2460 992 2513 transire
1025 2460 1354 2515 reducendo
1382 2460 1455 2514 ad
1486 2460 1834 2516 immortali-

227 2552 432 2615 tatem,
466 2551 524 2603 et
550 2549 658 2602 hoc
682 2565 785 2620 pro
818 2548 1145 2603 humilitate
1169 2566 1290 2615 sua,
1320 2553 1375 2603 et
1406 2550 1676 2604 velociter
1706 2553 1835 2621 post

229 2652 470 2708 parvum
500 2638 728 2707 tempus
750 2638 808 2689 et
832 2653 1049 2702 secure,
1067 2640 1129 2690 ut
1147 2636 1203 2691 in
1237 2637 1484 2691 discessu
1510 2637 1680 2707 hujus
1704 2637 1833 2692 vitae

229 2741 346 2779 non
371 2724 615 2779 timeant
642 2740 839 2795 pcenas
866 2741 933 2778 ex
964 2724 1311 2780 conscientia
1337 2725 1697 2792 delictorum,
1715 2726 1835 2798 qui-

227 2813 333 2867 bus
365 2812 521 2885 prius
546 2813 1036 2867 emundabuntur.
1073 2814 1177 2867 Pes
1207 2829 1309 2883 pro
1328 2813 1831 2886 bumilitatepoui-

227 2904 340 2968 tur,
369 2916 437 2955 eo
475 2901 631 2972 quod
684 2900 756 2955 sit
807 2901 1051 2955 inferior
1099 2918 1231 2973 pars
1268 2901 1544 2971 corporis.
1592 2901 1832 2955 Ponitur

227 2989 402 3043 etiam
435 3004 539 3058 pro
571 2988 892 3055 velocitate,
921 3006 990 3043 eo
1022 2988 1177 3060 quod
1210 2989 1477 3044 velocitas
1502 2989 1559 3042 in
1590 2988 1830 3059 pedibus

225 3076 479 3132 hominis
509 3076 785 3130 fundetur
819 3096 831 3131 :
862 3076 1097 3148 ponitur
1113 3092 1343 3148 quoque
1372 3092 1475 3147 pro
1502 3076 1825 3144 securitate,

1937 604 2059 656 tent
2074 601 2838 673 gentibus,quandoquidem
2855 601 2999 655 oculi
3012 601 3243 656 Domini
3259 604 3549 674 respiciunt

1932 707 2085 762 super
2095 698 2293 760 gentes,
2313 695 2369 745 et
2394 690 2472 745 sic
2503 690 2713 745 dicitur
2743 689 3223 763 quandoquidem
3252 691 3396 747 oeuli
3432 693 3542 747 Do-

1933 778 2078 833 mini
2097 781 2387 850 respiciunt
2400 797 2555 850 super
2569 786 2766 847 gentes,
2789 796 2908 834 non
2933 796 3087 850 super
3105 779 3331 834 Judaaos

1931 869 2161 923 tantum
2196 884 2209 921 :
2242 884 2349 921 non
2382 867 2702 941 exaltentur,
2726 868 2785 922 id
2808 870 2892 921 cst
2926 884 3046 922 non
3070 867 3408 939 superbiant
3428 884 3547 922 am-

1931 956 2078 1027 plius
2108 959 2162 1010 in
2185 959 2491 1027 semetipsis,
2536 957 2595 1011 id
2639 962 2725 1011 est
2772 956 2830 1011 in
2876 973 3093 1028 genere
3143 960 3201 1011 et
3242 956 3300 1010 in
3340 956 3545 1011 notitia

1932 1061 2033 1098 sua
2066 1060 2079 1096 :
2115 1047 2172 1098 et
2199 1045 2309 1099 hoc
2336 1045 2651 1099 secundum
2684 1045 2839 1116 quod
2869 1049 3002 1099 sunt
3029 1045 3099 1100 de
3127 1061 3339 1116 genere
3369 1045 3546 1099 Abra-

1930 1132 2042 1199 hze,
2074 1129 2132 1186 et
2162 1132 2261 1187 Dei
2294 1132 2559 1187 notitiam
2597 1133 2755 1204 prius
2790 1133 3141 1186 habuerunt.
3171 1132 3255 1186 Illi
3279 1134 3375 1204 qui
3391 1149 3541 1186 exas-

1921 1227 2115 1289 perant
2156 1220 2431 1291 pietatem
2487 1220 2605 1287 Dei,
2653 1225 2938 1292 quantum
2999 1220 3071 1275 ad
3113 1220 3541 1291 reputationem

1932 1325 2116 1374 suam,
2165 1325 2282 1362 non
2327 1312 2610 1380 quantum
2641 1309 2714 1363 ad
2746 1311 2956 1376 Deum,
2992 1308 3085 1380 qui
3119 1309 3176 1362 in
3208 1326 3308 1363 sua
3334 1314 3543 1363 natura

1931 1411 2163 1466 semper
2190 1395 2345 1449 mitis
2372 1400 2474 1450 est.
2508 1396 2671 1459 Quod
2722 1400 2808 1450 est
2869 1396 3058 1450 dicere
3097 1413 3108 1450 :
3143 1398 3206 1449 In
3252 1398 3361 1451 hoc
3411 1413 3541 1451 eam

1931 1483 2184 1537 reddunt
2200 1500 2485 1555 asperam,
2515 1484 2671 1556 quod
2704 1485 3072 1539 solummodo
3083 1484 3541 1557 judicantipsam

1934 1572 2209 1644 pietatem
2242 1573 2453 1628 debere
2485 1574 2745 1628 misereri
2775 1574 3003 1638 Judaeis,
3039 1590 3155 1629 non
3188 1573 3362 1628 etiam
3400 1590 3542 1645 gen-

1932 1661 2104 1717 tibus.
2137 1662 2532 1717 Adbortantur
2545 1666 2738 1717 autem
2757 1666 2961 1734 gentes
2981 1663 3053 1717 ad
3080 1663 3540 1718 benedicendum

1936 1751 2143 1816 Deum,
2171 1750 2248 1804 sic
2277 1767 2290 1804 :
2320 1751 2468 1822 Ergo
2496 1751 2631 1822 quia
2659 1751 2802 1804 oculi
2819 1751 2933 1821 ejus
2958 1752 3540 1821 respiciuntsupervos,

1938 1838 2237 1905 benedicite,
2267 1846 2463 1909 gentes,
2495 1839 2669 1893 Deum
2691 1847 2950 1905 nostrum,
2972 1839 3029 1893 id
3060 1842 3146 1894 est
3173 1839 3401 1893 laudate
3423 1855 3545 1894 om-

1934 1927 2175 1982 nimoda
2203 1928 2371 1982 laude
2399 1926 2714 1982 devotionis
2739 1930 2795 1981 et
2809 1927 3018 1998 operis.
3039 1926 3209 1997 Cujus
3233 1927 3373 1982 oculi
3389 1942 3544 1997 super

1932 2032 2032 2070 vos
2061 2017 2364 2086 respiciunt,
2397 2015 2492 2087 qui
2525 2018 2672 2070 Deus
2704 2019 2809 2083 est,
2841 2019 2899 2070 et
2928 2018 3144 2084 noster,
3178 2015 3234 2070 id
3260 2018 3345 2070 est
3364 2015 3541 2069 homo

1934 2107 2149 2159 nostrae
2209 2109 2430 2159 natura:
2472 2104 2738 2171 existens,
2778 2109 2828 2159 et
2879 2120 2995 2159 non
3054 2106 3239 2159 solum
3281 2119 3455 2175 opere
3487 2107 3543 2158 et

1935 2191 2239 2247 devotione
2270 2192 2540 2261 laudetis;
2582 2194 2679 2247 sed
2709 2193 2952 2247 auditam
2978 2194 3143 2264 facite
3174 2209 3351 2246 vocem
3372 2191 3543 2245 laudis

1935 2280 2067 2350 ejus,
2102 2279 2159 2335 id
2192 2284 2277 2335 est
2305 2281 2532 2335 laudate
2565 2298 2697 2336 eum
2731 2282 3055 2349 manifeste,
3089 2283 3152 2335 ut
3181 2280 3418 2335 audiant
3449 2278 3543 2334 alii

1937 2372 1995 2423 et
2025 2371 2288 2441 exemplo
2321 2372 2506 2425 vestro
2530 2370 2760 2424 laudem
2787 2369 2928 2440 ejus.
2966 2368 3270 2440 Sequitur:

2009 2456 2118 2522 Qui
2146 2460 2325 2527 posuit
2368 2459 2607 2511 animam
2638 2474 2809 2511 meam
2840 2457 2911 2510 ad
2954 2460 3141 2523 vitam,
3177 2472 3241 2510 ac
3267 2455 3312 2510 si
3346 2454 3498 2510 dicat
3526 2471 3537 2509 :

1938 2543 1995 2599 Si
2029 2545 2084 2599 in
2120 2546 2293 2600 laude
2320 2546 2747 2617 persecutiones
2783 2545 2941 2601 vobis
2984 2543 3328 2616 ingruerint,
3363 2542 3542 2598 nolite

1936 2637 2097 2688 metu
2123 2634 2396 2689 desistere
2424 2652 2457 2689 a
2486 2634 2676 2701 laude,
2703 2634 2804 2688 sed
2834 2633 3122 2706 patienter
3151 2632 3445 2698 sustinete,
3480 2633 3544 2685 ut

1936 2738 2041 2793 per
2063 2722 2171 2777 hoc
2210 2722 2283 2776 ad
2310 2722 2483 2776 vitam
2520 2721 2883 2794 perveniatis,
2922 2722 3066 2776 sicut
3096 2726 3152 2776 et
3183 2738 3288 2776 nos
3317 2722 3540 2792 patien-

1936 2813 2025 2864 ter
2049 2811 2396 2865 sustinemus
2418 2810 2563 2864 utad
2579 2810 2752 2863 vitam
2779 2810 3199 2880 perveniamus.
3216 2811 3363 2863 Deus
3381 2808 3539 2863 enim

1926 2900 2107 2969 posuit
2137 2901 2375 2953 animam
2420 2915 2612 2964 meam,
2662 2897 2799 2951 dicit
2844 2897 3089 2952 Ecclesia
3120 2896 3537 2969 apostolorum,

1933 2986 1992 3040 id
2014 2990 2098 3040 est
2122 2987 2445 3062 humiliavit
2469 2985 2899 3040 sensualitatem
2920 3002 3110 3040 meam
3130 2985 3188 3039 in
3218 2984 3538 3040 tribulatio-

1934 3074 2120 3141 nibus,
2141 3075 2198 3129 id
2220 3079 2306 3129 est
2326 3075 2505 3146 afﬂigi
2534 3073 2813 3145 permisit,
2842 3077 2899 3127 et
2927 3075 3033 3128 hoc
3064 3073 3135 3126 ad
3164 3075 3328 3126 vitam
3356 3072 3536 3144 adipi-

226 3181 295 3220 eo
328 3166 481 3236 quod
512 3165 754 3237 pedibus
781 3181 977 3219 secure
1009 3165 1270 3219 nitimur.
1296 3166 1414 3229 Vel,
1428 3165 1831 3235 pertransibunt
1852 3155 1899 3214 C
1931 3164 2224 3231 scendam,
2255 3164 2311 3218 id
2343 3168 2425 3218 est
2449 3167 2510 3217 ut
2530 3179 2633 3233 per
2650 3163 2756 3217 hoc
2772 3163 2944 3216 vitam
2968 3162 3356 3234 adipiscamur
3375 3164 3538 3216 mter-

225 3254 467 3319 ﬂumen,
492 3253 552 3307 id
574 3257 661 3308 est
689 3256 1067 3309 contemnent
1088 3253 1447 3308 afﬂuentiam
1469 3253 1828 3308 saecularium

222 3343 532 3405 bonorum,
561 3359 689 3414 qua:
717 3341 924 3397 dicitur
955 3341 1197 3409 ﬂumen,
1231 3359 1298 3397 eo
1332 3343 1486 3413 quod
1520 3343 1632 3397 cito
1666 3343 1827 3412 ﬂuat,

223 3435 282 3486 et
306 3433 416 3486 hoc
443 3432 655 3486 facient
671 3430 822 3502 pede,
849 3431 907 3485 id
937 3434 1023 3484 est
1058 3431 1350 3498 velociter,
1376 3434 1433 3485 et
1459 3432 1514 3485 in
1533 3431 1827 3486 humilita-

221 3523 301 3585 te,
337 3523 398 3574 ut
428 3537 545 3573 non
596 3519 730 3574 inde
776 3518 1115 3590 superbiant
1151 3536 1163 3573 :
1205 3523 1262 3572 et
1293 3519 1387 3584 ibi,
1416 3519 1473 3572 id
1514 3523 1600 3573 est
1640 3522 1694 3572 in
1739 3520 1827 3573 illo

221 3608 465 3663 transitu
506 3608 822 3674 tutabimur,
855 3610 913 3661 et
958 3623 1061 3661 nos
1093 3607 1335 3677 apostoli
1373 3611 1429 3661 et
1458 3610 1662 3679 gentes
1705 3625 1830 3679 per-

217 3700 582 3752 transeuntes
632 3699 688 3750 in
733 3698 845 3767 ipso
898 3698 1039 3763 Deo,
1090 3713 1209 3751 non
1255 3696 1727 3750 contristabimur
1755 3698 1826 3752 de

219 3785 527 3840 amissione
558 3786 1003 3857 temporalium;
1039 3787 1125 3839 vel
1141 3784 1455 3839 secundum
1475 3785 1825 3840 sententiam

220 3874 476 3946 priorem
522 3890 534 3928 :
572 3874 640 3927 In
685 3877 792 3945 ipso
843 3873 1166 3940 leetabimur,
1198 3872 1255 3926 id
1301 3876 1386 3928 est
1429 3873 1486 3926 in
1519 3874 1825 3944 adeptione

220 3963 397 4036 ipsius
426 3979 555 4017 cum
588 3964 657 4017 de
683 3964 790 4018 hoc
822 3962 1039 4017 mundo
1082 3962 1576 4034 pertransibimus.

291 4050 363 4104 In
390 4053 498 4121 ipso
529 4050 655 4105 dico
686 4053 780 4122 qui
807 4050 1117 4105 dominatur
1156 4052 1212 4104 in
1250 4057 1506 4105 aeternum
1551 4052 1608 4103 in
1636 4053 1828 4105 virtute

220 4158 341 4208 sua,
373 4140 435 4194 id
462 4144 545 4194 est
573 4140 632 4193 in
658 4140 918 4211 potentia
947 4140 1050 4194 sibi
1080 4156 1360 4211 congrua,
1393 4156 1509 4195 non
1543 4139 1601 4194 in
1622 4139 1825 4194 virtute

224 4228 413 4284 aliena
436 4245 449 4283 :
482 4230 568 4283 vel
592 4245 650 4282 m
675 4230 868 4281 virtute
889 4245 1005 4293 sua,
1028 4228 1182 4283 idest
1206 4227 1262 4282 in
1295 4228 1554 4299 potentia
1578 4245 1827 4283 resurre-

215 4318 442 4372 ctionis.
476 4316 639 4381 Quod
670 4320 756 4371 est
775 4316 967 4371 dicere
998 4333 1010 4370 :
1045 4317 1154 4371 Per
1173 4317 1279 4371 hoc
1297 4318 1575 4371 Dominus
1591 4318 1825 4373 effectus

1930 3268 2090 3306 nam.
2116 3254 2335 3307 Ponere
2366 3251 2597 3324 proprie
2618 3251 2878 3317 dicimus,
2909 3251 3141 3323 quando
3164 3268 3253 3305 res
3275 3251 3347 3304 de
3368 3267 3534 3323 supe-

1929 3340 2067 3395 riori
2090 3342 2214 3396 loco
2238 3344 2488 3413 sumpta,
2512 3339 2752 3394 interius
2773 3339 3037 3393 mittitur.
3063 3339 3315 3411 Ideoque
3338 3355 3538 3394 convc-

1931 3429 2160 3483 nienter
2190 3446 2293 3500 pro
2316 3428 2619 3483 humiliare
2641 3444 2857 3498 ponere
2888 3427 3180 3500 accipitur,
3207 3428 3537 3499 etquamvis

1931 3534 2026 3572 me
2062 3522 2263 3589 posuit,
2310 3536 2416 3572 non
2445 3522 2642 3573 tamen
2687 3517 2833 3573 dedit
2862 3520 2917 3572 in
2961 3520 3359 3572 commotionem
3376 3517 3535 3588 pedes

1930 3626 2087 3676 meos,
2116 3609 2177 3663 id
2207 3612 2292 3663 est
2318 3627 2435 3663 non
2458 3608 2719 3680 permisit
2749 3608 2807 3662 in
2836 3608 3293 3663 commotionem
3313 3608 3435 3662 dari
3459 3608 3538 3662 af-

1929 3697 2205 3751 fectiones
2230 3714 2411 3763 meas,
2455 3701 2518 3750 ut
2557 3714 2675 3767 prae
2716 3696 2924 3751 timore
2959 3712 3258 3767 poenarum
3297 3713 3329 3748 a
3379 3696 3532 3749 bono

1930 3784 2224 3855 proposito
2237 3786 2761 3838 commoverentur.
2788 3784 2982 3836 Posset
2998 3781 3164 3851 olijici
3191 3799 3202 3835 :
3225 3782 3329 3835 fuit
3347 3799 3416 3835 ne
3430 3782 3531 3836 ali-

1929 3873 2066 3944 quid
2089 3872 2239 3927 unde
2279 3871 2518 3943 possetis
2546 3869 2947 3925 commoveri?
2976 3869 3062 3922 Ad
3097 3869 3253 3940 quod
3272 3869 3351 3923 sic
3370 3869 3529 3923 addi-

1927 3965 2040 4028 tur,
2075 3961 2337 4015 faciendo
2369 3960 2783 4032 apostropham
2825 3958 2896 4012 ad
2944 3960 3127 4012 Deum
3159 3974 3289 4011 cum
3316 3957 3530 4027 gratia-

1926 4066 2055 4104 rum
2071 4050 2318 4111 actione,
2343 4051 2413 4104 de
2434 4049 2757 4104 constantia
2778 4065 2905 4102 sua:
2929 4048 3072 4101 Vere
3088 4046 3192 4101 fuit
3208 4047 3356 4101 unde
3371 4064 3532 4101 com-

1928 4139 2144 4194 moveri
2174 4155 2487 4210 possemus.
2535 4137 2799 4205 Quoniam
2832 4140 2911 4203 tu,
2958 4136 3102 4190 Deus
3138 4135 3382 4207 probasti
3416 4153 3526 4191 nos.

1928 4228 2172 4300 Exponit
2200 4245 2333 4282 vero
2357 4227 2651 4298 quomodo
2665 4225 3096 4297 probavit,cum
3110 4225 3288 4291 addit,
3316 4224 3531 4280 scilicet

1926 4318 2247 4370 examinnsti
2264 4332 2356 4369 nos
2376 4314 2964 4383 ignetribulationum,
2989 4316 3044 4367 et
3070 4330 3186 4367 non
3215 4313 3288 4367 ad
3308 4314 3528 4368 incom-

214 4410 320 4472 est,
355 4406 489 4477 quia
521 4422 714 4477 passus
744 4408 829 4460 est
854 4409 910 4459 et
939 4406 1267 4459 resurrexit.
1306 4407 1472 4460 Juxta
1502 4406 1641 4461 illud
1670 4408 1820 4478 Apo-
1847 4394 1902 4454 D
1926 4405 2165 4459 modum
2198 4408 2482 4473 nostrum,
2516 4406 2579 4457 ut
2609 4420 2673 4456 ex
2700 4405 2822 4456 toto
2848 4418 3263 4456 consumamur
3283 4403 3401 4471 igne
3428 4401 3527 4455 tri-

213 4495 345 4549 stoli
374 4511 386 4548 :
413 4517 441 4544 «
462 4494 628 4548 Dedit
649 4493 728 4548 illi
753 4509 966 4548 nomen
989 4493 1143 4565 quod
1182 4497 1268 4548 est
1296 4510 1469 4565 super
1517 4510 1693 4548 omne
1725 4511 1825 4549 no-

210 4600 351 4638 men
376 4583 547 4653 (Phil.
580 4599 639 4649 n,
678 4584 788 4651 10).
822 4603 849 4631 ››
884 4582 1047 4645 Quod
1072 4585 1158 4636 est
1188 4582 1377 4637 dicere
1411 4598 1424 4636 :
1452 4582 1576 4636 Non
1610 4582 1821 4638 frustra

208 4671 527 4727 laetandum
556 4674 642 4726 est
674 4670 732 4725 in
763 4687 855 4737 eo,
889 4687 1019 4725 eum
1042 4670 1162 4740 ipse
1186 4670 1521 4725 dominetur
1537 4672 1596 4725 in
1626 4672 1820 4725 virtute

205 4775 305 4815 sua
342 4760 692 4813 maternum.
721 4756 867 4822 Quia
901 4773 1033 4811 vero
1078 4756 1298 4811 dixerat
1332 4774 1345 4811 :
1379 4759 1638 4813 convertit
1673 4775 1820 4811 mare

206 4849 267 4903 in
317 4846 547 4914 aridam,
583 4865 655 4902 ne
689 4852 895 4919 gentes
944 4849 1217 4917 putarent
1260 4863 1320 4901 se
1357 4846 1559 4901 salvari
1598 4847 1819 4902 meritis

209 4935 345 5003 suis,
371 4936 532 4991 addit
559 4935 640 4990 sic
663 4953 676 4990 :
712 4935 848 4990 Dico
869 4936 1129 4990 convertit
1157 4934 1396 5002 mare,id
1426 4937 1512 4989 est
1541 4937 1742 5005 gentes
1756 4936 1818 4990 in

207 5024 520 5093 aridam,et
539 5024 645 5079 hoc
678 5040 796 5078 non
829 5023 1036 5077 merito
1068 5023 1350 5094 gentium,
1383 5023 1481 5077 sed
1528 5023 1671 5077 oculi
1704 5024 1816 5093 ejus

208 5111 621 5168 misericordia:
651 5112 955 5182 respiciunt,
989 5111 1046 5165 id
1061 5115 1146 5165 est
1171 5110 1621 5166 misericorditer
1636 5117 1815 5181 gentes

205 5199 440 5269 respicit
463 5202 523 5253 ut
542 5201 739 5266 salvet,
773 5217 807 5254 a
838 5198 1210 5253 similitudine
1240 5199 1318 5271 pii
1350 5200 1599 5269 patrcni,
1630 5201 1727 5271 qui
1744 5200 1814 5255 de

205 5287 440 5343 sublimi
468 5289 608 5344 solio
642 5288 869 5361 imperii
886 5287 969 5342 sui
1002 5287 1254 5358 aliquem
1277 5303 1611 5358 oppressum
1641 5289 1817 5343 oculis

207 5376 443 5448 pietatis
474 5393 589 5431 suae
612 5376 860 5449 respicit,
896 5379 957 5430 ut
976 5391 1110 5430 eum
1132 5376 1327 5429 salvet.
1360 5375 1595 5429 Faciunt
1621 5380 1816 5430 autem

208 5466 626 5537 apostropham
654 5464 729 5520 ad
758 5480 1062 5519 conversos
1094 5463 1164 5517 de
1197 5463 1427 5531 Iudicis,
1446 5463 1543 5535 qui
1558 5463 1815 5519 afﬁrma-

211 5554 359 5610 bant
386 5555 572 5609 nullos
602 5556 813 5625 praeter
839 5552 1065 5609 Iudaeos
1096 5551 1155 5606 in
1190 5551 1302 5606 ﬁde
1327 5551 1691 5622 recipiendos
1729 5569 1817 5606 es-

212 5658 299 5718 se,
332 5642 589 5702 dicentes
625 5641 940 5705 Dominum
989 5642 1181 5700 Jesum
1220 5656 1325 5718 pro
1360 5640 1689 5699 Judaeorum
1727 5658 1818 5700 so-

1924 4492 2287 4547 bulationum
2316 4508 2328 4545 :
2357 4491 2458 4545 sed
2497 4492 2576 4545 ita
2614 4492 2958 4557 examinasti,
2999 4492 3141 4545 sicut
3187 4492 3528 4545 examinatur

1923 4587 2219 4651 argentum.
2250 4579 2414 4644 Quod
2436 4582 2521 4634 est
2542 4579 2730 4634 dicere
2753 4596 2765 4633 :
2790 4578 2946 4632 Sicut
2972 4582 3277 4649 argentum
3305 4578 3362 4632 in
3391 4579 3525 4650 igne

1920 4670 2170 4742 positum
2201 4670 2559 4736 examinatur,
2593 4668 2652 4722 id
2682 4670 2769 4722 est
2799 4668 2962 4722 omni
2995 4667 3165 4722 sorde
3213 4667 3476 4739 expiatur
3509 4686 3524 4734 ;

1921 4757 2001 4812 ita
2022 4774 2124 4812 nos
2145 4759 2264 4827 igne
2282 4755 2713 4811 tribulationum
2737 4755 2994 4827 expiasti.
3025 4755 3351 4810 Notandum
3373 4756 3525 4826 quod

1921 4861 2038 4899 non
2072 4844 2201 4899 ideo
2232 4844 2369 4899 dicit
2386 4843 2637 4915 probasti
2660 4843 2815 4916 quod
2840 4843 2997 4914 prius
3019 4859 3221 4897 eorum
3252 4844 3520 4896 constan-

1919 4931 2061 4986 tiam
2088 4931 2402 5003 ignoraret,
2417 4933 2516 4988 sed
2537 4932 2689 4988 idem
2711 4937 2796 4988 est
2813 4949 2876 4987 ac
2909 4931 2951 4986 si
2988 4930 3206 4985 diceret
3226 4947 3238 4983 :
3259 4931 3371 4983 Nos
3389 4946 3522 5000 pro-

1919 5019 2082 5075 batos
2104 5021 2421 5087 ostendisti,
2446 5020 2543 5093 qui
2564 5021 2721 5093 prius
2746 5037 2863 5075 non
2894 5020 3234 5074 videbamur
3253 5020 3520 5072 constan-

1918 5111 2399 5165 tes.Demonstrat
2410 5114 2603 5165 autem
2618 5110 2767 5181 ipsas
2780 5106 3181 5163 tribulationes
3194 5122 3297 5177 per
3311 5109 3519 5177 partes,

1919 5198 1997 5254 sic
2026 5216 2038 5252 :
2068 5199 2199 5253 Dico
2232 5199 2385 5270 quod
2406 5199 2648 5270 probasti
2676 5215 2768 5251 nos
2791 5200 2930 5267 igne,
2964 5200 3021 5250 et
3040 5213 3170 5251 ecce
3198 5196 3393 5266 ignem
3425 5195 3525 5249 sci-

1919 5287 2050 5342 licet
2082 5288 2338 5341 induxisti
2364 5287 2549 5353 nos,id
2581 5290 2665 5340 est
2694 5285 3003 5357 permisisti
3033 5302 3138 5340 nos
3159 5283 3352 5339 induci
3374 5287 3429 5337 in
3443 5284 3520 5337 ta-

1919 5394 2132 5450 queum,
2159 5377 2220 5432 id
2243 5380 2329 5432 est
2350 5376 2411 5430 in
2445 5376 2692 5430 diversas
2720 5373 3016 5444 captiones
3050 5390 3369 5451 carcerum,
3402 5373 3521 5445 cip-

1916 5482 2151 5538 porum,
2201 5463 2572 5537 compedum,
2625 5466 2986 5529 catenarum,
3041 5461 3424 5527 vinculorum,
3466 5463 3533 5515 et:

1921 5557 2263 5609 caeterorum
2293 5552 2621 5623 hujusmodi
2651 5570 2664 5621 ;
2696 5554 2945 5624 posuisti,
2996 5551 3055 5607 id
3104 5555 3189 5607 est
3217 5550 3526 5625 permisisti

1922 5644 2283 5702 tribulationes
2314 5645 2370 5701 in
2398 5643 2549 5701 dorso
2588 5649 2787 5713 nostro,
2823 5644 2887 5698 ut
2932 5641 3169 5702 diversis
3195 5641 3527 5702 verberibus
