4004 6052
476 374 582 430 9-17

1083 366 1140 425 s.
1181 354 1526 423 BRUNONIS
1567 335 2200 421 CARTHUSIANORUM
2242 340 2712 417 INSTITUTORIS
2752 356 2907 416 OPP.
2949 339 3125 414 pass
3163 356 3187 413 1

3682 356 3795 412 948

475 490 903 562 a'tligcremur;
959 489 1251 559 imposuisti
1302 487 1554 554 homines,
1604 484 1663 540 id
1713 487 1799 539 est
1856 481 2077 556 imponi
2101 489 2154 548 Α
2183 481 2413 537 rebellis
2444 481 2548 536 sim
2583 482 2669 537 vel
2701 480 2999 553 superbus,
3046 479 3189 533 sicut
3228 475 3377 533 aries
3422 475 3636 532 rebello
3671 468 3811 530 ani:

476 578 798 653 perministi
830 578 1062 648 impios,
1087 577 1330 648 qnijure
1376 576 1644 629 dicuntur
1680 573 1919 627 homines
1961 589 2079 626 non

479 669 822 741 spirituales,
852 684 1006 737 super
1036 668 1210 736 capita
1261 672 1460 731 nostra,
1494 662 1551 716 id
1605 665 1690 715 est
1738 659 2081 716 dominandi

478 757 762 831 capitibus
789 756 996 810 nostris
1017 754 1096 809 eis
1126 752 1447 825 potentiam
1476 750 1823 816 concessisti,
1853 753 1913 804 ut
1952 764 2080 819 pos-

480 849 609 901 sent
639 844 899 900 occidere
935 860 1059 909 nos,
1090 844 1172 897 vel
1199 842 1493 912 imposuisti
1515 856 1672 911 super
1687 841 1864 909 capita
1883 845 2080 902 nostra,

478 935 538 989 id
565 938 650 988 est
679 931 965 1004 subjecisti
998 947 1102 986 nos
1130 930 1402 1003 potentias
1439 945 1663 983 eorum.
1704 929 1771 981 Et
1813 927 1951 999 quid
1982 926 2084 980 tibi

480 1021 625 1077 irem
656 1039 759 1095 per
787 1021 1011 1091 singula
1039 1018 1066 1073 ?

556 1114 922 1167 Transirimus
944 1127 1043 1180 per
1066 1111 1239 1179 ignem
1265 1115 1315 1162 et
1339 1125 1554 1179 aquam,
1587 1107 1645 1162 id
1680 1108 1763 1160 est
1802 1121 1904 1176 per
1929 1120 2087 1174 pros-

484 1219 622 1274 pera
653 1203 709 1254 et
739 1216 841 1270 per
870 1200 1129 1264 adversa,
1161 1197 1239 1250 sic
1291 1198 1352 1250 ut
1401 1212 1505 1250 nec
1545 1195 1852 1265 asperitate
1896 1191 2080 1258 fracti,

483 1306 588 1343 nec
615 1286 996 1359 prosperitate
1025 1285 1202 1338 simus
1246 1284 1468 1338 elevati.
1517 1282 1666 1353 Ignis
1700 1284 1849 1336 recte
1882 1280 2086 1334 dicitur

485 1376 813 1442 adversitas,
835 1392 902 1429 eo
926 1374 1081 1446 quod
1105 1376 1368 1444 torqueat
1386 1375 1443 1426 et
1464 1371 1696 1437 cruciet,
1718 1374 1775 1424 et
1792 1384 1892 1423 suo
1910 1367 2083 1422 modo

482 1470 613 1519 urat
643 1465 787 1518 sicut
817 1463 985 1534 ignis.
1019 1465 1182 1534 Aqua
1195 1461 1428 1532 quidem
1450 1459 1821 1531 prosperitas,
1841 1474 1907 1511 eo
1931 1455 2086 1527 quod

481 1569 582 1608 suo
618 1552 792 1607 modo
816 1552 959 1605 sicut
977 1567 1126 1621 aqua
1145 1550 1477 1620 refrigerat;
1500 1549 1586 1602 vel
1604 1547 1679 1601 sic
1706 1565 1717 1601 :
1744 1547 2086 1599 transivimus

470 1658 572 1712 per
596 1642 769 1710 ignem
788 1646 847 1692 et
870 1656 1087 1710 aquam,
1108 1636 1161 1692 id
1184 1641 1269 1691 est
1300 1654 1403 1708 per
1416 1633 1765 1690 omnismodi
1796 1634 2088 1687 tormenta

483 1745 611 1800 quae
646 1728 792 1781 ﬁunt
824 1728 881 1781 in
910 1728 1043 1798 igne
1070 1730 1128 1780 et
1157 1726 1214 1779 in
1240 1742 1388 1797 aqua
1425 1741 1437 1778 :
1472 1727 1530 1778 et
1562 1741 1664 1794 per
1693 1723 1815 1777 haec
1846 1722 1957 1775 duo
1991 1720 2089 1774 dat

2183 572 2299 626 mal
2325 575 2410 626 est
2438 575 2496 626 et
2520 570 2852 642 superbum,
2887 573 2944 624 et
2968 568 3281 623 incendam
3313 566 3561 633 hircum,
3603 560 3665 620 i'd
3709 569 3799 620 est

2182 661 2465 733 luxuriam
2496 678 2623 732 quin
2646 661 2787 715 fetet
2818 659 2920 714 tibi
2951 662 3012 714 ut
3038 658 3229 712 hircus
3259 657 3355 728 qui
3392 655 3635 709 fetidum
3669 654 3795 708 ani—

2184 751 2301 806 mal
2330 753 2451 804 est:
2481 753 2539 804 et
2560 750 2680 803 istae
2711 748 3075 803 incensiones
3107 749 3278 801 erunt
3318 745 3422 799 tibi
3464 743 3800 798 dulcissima

2182 841 2535 905 holocausta,
2575 856 2701 911 qua:
2752 837 3277 909 praeﬁgurabanlur
3317 850 3421 905 per
3464 833 3801 888 holocausta

2184 945 2312 1001 qua:
2343 929 2402 982 in
2444 929 2571 999 lege
2601 927 2782 982 veteri
2809 944 2877 981 ex
2907 926 3090 981 bobus
3135 927 3194 979 et
3224 923 3396 978 hircis
3435 926 3493 977 et
3524 921 3800 977 arietibus

2185 1017 2381 1072 otl‘erri
2425 1016 2932 1087 praecipiebantur.
2995 1014 3394 1069 Adhortantur
3437 1027 3575 1065 vero
3606 1010 3682 1065 ad
3714 1010 3797 1064 vi-

2185 1105 2441 1160 dendum
2494 1104 2795 1171 beneﬁcia,
2847 1102 2953 1158 sibi
2991 1103 3113 1173 jam
3149 1119 3184 1156 a
3224 1103 3336 1156 Deo
3368 1100 3618 1154 collata:
3648 1103 3714 1153 ut
3743 1102 3801 1153 et

2184 1193 2289 1264 ipsi
2322 1195 2469 1249 bene
2502 1194 2743 1248 vivendo
2772 1193 2844 1247 ad
2876 1194 2984 1247 hoc
3017 1192 3294 1258 nitantur,
3328 1189 3442 1244 sic:
3478 1188 3601 1244 Dixi
3632 1190 3802 1242 venite

2185 1289 2235 1336 et
2263 1282 2434 1337 videte
2457 1300 2615 1353 opera
2641 1289 2691 1336 et
2717 1280 2973 1335 terribilia
3003 1280 3129 1337 Dei.
3159 1282 3219 1334 et
3246 1277 3511 1334 enarravi
3530 1277 3693 1332 vobis
3707 1292 3797 1343 ea,

2186 1372 2249 1424 ut
2278 1386 2481 1425 eorum
2515 1370 2776 1425 contuitu
2810 1371 2991 1423 Deum
3025 1384 3155 1422 cum
3181 1367 3392 1421 timore
3424 1364 3690 1420 laudetis.

2260 1461 2331 1514 Ut
2352 1463 2547 1514 autem
2580 1460 2652 1513 ad
2680 1460 2828 1513 hanc
2860 1458 3091 1512 laudem
3116 1457 3306 1527 magis
3333 1455 3632 1528 magisque
3656 1455 3801 1509 nita-

2185 1549 2351 1616 miui,
2388 1551 2576 1616 venite,
2609 1548 2668 1603 id
2697 1552 2783 1603 est
2815 1550 3137 1619 praeparate
3169 1564 3268 1600 vos
3315 1545 3389 1599 ad
3418 1543 3797 1610 audiendum,

2187 1656 2324 1693 aure
2356 1638 2545 1693 cordis
2574 1654 2735 1692 more
2764 1636 3146 1701 venientium,
3197 1634 3293 1706 qui
3330 1634 3402 1688 ad
3449 1633 3665 1705 aliquid
3697 1650 3798 1688 au-

2189 1727 2479 1783 diendum
2505 1728 2762 1780 currunt.
2796 1727 2865 1779 Et
2888 1725 3090 1792 audite,
3119 1730 3168 1778 et
3193 1723 3445 1787 narrabo,
3464 1722 3607 1776 vobis
3625 1739 3804 1775 omnes

482 1814 806 1887 intelligere
838 1818 1045 1869 caetera
1065 1817 1378 1867 tormenta.
1397 1813 1462 1866 Et
1479 1812 1614 1883 quia
1626 1828 1728 1883 per
1748 1812 1871 1864 haec
1893 1807 2091 1864 omnia
2110 1815 2159 1873 Β
2187 1818 2283 1887 qui
2301 1816 2493 1868 umetis
2507 1814 2702 1881 Deum,
2724 1814 2936 1869 timore
2958 1816 3137 1875 casto,
3154 1817 3359 1883 quanta
3381 1810 3663 1866 beneﬁcia
3673 1810 3804 1879 fecit

482 1904 868 1971 transivimus,
900 1922 1017 1958 non
1052 1902 1401 1969 deﬁcientes,
1434 1900 1679 1967 eduxisti,
1698 1900 1756 1954 id
1777 1902 1861 1953 est
1885 1898 2089 1952 educes
2189 1905 2382 1957 animae
2400 1920 2527 1957 mea
2556 1919 2572 1956 ε
2601 1919 2728 1973 qua:
2748 1901 3030 1956 beneﬁcia
3054 1900 3215 1954 vobis
3232 1899 3423 1965 faciet,
3443 1899 3487 1951 si
3514 1899 3665 1953 bene
3696 1915 3803 1952 no-

482 2010 576 2047 nos
602 1993 674 2047 ab
705 1992 791 2047 his
818 1991 1106 2057 omnibus,
1128 1990 1388 2045 ducendo
1417 1993 1472 2043 in
1493 1989 1834 2058 refrigerium
1857 1989 2088 2041 (eterna:
2190 1991 2276 2045 bis
2305 1990 2775 2046 conformemini.
2812 1991 2933 2043 Non
2966 1988 3303 2043 timentibus
3323 1988 3478 2042 enim
3497 1988 3619 2041 haec
3631 1986 3808 2040 bene-

485 2081 712 2154 quietis.
743 2080 985 2151 Exponit
1015 2083 1209 2133 autem
1240 2078 1300 2132 iu
1349 2078 1503 2149 quod
1544 2077 1887 2147 refrigerium
1917 2073 2091 2128 dedu-

493 2174 603 2234 cet,
638 2169 713 2222 sic
743 2166 1011 2222 addendo
1047 2185 1058 2221 :
1096 2167 1234 2220 Vere
1263 2168 1315 2219 in
1348 2166 1687 2235 refrigerium
1708 2180 1801 2218 me
1821 2163 2090 2218 deduces.

486 2258 630 2313 Nam
664 2273 771 2328 ego
801 2256 1033 2311 introibo
1067 2257 1120 2307 in
1141 2255 1357 2308 domum
1386 2260 1552 2320 tuam,
1576 2252 1789 2307 scilicet
1818 2252 1876 2305 in
1899 2252 2093 2304 Hieru-

487 2347 666 2400 salem
716 2346 1025 2399 ccelcstem.
1070 2344 1186 2414 Ego
1230 2328 1356 2396 dic’o
1398 2342 1644 2395 existens
1672 2343 1729 2395 in
1758 2340 2088 2405 holocaustis,

487 2432 547 2488 id
577 2435 663 2486 est
694 2431 751 2485 in
791 2436 1196 2486 consummata
1236 2434 1292 2484 et
1347 2430 1602 2501 perfecta
1647 2428 2088 2483 combustione:

711 2523 771 2574 ut
794 2520 849 2574 in
877 2536 968 2573 me
998 2519 1154 2589 prius
1177 2518 1477 2590 quidquid,
1502 2518 1662 2571 idest
1687 2520 1983 2570 terrenum
2011 2517 2096 2568 est

492 2611 551 2663 et
591 2609 835 2663 mortale
867 2610 925 2661 et
968 2607 1232 2677 passibile
1265 2608 1722 2671 consummatur,
1757 2608 1815 2659 et
1844 2604 2096 2675 perfecte

494 2696 766 2769 spiritalis
790 2696 924 2750 ﬁam
952 2698 1009 2749 et
1041 2694 1408 2756 immortalis,
1427 2695 1593 2763 juxta
1623 2693 1764 2747 illud
1795 2691 2051 2762 Apostoli
2080 2707 2093 2744 :

493 2807 522 2837 ‹‹
556 2785 794 2857 Oportet
812 2783 1182 2853 corruptibile
1208 2783 1315 2837 hoc
1341 2782 1578 2837 induere
1606 2780 2098 2852 incorruptionem

492 2869 686 2944 (ICor.
708 2871 924 2942 xv,53).
951 2893 979 2919 »
1014 2872 1417 2926 Holocaustum
1470 2870 1809 2924 sacriﬁcium
1844 2868 1983 2923 illud
2015 2867 2097 2923 di-

492 2962 749 3027 cebatur,
784 2960 938 3033 quod
963 2977 1029 3015 ex
1064 2962 1183 3014 toto
1216 2960 1688 3014 comburebatur.
1713 2958 1963 3028 Ideoque
1994 2972 2097 3027 pro

493 3051 748 3122 perfecta
762 3048 1158 3104 eombustione
1174 3048 1489 3120 pouitur,et
1504 3051 1808 3119 postquam
1825 3045 2099 3100 introiere

498 3137 762 3204 domum,
793 3136 1011 3191 reddam
1043 3136 1142 3191 tibi
1162 3144 1281 3190 vota
1308 3155 1444 3204 mea,
1467 3137 1524 3190 id
1544 3140 1629 3191 est
1655 3137 1978 3207 persolvam
2002 3134 2101 3188 tibi

496 3224 557 3279 in
586 3228 867 3279 aeternum
896 3224 1095 3279 laudes
1126 3241 1304 3290 meas,
1339 3242 1405 3278 ex
1439 3225 1600 3279 omni
1631 3228 1762 3278 voto
1796 3227 1853 3277 et
1888 3222 2106 3277 deside-

498 3311 584 3366 rio
613 3328 624 3365 :
651 3329 768 3383 qua:
797 3315 929 3366 vota
959 3312 1101 3365 labia
1133 3329 1245 3365 mea
1267 3311 1565 3378 interiora,
1589 3311 1741 3366 labia
1764 3311 2108 3365 scilicetcor-

501 3398 609 3466 dis,
628 3400 701 3453 ‘id
727 3403 812 3453 est
839 3399 1220 3470 cogitationes
1246 3416 1391 3453 mea:
1418 3400 1791 3465 distinxerunt,
1813 3399 1869 3453 id
1894 3401 1979 3452 est
2001 3397 2110 3452 dis-

500 3486 681 3541 tincta
707 3490 766 3541 et
793 3487 989 3552 divisa,
1042 3491 1100 3540 et
1143 3486 1481 3541 excellentia
1531 3486 1936 3553 intellexerunt
1990 3502 2108 3557 prae

506 3575 667 3630 omni
692 3575 862 3629 laude
895 3592 1023 3647 quas
1056 3574 1116 3629 in
1166 3576 1275 3630 hoc
1320 3576 1540 3631 mundo
1586 3576 1667 3631 ﬁt.
1718 3577 1780 3630 ln
1812 3576 1920 3630 hoc
1951 3574 2109 3629 enim

503 3663 723 3719 mundo
775 3663 1113 3735 imperfecte
1142 3667 1200 3717 et
1230 3664 1541 3736 aliquando
1586 3681 1717 3718 cum
1749 3663 1918 3719 taedio
1964 3665 2111 3718 Deus

505 3748 806 3819 laudatur;
840 3752 899 3806 in
932 3752 1124 3806 futuro
1147 3751 1412 3824 quidem,
1445 3755 1502 3805 et
1524 3751 1774 3822 perfecte
1805 3755 1861 3806 et
1899 3751 2110 3822 absque

508 3841 678 3896 tmdio
711 3840 1056 3894 laudabitur.
1090 3839 1331 3894 Reddam
1350 3841 1708 3907 vota,eadem
1739 3839 2109 3894 similitudine

508 3929 664 3997 dicit,
697 3946 809 4001 qua
841 3928 898 3982 in
931 3929 1041 3982 alio
1073 3929 1294 3998 psalmo
1324 3928 1586 3999 proximo
1601 3929 1815 3983 dictum
1839 3932 1925 3983 est
1952 3945 1964 3982 :
1988 3928 2111 3983 Tibi

508 4017 755 4071 reddetur
775 4023 954 4070 votum
977 4019 1032 4069 in
1065 4016 1406 4070 Hierusalem
1434 4016 1606 4089 (Psal.
1627 4034 1772 4080 LXIV,
1800 4021 1851 4081 2)
1874 4035 1887 4085 ;
1912 4019 1970 4070 et
1989 4018 2111 4072 hzec

508 4113 631 4158 vota
674 4122 795 4158 esse
840 4104 1158 4170 reddenda,
1192 4105 1422 4159 locutum
1463 4112 1536 4159 est
1566 4123 1621 4159 os
1646 4123 1821 4159 meum
1849 4105 2025 4159 etiam
2055 4108 2111 4159 in

511 4192 852 4247 tribulatione
872 4208 1004 4245 mea.
1038 4191 1202 4255 Quod
1224 4196 1309 4246 est
1330 4192 1520 4247 dicere
1547 4210 1558 4247 :
1590 4194 1699 4248 Nec
1715 4194 1891 4248 etiam
1923 4193 1982 4248 in
2011 4194 2109 4247 tri-

508 4279 804 4336 bulatione
829 4279 979 4333 tacui
1004 4278 1301 4334 reddenda
1327 4297 1448 4335 esse
1470 4282 1591 4336 hEBC
1618 4289 1757 4349 vota,
1785 4282 2111 4341 ubividere-

2189 2079 2319 2134 ﬁcia
2347 2095 2583 2154 narrare
2614 2078 3038 2133 infructuosum
3063 2080 3230 2132 esset.
3268 2077 3334 2130 Et
3355 2092 3486 2130 ecce
3519 2074 3808 2129 beneﬁcia

2189 2169 2312 2222 haec
2340 2167 2553 2221 scilicet
2580 2166 2639 2220 in
2673 2183 2766 2221 me
2800 2165 3011 2227 effecit,
3040 2165 3197 2237 quod
3222 2163 3546 2230 clamavi,id
3576 2165 3663 2217 est
3684 2163 3807 2215 cla-

2192 2270 2355 2310 more
2378 2255 2605 2309 intonso
2637 2254 2727 2325 egi
2755 2271 2769 2308 :
2807 2254 2929 2320 Ore,
2965 2256 3022 2307 et
3049 2269 3168 2307 non
3201 2268 3351 2307 vano
3387 2268 3508 2317 ore,
3542 2250 3641 2305 sed
3666 2267 3808 2311 meo,

2192 2343 2252 2398 id
2280 2345 2366 2398 est
2396 2343 2494 2397 tali
2527 2360 2625 2397 ore
2658 2342 2813 2413 quali
2845 2344 3098 2396 clamare
3130 2341 3308 2406 soleo,
3341 2341 3547 2395 devoto
3591 2338 3811 2392 scilicet

2194 2434 2253 2486 et
2283 2435 2525 2486 attento.
2553 2433 2619 2485 Et
2650 2433 2756 2485 hoc
2792 2430 3001 2485 iterum
3036 2430 3093 2484 in
3127 2447 3221 2484 me
3238 2428 3446 2495 eﬂ‘ecit,
3468 2427 3623 2499 quod
3639 2427 3814 2480 exsul-

2195 2522 2309 2574 tavi
2328 2520 2421 2574 sub
2451 2520 2640 2589 lingua
2668 2536 2803 2585 mea,
2836 2518 2895 2573 id
2922 2522 3006 2573 est
3032 2518 3090 2571 in
3121 2518 3294 2572 corde
3313 2533 3443 2571 meo
3462 2516 3533 2570 de
3554 2515 3811 2587 puritate

2198 2609 2545 2664 innocentia:
2577 2625 2746 2662 meae.
2782 2607 2949 2671 Quod
2980 2610 3066 2661 est
3096 2607 3287 2661 dicere
3320 2623 3332 2660 :
3371 2606 3536 2661 Dedit
3556 2604 3697 2659 mihi
3722 2603 3813 2657 in-

2200 2696 2551 2762 nocentiam,
2583 2696 2736 2750 unde
2768 2696 2943 2750 nimis
2971 2694 3337 2750 exsultarem.
3372 2697 3494 2749 Duo
3514 2709 3649 2748 vero
3680 2709 3811 2746 ver-

2199 2803 2292 2840 sus
2319 2786 2415 2857 qui
2447 2789 2786 2857 sequuntur,
2817 2788 3226 2855 praeposterate
3246 2785 3517 2855 leguntur
3530 2784 3642 2837 sic:
3670 2781 3810 2835 Dico

2196 2875 2294 2928 sub
2322 2874 2506 2943 lingua
2533 2873 2812 2935 exsultavi,
2863 2873 2933 2927 de
2981 2872 3316 2927 innocentia
3350 2889 3483 2926 mea
3521 2887 3698 2942 quam
3728 2869 3815 2923 di-

2198 2963 2337 3034 ligo.
2371 2964 2437 3016 Et
2452 2969 2733 3033 propterea
2765 2961 2899 3033 quia
2919 2962 3313 3031 innocentiam
3343 2960 3540 3035 diligo,
3574 2961 3632 3013 et
3652 2959 3724 3013 de
3741 2975 3815 3013 ea

2200 3053 2440 3117 exsulto,
2472 3051 2768 3117 exaudivit,
2828 3051 2887 3105 id
2939 3052 3025 3104 est
3081 3050 3347 3105 exaudiet
3401 3065 3495 3103 me
3541 3050 3815 3103 orantem

2202 3140 2347 3193 Deus
2377 3139 2447 3193 de
2487 3139 2840 3210 perfectione
2869 3138 3167 3193 virtutum.
3199 3136 3278 3192 Et
3320 3136 3547 3192 attendit
3580 3138 3697 3190 voci
3723 3135 3812 3189 de-

2200 3230 2519 3299 precationis
2549 3245 2696 3293 τηρεε,
2713 3226 2772 3281 id
2795 3230 2881 3281 est
2902 3226 3212 3298 diligenter
3227 3230 3287 3281 et
3312 3228 3531 3281 attente
3550 3222 3823 3278 exaudiet

2207 3333 2302 3370 me
2334 3316 2749 3387 deprecantem
2783 3314 2855 3369 de
2897 3318 3227 3370 remotione
3270 3313 3563 3368 vitiorum.
3599 3313 3667 3365 Et
3706 3312 3823 3366 hoc

2207 3406 2417 3477 probat
2445 3421 2513 3460 ex
2546 3404 2834 3477 opposito,
2862 3402 2996 3459 cum
3026 3403 3316 3476 praeponit
3340 3402 3417 3456 sic
3443 3419 3455 3456 :
3481 3403 3623 3455 Vere
3652 3417 3826 3455 exau-

2209 3493 2328 3548 diet
2358 3509 2453 3548 me
2478 3496 2719 3564 propter
2761 3492 3159 3547 innocentiam
3200 3508 3375 3563 quam
3411 3488 3606 3556 dilexi,
3641 3492 3703 3544 et
3750 3488 3825 3543 de

2210 3599 2325 3654 qua
2349 3581 2626 3636 exsultavi.
2673 3580 2824 3635 Nam
2860 3583 2910 3634 si
2953 3581 3138 3650 aspexi
3184 3582 3521 3652 iniquitatem
3564 3579 3624 3632 in
3670 3577 3828 3631 corde

2210 3687 2345 3736 meo,
2379 3670 2439 3724 id
2469 3675 2557 3725 est
2586 3668 2631 3723 si
2654 3668 2824 3723 dilexi
2850 3668 3239 3741 iniquitatem,
3281 3671 3339 3722 et
3364 3668 3435 3723 de
3465 3682 3536 3721 ea
3565 3665 3831 3720 exsultavi

2211 3757 2270 3812 in
2295 3758 2469 3813 corde
2486 3774 2642 3824 meo,
2675 3774 2782 3812 non
2811 3757 3055 3811 exaudiet
3086 3773 3181 3811 me
3210 3755 3510 3811 Dominus.
3550 3753 3825 3826 Aspicere

2211 3847 2447 3919 quidem
2476 3862 2580 3916 pro
2612 3846 2851 3916 diligere
2883 3848 2942 3900 et
2970 3846 3252 3900 exsultare
3275 3844 3532 3915 ponitur,
3563 3859 3633 3898 eo
3664 3841 3826 3913 quod

2210 3952 2335 3989 rem
2358 3950 2535 4006 quam
2563 3933 2875 4006 diligimus,
2905 3937 2965 3988 et
2994 3934 3066 3987 de
3097 3950 3212 4005 qua
3229 3934 3600 3997 exsultamus,
3613 3931 3823 4001 saepius

2210 4023 2535 4094 aspicimus.
2563 4024 2630 4076 Et
2660 4022 2836 4076 etiam
2889 4022 2997 4077 hoc
3041 4021 3229 4076 effecit
3282 4021 3342 4076 in
3371 4038 3486 4086 me,
3533 4018 3690 4092 quod
3716 4035 3823 4072 non

2211 4114 2428 4178 amovit,
2450 4110 2508 4165 id
2526 4113 2611 4165 est
2631 4110 2885 4166 amoveri
2902 4127 3016 4165 non
3038 4109 3300 4181 permisit
3328 4111 3624 4165 orationem
3648 4124 3822 4161 meam

2211 4218 2244 4254 a
2274 4217 2375 4266 me,
2397 4199 2458 4253 id
2478 4202 2564 4253 est
2586 4198 2921 4270 frequenter
2942 4198 3079 4253 fecit
3118 4215 3211 4253 me
3241 4214 3408 4253 orare
3437 4214 3517 4265 se,
3551 4195 3709 4268 quod
3740 4197 3824 4249 est

2210 4304 2504 4342 summum
2525 4286 2889 4342 beneﬁcium.
2919 4288 2985 4341 Et
3021 4304 3128 4341 non
3160 4288 3358 4341 amovit
3397 4282 3820 4339 misericordiam

511 4372 606 4424 tur
634 4370 792 4424 locus
813 4368 1063 4423 tacendi.
1085 4369 1223 4425 Dico
1247 4370 1479 4425 introibo
1506 4372 1562 4425 in
1586 4371 1823 4439 domum,
1853 4374 1911 4425 et
1938 4375 1999 4426 ut
2022 4371 2111 4425 in-
2132 4394 2184 4452 D
2210 4393 2365 4429 suam
2396 4393 2429 4429 a
2453 4392 2548 4429 me
2576 4374 2678 4430 sed
2709 4374 3125 4446 multiplicavit,
3144 4374 3203 4428 id
3233 4378 3321 4429 est
3342 4374 3588 4428 multum

508 4461 735 4513 troeam
767 4458 1113 4531 quandoque
1143 4460 1235 4514 hic
1252 4459 1491 4514 interim
1503 4461 1805 4516 holocausta
1821 4461 2109 4516 medullata

508 4548 731 4618 oﬂ'eram
761 4548 876 4613 tibi,
911 4546 967 4601 id
991 4550 1077 4601 est
1106 4548 1382 4603 sacriﬁcia
1421 4565 1553 4604 cum
1594 4550 1866 4617 medulla,
1899 4551 2111 4605 scilicet

509 4651 641 4690 cum
673 4633 934 4689 interiori
969 4635 1296 4704 dilectione,
1330 4654 1457 4709 quas
1489 4638 1744 4692 medulla
1786 4638 2014 4707 dicitur,
2040 4655 2108 4694 eo

509 4722 667 4796 quod
692 4722 933 4778 interior
962 4726 1047 4777 est
1069 4724 1127 4778 in
1146 4725 1343 4779 anima
1370 4728 1430 4779 ut
1451 4726 1723 4780 medulla.
1750 4727 1993 4799 Exponit
2008 4745 2109 4783 au-

509 4815 629 4867 tem
647 4811 768 4883 ipsa
782 4812 1134 4879 holocausta,
1153 4830 1285 4867 cum
1310 4813 1469 4869 addit
1489 4815 1702 4869 scilicet
1722 4832 1734 4870 :
1757 4818 1981 4887 oﬂ‘eram
2009 4818 2112 4872 tibi

511 4900 663 4955 booos
689 4900 970 4967 incensos,
1010 4900 1067 4955 id
1098 4904 1183 4956 est
1223 4900 1619 4958 incensionem
1648 4904 1825 4959 boum
1855 4923 1977 4960 cum
2025 4908 2108 4959 in-

505 5007 655 5045 censo
692 4992 941 5056 arietum,
977 4990 1036 5044 id
1082 4992 1169 5045 est
1212 4993 1270 5045 et
1309 4990 1703 5047 incensionem
1756 4993 2025 5060 arietum,
2053 4997 2111 5049 et

504 5096 626 5133 cum
655 5079 835 5145 hircis,
869 5077 928 5134 id
948 5083 1034 5135 est
1062 5083 1119 5135 et
1152 5079 1547 5136 incensionem
1594 5082 1904 5137 hircorum.
1944 5083 2107 5146 Quod

503 5171 590 5222 est
614 5167 804 5224 dicere
834 5184 846 5223 :
877 5169 1186 5224 Incendam
1217 5169 1275 5223 in
1308 5186 1401 5223 me
1420 5170 1649 5237 bovem,
1669 5170 1727 5225 id
1758 5174 1841 5226 est
1867 5188 2104 5227 omnem

499 5257 1044 5321 recalcitrationem,
1060 5276 1132 5315 ne
1152 5259 1510 5314 recalcitrem
1521 5259 1664 5331 jugo
1682 5264 2103 5332 praeceptorum

499 5347 755 5414 tuorum,
784 5351 842 5401 et
870 5348 1340 5420 castigationibus
1362 5349 1472 5403 tuis
1496 5364 1599 5419 per
1618 5347 2105 5416 tribulationes,ut

490 5435 600 5490 bos
624 5452 775 5507 saepe
795 5436 937 5508 jugo
968 5437 1292 5492 recalcitrat
1313 5440 1370 5491 et
1400 5437 1667 5504 stimulo;
1699 5438 1799 5492 sed
1816 5438 2103 5508 patienter

485 5522 698 5594 jugum
741 5529 994 5596 portem,
1049 5529 1107 5580 et
1153 5526 1412 5593 verbera,
1458 5530 1516 5582 et
1554 5525 1861 5581 incendam
1916 5526 1973 5580 in
2006 5542 2101 5581 me

495 5610 758 5686 arietem,
791 5612 850 5673 id
891 5618 979 5674 est
1004 5614 1383 5676 rebellionem
1413 5618 1472 5675 et
1497 5614 1831 5694 superbiam
1856 5631 1871 5675 :
1896 5632 1969 5675 ne
1996 5614 2103 5676 tibi

2209 4463 2553 4519 beneﬁcium
2584 4480 2687 4534 per
2717 4462 3175 4518 misericordiam
3196 4462 3399 4517 datum
3418 4462 3622 4516 amovit
3647 4476 3681 4513 a
3702 4475 3821 4526 me,

2208 4553 2309 4608 sed
2339 4552 2536 4609 omnia
2555 4552 2971 4623 augmentavit.
3011 4552 3264 4623 Ideoque
3301 4549 3620 4616 benedictus,
3643 4547 3704 4603 id
3733 4549 3824 4602 est

2208 4642 2471 4698 laudatus
2501 4641 2573 4696 sit
2598 4640 2858 4694 Dominus
2885 4639 3426 4705 omnimodalaude,
3444 4655 3538 4710 qui
3549 4652 3657 4692 non
3676 4652 3824 4690 amo—

2209 4732 2285 4784 vit
2303 4732 2597 4786 orationem
2618 4745 2811 4796 meam,
2835 4735 2886 4783 et
2905 4726 3323 4783 misericordiam
3346 4744 3500 4781 suam
3540 4744 3574 4780 a
3616 4712 3723 4779 me.
3755 4725 3819 4778 ln

2208 4818 2318 4873 hoc
2346 4821 2540 4874 autem
2578 4818 2748 4872 datur
2790 4816 3150 4873 auditoribus
3204 4817 3534 4889 exemplum
3583 4811 3826 4870 benedi-

2209 4908 2375 4963 cendi
2397 4910 2580 4963 Deum
2611 4907 2682 4961 de
2712 4906 2932 4962 collatis
2962 4906 3151 4974 bonis,
3180 4908 3240 4960 ut
3268 4906 3743 4978 augmententur.

2698 4996 2765 5049 IN
2796 4994 3117 5051 PSALMUM
3157 4995 3329 5049 LXVI.

2274 5084 2490 5139 Titulus
2515 5082 2857 5156 sexagesimi
2885 5084 3047 5139 sexti.
3064 5083 3133 5138 In
3151 5080 3332 5152 finem,
3344 5081 3589 5155 psalmus
3613 5076 3817 5135 David.

2207 5172 2452 5238 Quidam
2475 5175 2672 5227 autem
2702 5172 3056 5247 expositores
3085 5172 3300 5228 habere
3329 5172 3617 5236 dicuntur,
3646 5168 3717 5222 In
3745 5169 3816 5237 βα

2203 5278 2322 5316 nem
2348 5264 2405 5315 in
2432 5262 2645 5331 hymnis
2667 5261 2911 5331 psalmus
2957 5263 3155 5316 cantici
3194 5259 3396 5315 David.
3430 5258 3816 5329 Hieronymus

2203 5354 2399 5405 autem
2440 5349 2730 5405 Hebraicze
2757 5349 3010 5406 veritatis
3037 5349 3414 5421 investigator
3442 5344 3816 5419 diligentissi-

2202 5456 2331 5495 mus
2351 5439 2553 5496 habet:
2579 5440 2640 5494 in
2658 5440 2819 5510 ﬁnem
2826 5439 3064 5511 psalmus
3087 5438 3291 5506 David,
3315 5437 3472 5510 quod
3486 5439 3575 5492 est
3595 5435 3813 5504 dicere,

2200 5529 2453 5601 psalmus
2481 5527 2587 5583 iste
2617 5530 2702 5584 est
2726 5527 2923 5594 David,
2956 5527 3017 5582 id
3057 5528 3143 5583 est
3182 5527 3581 5601 apostolorum
3624 5523 3815 5595 respi~

2201 5615 2486 5676 cientium
2500 5616 2560 5675 in
2571 5616 2777 5691 ﬁnem,
2803 5614 2963 5675 idest
2974 5614 3033 5672 in
3047 5615 3371 5692 perfectam
3383 5611 3822 5687 consummatio
