3970 6040
162 288 269 347 949

1162 284 1515 383 EXPOSl‘I‘IO
1552 289 1621 344 IN
1660 284 1993 346 PSALMOS.
2014 321 2081 330 ——
2109 285 2302 346 PSAL.
2337 282 2489 344 LXVI

3379 293 3481 353 93.0

163 425 328 475 nem,
358 405 533 480 quam
561 409 708 464 Deus
733 407 969 463 daturus
989 411 1075 463 est
1104 409 1370 481 gentibus
1395 410 1700 478 conversis,
1724 413 1781 465 et
1801 414 1854 472 Α
1877 432 1905 459 ‹‹
1938 410 2061 465 Non
2112 412 2198 465 est
2235 408 2394 464 enim
2442 407 2697 480 speciosa
2729 408 2849 463 laus
2901 407 2959 463 in
3020 424 3119 463 ore
3170 409 3485 481 peccatoris

161 497 223 554 in
236 499 344 553 hoc
360 499 566 552 saeculo
589 497 906 551 secundum
929 495 1104 551 fidem
1126 500 1183 552 et
1204 514 1406 552 omnes
1438 498 1693 567 virtutes,
1716 503 1775 553 et

162 588 221 641 in
255 587 447 641 futuro
482 586 799 640 secundum
844 589 1125 641 aeternam
1171 586 1611 656 beatitudinem,
1645 605 1772 660 quas

162 676 336 746 longe
366 674 677 745 perfectior
701 673 808 727 erit
824 674 930 728 hac
953 674 1222 745 praesenti
1249 676 1769 731 consummatiane.

157 764 282 830 Vel,
317 766 373 816 in
400 764 582 830 ﬁnem,
624 762 681 817 id
708 766 794 817 est
831 762 891 816 in
939 762 1249 830 Christum,
1283 781 1456 835 quem
1488 781 1593 835 pro
1626 783 1683 820 se
1716 769 1773 819 et

159 867 265 922 pro
319 850 589 922 gentibus
637 853 826 917 orant,
860 867 992 905 cum
1025 868 1128 922 per
1157 868 1290 906 eum
1340 853 1447 908 ista
1494 854 1771 925 perfectio

159 942 282 994 ﬁat.
301 940 437 994 Etin
464 940 575 994 hoc
592 939 881 1010 dantipsis
900 940 1168 1009 gentibus
1195 943 1523 1013 exemplum
1543 941 1770 1008 orandi,

159 1046 289 1102 quae
317 1028 772 1100 imperfectiores
794 1027 1059 1095 existunt,
1090 1046 1222 1083 cum
1248 1029 1354 1099 ipsi
1386 1031 1558 1100 longe
1584 1031 1771 1101 perfe-

161 1118 372 1172 ctiores
397 1134 502 1189 pro
533 1135 593 1171 se
624 1121 812 1184 orent,
845 1116 1053 1189 quibus
1080 1134 1197 1172 non
1226 1118 1371 1173 adeo
1401 1119 1587 1173 oratio
1614 1120 1772 1174 vide-

162 1210 328 1262 retur
359 1224 478 1262 esse
509 1208 852 1263 necessaria.

233 1297 382 1350 Deus
408 1298 577 1349 Pater
610 1276 917 1357 misereatur
954 1298 1143 1362 nostri,
1189 1300 1251 1350 ut
1292 1297 1553 1351 carnales
1584 1300 1778 1352 motus

162 1388 393 1439 nostros
415 1383 784 1454 comprimat,
800 1401 871 1438 nc
889 1386 1241 1455 prievaleant
1269 1386 1523 1440 motibus
1549 1385 1776 1457 spirita-

157 1471 333 1539 libus,
379 1476 429 1526 et
474 1471 739 1525 benedicat
770 1472 936 1538 nobis,
966 1472 1024 1526 id
1055 1477 1140 1527 est
1167 1475 1379 1527 exaltet
1427 1478 1617 1529 motus
1672 1492 1778 1529 no-

158 1563 310 1614 stros
338 1559 640 1631 spiritales,
668 1563 731 1613 ut
749 1562 1119 1630 praevaleant,
1154 1561 1404 1616 motibus
1434 1562 1774 1617 carnalibus.

156 1647 436 1704 Illuminel
466 1648 673 1703 vultum
700 1666 853 1703 suum
899 1666 1055 1719 super
1084 1666 1198 1716 nos,
1229 1650 1286 1705 id
1312 1654 1398 1705 est
1427 1651 1525 1706 det
1565 1652 1777 1706 illumi-

1877 498 2067 569 (Eccli,
2096 516 2185 565 xv,
2223 499 2302 567 9).
2340 520 2368 547 »

1946 584 2145 639 Versus
2174 589 2369 641 autem
2398 586 2494 658 qui
2523 585 2801 657 sequitur,
2839 586 2917 640 sic
2957 588 3369 658 praeposterate
3400 588 3481 641 le-

1872 672 2046 743 gitur,
2075 673 2299 745 singula
2327 674 2566 745 singulis
2596 674 2922 729 reddendo:
2944 673 3193 727 Diximus
3222 678 3285 728 ut
3315 675 3490 729 mise-

1873 760 2072 826 rearis,
2107 765 2165 814 et
2191 761 2516 827 benedicas,
2567 765 2624 815 et
2662 762 2975 827 illumines,
3024 764 3081 814 et
3130 760 3209 813 sic
3251 762 3488 815 laudent

1874 850 1950 913 te,
1993 852 2050 901 et
2100 851 2154 903 te
2201 850 2307 903 hoc
2339 849 2606 913 faciente,
2641 849 2913 902 Lmtentur
2964 856 3160 917 gentes,
3207 848 3485 919 quoniam

2101 936 2297 1008 dirigis
2349 937 2418 991 de
2449 938 2603 992 bono
2661 937 2719 991 in
2771 937 2995 992 melius.
3041 937 3137 991 Vel
3189 936 3385 1007 dirigis
3416 935 3487 989 de

1874 1028 2027 1079 malo
2048 1026 2105 1079 in
2135 1026 2354 1080 bonum
2379 1026 2526 1096 ipsas
2549 1029 2773 1096 gentes,
2795 1026 2854 1079 in
2879 1027 2986 1080 hac
3005 1029 3178 1092 terra,
3196 1024 3251 1079 id
3276 1028 3361 1079 est
3381 1025 3489 1079 hoc

1876 1116 2103 1168 sreculo.
2119 1113 2195 1168 Et
2207 1115 2484 1179 exsultent,
2510 1100 2567 1168 id
2582 1119 2668 1168 est
2690 1118 2913 1169 tantam
2931 1115 3187 1169 laetitiam
3214 1114 3487 1177 habeant,

1879 1221 2006 1275 quze
2039 1205 2215 1259 etiam
2249 1221 2379 1258 cum
2409 1205 2712 1260 saltatione
2742 1205 2999 1277 corporis
3025 1204 3382 1271 ostendatur,
3420 1204 3489 1258 dc

1880 1293 1988 1347 hoc
2020 1293 2291 1364 quoniam
2314 1293 2558 1362 judicas,
2583 1293 2638 1346 id
2666 1293 3044 1363 cstjudicabis
3065 1292 3119 1346 in
3148 1293 3362 1358 futuro,
3388 1309 3490 1361 po-

1880 1383 2044 1452 pulos
2076 1383 2132 1434 in
2170 1385 2437 1452 aequitate,
2479 1380 2776 1435 reddendo
2821 1381 3125 1453 unicuique
3176 1382 3491 1436 secundum

1882 1486 2059 1541 opera
2085 1486 2208 1535 sua,
2222 1471 2405 1539 justos
2424 1469 2719 1536 salvando,
2736 1472 2791 1523 et
2808 1469 3047 1539 injustos
3062 1469 3414 1523 damnando.
3435 1468 3492 1523 Si

1878 1573 2013 1611 vero
2029 1574 2145 1612 non
2164 1556 2452 1612 misereris
2476 1556 2576 1624 eis,
2601 1561 2657 1610 et
2678 1561 2905 1623 czetera,
2929 1574 3045 1611 non
3077 1560 3223 1611 esset
3250 1557 3330 1611 eis
3358 1573 3498 1628 gau-

1881 1645 2136 1699 dendum
2154 1646 2224 1701 de
2248 1645 2402 1715 justo
2421 1646 2641 1715 jlldlClO
2665 1649 2783 1712 tuo,
2801 1662 2902 1716 per
2915 1645 3070 1716 quod
3084 1645 3235 1715 juste
3259 1647 3497 1716 propter

158 1737 461 1792 nationem
496 1737 620 1791 Filii
669 1738 753 1791 sui
793 1737 853 1791 in
901 1738 1158 1793 animam
1195 1743 1477 1806 nostram,
1526 1756 1652 1811 quae
1694 1745 1780 1795 est
1808 1724 1857 1782 Β
1881 1734 2220 1805 iniustitiam
2252 1752 2416 1788 suam
2453 1734 2769 1788 damnandi
2818 1738 3029 1789 essent.
3060 1734 3155 1787 Vel
3188 1733 3264 1787 sic
3290 1733 3347 1787 hi
3380 1734 3494 1788 duo

156 1841 335 1896 super
382 1842 486 1880 nos
530 1827 796 1893 existens,
850 1830 1132 1898 quantum
1188 1828 1263 1882 ad
1310 1844 1537 1899 corpus,
1584 1829 1643 1883 id
1696 1833 1781 1883 est

155 1914 425 1986 superior
450 1918 508 1970 et
539 1915 770 1986 dignior
800 1932 931 1986 pars
969 1920 1055 1970 est
1091 1916 1294 1982 nostri,
1332 1933 1465 1988 rege
1479 1934 1542 1970 ns
1575 1933 1779 1987 corpus

158 2005 220 2057 et
254 2003 562 2057 dominans
582 2002 691 2071 illi;
721 2004 935 2058 scilicet
949 2004 1048 2058 det
1072 2005 1238 2059 nobis
1268 2005 1484 2059 claram
1512 2008 1570 2059 et
1598 2005 1781 2060 mani-

160 2091 373 2146 festam
405 2092 799 2162 cognitionem
831 2092 949 2146 Filii
980 2092 1062 2146 sui
1098 2097 1161 2146 ut
1195 2109 1298 2163 per
1335 2094 1445 2147 hoc
1482 2094 1556 2148 ad
1605 2093 1779 2165 ipsius

161 2179 350 2234 Patris
382 2180 646 2234 notitiam
679 2181 1054 2251 attingamus,
1083 2181 1180 2252 qui
1202 2182 1357 2236 idem
1388 2186 1475 2236 est
1505 2182 1563 2236 in
1596 2199 1781 2237 essen-

160 2268 247 2322 tia
278 2285 409 2322 cum
450 2269 610 2323 Filio.
643 2269 841 2323 Vultus
882 2270 1030 2323 bene
1064 2269 1232 2324 Filius
1265 2270 1494 2339 dicitur,
1525 2288 1593 2327 eo
1626 2271 1780 2343 quod

159 2372 272 2427 per
307 2373 439 2410 eum
472 2357 654 2411 Patris
698 2357 1057 2412 invisibilitas
1104 2359 1338 2430 cognita
1360 2364 1465 2425 est,
1508 2359 1653 2413 sicut
1680 2375 1782 2431 per

156 2445 410 2509 vultum,
434 2446 587 2499 totus
616 2446 794 2517 homo
825 2447 1210 2517 cognoscitur.
1242 2448 1312 2502 Ut
1340 2464 1471 2502 vero
1506 2447 1781 2501 innuatur

158 2533 426 2587 carnales
440 2535 630 2587 motus
648 2516 948 2605 nunquam
970 2534 1025 2588 in
1056 2536 1163 2589 hoc
1181 2537 1388 2591 saeculo
1417 2536 1644 2608 penitus
1660 2553 1781 2590 esse

162 2621 662 2691 comprimendos,
696 2622 941 2694 ideoque
992 2622 1061 2677 de
1106 2639 1307 2678 eorum
1350 2624 1779 2695 compressione

154 2710 499 2780 frequenter
511 2710 796 2765 orandum
820 2727 960 2777 esse,
975 2711 1150 2765 etiam
1169 2716 1299 2782 post
1313 2712 1781 2767 benedictionem

158 2801 222 2852 et
250 2797 757 2864 illuminationem,
790 2814 864 2852 ne
892 2801 1264 2867 praevaleant,
1289 2804 1560 2872 repetunt
1587 2800 1666 2853 sic
1685 2817 1697 2854 :
1716 2801 1783 2853 Et

158 2889 475 2957 postquam
523 2885 884 2941 benedixerit
922 2889 980 2941 et
1023 2887 1431 2942 illuminaverit
1472 2891 1783 2943 misereatur

1879 1839 2073 1876 versus
2102 1826 2374 1894 aptantur
2404 1826 2467 1877 ut
2496 1823 2718 1877 diversa
2749 1821 2822 1876 sit
2850 1820 3136 1876 sententia
3180 1820 3406 1890 prioris,
3439 1822 3497 1873 et

1879 1912 2083 1966 eadem
2100 1910 2390 1965 sententia
2424 1911 2677 1966 secundi.
2698 1909 2980 1965 Diximus:
3002 1909 3146 1963 Deus
3165 1911 3492 1975 miserentur,

1879 2003 1937 2054 et
1968 2001 2139 2054 nostri
2162 2001 2219 2053 et
2243 1999 2528 2071 gentium.
2574 2000 2640 2052 Et
2677 1998 2811 2069 quia
2840 1998 2912 2052 ad
2944 1999 3053 2053 hoc
3080 1998 3288 2068 populi,
3322 1997 3379 2051 id
3411 2001 3497 2051 est

1880 2091 2083 2158 gentes
2113 2104 2230 2141 non
2262 2086 2798 2158 possentattingere
2826 2101 2838 2140 :
2871 2083 3245 2153 Conﬁteantur
3266 2085 3363 2138 tibi
3392 2101 3493 2155 po-

1874 2175 2010 2246 puli,
2049 2174 2213 2241 Deus,
2244 2177 2478 2246 peccata
2515 2192 2638 2241 sua,
2681 2174 3016 2246 pmnitendo
3041 2173 3110 2227 de
3143 2172 3260 2241 eis;
3289 2176 3347 2226 et
3378 2190 3494 2227 non

1880 2263 2068 2335 pauci,
2078 2263 2285 2334 populi,
2303 2263 2401 2316 Sed
2425 2263 2776 2331 conﬁteantur
2796 2262 2895 2316 tibi
2900 2261 3091 2332 populi
3113 2277 3307 2315 omnes.
3326 2260 3402 2314 Et
3419 2261 3496 2315 sic

1882 2352 2127 2407 lwtentur
2146 2358 2196 2405 et
2215 2350 2457 2406 emiltent
2485 2358 2685 2419 gentes,
2713 2353 2969 2421 quoniam
2987 2350 3227 2419 judicas,
3256 2349 3315 2402 in
3345 2349 3494 2403 futu-

1880 2455 1968 2505 ro,
1999 2437 2224 2509 populos
2270 2440 2325 2491 in
2368 2439 2642 2508 aequitate,
2693 2445 2741 2491 et
2785 2445 2963 2506 gentes
3004 2440 3061 2490 in
3106 2443 3245 2491 terra
3284 2436 3491 2507 dirigis,

1881 2544 2008 2599 quae
2040 2527 2206 2581 aliter
2236 2543 2351 2582 non
2386 2527 2708 2599 gauderent
2725 2527 3168 2591 etexsultarent,
3189 2526 3287 2579 sed
3306 2525 3495 2596 potius

1883 2616 2269 2670 tristarentur.
2288 2615 2515 2686 Repetit
2533 2617 2729 2668 autem
2757 2614 2913 2684 quod
2945 2613 3085 2668 dixit
3114 2613 3491 2681 conﬁteantur,

1882 2706 1945 2757 ut
1968 2703 2142 2757 addat
2168 2720 2399 2758 causam
2433 2719 2609 2774 quare
2643 2701 3037 2756 conﬁtendum
3062 2704 3168 2762 est,
3187 2701 3263 2755 sie
3286 2717 3298 2754 :
3321 2699 3499 2770 Conﬁ-

1885 2798 2118 2858 teantur,
2145 2790 2407 2863 inquam,
2447 2791 2543 2844 tibi
2575 2790 2781 2862 pepuli,
2821 2790 2987 2855 Deus,
3016 2788 3371 2861 conﬁteantur
3400 2789 3497 2842 tibi

1871 2880 2060 2950 populi
2086 2896 2283 2937 omnes.
2318 2880 2383 2933 Et
2414 2879 2627 2933 amodo
2679 2877 3077 2933 confitendum
3106 2879 3193 2931 est
3218 2876 3494 2946 quoniam

155 2973 1027 3045 nobis,sempercomprimendo
1042 2979 1232 3031 motus
1246 2976 1579 3030 carnalesin
1596 2976 1777 3030 nobis.
1803 2997 1850 3057 ρ
1879 2968 2020 3021 dedit
2051 2974 2189 3021 terra
2213 2968 2452 3037 fructum
2479 2984 2654 3031 suum,
2696 2967 2753 3021 id
2784 2971 2869 3021 est
2899 2969 3049 3021 Deus
3074 2966 3325 3020 Verbum
3357 2972 3495 3019 ίεννα

156 3061 1783 3135 Etnimioquidemimpetrandidesiderio,apostropham
1814 3053 1850 3057 ⁷⁷
1883 3055 2066 3110 factus
2093 3072 2196 3126 pro
2230 3054 2394 3109 nobis
2441 3060 2500 3110 et
2536 3055 2732 3108 homo.
2763 3055 2927 3108 Dedit
2962 3054 3020 3108 in
3064 3056 3229 3125 parte
3257 3053 3501 3123 fructum

157 3151 248 3205 sic
272 3149 347 3204 ad
373 3152 557 3205 Deum
580 3150 799 3205 faciunt
827 3167 839 3205 :
870 3152 1145 3220 Diximus,
1179 3152 1529 3215 miserearis,
1544 3153 1781 3207 benedi-

158 3255 285 3304 cas,
310 3238 623 3306 illumines,
655 3246 717 3292 ut
736 3238 827 3294 hic
856 3241 1031 3296 modo
1064 3254 1440 3309 cognoscamus
1472 3243 1613 3294 viam
1631 3246 1783 3296 tuam

158 3328 224 3380 in
276 3332 441 3381 terra.
493 3327 764 3399 Alioquin
807 3344 942 3383 vero
994 3328 1237 3383 minime
1279 3345 1779 3400 cognosceremus,

157 3414 327 3487 quod
357 3418 442 3470 est
491 3415 681 3470 dicere
716 3432 729 3470 :
764 3416 1069 3471 Videamus
1103 3417 1501 3487 cognitionem
1542 3416 1662 3471 Filii
1702 3416 1783 3470 tui

156 3521 290 3559 esse
320 3503 377 3557 in
402 3503 588 3571 nobis,
622 3507 678 3558 et
704 3507 760 3557 in
780 3505 1153 3576 gentibus,qui
1171 3506 1357 3560 adhuc
1386 3521 1582 3559 sumus
1608 3508 1780 3570 terra,

156 3593 230 3648 id
260 3595 344 3646 est
393 3591 643 3647 animale
698 3609 905 3663 corpus
952 3594 1250 3657 habentes,
1302 3610 1418 3647 non
1467 3592 1781 3664 spirituale,

150 3684 327 3754 juxta
352 3680 508 3752 quod
525 3680 583 3733 in
609 3681 880 3736 Oratione
900 3681 1200 3737 Dominica
1226 3686 1424 3737 oratur
1452 3699 1465 3735 ε
1488 3703 1515 3730 ‹‹
1550 3680 1672 3734 Fiat
1693 3697 1786 3734 vo-

159 3772 475 3825 luntassua
494 3769 639 3823 sicut
670 3770 728 3824 in
746 3770 887 3824 etelo
910 3771 1038 3825 etin
1067 3775 1222 3825 terra
1246 3770 1472 3843 (Matth.
1503 3787 1579 3836 v1,
1619 3774 1728 3837 10,;
1753 3790 1779 3818 »

161 3858 330 3931 quod
355 3862 441 3913 est
467 3859 687 3913 dicere:
723 3858 883 3914 Sicut
910 3860 992 3914 vis
1021 3860 1289 3915 notitiam
1319 3860 1437 3914 Filii
1468 3859 1551 3914 tui
1583 3876 1702 3913 esse
1722 3859 1781 3913 in

161 3948 494 4003 ccelestibus
524 3947 835 4019 spiritibus,
860 3948 918 4003 in
940 3948 1161 4019 angelis
1191 3948 1425 4015 scilicet,
1454 3949 1534 4002 ita
1554 3963 1784 4019 quoque

162 4035 311 4092 velis
338 4036 398 4090 in
430 4036 764 4093 hominibus
790 4053 931 4091 esse.
963 4036 1133 4091 Filius
1162 4037 1252 4091 via
1282 4037 1511 4103 dicitur,
1538 4053 1605 4091 θ’)
1628 4036 1786 4106 quod

166 4140 282 4199 per
309 4141 443 4179 eum
462 4126 535 4180 ad
550 4126 731 4181 Patris
754 4125 1022 4180 notitiam
1042 4126 1288 4188 venitur,
1307 4125 1474 4195 juxta
1490 4124 1645 4196 quod
1663 4125 1785 4195 ipse

168 4217 420 4269 testatur
445 4232 457 4269 :
484 4238 511 4265 ‹‹
545 4215 660 4287 Ego
691 4232 818 4269 sum
840 4214 950 4281 via,
981 4214 1211 4282 veritas,
1243 4218 1303 4269 et
1323 4216 1437 4268 vita
1466 4214 1645 4274 (Joan.
1673 4231 1784 4280 xw,

168 4304 251 4374 6).
273 4324 299 4350 η
321 4304 389 4357 Et
415 4321 532 4359 non
562 4304 620 4357 in
663 4303 857 4374 paucis
895 4319 1267 4372 cognoscamus
1291 4319 1412 4357 esse
1435 4304 1588 4358 viam
1618 4310 1787 4371 tuam,

171 4391 276 4445 sed
293 4390 350 4445 in
370 4391 668 4457 omnibus,
688 4392 745 4445 id
764 4396 848 4446 est
867 4392 925 4445 in
945 4390 1297 4445 omnismodi
1319 4391 1787 4461 gentibuscogno-

169 4497 383 4534 stamus
413 4497 533 4535 esse
582 4480 811 4534 salutare
855 4487 1027 4547 tuum,
1073 4480 1132 4534 in
1177 4483 1281 4545 est,
1330 4478 1626 4533 videamus
1668 4496 1788 4535 esse

1881 3161 2058 3211 suum,
2079 3143 2476 3198 innocentiam
2499 3142 2714 3197 scilicet
2750 3160 2853 3213 per
2886 3144 3257 3214 peccatorum
3289 3140 3497 3195 remis-

1884 3235 2134 3300 sionem,
2154 3236 2210 3286 et
2228 3232 2501 3286 virtutum
2535 3231 2975 3302 perfectionem,
3000 3234 3058 3285 et
3088 3230 3187 3286 Dei
3220 3229 3500 3301 cognitio-

1884 3340 2042 3390 nem,
2064 3325 2121 3376 et
2142 3323 2367 3393 partem
2398 3321 2615 3374 fructus
2641 3319 2910 3374 daturum
2945 3336 3003 3373 se
3029 3316 3299 3390 promisit
3328 3317 3384 3370 in
3416 3317 3500 3371 fu-

1883 3416 2035 3478 turo,
2078 3412 2430 3483 coeperante
2460 3409 2649 3481 gratia
2703 3408 2876 3463 totius
2925 3407 3241 3474 Trinitatis,
3288 3406 3501 3461 scilicet

1884 3499 2346 3555 benedictionem
2361 3499 2735 3552 wternamEt
2747 3497 2882 3569 quia
2892 3497 3095 3551 eadem
3111 3495 3362 3551 dandam
3379 3511 3499 3549 esse

1887 3587 2183 3660 promisit:
2204 3586 2496 3641 Benedic-at
2518 3604 2610 3639 nos
2648 3586 2706 3639 in
2728 3587 2921 3640 futuro
2956 3585 3102 3638 Deus
3134 3586 3322 3649 Pater,
3350 3584 3498 3639 bene-

1884 3684 2029 3740 dicat
2064 3682 2207 3736 Deus
2234 3690 2426 3748 noster,
2446 3682 2503 3736 id
2526 3686 2612 3736 est
2631 3680 2825 3748 Filius,
2855 3681 2953 3753 qui
2984 3683 3194 3735 nostra!
3224 3680 3498 3733 humana:

1887 3775 2107 3827 natura:
2134 3773 2219 3825 est
2245 3770 2549 3841 particeps,
2608 3768 2895 3823 Benedicat
2934 3785 3027 3822 nos
3071 3768 3213 3821 Deus
3255 3766 3499 3837 Spiritus

1886 3864 2148 3927 sanctus;
2183 3862 2240 3912 et
2271 3859 2405 3930 quia
2440 3858 2606 3912 aliter
2636 3874 2753 3910 non
2786 3861 3017 3928 possent
3046 3856 3117 3910 ad
3148 3856 3306 3911 illam
3327 3855 3500 3909 bene-

1886 3949 2196 4005 dictionem
2237 3946 2604 4018 pertingere;
2632 3946 2722 4000 hic
2744 3944 2980 4000 interim
3011 3951 3251 3999 metuant
3272 3962 3412 4006 eum,
3433 3943 3499 3997 ti-

1886 4054 2048 4093 more
2079 4040 2233 4091 casto
2261 4052 2439 4090 omnes
2475 4036 2604 4104 ﬁnes
2631 4041 2804 4100 terrae,
2839 4034 2896 4088 id
2931 4038 3016 4088 est
3043 4050 3247 4089 omnes
3259 4033 3399 4104 justi
3432 4032 3501 4086 ﬁ-

1887 4126 2110 4180 nientes
2140 4125 2197 4179 in
2228 4141 2287 4179 se
2314 4124 2735 4190 te'rrenitatem,
2757 4124 2842 4177 vel
2882 4139 3057 4176 omnes
3076 4123 3207 4191 ﬁnes
3237 4127 3408 4187 terrae,
3440 4120 3500 4175 id

1888 4219 1972 4270 est
1998 4213 2345 4269 omnismodi
2372 4216 2575 4284 gentes
2592 4210 2990 4267 habitantesin
3005 4210 3272 4266 omnibus
3293 4209 3501 4263 finibus

1891 4308 2078 4359 terrae.

2377 4390 2444 4443 ΙΝ
2476 4389 2796 4444 PSALMUM
2823 4388 3016 4442 LXVII.

1963 4478 2171 4533 Psalmi
2212 4478 2549 4548 sexagesimi
2577 4476 2806 4548 septimi
2833 4475 3047 4531 titulus.
3080 4474 3149 4529 In
3177 4474 3333 4544 ﬁnem
3353 4472 3500 4545 psal-

173 4567 447 4623 notitiam
481 4568 601 4622 Filii
634 4567 734 4634 tui,
768 4568 864 4640 qui
897 4571 982 4623 est
1010 4566 1274 4622 salutaris
1297 4570 1445 4633 tuus,
1478 4583 1581 4638 per
1611 4583 1788 4638 quem
1888 4584 2004 4621 mus
2040 4565 2220 4622 David
2263 4568 2460 4619 cantici
2492 4582 2510 4627 ;
2558 4564 2713 4636 quod
2743 4564 2820 4618 sic
2864 4563 3170 4635 exponitur
3198 4580 3211 4617 :
3247 4563 3503 4617 Psalmus

176 4656 466 4712 mundum
497 4658 697 4712 salvas.
715 4658 792 4711 De
811 4674 923 4729 quo
947 4655 1290 4727 praedictum
1304 4659 1390 4711 est
1416 4672 1520 4728 per
1537 4656 1786 4728 prophe-
1889 4656 1993 4710 iste
2011 4659 2095 4708 est
2121 4654 2296 4709 David
2318 4654 2615 4725 prophetas
2647 4652 3004 4724 respicientis
3034 4652 3090 4706 in
3121 4650 3393 4717 ﬁnem,id
3417 4653 3503 4703 est

173 4748 301 4799 tam
324 4760 377 4799 :cc
396 4745 575 4799 Mittet
600 4744 680 4799 eis
700 4745 1043 4799 salvatorem
1069 4747 1128 4798 et
1148 4748 1671 4816 propugnatorem,
1694 4743 1791 4814 qui
1891 4743 1949 4798 in
1964 4741 2523 4796 consummationem
2541 4740 2802 4795 Ecclesiae
2815 4740 3067 4795 futuram
3083 4739 3500 4811 perChristum,

178 4833 386 4887 liberet
411 4849 510 4888 eos
536 4833 709 4902 (Psal.
746 4850 892 4901 xxxx,
919 4834 1029 4901 20.)
1066 4855 1093 4882 »
1120 4833 1453 4901 Notandum
1484 4849 1621 4888 vero
1652 4849 1790 4905 apo-
1893 4835 1951 4886 et
1967 4830 2388 4885 hicsecundum
2404 4830 2821 4902 perfectionem
2845 4829 3140 4893 virtutum,
3162 4826 3501 4879 ctint‘uturo

178 4922 359 4975 stolos
386 4921 455 4975 de
469 4923 574 4975 hac
585 4921 915 4993 cognitione
930 4938 1034 4992 pro
1052 4938 1111 4976 se
1132 4937 1319 4988 orare,
1349 4938 1466 4977 non
1485 4921 1615 4976 ideo
1638 4920 1795 4993 quod
1893 4919 2209 4975 secundum
2232 4918 2548 4990 perfectam
2567 4916 2985 4972 beatitudinem
3008 4931 3022 4968 :
3049 4915 3131 4968 vel
3148 4911 3504 4984 respicientis

181 5012 439 5075 careant,
461 5009 561 5064 sed
589 5013 651 5064 ut
680 5009 738 5063 in
766 5008 848 5063 eis
880 5012 1315 5081 augmentetur,
1356 5014 1419 5064 ut
1463 5010 1793 5081 exemplum
1896 5008 1954 5062 in
1980 5007 2155 5061 finem
2194 5007 2557 5073 saeculorum,
2602 5006 2658 5060 id
2691 5008 2776 5059 est
2804 5004 2863 5058 in
2902 5005 3121 5056 sextam
3153 5003 3409 5066 aetatem,
3444 4998 3505 5054 in

184 5098 413 5165 orandi,
430 5098 574 5152 sicut
593 5114 765 5168 supra
782 5097 1471 5164 diximus,aliistribuant.
1486 5099 1796 5169 Postquam
1897 5114 2010 5169 qua
2041 5097 2188 5150 Deus
2214 5098 2643 5150 constructurus
2655 5096 2780 5148 erat
2801 5090 3129 5157 Ecclesiam,
3151 5090 3203 5144 ei
3236 5090 3292 5144 in
3327 5087 3507 5143 finem

186 5189 383 5241 autem
416 5185 683 5241 misertus
711 5185 886 5239 fueris
915 5188 973 5239 et
1002 5185 1384 5252 benedixeris,
1421 5190 1479 5241 et
1505 5185 1796 5240 illumina-
1898 5184 2123 5251 mundi,
2156 5184 2387 5256 quando
2418 5183 2576 5238 illam
2607 5178 3005 5236 remunerabit
3019 5182 3239 5233 aeterna
3266 5175 3511 5233 beatitu-

185 5274 334 5329 veris
364 5277 564 5345 gentes
594 5290 606 5327 :
639 5271 1007 5342 Coroﬁteantur
1045 5274 1159 5337 tibi,
1198 5274 1363 5339 Deus,
1392 5274 1602 5346 pepuli,
1629 5273 1685 5327 id
1717 5276 1803 5327 est
1901 5274 2064 5340 dine;
2079 5274 2318 5343 psalmus
2339 5272 2538 5338 David,
2581 5271 2707 5326 dico
2739 5269 2985 5324 existens
3014 5266 3257 5339 psalmus
3291 5265 3510 5333 cantici,

190 5363 430 5418 laudent
446 5364 715 5433 tegentes
744 5362 1357 5428 omnimodalaude,et
1378 5379 1492 5417 non
1517 5361 1679 5434 pauci
1699 5377 1800 5433 po-
1903 5362 1961 5417 id
1986 5365 2072 5414 est
2092 5361 2287 5415 nimim
2303 5358 2700 5429 jucunditatis.
2733 5355 3089 5413 Jucundatur
3125 5355 3285 5411 enim
3316 5353 3377 5407 in
3407 5353 3519 5408 hoc

191 5451 333 5525 puli,
352 5450 453 5505 sed
473 5452 826 5520 conﬁteantur
838 5451 937 5505 tibi
949 5450 1142 5523 populi
1159 5467 1356 5516 omnes,
1380 5450 1438 5506 id
1475 5453 1563 5504 est
1587 5449 1804 5505 omnis-
1906 5449 2129 5523 psalmo
2144 5449 2427 5519 propheta
2439 5463 2618 5519 agens
2648 5445 2721 5500 de
2753 5446 3004 5518 gloriosa
3028 5443 3236 5501 Christi
3265 5456 3523 5499 resurre-

196 5540 378 5619 modi,
396 5539 492 5616 qui
512 5540 686 5599 antea
708 5543 937 5613 gratam
961 5539 1192 5599 laudem
1212 5538 1449 5600 tibinon
1466 5536 1804 5613 redderent,
1909 5536 2100 5597 ctione
2125 5536 2340 5606 futura,
2363 5551 2539 5610 quam
2557 5535 2752 5609 optat;
2784 5537 2842 5595 et
2870 5533 2942 5591 de
2970 5533 3330 5594 beatitudine
3344 5527 3531 5604 justo-
