4004 6052
445 328 545 401 9'51

1052 334 1110 391 S.
1151 334 1495 394 BRUNONIS
1536 322 2169 393 CARTHUSIANORUM
2208 325 2675 413 INSTITUTQBIS
2716 326 2869 384 OPP.
2911 324 3086 383 PARS
3125 326 3147 383 Ι

3655 329 3760 383 9'52

447 477 576 515 rum
605 455 1027 531 primitivorum
1054 458 1109 508 et
1140 455 1250 521 hic,
1274 459 1321 510 cl
1358 456 1413 511 in
1446 457 1659 519 futuro,
1686 472 1828 527 quos
1850 454 2055 509 adhor-
2080 452 2407 512 Aemi/ten!
2443 453 2493 504 in
2530 454 2800 519 conspectu
2826 447 2947 513 Dei,
2984 447 3040 501 id
3072 449 3155 501 est
3188 447 3245 501 in
3269 447 3378 502 hoc
3408 446 3563 519 quod
3595 462 3755 519 spem

446 552 603 604 tatur
633 547 701 603 ad
735 544 1085 600 cantandum
1111 546 1247 609 Deo,
1274 549 1327 598 et
1356 545 1738 615 psallendum,
1766 548 1821 597 et
1852 543 2055 614 prmdi-

449 637 699 693 candum
752 634 894 689 a'iis.
935 634 1057 701 Agit
1090 651 1316 704 quoque
1346 636 1414 687 de
1455 634 1759 687 universali
1794 634 2050 686 Ecclesia:

448 722 1176 793 constitutione,quomodo
1198 722 1493 791 ﬁet,etper
1510 740 1672 793 quos,
1690 726 1746 774 et
1763 722 1831 775 de
1854 738 2049 774 ascen-

446 816 606 871 sione
625 812 850 868 Christi.
874 810 1018 865 Dicit
1045 809 1217 863 etiam
1241 812 1451 864 multos
1473 795 1757 880 perfectos
1776 810 1867 880 qui
1902 809 2053 863 vide-

445 904 661 958 buntur
690 916 808 954 esse
840 898 1110 964 Christus,
1139 914 1504 969 nequaquam
1539 915 1657 951 esse
1710 899 1841 967 Agit
1875 897 2050 951 etiam

446 990 516 1045 de
546 990 739 1044 futura
764 986 1023 1041 Ecclesiae
1043 987 1533 1051 remuneratione,
1562 986 1695 1039 etin
1722 987 1825 1039 hoc
1846 987 2050 1039 saeculo

445 1079 515 1133 de
540 1077 943 1132 hasreticorum
990 1076 1047 1128 in
1078 1075 1339 1128 Ecclesia!
1364 1074 1749 1146 superatione,
1779 1078 1829 1127 et
1867 1074 2049 1127 incre-

441 1166 694 1238 patione.
720 1163 866 1217 Etin
888 1162 976 1215 his
1010 1163 1278 1216 omnibus
1309 1180 1434 1233 qua).
1468 1162 2050 1232 futuraprzrvidctju-

441 1253 769 1320 cundaudo,
801 1253 899 1305 dat
929 1252 1258 1320 exemplum
1293 1251 1479 1315 nobis,
1523 1251 1579 1303 in
1627 1251 1710 1303 his
1738 1250 1954 1303 eisdem
1994 1250 2051 1303 in

440 1343 541 1397 Dei
569 1341 734 1395 laude
755 1338 1081 1410 jucundari.
1106 1340 1229 1392 Jam
1253 1356 1380 1409 pars
1407 1340 1694 1407 completa
1714 1341 1815 1391 est.
1834 1340 1911 1392 De
1943 1338 2053 1391 alia

439 1446 573 1484 vero
599 1432 759 1501 parte
775 1426 1122 1497 complenda
1152 1427 1294 1481 certi
1331 1425 1793 1496 existinius.Agit
1823 1443 2050 1497 quoque

438 1535 557 1572 non
579 1517 854 1588 optando,
872 1516 971 1568 sed
993 1515 1365 1568 concedendo
1384 1514 1452 1567 de
1469 1513 1773 1567 iuimicoru
1786 1514 2048 1582 m,ethic,

438 1608 495 1659 et
517 1605 572 1659 in
592 1605 784 1658 futuro
821 1603 1194 1656 damnatione
1222 1605 1315 1655 :ut
1340 1620 1444 1657 nos
1476 1604 1854 1675 perterrendo
1875 1607 2054 1656 retra-

436 1693 538 1747 hat
570 1694 641 1746 ab
673 1708 875 1746 eorum
931 1691 1359 1757 conformitate,
1406 1694 1459 1744 et
1509 1694 1569 1743 ut
1622 1707 1898 1761 magnam
1931 1707 2051 1745 esse

438 1781 643 1836 Christi
675 1780 991 1853 potentiam
1027 1779 1247 1833 innuat.

506 1870 786 1939 Exsurgat
815 1870 960 1924 Deus
993 1869 1265 1935 Christus,
1300 1884 1362 1921 ac
1384 1868 1426 1921 si
1464 1868 1680 1922 diceret
1714 1887 1726 1922 :
1758 1869 2049 1923 Praevirlco

437 1958 1075 2025 Christum,sccundum
1114 1958 1220 2010 hoc
1258 1957 1411 2027 quod
1443 1957 1618 2011 homo
1652 1959 1781 2023 erit,
1815 1958 2051 2011 moritu-

434 2064 587 2113 rum,
617 2051 675 2100 et
703 2048 1185 2109 resurrecturum,
1208 2049 1263 2098 et
1292 2045 1347 2099 in
1377 2045 1481 2098 hoc
1515 2062 1634 2099 esse
1669 2048 1846 2100 Deum
1880 2063 2052 2117 appa-

439 2136 709 2189 riturum.
728 2136 791 2187 Et
815 2134 948 2205 quia
966 2135 1072 2187 hoc
1096 2134 1381 2203 pra'vidco
1402 2134 1680 2200 futurum,
1707 2135 1961 2188 concedo
1992 2138 2049 2188 et

440 2226 646 2293 exopto
681 2227 741 2276 ut
770 2228 1043 2291 exsurgat,
1093 2223 1237 2274 Deus
1271 2238 1371 2291 per
1403 2222 1511 2275 hoc
1543 2222 1909 2293 appariturus
1944 2239 1955 2274 :
1992 2225 2050 2275 et

437 2310 725 2382 prasvidco
744 2310 894 2380 quod
912 2308 1126 2362 inimici
1157 2309 1276 2378 eius
1297 2309 1497 2373 Judzei,
1516 2310 1609 2379 qui
1634 2310 1688 2362 in
1710 2327 1841 2363 eum
1864 2309 2045 2363 insur-

438 2402 579 2467 gent
611 2397 979 2467 blasphemiis
1003 2400 1060 2451 et
1091 2397 1573 2463 tribulationibus,
1600 2398 2045 2469 dissipabuntur,

437 2484 567 2539 ideo
600 2485 809 2556 ubique
837 2489 1142 2549 terrarum,
1166 2491 1214 2536 et
1229 2485 1445 2553 fugient
1474 2503 1504 2537 τι
1533 2487 1675 2555 facie
1704 2488 1838 2557 ejus,
1856 2486 1914 2539 in
1942 2488 2050 2541 hoc

442 2575 649 2627 saeculo
690 2590 702 2627 :
748 2579 797 2626 et
836 2572 891 2626 in
926 2574 1115 2626 futuro
1148 2572 1387 2639 deﬁcient
1424 2566 1559 2626 sicut
1593 2575 1797 2643 fumus,
1831 2582 1879 2627 et
1901 2577 2048 2645 peri-

448 2662 577 2714 bunt
602 2680 632 2714 a
664 2662 804 2730 facie
833 2660 955 2714 Dei.
982 2661 1047 2713 Et
1076 2662 1179 2714 hoc
1209 2661 1484 2724 concedo,
1512 2666 1573 2714 ut
1600 2662 1917 2732 dissipentur
1959 2665 2050 2717 hic

442 2752 650 2804 inimici
683 2750 795 2820 ejus
832 2749 1042 2819 ubique
1314 2752 1601 2803 terrarum
1646 2767 1658 2804 :
1701 2759 1749 2804 et
1778 2752 2049 2821 fugianta

436 2840 578 2909 facie
593 2839 705 2907 ejus
730 2839 828 2909 qui
854 2837 1082 2890 mleﬁunt
1104 2855 1243 2905 eum,
1279 2837 1334 2891 id
1368 2842 1451 2892 est
1478 2842 1681 2908 sponte
1718 2841 1991 2894 recedant
2018 2857 2051 2894 a

438 2925 769 2997 cognitione
796 2924 918 2995 ejus
948 2941 1109 2979 more
1141 2925 1411 2995 fugientis
1444 2943 1457 2979 :
1493 2929 1553 2979 ut
1585 2928 1847 2981 exceecati
1871 2928 2053 2981 nolint

441 3031 575 3069 eum
595 3030 959 3085 cognoscere.
984 3015 1047 3067 Et
1070 3014 1174 3067 hoc
1192 3014 1317 3068 ideo
1338 3014 1655 3086 contingat,
1675 3017 1808 3087 quia
1832 3017 2055 3070 oderunt

440 3121 581 3168 cum,
612 3103 665 3157 id
697 3106 779 3156 est
815 3102 946 3157 odio
978 3119 1110 3157 eum
1144 3108 1583 3174 prosequentur,
1605 3121 1718 3158 non
1752 3122 1820 3159 ex
1846 3106 2052 3160 merito

442 3191 583 3260 ejus.
614 3192 681 3245 Et
710 3191 767 3244 in
801 3191 990 3245 futuro
1040 3191 1295 3259 deﬁciant
1341 3192 1413 3245 ob
1442 3192 1599 3246 omni
1629 3193 1842 3263 quiete,
1888 3197 1945 3247 et
1984 3194 2056 3248 ab

444 3278 625 3332 ommi
651 3279 959 3333 commodo
975 3279 1129 3349 quod
1144 3294 1201 3331 se
1219 3282 1422 3349 putant
1441 3280 1754 3347 habituros,
1777 3282 1869 3353 qui
1890 3284 2059 3335 erunt

446 3366 675 3421 exaltati
707 3367 944 3419 flamma
968 3366 1082 3420 odii
1115 3370 1171 3419 et
1202 3383 1392 3436 pravae
1411 3369 1886 3438 concupiscentia
1919 3387 2056 3438 suae,

445 3457 583 3509 sicut
620 3455 814 3522 (le/icit,
848 3453 903 3506 id
936 3458 1022 3506 est
1047 3455 1334 3508 evanescit
1371 3457 1554 3524 fumus
1583 3474 1616 3511 a
1648 3458 1887 3512 flamma
1914 3460 2061 3513 exal-

446 3545 620 3596 tatus.
649 3543 743 3596 Vel
777 3541 1045 3609 deﬁciant,
1082 3542 1137 3595 in
1186 3543 1389 3612 pomis,
1426 3543 1483 3597 id
1519 3547 1602 3597 est
1644 3550 2060 3600 consumantur

450 3634 508 3685 et
535 3630 880 3696 crucientur,
912 3648 1026 3684 non
1055 3631 1133 3683 sic
1168 3634 1227 3684 ut
1255 3649 1318 3683 ex
1343 3635 1463 3686 toto
1497 3633 1867 3688 destruantur
1891 3637 2060 3689 :sicut

447 3722 631 3791 fumus
653 3719 931 3772 exaltatus
960 3718 1156 3785 deﬁcit,
1190 3736 1305 3772 non
1336 3727 1397 3773 ut
1430 3720 1569 3774 nihil
1623 3722 1925 3787 efficiatur,
1960 3724 2059 3778 sed

450 3807 799 3879 dispergitur
820 3810 879 3859 ut
902 3824 1017 3860 non
1033 3810 1327 3877 appareat.
1342 3809 1666 3880 Juxtaquod
1684 3810 1816 3863 alibi
1831 3811 2055 3865 dicitur:

453 3918 482 3946 «
506 3896 652 3950 Mors
691 3895 959 3965 dcpascct
996 3912 1093 3949 eos
1136 3895 1308 3965 (I’sal.
1344 3913 1533 3962 XLVIII,
1571 3898 1676 3967 lii),
1706 3920 1731 3945 ››
1766 3903 1821 3952 et
1852 3902 1913 3952 ut
1943 3916 2062 3952 ma-

452 3982 538 4053 gis
564 3983 755 4036 miseri
784 3983 920 4048 sint,
951 3985 1095 4038 sicut
1139 3986 1262 4055 [luit
1286 4001 1408 4038 cera
1443 4003 1475 4037 a
1510 3985 1654 4053 facie
1696 3988 1852 4054 ignis,
1889 3987 1945 4040 id
1977 3990 2061 4040 est

452 4071 595 4124 sicut
628 4071 956 4124 inconstans
986 4075 1071 4124 est
1102 4088 1234 4125 cera
1263 4075 1397 4125 ante
1416 4073 1781 4142 praesentiam
1806 4074 2059 4145 ignis,sic

440 4163 667 4226 pereant
703 4164 1017 4226 peccatores,
1069 4159 1528 4211 antonomaslice
1576 4159 1753 4212 Judaii
1786 4161 1997 4215 scilicet
2026 4178 2059 4214 a

450 4243 592 4312 facie
616 4242 736 4308 Dei,
764 4242 821 4296 id
852 4247 936 4297 est
960 4261 993 4297 a
1012 4244 1317 4315 praesentia
1335 4248 1436 4299 eta
1453 4248 1941 4316 contemplatione
1962 4248 2057 4303 Dei

2153 541 2447 595 habebunt
2470 557 2527 593 se
2548 541 2726 592 Deum
2750 538 2807 590 in
2830 538 3024 591 futuro
3043 540 3467 606 conspecturos.
3487 536 3564 589 Et
3587 536 3647 589 in
3681 536 3763 589 fu-

2152 633 2281 683 turo
2307 628 2625 682 delectentur
2649 627 2711 679 in
2751 626 2941 679 [cetitia
2980 624 3349 679 beatitudinis
3375 627 3629 690 aeternae,
3665 623 3762 677 ubi

2152 719 2376 772 nullum
2396 715 2693 770 fastidium
2711 715 2838 779 erit,
2869 714 2969 767 sed
2996 717 3213 767 interna
3236 713 3538 767 delectatio
3562 715 3668 766 est.
3700 714 3762 767 In

2150 805 2257 859 hoc
2284 805 2438 858 enim
2467 804 2671 857 szeculo
2694 801 3005 873 aliquando
3033 803 3147 855 Deo
3174 801 3463 855 fastidiose
3495 801 3761 855 servitur.

2151 893 2265 947 Hoc
2290 896 2484 947 autem
2518 892 2735 945 dictum
2770 894 2853 943 est
2881 890 2950 943 de
2970 889 3269 961 primitivis
3290 889 3477 958 justis.
3496 889 3649 943 Facit
3662 907 3763 943 au-

2154 985 2268 1035 tem
2302 984 2714 1053 apostropham
2748 977 2819 1033 ad
2852 978 3002 1048 ipsos
3021 978 3224 1047 justas,
3259 978 3495 1032 hortans
3529 977 3601 1031 ad
3630 994 3766 1032 can-

2151 1070 2394 1124 tandum
2418 1071 2532 1123 Deo
2552 1072 2609 1120 et
2625 1067 3009 1139 psallendum,
3047 1070 3104 1120 ut
3130 1066 3203 1120 ad
3232 1066 3493 1121 laetitiam
3509 1067 3668 1121 illam
3685 1069 3767 1120 at-

2152 1159 2377 1228 tingere
2406 1160 2758 1221 mereantur,
2776 1156 2853 1208 sic
2880 1173 2891 1209 :
2919 1156 3075 1221 Dico,
3110 1172 3142 1209 ο
3161 1155 3319 1225 justi,
3340 1156 3495 1228 quod
3512 1156 3767 1210 delecta-

2151 1246 2357 1300 bimini
2391 1249 2446 1299 in
2477 1246 2689 1299 laetitia.
2716 1246 2781 1298 Et
2810 1248 2871 1298 ut
2901 1244 3007 1297 hoc
3030 1244 3381 1298 sitzCantale
3418 1246 3551 1311 Deo,
3584 1245 3643 1299 id
3680 1248 3765 1298 est

2152 1336 2381 1389 laudate
2414 1337 2591 1389 Deum
2610 1334 2666 1387 in
2687 1333 3199 1403 contemplatione,
3220 1334 3489 1388 theoricze
3504 1334 3633 1387 vita:-
3653 1337 3766 1388 stu-

2155 1424 2343 1478 dendo
2375 1439 2387 1477 :
2422 1428 2470 1477 et
2496 1421 2761 1493 psalmum
2789 1420 2947 1474 dicite
2978 1423 3183 1474 nomini
3216 1422 3357 1490 ejus,
3406 1421 3464 1476 in
3509 1423 3763 1493 practica

2152 1512 2288 1578 vita,
2325 1512 2379 1565 id
2405 1515 2489 1565 est
2535 1511 2681 1565 bene
2708 1509 3034 1581 operamini
3076 1510 3149 1564 ad
3187 1510 3469 1564 honorem
3513 1511 3766 1565 nominis

2155 1601 2295 1671 ejus.
2328 1601 2441 1654 Hoc
2475 1603 2671 1653 autem
2704 1599 2921 1652 dictum
2953 1602 3056 1663 est,
3091 1602 3370 1669 quantum
3391 1599 3462 1652 ad
3486 1599 3763 1663 diversos,

2154 1692 2217 1743 ut
2246 1688 2435 1742 minus
2460 1687 2698 1758 perfecti
2732 1687 2946 1740 scilicet
2988 1687 3237 1757 practica
3277 1687 3392 1740 vita
3428 1689 3612 1741 Deum
3644 1689 3766 1741 lau-

2077 1772 2127 1833 B
2155 1778 2311 1841 dent,
2328 1781 2384 1831 et
2402 1776 2774 1848 perfectiores
2805 1775 3080 1828 theorica.
3107 1776 3363 1829 Practica
3388 1775 3504 1829 vita
3529 1779 3616 1829 est
3636 1792 3765 1846 qua:

2154 1866 2333 1920 activa
2353 1865 2579 1928 dicitur,
2611 1864 2759 1916 bene
2796 1863 3047 1934 epcrari,
3077 1864 3261 1917 nudos
3306 1864 3532 1929 vestire,
3566 1866 3625 1917 et
3654 1880 3766 1918 cae-

2153 1957 2274 2007 tera
2300 1952 2535 2019 similia;
2566 1952 2641 2005 sic
2676 1954 2871 2005 tamen
2906 1954 2966 2004 ut
2996 1968 3113 2005 non
3146 1968 3214 2005 ex
3245 1954 3366 2005 toto
3398 1956 3631 2005 terrena
3649 1952 3766 2006 sol-

2150 2042 2382 2096 licitudo
2411 2042 2699 2095 ambiatur
2729 2057 2740 2093 :
2778 2040 3031 2094 theorica
3059 2056 3216 2106 vero,
3245 2057 3371 2111 quae
3402 2041 3767 2111 contempla-

2152 2132 2264 2185 tiva
2296 2132 2521 2197 dicitur,
2555 2130 2827 2184 omnibus
2855 2129 3096 2183 terrenis
3121 2129 3367 2189 omissis,
3400 2130 3533 2183 solis
3554 2130 3773 2184 oralio-

2152 2219 2893 2288 nibus,eteontemplandis
2919 2218 3151 2272 secretis
3181 2218 3276 2272 Dei
3298 2235 3517 2272 vacare.
3550 2220 3616 2272 Et
3642 2235 3766 2273 non

2152 2311 2344 2363 solum
2382 2308 2627 2362 cantetis
2653 2311 2709 2361 et
2734 2308 3020 2378 psalmum
3041 2306 3262 2373 dicatis,
3290 2307 3388 2360 sed
3419 2308 3694 2375 iter/acii:
3718 2310 3774 2360 ei

2149 2396 2497 2469 quiuit-endit
2535 2413 2689 2466 super
2726 2410 2987 2450 occasum.
3030 2396 3145 2449 lloc
3188 2395 3325 2449 dicit
3364 2398 3646 2466 quantum
3692 2395 3771 2449 ad

2151 2484 2754 2556 praidicalores,quod
2782 2487 2869 2537 est
2899 2484 3116 2538 dicere:
3139 2483 3552 2565 Pragdicatione
3574 2487 3769 2537 vestra

2155 2573 2322 2628 facite
2344 2574 2463 2643 ejus
2486 2572 2705 2626 notitiae
2736 2571 2846 2625 iter
2875 2572 2931 2625 in
2961 2572 3227 2625 cordibus
3260 2570 3600 2635 infidelium,
3634 2587 3769 2642 qua:

2150 2679 2255 2734 per
2286 2660 2693 2715 infidelitatem
2725 2661 2915 2713 clausa
2930 2663 3090 2713 sunt:
3112 2664 3169 2713 et
3191 2661 3288 2713 iter
3308 2660 3497 2713 facere
3521 2658 3767 2723 debetis,

2151 2766 2281 2805 cum
2314 2750 2458 2804 adeo
2487 2752 2691 2820 potens
2730 2750 2952 2802 futurus
2981 2747 3053 2801 sit
3100 2748 3255 2818 quod
3305 2747 3575 2802 ascendet
3610 2765 3772 2819 super

2150 2856 2412 2903 occasum,
2440 2837 2495 2891 id
2527 2840 2611 2891 est
2652 2840 2913 2890 conteret
2944 2840 3131 2891 morte
3177 2840 3235 2890 et
3275 2836 3332 2891 in
3365 2853 3422 2890 se
3452 2839 3510 2890 et
3540 2836 3599 2890 in
3628 2834 3767 2902 suis,

2153 2928 2226 2982 ad
2261 2927 2499 2981 modum
2516 2925 2662 2980 illius
2685 2924 2779 2996 qui
2804 2941 2924 2978 rem
2955 2924 3201 2978 conterit
3219 2941 3392 2996 quam
3411 2927 3591 2979 calcat
3609 2927 3771 2979 etsu-

2154 3033 2258 3088 per
2287 3032 2460 3087 quam
2494 3014 2771 3068 ascendit.
2794 3014 2938 3068 Mors
2964 3016 3157 3067 autem
3186 3029 3417 3067 occasus
3446 3017 3599 3067 recte
3621 3012 3734 3067 dici
3762 3041 3774 3051 -

2156 3109 2350 3169 tur,eo
2379 3103 2533 3173 quod
2552 3102 2623 3155 ad
2646 3102 2934 3155 defectum
2956 3117 3161 3171 corpus
3189 3101 3440 3157 deducit.
3470 3102 3536 3155 Et
3566 3104 3767 3155 tamen

2158 3193 2270 3248 alia
2289 3209 2459 3246 causa
2481 3194 2752 3261 estquare
2771 3190 2994 3244 debetis
3033 3189 3144 3244 iter
3166 3190 3353 3243 facere
3386 3190 3460 3255 ei,
3496 3190 3633 3261 quia
3662 3190 3773 3244 sci-

2158 3280 2383 3335 licetilli
2410 3283 2496 3333 est
2523 3295 2710 3332 nomen
2734 3278 3023 3332 Dominus.
3044 3278 3217 3348 Magis
3232 3282 3427 3333 autem
3458 3278 3616 3344 dicit,
3633 3279 3771 3332 sub-

2152 3368 2338 3440 jundo
2370 3385 2381 3421 :
2414 3368 2674 3420 Dominus
2729 3383 2916 3419 nomen
2961 3366 3062 3429 illi,
3119 3383 3293 3438 quam
3340 3366 3383 3420 si
3430 3366 3776 3436 simpliciter

2160 3459 2403 3527 poneret
2432 3456 2696 3508 Dominus
2717 3462 2808 3508 est.
2831 3455 3021 3509 lnnuit
3042 3455 3199 3509 enim
3231 3472 3334 3526 per
3346 3455 3476 3521 hoc,
3498 3454 3652 3526 quod
3668 3471 3776 3509 no-

2161 3562 2297 3599 men
2329 3546 2437 3599 hoc
2465 3543 2694 3615 proprie
2726 3545 2784 3596 et
2815 3559 2932 3614 pra:
2960 3543 3182 3596 caeteris
3198 3542 3476 3614 competit
3503 3542 3652 3606 ei,et
3675 3545 3779 3596 iter

2159 3633 2210 3687 ei
2232 3634 2520 3695 faciendo,
2541 3632 2862 3686 ersullalein
2880 3638 3153 3702 conspectu
3187 3632 3403 3701 ejus,ac
3433 3631 3477 3685 si
3505 3632 3727 3686 diceret
3759 3649 3774 3686 :

2160 3723 2215 3777 Si
2261 3722 2322 3776 in
2381 3722 2647 3776 faciendo
2717 3721 2826 3775 iter
2879 3721 3198 3791 persecutio
3248 3721 3550 3793 ingruerit,
3594 3721 3776 3775 nolite

2161 3811 2426 3877 deficere,
2461 3811 2557 3863 sed
2587 3809 2816 3863 exultate
2841 3812 2907 3862 in
2926 3816 3200 3880 conspectu
3228 3810 3361 3879 ejus,
3398 3809 3455 3863 id
3476 3813 3562 3863 est
3592 3809 3653 3863 in
3674 3825 3777 3880 spe

2159 3902 2496 3970 conspectus
2519 3898 2661 3968 ejus;
2685 3898 2769 3951 vel
2790 3899 2845 3950 in
2867 3905 3142 3967 conspectu
3157 3897 3352 3968 ejus,id
3376 3896 3531 3952 estin
3553 3896 3777 3963 anima,

2160 4004 2336 4059 quam
2369 3987 2486 4059 ipse
2519 3987 2671 4040 solus
2703 3986 3003 4057 conspicit.
3038 3987 3104 4039 Et
3136 3986 3181 4040 si
3230 3986 3478 4040 exterius
3507 3986 3564 4039 in
3599 4001 3777 4043 carne

2158 4077 2347 4130 tristes
2374 4075 2719 4147 appareatis,
2748 4075 3221 4129 etexsultandum
3239 4078 3345 4141 est,
3372 4092 3505 4129 cum
3521 4074 3643 4128 sitis
3675 4089 3778 4128 eos

2160 4163 2570 4237 praedicatione
2581 4166 2767 4217 vestra
2780 4166 3047 4234 superatu
3057 4163 3101 4216 ri
3112 4207 3122 4219 .
3132 4164 3275 4217 Nam
3289 4163 3449 4217 vobis
3460 4162 3780 4234 praedican-

2160 4253 2332 4320 tibus,
2364 4252 2723 4305 tm-babuntur
2755 4251 3017 4305 inﬁdeles
3046 4252 3200 4306 bona
3223 4252 3691 4317 conturbatione,
3718 4253 3780 4303 et

452 4330 861 4400 remoti,juxta
894 4331 1033 4385 illud
1051 4332 1200 4402 quod
1237 4332 1473 4402 legitur:
1498 4334 2062 4407 «Tollanturimpius
2091 4355 2140 4414 ι)
2161 4342 2269 4396 hoc
2295 4340 2616 4411 continget,
2646 4358 2678 4393 a
2702 4340 2844 4409 facie
2860 4341 2996 4409 ejus,
3024 4340 3082 4393 id
3115 4343 3199 4394 est
3231 4356 3265 4394 a
3291 4340 3625 4411 cognitione
3655 4339 3778 4409 ejus

453 4434 526 4473 ne
545 4418 732 4473 videat
766 4419 1011 4490 gloriam
1040 4419 1138 4473 Dei
1175 4417 1305 4491 (Isa.
1332 4436 1477 4485 XXVI,
1513 4423 1614 4490 10).
1655 4444 1681 4469 ››
1719 4423 1874 4477 Esset
1904 4424 2061 4479 enim

453 4507 646 4578 aliqua
669 4508 750 4561 eis
774 4508 1155 4579 refrigeratio,
1195 4508 1240 4562 si
1290 4508 1348 4562 in
1400 4510 1582 4580 pugnis
1610 4512 1925 4579 constituti,
1962 4513 2060 4568 Dei

453 4596 941 4666 contemplatione
955 4597 1145 4667 perrui
1175 4602 1426 4668 possent,
1450 4599 1603 4669 quod
1618 4616 1738 4653 esse
1767 4618 1882 4655 non
1898 4605 2059 4673 pote-

450 4684 547 4739 rit.
574 4683 1005 4755 Censequenter
1034 4684 1152 4756 agit
1175 4685 1246 4739 de
1270 4686 1559 4755 justorum
1593 4686 1802 4757 duplici
1820 4689 2061 4745 beatitu-

453 4772 608 4840 dine,
636 4789 766 4827 cum
795 4772 931 4827 dicit
958 4791 972 4827 :
1082 4838 1092 4847 .

520 4859 599 4915 Et
620 4862 757 4931 justi
782 4861 1078 4931 epulentur,
1104 4877 1169 4915 ac
1200 4860 1243 4914 si
1278 4861 1495 4917 diceret
1528 4880 1539 4917 :
1576 4863 1735 4919 Sicut
1768 4866 2054 4935 praevideo

455 4950 609 5021 quod
637 4949 854 5003 inimici
881 4952 937 5003 et
966 4948 1057 5003 hic
1089 4953 1148 5002 et
1172 4948 1230 5003 in
1262 4950 1452 5005 futuro
1486 4951 1949 5021 damnabuntur;
1977 4955 2056 5009 ita

451 5039 739 5112 praevideo
771 5056 836 5092 ex
856 5039 1140 5111 opposito,
1171 5038 1306 5109 quia
1318 5039 1458 5108 justi
1478 5040 1538 5093 in
1557 5040 1663 5095 hoc
1680 5044 1883 5097 saeculo
1903 5044 2054 5097 exal-

449 5129 798 5183 tabunturet
818 5128 1201 5193 exsultabunt,
1224 5126 1356 5180 etin
1380 5128 1571 5183 futuro
1594 5130 2049 5185 delectabantur:

450 5220 511 5271 et
544 5216 623 5270 ita
651 5216 904 5271 concedo
935 5219 995 5269 et
1025 5219 1252 5287 exopto.
1292 5216 1444 5269 Justi
1478 5218 1775 5288 epulentur,
1803 5225 1852 5272 et
1880 5219 2051 5272 exsul-

449 5312 559 5359 teut
572 5308 627 5359 in
647 5310 920 5376 conspectu
942 5303 1064 5369 Dei,
1095 5304 1151 5358 id
1174 5307 1258 5356 est
1286 5305 1618 5359 reficiantur
1640 5306 1871 5360 diversis
1888 5308 2053 5362 donis

443 5393 625 5447 sancti
648 5392 909 5463 Spiritus,
934 5391 1007 5446 ad
1028 5392 1265 5447 modum
1284 5393 1587 5463 epulantis,
1620 5394 1714 5465 qui
1747 5394 1918 5447 variis
1939 5396 2050 5450 fer-

453 5481 596 5535 culis
625 5481 896 5535 reﬁcitur.
946 5480 1013 5533 Et
1070 5480 1357 5553 epulando
1386 5481 1617 5535 exultent
1670 5481 1732 5535 in
1777 5492 2051 5555 conspectu

438 5566 569 5642 Dei,
606 5569 668 5627 id
692 5572 781 5626 est
804 5568 864 5627 in
896 5567 1095 5627 anima
1107 5584 1283 5644 quam
1296 5570 1447 5629 solus
1476 5570 1623 5628 Deus
1650 5570 2049 5647 conspicit.Vel

2163 4429 2284 4493 Dei,
2318 4446 2495 4501 quam
2527 4444 2679 4482 nunc
2712 4428 3005 4499 ignorant.
3030 4428 3160 4499 Ejus
3181 4428 3331 4494 dico,
3359 4428 3656 4483 existentis
3669 4445 3777 4498 pa-

2163 4519 2259 4571 tris
2288 4518 2649 4588 orplianorum
2685 4516 2743 4569 in
2775 4517 2883 4571 hoc
2916 4517 3145 4583 saeculo,
3181 4520 3239 4571 et
3272 4517 3449 4571 futuri
3470 4515 3673 4587 judicis
3704 4517 3782 4569 vi-

2160 4605 3137 4677 duarum,posthocsaeculum,quod
3151 4608 3237 4659 est
3249 4606 3438 4660 dicere
3460 4604 3590 4667 τριιί
3610 4606 3782 4659 Pater

2159 4697 2244 4748 est
2281 4695 2375 4749 hic
2400 4697 2671 4760 vestrum,
2696 4693 2756 4747 id
2781 4699 2867 4747 est
2897 4694 2990 4765 pie
3022 4694 3391 4765 patrocinans
3417 4693 3579 4748 vobis
3610 4709 3782 4748 more

2157 4783 2399 4854 piissimi
2427 4781 2606 4854 patris
2645 4798 2719 4835 ne
2756 4780 2814 4835 in
2845 4782 3312 4837 tribulationibus
3347 4781 3646 4849 deficiatis,
3678 4782 3782 4853 qui

2158 4853 2988 4941 orphani239estismortuo
3004 4874 3167 4943 patre
3190 4874 3377 4925 vestro
3399 4871 3651 4925 diabolo.
3669 4870 3776 4926 Or-

2155 4959 2380 5029 phanus
2403 4959 2634 5030 proprie
2658 4958 2884 5023 dicitur,
2909 4959 3069 5029 cujus
3100 4962 3266 5031 pater
3287 4961 3549 5013 mortuus
3570 4961 3658 5012 est
3680 4975 3694 5024 ;
3719 4961 3780 5012 et

2155 5047 2214 5101 in
2237 5048 2428 5101 futuro
2453 5046 2631 5117 judex
2670 5047 2778 5101 erit
2798 5048 2991 5113 vestri,
3020 5050 3084 5101 ut
3106 5064 3203 5103 vos
3225 5048 3540 5102 secundum
3563 5047 3778 5101 merita

2154 5137 2343 5188 vestra
2356 5135 2509 5204 juste
2524 5139 2879 5200 remuneret,
2897 5136 2994 5205 qui
3008 5135 3191 5189 viduae
3215 5152 3318 5207 per
3331 5134 3772 5190 similitudinem

2156 5222 2438 5289 dicimini,
2463 5239 2531 5277 eo
2547 5224 2703 5293 quod
2725 5239 2759 5276 a
2776 5224 2978 5277 solatio
2995 5226 3360 5279 terrenorum
3393 5224 3646 5279 destituti
3676 5240 3767 5277 es-

2152 5310 2243 5378 tis,
2267 5312 2465 5383 quaain
2497 5312 2658 5366 vobis
2678 5316 2906 5367 mortua
2930 5315 3081 5378 sunt,
3115 5313 3219 5367 soli
3247 5315 3363 5367 Deo
3387 5312 3772 5382 adhaerentes,

2154 5399 2740 5454 sicutviduaamariti
2772 5400 2864 5455 sui
2884 5400 3008 5470 jam
3043 5400 3257 5455 mortui
3288 5401 3491 5456 solatio
3505 5401 3770 5457 destitui-

2153 5490 2267 5543 tur.
2309 5489 2377 5542 Et
2405 5505 2508 5560 per
2529 5489 2640 5544 hoc
2670 5504 2769 5544 eos
2798 5487 3037 5543 attrahit
3066 5489 3139 5543 ad
3173 5489 3562 5544 obediendum
3601 5491 3676 5559 ei,
3704 5490 3767 5549 in

2148 5576 2413 5638 faciendo
2439 5579 2555 5652 iter,
2588 5594 2720 5637 cum
2749 5580 2810 5636 et
2834 5576 2929 5637 hic
2952 5580 3120 5656 pater
3143 5593 3347 5637 eorum
3371 5577 3465 5653 sit,
3491 5582 3548 5639 et
3575 5578 3636 5640 in
3667 5579 3764 5642 fu-
