3970 6040
256 307 364 363 933

1219 292 1574 355 EXPOSITIO
1614 294 1683 352 IN
1725 291 2166 354 PSALMOSG—
2195 294 2390 353 PSAL.
2432 293 2608 352 LXVII

3469 305 3573 360 95$

235 424 559 495 turojudex
577 422 798 478 futurus
819 421 1040 477 sit.Non
1061 421 1247 475 solum
1270 419 1861 487 autemturbabuntur,
1888 437 1942 495 Α
1964 418 2088 473 sine
2139 418 2398 492 quolibet
2426 418 2633 472 merito
2666 416 2814 473 illius
2845 420 3032 475 terras.
3064 420 3132 474 Et
3183 436 3314 476 vere
3348 421 3567 478 diverso

238 516 347 571 sed
376 517 508 588 post
536 513 951 578 turbationem,
995 511 1137 565 Deus
1187 513 1242 564 in
1296 509 1406 565 loco
1449 527 1544 564 suo
1574 527 1859 582 apparens
1961 508 2138 562 modo
2159 507 2815 573 stillabuntdoctrinam,
2840 510 2901 560 ut
2921 508 3310 578 capacioribus
3332 527 3567 582 magna,

238 601 389 655 Deus
437 603 734 656 inhabitare
778 602 933 670 facit,
988 600 1047 656 id
1086 604 1169 654 est
1200 599 1372 654 faciet
1402 616 1499 654 eos
1554 599 1858 653 existentes

238 693 406 744 unius
450 691 616 745 moris
674 691 729 743 in
758 690 932 755 domo,
967 688 1121 759 quod
1151 691 1236 741 est
1268 687 1497 741 dicere:
1563 686 1703 742 Cum
1738 686 1858 757 ipse

237 780 393 834 Deus
424 779 515 844 sit,
544 782 750 850 potens
776 780 879 843 est,
912 776 1006 848 qui
1029 774 1352 830 inhabitare
1374 773 1549 829 faciat
1578 792 1675 830 eos
1699 777 1753 827 in
1767 775 1857 828 do-

237 885 353 935 mo,
385 869 444 922 id
476 872 560 922 est
589 869 1023 938 perseveranter
1054 864 1225 919 faciat
1256 864 1517 919 habitare
1550 864 1607 918 in
1663 864 1852 918 Eccle-

239 957 348 1024 sia,
378 973 506 1028 quee
538 961 625 1010 est
674 956 884 1011 domus
914 971 1036 1019 sua,
1066 971 1164 1009 eos
1183 954 1364 1007 factos
1393 955 1551 1007 unius
1582 956 1761 1019 moris,
1795 953 1853 1006 id

238 1048 331 1100 est
361 1045 618 1114 ejusdem
639 1042 1087 1107 consuetudinis,
1103 1044 1158 1095 et
1179 1041 1437 1111 ejusdem
1460 1040 1854 1107 voluntatis,et

238 1133 503 1204 ejusdem
535 1132 888 1187 concordiae:
925 1131 1082 1201 quod
1113 1134 1198 1184 est
1222 1146 1286 1183 ac
1321 1129 1365 1182 si
1397 1129 1633 1184 diceret:
1660 1129 1853 1183 Faciet

235 1238 342 1276 eos
373 1225 679 1293 postquam
709 1219 924 1274 turbati
954 1219 1168 1273 fuerint
1199 1217 1470 1272 eumdem
1497 1218 1709 1272 habere
1732 1232 1854 1271 mo-

235 1327 364 1365 rem
399 1309 695 1374 credendi,
718 1312 775 1363 et
791 1309 939 1362 bene
956 1307 1255 1378 agendi,et
1275 1306 1354 1360 sic
1373 1306 1430 1359 in
1455 1305 1702 1360 Ecclesia
1719 1321 1849 1376 per-

236 1415 505 1453 severare
531 1398 721 1464 faciet,
748 1414 851 1452 nec
880 1413 1138 1468 unquam
1157 1397 1229 1451 ab
1258 1396 1380 1467 ejus
1409 1394 1849 1467 participatione

237 1487 568 1542 abcrrando
600 1486 893 1541 discedere

316 1576 433 1630 Hoc
453 1578 643 1630 autem
671 1576 825 1647 quod
878 1574 1014 1629 dicit
1046 1576 1100 1628 in
1130 1574 1237 1629 loco
1256 1592 1350 1629 suo
1374 1580 1555 1630 sancto
1585 1574 1749 1640 Deus,
1779 1574 1852 1628 ad

235 1664 352 1719 hoc
382 1663 786 1735 interpositum
800 1667 904 1729 est,
925 1663 1331 1718 utostendatin
1350 1680 1463 1735 quo
1484 1662 1850 1735 comprobari

1961 596 2157 649 minus
2212 612 2347 650 vero
2397 595 2699 666 capacibus
2731 612 2904 665 parva
2944 597 3272 666 loquantur.
3320 599 3571 654 Pluviam

1958 684 2084 739 dico
2106 685 2458 756 procedente
2501 702 2533 737 a
2557 684 2705 754 facie
2743 682 2867 745 Dei,
2900 684 2958 738 id
2989 687 3074 737 est
3098 701 3132 738 a
3157 686 3483 756 cognitione
3513 690 3572 741 et

1958 772 2343 827 illustratione
2374 776 2431 827 et
2463 772 2769 843 prmsenlia
2800 773 2920 839 Dei,
2949 778 3006 827 et
3036 790 3152 827 non
3182 776 3426 829 recentis
3446 776 3568 843 Dei,
3670 831 3675 836 ,

1956 861 2054 915 sed
2089 862 2187 916 Dei
2220 862 2400 927 Sinai,
2434 861 2491 916 id
2539 863 2625 914 est
2670 861 2773 915 Dei
2802 862 3017 915 datoris
3044 862 3254 916 veteris
3302 863 3465 935 legis,
3516 868 3573 919 et

1954 949 2057 1004 Dei
2089 952 2283 1018 Israel,
2304 950 2363 1004 id
2390 953 2477 1004 est
2503 949 2708 1016 Jacob;
2734 966 2799 1004 ac
2819 948 2862 1003 si
2887 949 3072 1005 dicas:
3099 950 3205 1014 Qui
3227 952 3405 1007 etiam
3436 956 3570 1006 ante

1953 1038 2147 1108 legem
2170 1038 2229 1092 in
2265 1038 2423 1093 Sinai
2457 1037 2678 1099 datam,
2703 1037 2948 1092 existens
2978 1038 3085 1092 fuit
3110 1039 3273 1106 Deus,
3307 1041 3391 1094 vel
3421 1040 3571 1094 Deus

1960 1124 2153 1192 Israel,
2179 1128 2236 1181 id
2263 1131 2348 1181 est
2378 1126 2510 1181 novi
2550 1126 3002 1198 populividentis
3017 1129 3198 1182 Deum
3229 1128 3285 1182 in
3316 1132 3573 1183 contem-

1954 1214 2242 1285 platione;
2276 1215 2432 1285 quod
2459 1218 2543 1269 cst
2571 1214 2759 1269 dicere
2784 1231 2796 1268 :
2828 1216 2973 1268 Deus
2997 1219 3081 1268 est
3111 1218 3169 1269 et
3199 1217 3400 1270 veteris
3432 1216 3571 1287 legis

1955 1306 2014 1355 et
2073 1320 2255 1356 novae.
2311 1303 2469 1357 Sinai
2498 1318 2628 1357 vero
2692 1303 3107 1372 interpretatur
3134 1306 3372 1358 lentatio.
3408 1305 3570 1360 Unde

1950 1391 2098 1446 bene
2131 1409 2234 1463 pro
2261 1393 2387 1462 lege
2438 1391 2615 1445 veteri
2668 1391 2919 1462 ponitur,
2950 1409 3076 1463 quae
3105 1409 3283 1448 causa‘
3299 1400 3421 1449 erat
3467 1412 3570 1463 per

1948 1481 2481 1550 praevaricationem
2502 1481 2585 1534 sui
2610 1480 2903 1553 peccandi,
2933 1481 3076 1535 sicut
3094 1483 3336 1537 tentatio

1950 1584 2191 1639 peccare
2217 1569 2373 1623 facit.
2410 1571 2647 1624 Peccata
2683 1585 2933 1639 namque
2962 1570 3330 1639 prohibebat,
3365 1572 3567 1626 nonad

1952 1657 2291 1711 cessandum
2313 1658 2642 1727 adjuvabat.
2664 1659 2823 1713 Unde
2844 1658 3143 1726 Apestolus
3166 1676 3178 1712 :
3205 1682 3231 1709 «
3263 1661 3567 1715 Peccatum

232 1753 419 1824 possit
436 1769 569 1806 eum
598 1770 720 1807 esse
744 1754 948 1807 Deum.
971 1753 1105 1807 Dico
1128 1754 1276 1806 Dens
1294 1751 1732 1807 Cbristusfaciet
1753 1768 1853 1805 eos
1881 1748 1927 1805 B
1953 1745 2257 1799 occasione
2289 1749 2523 1815 accepta
2549 1762 2653 1816 per
2666 1746 3005 1801 mandatum
3036 1748 3259 1802 seduxit
3285 1748 3561 1820 me(Rom.

230 1842 534 1896 inhabitare
559 1844 614 1895 in
633 1842 806 1897 domo.
827 1840 973 1895 Deus
1001 1842 1128 1895 dico
1151 1841 1337 1895 inloco
1365 1848 1543 1895 sancto
1571 1859 1685 1908 suo,
1706 1843 1851 1895 Deus

230 1946 547 2002 apparens,
583 1930 642 1984 id
701 1932 785 1985 est
813 1930 909 2001 qui
940 1930 1353 2001 comprobatur
1404 1946 1525 1983 esse
1570 1932 1717 1984 Deus
1747 1945 1851 2000 per

230 2019 443 2074 fideles
472 2022 622 2084 suos,
652 2019 749 2091 qui
796 2023 968 2073 erunt
993 2019 1149 2073 locus
1172 2018 1295 2088 ejus
1317 2019 1375 2072 in
1409 2035 1522 2090 quo
1556 2018 1848 2072 inhabita-

229 2107 344 2173 bit,
378 2125 523 2179 quos
554 2108 697 2162 adeo
737 2107 1018 2179 gloriosos
1047 2107 1220 2161 faciet
1246 2107 1305 2160 in
1339 2106 1652 2161 miraculis.
1688 2110 1745 2160 et
1784 2106 1843 2161 in

223 2194 537 2249 virtutibus
566 2199 624 2249 et
676 2195 945 2266 operibus
1000 2195 1167 2251 bonis
1197 2195 1500 2267 perfectos.
1540 2194 1653 2248 Nisi
1685 2193 1844 2248 enim

225 2285 382 2338 Deus
408 2287 575 2350 esset,
618 2301 736 2340 non
768 2284 964 2356 utique
993 2285 1133 2338 tales
1158 2299 1255 2338 eos
1277 2283 1503 2337 efficere
1535 2286 1742 2353 posset.
1777 2283 1846 2335 Et

226 2372 370 2443 quia
383 2373 786 2444 possetqumri:
808 2372 1100 2444 quomodo
1116 2372 1284 2427 faciet
1297 2372 1844 2426 inhabitare?osten-

223 2459 453 2515 dithoc
480 2478 608 2515 cum
642 2461 822 2528 addit,
866 2461 977 2515 sic:
1025 2460 1232 2515 Educet
1288 2477 1321 2514 a
1369 2460 1615 2530 peccatis
1645 2461 1843 2513 vincto;

194 2565 207 2571 ο
222 2547 371 2621 ipsis
393 2549 638 2620 peccatis
654 2552 709 2604 in
727 2550 1045 2619 fortitudine
1067 2548 1383 2619 ponendos,
1411 2549 1469 2602 id
1493 2552 1578 2602 est
1599 2564 1741 2619 quos
1770 2549 1842 2603 ab

228 2635 575 2691 inﬁrmitate
604 2642 974 2709 peccatorum
1006 2637 1299 2709 expeditos
1355 2637 1532 2690 fortes
1584 2636 1756 2691 faciet
1787 2641 1845 2691 et

234 2728 590 2780 constantes.
619 2726 970 2793 Notandum,
1001 2726 1162 2797 quod
1202 2724 1272 2778 de
1304 2724 1414 2779 illis
1446 2724 1644 2779 vinctis
1683 2725 1840 2793 dicit,

228 2814 357 2886 qui,
391 2815 521 2869 licet
549 2815 795 2887 peccatis
809 2814 1061 2886 graviter
1087 2813 1333 2879 onerati,
1362 2814 1624 2868 nondum
1647 2817 1842 2868 tamen

225 2902 290 2958 in
316 2902 767 2974 profunditatem
783 2906 1148 2973 peccatorum
1169 2902 1545 2956 devenerunt.
1576 2901 1842 2955 Etsimili-

1950 1851 2049 1899 vn,
2081 1837 2189 1894 ll).
2224 1853 2255 1886 θ
2286 1834 2384 1887 Vel
2410 1834 2544 1906 quia
2566 1834 2623 1888 in
2644 1835 2800 1889 Sinai
2822 1836 2928 1889 fuit
2951 1836 3106 1901 data,
3134 1835 3288 1890 Sinai
3311 1854 3415 1908 pro
3439 1838 3565 1909 lege

1948 1920 2204 1992 ponitur.
2240 1924 2299 1975 In
2324 1922 2428 1976 hoc
2455 1922 2613 1975 enim
2636 1922 3203 1993 damnatimpiorum
3232 1925 3561 1980 Judzeorum

1948 2026 2232 2076 errorem,
2266 2010 2363 2081 qui
2393 2027 2527 2064 eum
2564 2012 2744 2064 Deum
2777 2028 2896 2065 esse
2920 2012 3231 2081 denegant,
3256 2030 3386 2067 cum
3415 2014 3567 2068 dicat

1946 2114 2062 2152 non
2095 2102 2393 2153 recentem
2417 2100 2600 2153 Deum
2623 2116 2765 2155 esse.
2786 2099 2887 2154 sed
2910 2102 3091 2154 Deum
3120 2100 3360 2167 Sinai,et
3381 2104 3563 2156 Deum

1945 2188 2137 2241 Israel.
2172 2186 2306 2241 Dico
2323 2187 2477 2258 quod
2500 2187 2742 2257 pluviam
2770 2187 3130 2242 distillabunt
3153 2190 3299 2253 caeli,
3321 2193 3379 2244 et
3405 2191 3563 2244 illam

1943 2275 2242 2344 segregabis
2269 2275 2413 2328 Deus
2445 2292 2479 2329 a
2517 2275 2845 2346 perdendis,
2879 2279 2937 2331 et
2965 2277 3074 2330 hoc
3100 2277 3403 2331 haereditati
3436 2284 3559 2345 tua»,

1945 2361 2004 2416 id
2036 2366 2121 2417 est
2137 2363 2209 2417 ad
2226 2380 2366 2433 opus
2379 2362 2638 2417 ﬁdelium
2684 2363 2781 2435 qui
2804 2364 3112 2436 participes
3135 2370 3304 2419 erunt
3324 2366 3566 2420 haeredi'

1945 2451 2075 2506 tatis
2106 2455 2240 2518 tum,
2265 2451 2478 2507 scilicet
2492 2452 2870 2507 beatitudinis
2889 2457 3121 2508 aeterna:
3138 2472 3152 2521 ;
3172 2455 3260 2508 vel
3276 2455 3371 2525 qui
3393 2457 3564 2509 erunt

1943 2540 2254 2602 haereditas
2280 2544 2399 2607 tua,
2435 2557 2578 2611 quos
2596 2543 2657 2595 tu
2689 2557 2792 2611 per
2821 2542 3228 2612 praedicatores
3257 2544 3563 2609 excoles,et

1942 2628 2004 2683 in
2039 2645 2107 2684 eo
2144 2629 2388 2683 multum
2408 2644 2506 2683 eos
2527 2632 2781 2685 attentos
2807 2630 3020 2698 reddit,
3045 2635 3104 2685 et
3126 2631 3404 2697 subditos,
3427 2648 3559 2686 cum

1944 2717 2025 2772 eis
2043 2716 2178 2772 dicit
2192 2717 2559 2773 solummodo
2576 2717 2830 2772 dandam
2848 2735 2969 2773 eSse
2991 2736 3115 2773 rem
3138 2720 3282 2774 adeo
3303 2723 3561 2775 sanctam

1946 2809 2004 2859 et
2033 2806 2374 2875 pretiosam.
2403 2804 2478 2858 Et
2508 2806 2782 2873 inﬁrmata
2807 2813 2901 2873 est,
2928 2806 2986 2860 id
3030 2811 3115 2861 est
3170 2807 3563 2862 infirmabitur

1946 2900 2074 2974 ipsa
2102 2905 2260 2956 terra
2285 2902 2342 2956 in
2374 2902 2635 2973 nequitia
2666 2920 2787 2969 sua,
2840 2907 3078 2974 propter
3093 2904 3341 2973 pluviam
3371 2904 3556 2958 volun-

228 2997 313 3045 ter
329 2991 471 3045 sicut
484 2993 701 3057 vinctos,
717 2991 898 3044 educet
912 3007 994 3044 eos
1009 2990 1185 3044 etiam
1198 2993 1295 3061 qui
1312 2996 1622 3060 exasperant
1640 2992 1841 3056 Deum,
1875 3032 1922 3090 Ο
1948 2990 2261 3044 tariam.Tu
2278 3007 2418 3056 vero,
2444 2990 2540 3060 qui
2574 2990 2648 3044 ad
2678 2990 2785 3045 hoc
2810 2994 3016 3061 potens
3029 3008 3107 3056 es,
3119 2993 3396 3062 perfecisli
3422 3009 3557 3059 eam,

223 3078 292 3133 id
322 3081 407 3132 est
435 3079 531 3149 qui
557 3081 760 3145 Deum,
796 3095 927 3134 cum
954 3079 1012 3133 in
1030 3082 1238 3133 natura
1268 3079 1340 3133 sit
1369 3078 1549 3133 dulcis
1578 3080 1637 3133 et
1667 3078 1841 3145 mitis,

226 3152 501 3237 asperum
539 3165 778 3237 faciunt,
840 3184 1141 3239 nunquam
1186 3165 1522 3238 resipiscere
1563 3168 1839 3222 volentes.

231 3254 344 3318 Qui
377 3271 509 3310 vero
538 3255 653 3310 sint
678 3255 756 3310 illi
779 3256 1068 3327 exprimit,
1101 3271 1234 3310 cum
1266 3255 1424 3310 addit
1456 3271 1469 3309 :
1505 3254 1733 3311 Scilicet
1761 3273 1843 3311 eos

229 3343 434 3410 educet,
466 3345 562 3416 qui
584 3344 709 3415 jam
735 3344 978 3398 habitant
1017 3345 1071 3396 in
1094 3344 1367 3415 sepulcris,
1396 3344 1453 3398 id
1483 3347 1568 3399 est
1594 3343 1653 3398 in
1684 3361 1842 3399 mor-

227 3435 292 3486 te
322 3432 612 3497 eiecitatis,
644 3431 741 3503 qui
762 3433 890 3502 jam
947 3432 1259 3504 desperant
1309 3434 1578 3495 salutem,
1607 3437 1843 3504 propter

223 3522 600 3591 peccatorum
618 3536 852 3574 suorum
872 3520 1510 3591 profunditatem,quod
1533 3520 1838 3576 estdicere:

224 3606 452 3662 Ebillos
484 3607 665 3661 educet
719 3625 753 3662 a
803 3608 1071 3680 peccatis,
1108 3608 1205 3680 qui
1260 3608 1624 3663 solummodo
1673 3608 1844 3664 vincti

226 3700 422 3764 erunt,
450 3696 710 3751 nondum
739 3700 936 3752 tamen
966 3697 1203 3763 mortui,
1236 3700 1293 3752 et
1311 3697 1440 3752 illos
1470 3697 1567 3769 qui
1594 3697 1718 3767 jam
1740 3713 1845 3769 per

228 3783 692 3856 desperationem
711 3789 881 3840 erunt
903 3785 1115 3841 mortui
1135 3785 1334 3852 educet,
1353 3788 1411 3838 et
1447 3802 1530 3839 eos
1550 3787 1845 3840 inhabitare

228 3873 286 3927 in
309 3873 463 3927 domo
484 3875 665 3943 faciet.
702 3873 979 3945 Sepulcra
1003 3873 1096 3927 hic
1147 3889 1252 3945 pro
1307 3876 1495 3928 morte
1523 3878 1839 3945 ponuntur,

228 3976 300 4015 eo
319 3961 473 4032 quod
493 3961 551 4015 in
573 3962 848 4033 sepulcris
867 3966 1233 4016 mortuorum
1259 3976 1504 4031 corpora
1529 3965 1840 4033 ponantur.

225 4049 297 4104 Et
331 4049 665 4122 priusquam
723 4066 822 4105 eos
851 4049 1079 4105 educas.
1135 4049 1182 4106 0
1211 4050 1375 4117 Deus,
1411 4056 1552 4105 terra
1582 4057 1747 4117 mota,
1784 4051 1844 4106 id

228 4141 315 4207 est
344 4137 449 4208 ipsi
480 4138 719 4204 terreni,
745 4142 802 4193 et
830 4137 887 4192 in
914 4138 1144 4203 Judteis,
1180 4141 1237 4192 et
1260 4138 1320 4192 in
1351 4139 1623 4209 gentibus
1649 4156 1843 4194 move-

227 4225 448 4282 buntur
483 4227 554 4281 de
586 4227 926 4282 infidelitate
958 4227 1031 4281 ad
1060 4226 1257 4281 ﬁdem.
1294 4227 1361 4281 Et
1392 4227 1501 4282 hoc
1550 4231 1687 4282 tunc
1708 4228 1840 4294 erit,

1947 3077 2005 3132 id
2032 3080 2419 3149 estper/ectam
2432 3077 2677 3132 faciesin
2700 3078 2863 3133 omni
2886 3079 3037 3133 bono
3060 3083 3365 3151 postquam
3388 3079 3561 3135 fuerit

1945 3166 2260 3233 inﬁrmata,
2295 3168 2390 3222 Vel
2421 3168 2530 3222 sic:
2557 3167 2694 3223 Dico
2718 3168 2872 3239 quod
2893 3167 3244 3238 segregatim
3269 3168 3429 3223 dabis
3438 3169 3561 3238 plu-

1942 3256 2087 3308 viam
2112 3255 2412 3310 haereditati
2453 3262 2577 3323 tuae,
2613 3263 2663 3310 et
2706 3256 3013 3310 haereditas
3061 3257 3337 3325 infirmata
3367 3264 3461 3322 est,
3497 3257 3551 3311 id

1943 3348 2027 3398 est
2043 3343 2514 3410 inﬂrmabitur,in
2530 3345 2901 3399 tribulatione
2921 3344 3109 3398 carnis
3126 3348 3364 3417 propter
3377 3360 3564 3400 susce‘

1942 3432 2205 3503 ptionem
2239 3451 2253 3501 ;
2289 3434 2443 3505 quod
2471 3437 2556 3487 est
2587 3433 2778 3489 dicere
2811 3450 2825 3488 :
2871 3433 2978 3498 Qui
3022 3433 3348 3488 doctrinam
3379 3434 3554 3490 susci-

1944 3520 2128 3593 piens,
2161 3525 2221 3575 et
2249 3521 2484 3576 obedire
2509 3525 2753 3593 sataget,
2777 3523 2974 3577 multis
2990 3523 3557 3579 tribulationibusin-

1942 3610 2272 3664 ﬁrmabitur
2302 3611 2373 3664 ab
2397 3610 2613 3681 impiis.
2647 3612 2731 3664 Tu
2763 3628 2883 3665 vero
2909 3612 3007 3682 qui
3050 3615 3253 3681 potens
3283 3629 3361 3677 es,
3380 3615 3559 3683 perfe-

1942 3699 2210 3763 cistieam,
2231 3696 2287 3751 id
2311 3702 2425 3751 est:
2446 3698 2549 3751 sed
2580 3698 2716 3768 quia
2746 3702 2983 3768 propter
3004 3701 3060 3752 te
3078 3698 3558 3767 inﬁrmabitur,tu

1941 3786 2258 3857 perfectam
2288 3785 2459 3839 facies
2475 3802 2603 3840 eam
2629 3785 2687 3839 in
2718 3785 3005 3859 futuro,et
3036 3787 3275 3841 omnino
3301 3788 3553 3858 beatam,

1943 3891 2008 3928 ac
2037 3873 2082 3927 si
2112 3873 2298 3928 dicat:
2353 3875 2475 3951 Non
2505 3878 2591 3929 est
2644 3875 2964 3929 curandum
2999 3873 3045 3928 si
3093 3875 3419 3930 inﬁrmatur
3449 3893 3555 3948 pro

1944 3961 2135 4034 pluvia
2160 3979 2174 4029 ;
2208 3962 2520 4017 inﬁrmatio
2551 3961 2708 4016 enim
2737 3962 2853 4028 illa,
2880 3979 3051 4017 causa
3077 3963 3206 4028 erit,
3239 3964 3373 4035 quia
3424 3983 3557 4021 eam

1942 4050 2004 4105 in
2035 4051 2229 4105 futuro
2262 4051 2546 4122 perﬁcies.
2581 4052 2648 4105 Et
2677 4051 2786 4106 hoc
2832 4054 3021 4107 totum
3054 4053 3126 4107 ab
3156 4052 3252 4108 illo
3279 4054 3425 4121 loco,
3458 4054 3558 4110 ubi

1943 4134 2156 4194 dicitur
2179 4139 2324 4194 Deus
2354 4142 2409 4193 in
2432 4138 2562 4209 loco,
2585 4140 2962 4211 aaquipollens
2981 4144 3085 4209 est,
3112 4157 3179 4195 ac
3213 4141 3259 4195 si
3305 4142 3384 4197 sic
3414 4144 3557 4199 ordo

1943 4232 2295 4300 poneretur:
2332 4230 2442 4284 Per
2470 4230 2580 4283 hoc
2631 4228 2988 4283 turbabuntur
3012 4234 3233 4301 gentes,
3262 4232 3417 4302 quod
3447 4233 3561 4288 cali

226 4330 349 4369 cum
377 4314 708 4383 egredereris,
750 4315 809 4369 id
865 4318 949 4370 est
982 4313 1295 4386 egredieris
1325 4332 1609 4386 apparens
1638 4318 1694 4370 in
1717 4333 1842 4371 con-
1867 4315 1920 4373 D
1945 4317 2302 4373 distillabunt
2319 4318 2581 4388 pluviam,
2610 4333 2714 4388 per
2739 4334 2915 4389 quam
2959 4324 3104 4372 terra
3131 4320 3472 4389 movebitur,
3499 4323 3558 4377 id

225 4409 401 4473 specta
422 4402 615 4473 populi
645 4405 744 4469 tui,
774 4402 1014 4465 Iudaici,
1044 4402 1140 4474 qui
1166 4403 1249 4457 tui
1290 4403 1558 4459 notitiam
1584 4403 1706 4474 jam
1739 4405 1842 4459 ali-

227 4491 572 4561 quantulum
595 4491 822 4563 attigit;
849 4491 1005 4563 quod
1024 4494 1110 4545 est
1126 4490 1317 4545 dicere
1342 4508 1355 4545 :
1383 4491 1464 4544 Tu
1496 4491 1591 4561 qui
1619 4490 1843 4545 einunc

227 4594 287 4633 es
308 4579 603 4646 obscurus,
655 4583 712 4634 et
738 4579 796 4634 in
828 4595 1046 4651 magna
1076 4582 1238 4650 parte
1268 4580 1521 4651 ign’otus,
1540 4580 1843 4652 apparebis

223 4666 531 4722 manifeste
554 4670 609 4721 in
628 4675 930 4739 conspectu,
952 4668 1013 4723 id
1029 4672 1117 4723 est
1139 4667 1200 4722 in
1223 4667 1688 4723 consideratione
1706 4668 1839 4723 ﬁdei

213 4756 406 4829 populi
433 4758 516 4810 tui
536 4772 549 4811 :
570 4757 639 4811 Et
666 4760 805 4811 tunc
837 4763 980 4810 terra
1017 4763 1163 4810 mota
1192 4757 1302 4811 erit
1333 4757 1407 4811 ad
1436 4756 1614 4812 ﬁdem
1649 4774 1661 4811 :
1722 4775 1841 4811 cum

212 4846 587 4916 pertransieris
602 4848 657 4899 in
668 4844 948 4912 desertum,
969 4845 1027 4899 id
1039 4848 1124 4899 est
1143 4861 1275 4899 cum
1293 4861 1327 4899 a
1338 4844 1545 4900 Iudaeis
1559 4845 1841 4901 transiens

220 4930 282 4986 in
306 4932 574 4989 notitiam
619 4935 902 5004 gentium,
936 4933 1032 5005 qui
1057 4934 1361 4988 desertum
1384 4933 1561 4988 modo
1595 4937 1747 5001 sunt,
1782 4938 1841 4989 et

219 5020 343 5075 sine
361 5020 624 5076 doctrina
634 5023 916 5093 etlege,et
936 5022 1122 5076 fructu
1139 5022 1426 5077 bonorum
1441 5038 1685 5093 Operum
1706 5026 1839 5077 sunt

220 5107 364 5163 sicut
390 5108 679 5165 desertum
696 5128 710 5179 ;
730 5114 788 5165 et
805 5109 1057 5165 ostendit
1077 5125 1182 5180 per
1202 5126 1346 5181 quos
1359 5108 1652 5166 ministros
1671 5111 1743 5165 ad
1770 5112 1834 5165 fl-

223 5197 355 5253 dem
373 5199 1049 5266 movebuntur,addendo
1069 5198 1316 5252 sic:Vere
1334 5202 1491 5253 terra
1514 5200 1838 5255 movebitur

290 5286 507 5341 Etenim
537 5288 668 5354 caeli,
691 5288 751 5342 id
776 5291 865 5343 est
894 5286 1302 5359 praedicatores
1320 5287 1838 5358 distillaveruntplu-

222 5377 367 5432 viam
408 5375 785 5443 voluntariam,
848 5376 907 5430 id
939 5377 1026 5429 est
1060 5373 1281 5429 diverso
1313 5376 1488 5430 modo
1540 5376 1837 5433 stillabunt

225 5463 548 5522 doctrinam
568 5463 927 5518 voluntariam
946 5462 1145 5535 gratis,
1163 5465 1221 5517 et
1237 5461 1359 5517 sine
1392 5462 1580 5534 pretio
1614 5463 1832 5535 datam,

214 5554 310 5617 γε]
334 5552 712 5624 voluntariam,
732 5552 794 5609 id
813 5555 899 5611 est
916 5551 1165 5629 gratuita
1178 5550 1281 5610 Dei
1299 5552 1591 5611 voluntate
1612 5551 1831 5630 datam,

1945 4409 2033 4460 est
2080 4405 2406 4461 turbabitur
2449 4406 2604 4460 bona
2659 4405 3013 4473 turbatione,
3041 4423 3159 4461 cum
3190 4409 3471 4477 egredieris
3497 4410 3557 4464 in

1943 4500 2219 4565 conspectu
2241 4493 2431 4565 populi
2460 4496 2561 4560 tui,
2593 4497 2650 4547 et
2676 4494 3078 4565 pertransieris
3102 4498 3159 4549 in
3184 4495 3464 4555 desertum.
3491 4499 3561 4554 Et

1944 4587 2082 4638 tunc
2104 4582 2288 4637 educes
2315 4583 2537 4648 vinctos,
2571 4584 2629 4636 et
2663 4599 2747 4636 eos
2793 4584 2891 4655 qui
2928 4582 3174 4641 habitant
3202 4587 3258 4640 in
3286 4587 3554 4658 sepulcris,

1943 4673 2002 4725 et
2049 4670 2128 4725 sic
2174 4670 2477 4725 inhabitare
2513 4671 2684 4740 facies
2735 4672 2800 4726 in
2855 4671 3029 4741 domo,
3059 4676 3116 4727 et
3144 4678 3273 4745 post
3302 4676 3557 4733 dimittes

1942 4758 2412 4819 tribulationibus
2437 4757 2742 4827 inﬁrmari,
2778 4762 2836 4814 et
2860 4759 2919 4814 in
2948 4760 3141 4816 futuro
3164 4763 3559 4833 perﬁcies.No-

1940 4846 2188 4901 tandum
2241 4846 2398 4918 quod
2457 4863 2588 4901 cum
2623 4847 2781 4903 idem
2813 4848 2887 4903 sit
2918 4850 3292 4918 turbabuntur,
3327 4854 3385 4906 et
3414 4858 3557 4908 terra

1938 4940 2082 4988 mata
2107 4930 2209 5001 est,
2232 4935 2362 4989 ideo
2392 4936 2706 5007 repetitum
2739 4953 2860 4991 esse
2896 4940 2960 4991 ut
3002 4937 3271 4992 ostendat
3320 4940 3553 5010 quando

1938 5025 2285 5092 movebitur,
2305 5027 2363 5079 et
2386 5041 2491 5096 per
2522 5042 2683 5097 quos.
2719 5025 2862 5089 Quia
2888 5040 3021 5079 vero
3048 5025 3289 5093 dixerat,
3320 5045 3556 5100 segrega-

1940 5112 2015 5166 bis
2042 5112 2344 5167 haereditati
2383 5120 2508 5181 tuae,
2560 5114 2717 5169 dedit
2766 5113 3093 5183 intelligere
3119 5116 3399 5185 quosdam
3429 5135 3552 5176 esse

1937 5200 2035 5272 qui
2057 5218 2174 5256 non
2196 5204 2331 5255 sunt
2350 5201 2410 5255 in
2438 5201 2799 5265 haereditate;
2817 5201 3063 5272 ideoque
3087 5202 3439 5261 determinat
3454 5208 3553 5280 qui

1936 5292 2070 5343 sunt
2099 5289 2326 5345 dicendi
2353 5305 2475 5344 esse
2501 5290 2559 5344 in
2581 5290 2942 5354 haereditate,
2971 5293 3034 5345 ut
3053 5291 3132 5345 sic
3151 5297 3551 5367 appareat,qui

1935 5376 1996 5431 in
2027 5395 2097 5433 ea
2122 5395 2240 5434 non
2271 5377 2405 5444 sint,
2439 5380 2496 5433 et
2525 5378 2606 5432 ita
2630 5379 2845 5437 essein
2876 5382 3247 5450 easatagunt,
3273 5384 3329 5436 et
3352 5383 3553 5439 hocsic

1938 5465 2113 5522 dicit:
2155 5467 2290 5522 Dico
2315 5467 2471 5537 quod
2498 5464 2753 5537 pluviam
2770 5468 3064 5537 segregabis
3102 5468 3401 5525 ha’reditati
3420 5477 3545 5527 tuae.

2011 5553 2082 5611 In
2104 5572 2168 5612 ea
2204 5555 2398 5611 autem
2427 5549 2781 5615 hereditate
2801 5553 3138 5632 habitabant,
3161 5557 3223 5617 id
3245 5560 3334 5616 est.
3357 5572 3553 5631 perse-
