4004 6052
1039 286 1096 349 S.
1125 280 1474 349 BRUNONIS
1506 282 2138 349 CARTHUSIANORUM
2175 271 2641 344 INSTITUTORIS
2683 288 2836 345 OPP.
2878 282 3075 345 PARS.
3116 286 3137 344 Ι

3639 292 3743 347 956

427 422 694 476 veranter
738 420 1058 494 manebunt
1108 421 1391 487 animalia,
1440 419 1498 475 id
1533 423 1619 475 est
1647 418 1726 473 illi
1766 416 1864 489 qui
1912 418 2044 471 sunt
2064 414 2121 475 Α
2143 414 2502 487 Facitautem
2529 416 2941 488 apostropham
2962 416 3035 471 ad
3059 414 3183 488 ipsa
3199 415 3402 488 spolia,
3435 415 3754 475 adhortans

426 509 711 564 mansueti
743 512 800 564 et
824 508 1130 580 simplices,
1165 509 1308 563 sicut
1332 510 1431 563 illa
1452 525 1579 581 qua:
1610 506 1924 577 vulgariter
1953 505 2038 559 di-

426 602 631 653 cuntur
687 597 982 663 animalia,
1042 598 1214 652 boves
1268 597 1502 663 scilicet,
1537 600 1593 651 et
1620 612 1737 650 non
1763 595 2037 665 cujusque

425 686 585 740 modi
617 685 908 751 animalia,
942 684 1041 739 sed
1073 692 1186 753 tua,
1217 686 1274 740 id
1292 689 1377 739 est
1401 684 1481 739 tui
1510 685 1683 737 ﬁdem
1706 686 1763 737 et
1783 682 2040 737 dilectio-

427 791 562 828 nem
584 772 876 838 habentia,
906 772 1114 843 etjugo
1134 777 1246 828 tuae
1260 774 1382 845 subj
1394 772 1632 827 ectionis
1650 772 1877 826 subdita
1896 770 2042 824 sicut

428 861 851 932 animaliajugo
875 861 1073 931 subjici
1094 862 1301 917 idonea
1315 861 1624 916 sunt.Multi
1643 876 1894 930 namque
1909 860 2041 912 sunt

429 950 525 1020 qui
544 951 767 1005 tametsi
784 952 1067 1006 mansueti
1089 950 1552 1020 videantur,jugo
1578 953 1775 1003 tamen
1794 946 1896 1001 Dei
1920 964 2039 1001 non

431 1039 827 1110 subjiciuntur.
878 1041 986 1093 Per
1014 1040 1122 1094 hoc
1153 1041 1349 1093 autem
1374 1037 1633 1091 innuitur
1664 1036 1798 1107 quia
1830 1034 1909 1088 illi
1942 1033 2040 1106 qui

431 1144 550 1184 non
580 1130 712 1182 sunt
741 1128 999 1181 animalia
1018 1127 1140 1194 Dei,
1164 1143 1283 1181 non
1306 1129 1438 1180 sunt
1461 1126 1517 1180 in
1539 1125 1660 1195 ejus
1679 1123 2036 1178 hazreditate.

429 1213 690 1270 Ostendit
710 1220 902 1271 autem
928 1215 1248 1270 doctrinam
1275 1215 1375 1269 Dei
1397 1231 1510 1269 non
1540 1230 1659 1268 esse
1677 1212 1842 1267 bonis
1859 1214 2041 1265 auste-

427 1319 576 1371 ram,
622 1306 685 1357 ut
732 1306 994 1358 nolentes
1046 1304 1303 1374 recipere
1337 1303 1410 1356 ad
1439 1319 1568 1356 eam
1600 1302 1871 1367 attrahat,
1909 1300 1989 1353 sic
2021 1315 2033 1352 :

424 1392 560 1447 Dico
592 1393 747 1464 quod
785 1392 1033 1462 pluviam
1089 1392 1386 1462 segregabis
1415 1390 1721 1445 haveditati
1752 1396 1878 1452 tua»,
1908 1403 2035 1460 quae

432 1497 549 1533 non
581 1480 691 1533 erit
721 1480 772 1533 ei
799 1484 1045 1546 austera,
1080 1480 1178 1533 sed
1207 1485 1264 1533 tu
1296 1481 1443 1534 Deus
1461 1481 1689 1549 parasti,
1740 1477 1798 1538 id
1826 1481 1909 1531 est
1938 1477 2038 1549 pa-

382 1559 387 1565 ’
424 1567 577 1621 rabis
602 1569 759 1622 illam
776 1568 1027 1638 pluviam
1043 1570 1294 1640 pauperi,
1314 1568 1371 1622 id
1391 1562 1475 1622 est
1506 1568 1579 1621 ad
1608 1584 1755 1639 opus
1775 1567 2043 1637 pauperis

424 1655 795 1720 hazreditatis,
831 1656 1043 1710 scilicet
1070 1673 1195 1726 quin
1257 1672 1475 1727 pauper
1501 1655 1609 1709 erit
1629 1655 1851 1724 spiritu.
1883 1655 1949 1707 Et
1983 1656 2039 1707 in

2143 504 2204 556 ut
2222 504 2663 558 dormiantinter
2682 506 2875 559 medios
2893 506 3073 573 cleros,
3107 505 3418 560 ostendens
3430 522 3605 575 quam
3640 505 3753 559 uti-

2140 592 2362 647 litatem
2388 593 2523 646 inde
2556 593 2875 659 habebunt,
2904 593 2984 648 sic
3012 610 3023 647 :
3061 592 3181 647 Dixi
3217 594 3374 665 quod
3391 593 3537 647 dabit
3559 592 3642 647 eis
3672 593 3759 646 di-

2142 680 2313 733 videre
2338 681 2525 751 spolia.
2558 682 2645 748 Et,
2669 698 2701 735 0
2732 698 2829 735 vos
2852 682 3038 752 spolia,
3084 684 3145 735 ut
3174 681 3293 735 sitis
3321 682 3538 752 species
3566 682 3757 735 domus

2140 769 2241 824 Dei
2288 770 2572 837 Ecclesim,
2624 770 2848 824 dormite
2901 772 3043 825 inter
3101 770 3295 824 medios
3342 771 3519 839 cleros,
3556 771 3610 825 id
3643 774 3753 838 est,

2139 859 2411 929 quiescite
2448 860 2519 912 ad
2540 859 2779 913 modum
2812 859 3153 914 dormientis
3183 862 3321 913 inter
3349 859 3634 914 mediatos
3649 859 3749 913 cle-

2140 965 2243 1013 ros,
2278 948 2435 1018 quod
2465 950 2551 1001 est
2589 947 2817 1002 dicere:
2882 947 2970 1003 Sic
3002 948 3179 1019 quieti
3212 950 3414 1015 estote,
3446 951 3509 1002 ut
3533 947 3656 1002 sitis
3689 948 3753 1003 in

2139 1036 2335 1090 medio
2369 1035 2615 1090 duorum
2649 1036 2990 1092 clericorum
3041 1036 3281 1092 Mediata
3319 1053 3572 1109 namque
3605 1036 3747 1091 dici-

2142 1139 2292 1183 mus.
2334 1140 2462 1194 qua:
2495 1123 2687 1179 media
2708 1125 2945 1179 habent.
2978 1126 3173 1180 Clerus
3197 1126 3374 1180 electio
3397 1125 3749 1197 interpreta-

2140 1215 2253 1277 tur,
2282 1213 2523 1267 Ponitur
2554 1229 2691 1284 ergo
2747 1215 2951 1281 clerus,
2980 1217 3038 1269 et
3062 1230 3169 1285 pro
3207 1214 3576 1269 multitudine
3608 1213 3755 1267 ﬁlio-

2141 1316 2271 1353 rum
2296 1300 2466 1371 hujus
2494 1302 2718 1367 mundi,
2739 1301 2833 1373 qui
2852 1305 3081 1357 terrena
3096 1301 3283 1373 magis
3304 1318 3478 1374 quam
3503 1301 3756 1357 caalestia

2141 1388 2383 1457 eligunt,
2411 1393 2468 1443 et
2492 1406 2597 1461 pro
2618 1390 2982 1444 multitudine
3005 1390 3210 1444 civium
3238 1388 3751 1461 supernorum,qui

2141 1492 2175 1529 a
2205 1478 2320 1531 Deo
2357 1477 2516 1531 electi
2550 1480 2701 1531 sunt.
2727 1477 2853 1532 Sive
2879 1480 3062 1533 clerus
3094 1495 3197 1550 pro
3220 1478 3388 1533 bonis
3417 1477 3754 1549 temporali-

2140 1564 2244 1618 bus
2282 1565 2536 1635 ponitur,
2558 1583 2685 1637 quce
2713 1584 2746 1620 a
2777 1566 3021 1621 terrenis
3046 1567 3430 1638 eliguntur,et
3456 1584 3559 1639 pro
3588 1566 3757 1621 bonis

2141 1652 2481 1720 coelestibus,
2516 1671 2642 1725 quae
2695 1671 2729 1709 a
2773 1655 2906 1709 viris
2946 1656 3155 1710 sanctis
3183 1655 3497 1727 eliguntur.
3529 1654 3754 1709 Fideles

424 1743 696 1797 dulcedine
720 1743 966 1815 parabis,
990 1745 1051 1799 id
1083 1749 1167 1799 est
1190 1744 1269 1798 ita
1300 1748 1360 1798 ut
1386 1743 1524 1798 sitci
1548 1744 1814 1798 dulcis.ln
1847 1744 2039 1797 dulce-
2064 1735 2116 1795 B
2143 1745 2336 1795 autem
2365 1741 2441 1795 illi
2476 1742 2745 1797 dicuntur
2772 1743 3026 1798 dormire
3067 1746 3209 1798 inter
3238 1744 3431 1797 medios
3456 1744 3641 1805 cleros,
3691 1743 3752 1798 id

428 1831 561 1886 dine
592 1832 717 1886 dico
748 1836 863 1899 tua,
897 1833 956 1887 id
987 1836 1071 1887 est
1102 1850 1135 1887 a
1164 1836 1218 1887 te
1248 1834 1400 1900 data,
1443 1849 1507 1886 ac
1539 1832 1583 1885 si
1616 1832 1768 1886 dicat
1794 1848 1806 1885 :
1868 1833 2033 1885 Illam

424 1920 601 1975 etiam
634 1921 999 1976 dulcedinem
1032 1939 1066 1977 a
1092 1940 1149 1976 se
1185 1939 1302 1976 non
1334 1922 1649 1989 habebunt,
1678 1921 1778 1974 sed
1808 1937 1841 1974 a
1867 1923 1945 1975 te.
1976 1921 2045 1975 Et

427 2027 532 2082 per
563 2011 669 2065 hoc
710 2028 839 2066 eam
891 2012 1177 2078 humiliat,
1220 2030 1292 2066 ne
1346 2030 1380 2066 a
1409 2029 1469 2065 se
1499 2012 1636 2066 boni
1671 2010 1888 2083 aliquid
1915 2026 2038 2064 esse

427 2098 730 2153 existimet.
756 2100 1254 2172 Ostenditquoque
1284 2100 1693 2170 praedicatores
1716 2098 2041 2153 doctrinam

428 2201 533 2256 per
562 2187 809 2242 liberum
862 2188 1164 2242 arbitrium
1197 2204 1230 2241 a
1262 2187 1406 2241 facie
1438 2187 1538 2242 Dei
1581 2204 1699 2241 non
1730 2186 2037 2256 suscipere,

429 2273 528 2328 sed
555 2292 589 2329 a
618 2275 719 2329 Dei
746 2276 901 2330 dono
932 2276 1166 2343 habere,
1199 2278 1261 2329 ut
1285 2292 1389 2347 per
1417 2276 1526 2329 hoc
1552 2292 1650 2329 eos
1672 2275 1961 2340 humiliet,
1983 2276 2041 2328 et

431 2365 496 2415 ut
522 2363 696 2416 addat
725 2363 802 2417 sic
827 2380 838 2417 :
905 2362 1024 2417 Dixi
1085 2364 1242 2435 quod
1271 2365 1386 2417 caeli
1414 2364 1709 2418 stillabunt
1729 2363 1974 2434 pluviam
2008 2380 2041 2415 a

428 2450 571 2520 facie
599 2450 726 2507 Dei.
761 2468 936 2523 quam
970 2455 1167 2506 tamen
1196 2470 1229 2506 a
1250 2469 1307 2506 se
1341 2469 1458 2507 non
1479 2453 1796 2519 habebunt,
1822 2452 2043 2506 sedDo-

432 2540 612 2592 minus
639 2538 789 2591 dabit
838 2540 1053 2593 verbum
1093 2539 1537 2610 priedicationis,
1571 2556 1747 2611 quam
1779 2539 2041 2610 superius

422 2626 667 2698 pluviam
698 2628 910 2695 vocavi,
944 2628 1509 2698 eoangelizantibus,id
1542 2632 1629 2683 est
1648 2628 2039 2699 praedicatori-

402 2716 557 2783 -bus,
586 2732 730 2787 quos
758 2718 930 2772 caelos
958 2718 1173 2772 vocavi.
1235 2718 1302 2771 Et
1334 2718 1473 2772 illud
1504 2719 1717 2771 verbum
1741 2718 1888 2771 dabit
1921 2734 2042 2771 cum

429 2806 623 2858 virtute
665 2806 852 2873 multa,
896 2806 954 2861 id
1017 2810 1102 2861 est
1131 2823 1263 2861 cum
1295 2806 1595 2879 multiplici
1628 2806 2040 2861 miraculorum

429 2892 659 2960 virtute,
691 2898 751 2947 ut
781 2911 898 2950 non
927 2896 1113 2949 solum
1134 2895 1192 2949 in
1206 2895 1620 2966 praedicatione
1640 2898 1906 2967 potentes
1928 2895 2044 2949 sint

429 2981 531 3035 sed
546 2981 720 3037 etiam
742 2982 798 3037 in
817 2983 1193 3039 miraculiszet
1213 3001 1316 3057 per
1338 2985 1446 3039 hoc
1466 2984 1641 3039 etiam
1657 2982 2041 3056 exponitquid
2065 3011 2113 3071 ρ

430 3070 729 3145 vocaverit,
745 3072 1019 3143 pluviam,
1035 3076 1093 3128 et
1115 3075 1464 3145 quoscoelos.
1491 3073 1770 3128 Dominus
1787 3073 1936 3139 dico,
1953 3090 2045 3126 rex

426 3144 857 3230 virtutam24l
905 3161 1084 3217 dilecti
1094 3144 1273 3216 dilecti
1290 3161 1621 3228 existens,id
1637 3163 1925 3215 estrector
1955 3160 2040 3232 ip-

429 3262 626 3300 sorum
654 3249 1297 3320 evangelizantium,qui
1315 3265 1416 3320 per
1432 3249 1757 3320 emphasim
1780 3249 2044 3303 dicentur

426 3333 661 3389 virtutes
689 3335 913 3403 Christi,
940 3337 1118 3391 dilecti
1139 3355 1173 3391 a
1190 3340 1303 3392 Deo
1336 3339 1524 3404 Patre,
1553 3337 1869 3391 secundum
1888 3336 2043 3408 quod

429 3423 599 3488 Deus,
640 3440 772 3477 cum
811 3424 864 3478 ei
918 3425 991 3479 sit
1020 3424 1540 3492 consubstantialis,
1568 3428 1626 3478 et
1653 3424 1851 3491 dilecti,
1887 3424 2042 3496 quod

429 3509 607 3565 homo
634 3506 766 3565 eum
795 3511 1019 3566 futurus
1062 3529 1096 3567 a
1151 3512 1398 3583 peccatis
1440 3512 1707 3567 omnibus
1733 3512 1805 3567 sit
1829 3512 2040 3567 immu-

431 3597 538 3652 nis.
571 3598 821 3654 Virtutes
841 3600 1122 3668 dicentur,
1156 3618 1224 3656 eo
1257 3601 1411 3672 quod
1448 3601 1607 3656 omni
1638 3601 1844 3655 virtute
1883 3600 2041 3672 pleni

431 3691 622 3757 erunt,
655 3692 712 3743 et
741 3690 849 3743 hoc
874 3692 959 3744 est
989 3707 1053 3744 ac
1107 3690 1150 3745 si
1184 3690 1420 3757 diceret,
1451 3690 1600 3744 dabit
1629 3690 2039 3760 euangelizanti-

434 3776 528 3830 bus
558 3780 615 3832 et
640 3778 962 3849 potentiam
972 3779 1366 3857 praedicandi,
1392 3782 1450 3834 et
1472 3779 1750 3834 miracula
1770 3778 2039 3846 faciendi,

432 3868 491 3919 et
522 3866 946 3936 plenitudinem
978 3867 1286 3922 virtutum:
1320 3868 1455 3939 quia
1475 3869 1598 3922 haec
1630 3866 1739 3922 tria
1770 3867 1843 3921 ad
1861 3867 2045 3921 Eccle-

431 3954 529 4008 siae
578 3954 1017 4010 instructionem
1056 3960 1228 4010 erunt
1265 3956 1446 4011 utilia.
1483 3957 1606 4011 Non
1648 3956 1807 4010 enim
1838 3971 2043 4010 eorum

433 4042 830 4113 praedicationi
861 4044 1327 4111 crederetur,nisi
1350 4044 1628 4099 miracula
1642 4047 2040 4116 operarentur.

434 4130 493 4185 Si
525 4147 657 4186 vero
685 4135 741 4186 et
763 4133 909 4186 bene
930 4133 1332 4203 praedicarent,
1357 4132 1705 4188 etmiracula
1732 4150 2042 4203 operaren-

430 4221 547 4285 tur,
580 4222 657 4286 et,
691 4219 993 4274 virtutibus
1040 4224 1325 4290 carentes,
1369 4222 1521 4275 male
1576 4221 1852 4289 viverent,
1888 4219 2043 4292 magi

431 4306 784 4375 viderentur,
815 4311 874 4361 et
903 4308 980 4361 sic
1008 4308 1091 4363 eis
1120 4308 1364 4364 minime
1391 4309 1748 4364 crederetur.

504 4394 674 4449 Dabit
698 4395 875 4466 igitur
904 4398 961 4450 et
988 4396 1323 4467 praedicare,
1358 4400 1416 4451 et
1459 4398 1736 4452 miracula
1761 4412 1955 4468 agere,
1990 4399 2047 4451 et

434 4483 584 4539 bene
612 4483 824 4538 vivere.
850 4485 916 4539 Et
946 4502 1061 4539 non
1089 4488 1316 4540 tantum
1347 4486 1495 4540 dabit
1519 4487 1735 4541 verbum
1778 4484 2045 4556 evangeli-

434 4572 695 4640 zantibus,
718 4576 776 4628 et
806 4591 924 4628 non
960 4577 1189 4629 tantum
1243 4575 1360 4629 Rex
1387 4575 1498 4630 erit
1519 4578 1778 4630 virtutum
1808 4592 1880 4630 ne
1913 4575 2050 4629 deﬁ-

439 4661 613 4729 ciant,
645 4661 745 4716 sed
777 4666 835 4717 et
862 4662 1007 4716 dabit
1026 4662 1257 4719 dividere
1285 4666 1471 4735 spolia,
1504 4664 1561 4719 id
1590 4668 1675 4719 est
1700 4663 1859 4719 dabit
1884 4668 2047 4735 pote-

438 4754 648 4806 statem
679 4750 1020 4807 distribuere
1049 4753 1191 4808 alios
1221 4753 1440 4821 fideles,
1501 4754 1597 4825 qui
1651 4757 1822 4809 erunt
1868 4753 2051 4824 spolia

439 4840 632 4896 ablata
668 4838 898 4895 diabolo
951 4857 1055 4912 per
1092 4840 1243 4911 ipsos
1307 4843 1785 4913 evangelizantes,
1820 4844 1880 4896 ut
1910 4842 2050 4897 alios

438 4927 655 4983 faciant
694 4927 915 4983 diverso
976 4928 1151 4983 modo
1212 4928 1268 4983 in
1307 4929 1554 4984 Ecclesia
1584 4931 1873 5001 praelatos,
1909 4929 2050 4985 alios

440 5031 575 5070 vero
632 5015 939 5085 subjectos.
980 5016 1116 5071 Dico
1165 5016 1311 5070 dabit
1339 5017 1575 5072 dividere
1618 5018 1807 5088 spolia,
1841 5021 1899 5072 et
1928 5015 2052 5073 haec

442 5103 639 5159 divisio
670 5102 779 5157 erit
795 5106 984 5174 speciei
1006 5104 1212 5173 domus,
1246 5104 1303 5159 id
1333 5108 1418 5159 est
1448 5106 1520 5159 ad
1550 5122 1692 5177 opus
1715 5106 1922 5177 speciei
1950 5107 2051 5160 Ec-

443 5192 652 5259 clesiae,
675 5190 888 5246 scilicet
920 5195 980 5246 ut
1009 5193 1258 5248 Ecclesia
1288 5210 1416 5265 quae
1447 5194 1654 5249 domus
1684 5194 1785 5248 Dei
1811 5196 1896 5248 est
1925 5210 2053 5265 spe-

444 5280 653 5337 ciosior
682 5279 772 5347 sit,
805 5284 1042 5352 propter
1075 5280 1468 5336 diversitatem
1508 5282 1760 5337 ﬁliorum
1794 5296 2053 5336 suorum.

444 5368 609 5423 Juxta
625 5368 781 5440 quod
795 5369 1098 5439 Apostolus
1119 5369 1285 5438 dicit;
1308 5394 1336 5422 ‹‹
1366 5370 1662 5434 Quosdam
1694 5370 1886 5440 posuit
1911 5371 2060 5424 Deus

446 5444 511 5511 in
530 5456 797 5524 Ecclesia,
819 5457 1076 5527 primum
1102 5460 1411 5531 apostolos,
1444 5459 1695 5514 secundo
1726 5460 2061 5531 prophetas,

2067 4285 2121 4345 D

2143 1832 2227 1882 est
2250 1829 2541 1901 quiescere
2575 1831 2633 1885 in
2659 1832 2852 1887 medio
2870 1832 3079 1887 harum
3107 1833 3355 1887 duarum
3372 1833 3752 1899 electionum,

2142 1917 2358 1972 scilicet
2386 1921 2796 1991 temporalium
2824 1920 3114 1975 bonorum
3145 1925 3201 1975 et
3228 1921 3659 1988 cmlestium,vel
3685 1920 3749 1974 in

2143 2006 2335 2060 medio
2364 2007 2722 2062 saecularium
2752 2008 3007 2063 virorum
3039 2012 3098 2063 et
3143 2009 3351 2063 civium
3382 2010 3751 2070 cazlicorum,

2143 2093 2237 2163 qui
2259 2095 2387 2164 jam
2418 2096 2629 2165 egressi
2668 2097 3011 2151 electionem
3041 2100 3411 2153 terrenorum
3454 2099 3749 2153 bonorum

2142 2186 2199 2236 et
2222 2184 2345 2253 jam
2378 2188 2571 2255 spreta
2600 2185 3010 2240 conformitate
3058 2187 3417 2242 saecularium
3469 2187 3754 2253 virorum,

2141 2287 2273 2325 cum
2299 2272 2447 2326 bene
2478 2272 2717 2327 vivendo
2761 2273 2835 2327 ad
2860 2275 3108 2329 coelestia
3137 2276 3290 2330 bona
3322 2276 3649 2343 tendant,et
3679 2275 3759 2329 ad

2143 2362 2492 2415 consortium
2521 2362 2727 2416 civium
2762 2380 3300 2434 supernorum,non
3322 2367 3515 2419 tamen
3546 2380 3759 2436 prope-

2142 2453 2273 2503 rant
2298 2451 2721 2505 murmurando
2750 2452 2820 2527 de
2857 2452 3132 2508 dilatione
3151 2453 3649 2524 electionis,quam
3664 2468 3761 2506 ex~

2142 2540 2403 2606 spectant
2427 2555 2438 2590 :
2471 2555 2658 2609 neque
2683 2544 3048 2594 revertuntur
3067 2542 3141 2595 ad
3168 2543 3501 2597 saecularem
3529 2541 3762 2597 electio-

2142 2642 2300 2691 nem,
2328 2643 2503 2696 quam
2535 2627 2661 2697 jam
2691 2628 2905 2699 egressi
2931 2633 3065 2684 sunt
3088 2633 3145 2683 et
3173 2632 3532 2702 spreverunt,
3564 2630 3665 2684 sed
3694 2630 3756 2684 in

2144 2714 2339 2769 medio
2370 2714 2577 2769 harum
2610 2716 2857 2771 duarum
2886 2717 3206 2786 dormiunt,
3244 2719 3303 2773 id
3334 2721 3420 2772 est
3451 2717 3757 2790 quiescunt

2142 2803 2289 2857 bene
2320 2802 2581 2871 vivendo,
2604 2804 2681 2858 sic
2700 2808 2760 2858 ut
2789 2805 2863 2859 ad
2894 2809 3146 2875 spretam
3170 2823 3287 2861 non
3318 2806 3583 2874 redeant,
3608 2809 3666 2860 et
3681 2805 3758 2859 ad

2144 2911 2270 2949 eam
2291 2912 2466 2966 quam
2493 2897 2828 2966 exspectant
2854 2896 3143 2966 patienter
3158 2913 3274 2952 non
3294 2899 3755 2968 praeproperent.

2142 2983 2297 3037 Tunc
2324 2987 2517 3038 autem
2542 2987 3066 3055 praeproperarent,
3095 2983 3140 3038 si
3165 2988 3298 3039 ante
3333 2988 3560 3055 tempus
3586 2985 3754 3038 aDeo

2144 3071 2506 3141 dispositum,
2533 3071 2605 3125 ad
2653 3088 2782 3126 eam
2807 3088 2865 3126 se
2897 3088 3015 3127 non
3062 3073 3350 3144 attingere
3377 3072 3643 3127 dolerent
3667 3071 3757 3125 vel

2144 3159 2222 3214 sic
2253 3160 2558 3232 adaptatur
2584 3160 2796 3227 littera,
2824 3164 2887 3215 ut
2916 3162 3204 3216 sententia
3227 3161 3300 3215 sit
3328 3161 3552 3216 eadem.

2215 3248 2473 3302 Dormite
2495 3248 2552 3301 id
2580 3252 2667 3302 est
2687 3248 2861 3320 quieti
2887 3251 3088 3315 estote,
3112 3266 3229 3305 non
3255 3252 3757 3320 praeproperantes

2144 3335 2437 3390 existendo
2466 3338 2602 3390 inter
2631 3337 2825 3390 medios
2850 3337 3031 3403 cleros,
3054 3336 3114 3392 id
3144 3340 3251 3402 est,
3282 3340 3434 3408 inter
3458 3337 3752 3392 collectio-

2142 3440 2244 3478 nes
2274 3423 2553 3490 ﬁdelium,
2583 3442 2712 3496 qua:
2742 3428 2876 3479 sunt
2907 3424 3045 3480 cleri
3089 3425 3147 3479 id
3188 3428 3274 3479 est
3319 3427 3515 3480 electa:
3546 3442 3582 3479 a
3608 3426 3750 3490 Deo,

2143 3514 2200 3566 et
2230 3516 2362 3566 sunt
2399 3513 2577 3568 medii
2602 3513 2758 3580 cleri,
2788 3513 2940 3567 inter
2970 3517 3266 3568 terrenum
3292 3514 3509 3569 clerum
3537 3516 3597 3567 et
3646 3529 3758 3568 co:-

2141 3602 2342 3656 lestem
2371 3602 2589 3655 clerum
2624 3602 2980 3673 quiescentes
3010 3619 3023 3669 ;
3057 3605 3121 3655 ut
3141 3601 3268 3672 jam
3295 3605 3590 3656 terrenum
3623 3600 3757 3655 reli-

2143 3690 2395 3762 querint,
2428 3692 2486 3743 et
2541 3690 2615 3744 ad
2646 3691 2933 3745 caelestem
2974 3691 3235 3745 nondum
3261 3690 3650 3761 pervenerint.
3685 3689 3756 3743 Et

2141 3778 2251 3832 hoc
2282 3781 2468 3833 totum
2494 3782 2597 3846 est,
2617 3795 2680 3833 ac
2699 3779 2743 3832 si
2771 3778 2987 3833 diceret
3012 3778 3299 3834 :Dormite
3330 3778 3627 3833 existendo
3662 3777 3753 3831 in-

2142 3868 2232 3920 ter
2261 3866 2948 3937 collectionesjustorum,
2965 3866 3062 3938 qui
3076 3871 3208 3921 sunt
3231 3867 3365 3922 cieri
3392 3864 3755 3933 medii,inter

2144 3954 2288 4008 duos
2318 3956 2501 4009 cleros
2522 3957 2821 4009 terrenum
2853 3960 2913 4010 et
2940 3958 3253 4013 caelestem.

2214 4042 2357 4096 Nam
2373 4043 2417 4098 si
2440 4044 2741 4099 dormiatis
2758 4046 2899 4099 inter
2925 4045 3118 4098 medios
3146 4045 3326 4110 cleros,
3361 4043 3418 4098 id
3441 4046 3545 4111 est,
3560 4043 3604 4097 si
3633 4058 3754 4098 non

2145 4136 2597 4204 murmurantes,
2633 4149 2749 4187 non
2780 4138 3301 4204 praaproperantes,
3333 4132 3435 4187 sed
3464 4132 3757 4187 dormien-

2144 4226 2251 4289 tes,
2286 4221 2344 4276 id
2375 4224 2460 4275 est
2482 4221 2772 4291 patienter
2803 4221 3208 4291 exspectando,
3233 4220 3593 4292 quiescentes
3628 4236 3755 4274 ma-

2145 4309 2401 4365 neatisin
2427 4308 2620 4365 medio
2646 4311 2893 4364 duarum
2911 4309 3279 4377 electionum,
3296 4308 3631 4381 temporalis
3649 4308 3757 4362 sci-

2144 4400 2277 4475 licet
2300 4401 2358 4453 et
2386 4398 2628 4453 cmlestis
2651 4415 2663 4452 ε
2698 4398 2855 4453 eritis
2879 4399 3237 4468 deargentatae
3257 4414 3447 4469 pem
3476 4396 3755 4463 columbae,

2147 4489 2207 4543 id
2258 4490 2345 4544 est
2382 4487 2543 4542 eritis
2572 4488 2949 4542 sublimantes
3002 4488 3311 4543 Ecclesiam
3353 4488 3506 4542 bona
3546 4486 3664 4540 vita
3697 4490 3761 4541 et

2150 4576 2435 4644 oratione,
2463 4578 2521 4630 et
2548 4575 2722 4629 etiam
2748 4576 3160 4646 prtedicatione
3182 4580 3370 4631 vestra
3397 4576 3469 4630 ad
3499 4575 3762 4631 similitu-

2151 4664 2347 4720 dinem
2376 4679 2725 4734 pennarum,
2765 4665 3059 4719 volucrem
3112 4664 3573 4732 sublimantium,
3615 4664 3760 4719 dum

2152 4769 2284 4807 eam
2316 4768 2419 4824 per
2438 4767 2633 4805 aerem
2667 4751 3272 4809 devehunt.Columba
3300 4753 3536 4824 quidem
3566 4753 3761 4806 Eccle-

2151 4842 2234 4898 sia
2276 4839 2502 4905 dicitur,
2544 4855 2611 4895 eo
2644 4840 2801 4911 quod
2829 4840 3073 4912 simplex
3099 4841 3173 4895 sit
3201 4845 3260 4896 et
3290 4841 3414 4896 sine
3452 4841 3585 4895 felle
3612 4841 3763 4896 blas-

2150 4928 2399 5002 phemia:
2626 4928 2682 4981 in
2697 4930 2878 4983 Deum
2898 4932 2954 4983 et
2975 4930 3033 4983 in
3056 4928 3485 4999 proximum,ad
3500 4929 3765 4985 similitu-

2152 5019 2348 5074 dinem
2364 5017 2667 5078 columbze,
2696 5034 2823 5089 quae
2845 5018 2961 5072 avis
2986 5018 3225 5088 simplex
3251 5021 3337 5072 est
3368 5022 3426 5072 et
3459 5018 3581 5073 sine
3602 5018 3761 5075 felle.

2152 5108 2317 5161 Juxta
2368 5105 2522 5176 quod
2562 5105 2633 5160 de
2686 5122 2755 5160 ea
2806 5105 3060 5177 Sponsus
3091 5106 3147 5160 in
3178 5106 3425 5160 Canticis
3475 5108 3764 5163 testatur:

2161 5218 2189 5246 ‹‹
2220 5195 2343 5249 Una
2372 5194 2735 5249 estcolumba
2755 5211 2889 5249 mea
2912 5193 3101 5265 (Cant,
3134 5211 3205 5260 γι,
3239 5193 3293 5265 8)
3324 5217 3351 5243 ››
3384 5199 3493 5250 etc.
3517 5196 3584 5249 Et
3618 5196 3764 5251 tales

2148 5300 2341 5354 penna:
2364 5299 2475 5354 que
2502 5286 2674 5337 erunt
2708 5283 3092 5354 deargentatae,
3118 5283 3174 5337 id
3206 5287 3291 5338 est
3317 5284 3765 5355 argenteae,sci-

2160 5372 2294 5425 licet
2322 5371 2381 5424 in
2413 5371 2738 5426 constantia
2761 5370 3157 5443 perfectissimi
3183 5372 3363 5439 eritis,
3397 5375 3459 5426 ut
3487 5388 3591 5444 per
3618 5372 3767 5427 ictus

2161 5459 2625 5524 tribulationum,
2652 5475 2725 5513 ne
2757 5459 3069 5514 deﬁciatis:
3126 5460 3271 5514 sicut
3293 5476 3521 5515 merum
3561 5477 3769 5532 argen-

451 5545 625 5603 tei-tio
664 5545 951 5617 doctores,
1011 5546 1223 5605 deinde
1266 5548 1508 5606 virtutes
1531 5547 1593 5623 (Ι
1612 5545 1738 5605 Cor.
1754 5565 1853 5623 xu,
1885 5551 1998 5625 28).
2029 5568 2063 5605 ››
2166 5552 2289 5608 tum
2310 5549 2385 5608 ad
2400 5548 2547 5606 ictus
2566 5564 2685 5608 non
2710 5550 2909 5625 crepat
2930 5548 3147 5609 mallei.
3180 5549 3248 5610 Et
3275 5564 3392 5608 non
3415 5549 3602 5607 solum
3625 5565 3772 5627 pen.
