3970 6040
233 300 339 355 957

1199 285 1554 355 Exrosmo
1591 299 1660 354 IN
1699 282 2034 355 PSALMOS.
2078 330 2146 340 -
2176 293 2371 356 PSAL.
2409 288 2591 357 vau

3436 306 3538 363 958

230 435 319 474 na
343 417 504 474 eritis
533 418 633 474 sed
663 417 839 474 etiam
875 421 1171 490 posteriora
1211 419 1369 475 dorsa
1425 421 1557 492 ejus,
1614 419 1835 475 scilicet
1853 426 1907 484 Α
2005 418 2092 473 Sic
2124 436 2262 490 ergo
2293 420 2599 492 exponitur
2629 437 2643 475 :
2678 420 2933 476 Exterius
2960 421 3019 476 in
3072 438 3169 477 ore
3214 424 3431 479 claram
3483 425 3542 479 et

227 507 510 563 Ecclesia.
550 508 914 563 lntransitive
963 509 1179 564 dictum
1225 512 1331 575 est,
1363 526 1428 564 ac
1467 510 1514 563 si
1563 509 1781 564 diceret
1813 525 1826 563 :

229 597 397 652 Eritis
422 597 569 652 tales
598 597 945 670 posteriores
975 597 1034 652 in
1070 598 1336 665 Ecclesia,
1369 599 1466 671 qui
1507 598 1666 653 eritis
1697 598 1830 653 dor-

225 702 378 753 sum,
403 685 461 741 id
486 688 572 741 est
602 684 759 755 digni
788 686 992 757 quibus
1014 686 1348 758 imponatur
1368 703 1514 742 onus
1536 686 1834 757 regiminis

222 774 486 830 Ecclesia
520 791 533 828 :
570 775 729 846 quasi
756 774 1100 846 posteriores
1126 779 1318 847 partes
1363 776 1639 848 corporis,
1691 792 1833 846 quas

224 877 332 915 nos
370 862 607 917 dorsum
639 862 901 929 dicimus,
917 866 975 917 et
990 863 1211 918 habiles
1240 865 1373 918 sunt
1402 865 1475 919 ad
1499 880 1643 919 onus
1673 863 1831 918 defe-

219 949 489 1017 rendum,
524 949 679 1021 quod
706 954 792 1004 est
816 966 881 1004 ac
908 950 953 1004 si
987 950 1203 1006 diceret
1235 968 1248 1006 :
1286 952 1455 1007 Eritis
1473 952 1708 1007 dorsum
1728 951 1831 1005 Ec-

222 1036 493 1103 clesia,id
523 1039 609 1091 est
639 1037 800 1109 digni
826 1039 1164 1109 pralatione
1186 1039 1476 1105 Ecclesia,
1502 1040 1716 1093 scilicet
1747 1039 1831 1093 di-

223 1126 325 1198 gni
358 1129 418 1180 ut
447 1125 698 1197 episcopi
729 1126 849 1181 sitis
876 1127 964 1181 vel
990 1126 1331 1198 presbyteri,
1353 1130 1410 1181 et
1426 1126 1618 1182 caeteri
1650 1126 1708 1181 in
1736 1127 1834 1181 Ec-

223 1215 395 1269 clesia
422 1213 666 1286 praelati,
699 1213 795 1287 qui
816 1214 1070 1285 subjecta
1099 1214 1362 1270 Ecclesia
1393 1215 1660 1270 membra
1690 1231 1832 1285 pra-

224 1303 510 1358 dicatione
541 1308 599 1359 et
626 1306 889 1373 exemplo
912 1304 1078 1358 bona
1096 1303 1245 1369 vita,
1269 1307 1327 1359 et
1357 1306 1620 1360 oratione
1643 1307 1831 1359 vestra

223 1392 463 1463 portetis
511 1393 620 1446 Vos
650 1393 775 1448 dico
803 1395 858 1447 in
871 1392 1078 1464 pallore
1097 1394 1222 1446 auri
1235 1392 1618 1460 abundantes,
1654 1392 1713 1447 id
1744 1394 1830 1447 est

227 1479 286 1534 in
316 1480 528 1552 pallido
559 1497 723 1538 auro.
763 1481 975 1537 scilicet
1022 1480 1078 1535 in
1127 1480 1482 1553 perfectione
1529 1481 1829 1548 virtutum,

226 1583 357 1638 qua
383 1568 718 1640 designatur
743 1587 847 1642 per
875 1570 1152 1642 pallidum
1186 1587 1413 1638 aurum,
1463 1571 1617 1642 quod
1644 1570 1832 1642 perfe-

227 1655 372 1711 ctius
401 1660 484 1711 est
500 1658 596 1713 illo
617 1660 938 1731 auro,quod
956 1660 1149 1714 album
1174 1659 1346 1713 nimis
1358 1662 1463 1726 est,
1489 1661 1577 1714 vel
1593 1660 1835 1714 rubrum

1933 512 2306 562 resonantem
2334 509 2964 571 facundiamhabebitis
2977 527 3102 581 qua
3118 527 3219 582 per
3230 515 3541 583 argentum

1934 594 2290 667 designatur,
2318 598 2474 669 quod
2505 598 2726 652 clarum
2757 600 2843 651 est
2874 601 2931 651 et
2961 598 3229 665 nitidum,
3260 605 3317 656 et
3337 600 3542 655 melius

1933 680 2096 738 omni
2127 685 2238 740 alio
2274 686 2508 740 metallo
2538 702 2839 752 resonans,
2871 689 2929 740 et
2968 703 3085 741 non
3117 688 3303 742 solum
3324 704 3537 759 penna,

1931 771 2109 839 eritis,
2146 774 2245 828 sed
2294 777 2351 829 et
2370 776 2667 845 posteriora
2708 775 2853 829 dorsi
2889 776 3002 845 eius
3043 776 3326 844 Ecclesia,
3368 776 3426 831 id
3456 779 3543 831 est

1931 861 2145 917 latores
2167 864 2466 935 regiminis
2487 866 2627 935 ejus.
2654 866 2769 921 Hoc
2790 866 2966 920 etiam
2988 881 3105 920 non
3124 867 3399 918 mutatur.
3431 865 3543 917 Vos

1934 949 2060 1005 dico
2094 952 2453 1007 abundantes
2482 955 2537 1006 in
2568 956 2740 1007 virore
2765 956 2906 1020 auri,
2932 954 2989 1007 id
3011 957 3095 1007 est
3120 953 3177 1007 in
3207 953 3392 1008 virore
3413 968 3544 1023 pro-

1935 1040 2177 1095 cedente
2205 1058 2271 1096 ex
2301 1058 2465 1108 auro,
2498 1042 2713 1096 scilicet
2741 1042 2798 1096 in
2830 1042 3128 1107 charitate,
3154 1058 3282 1113 qua
3311 1056 3541 1113 semper

1933 1129 1993 1184 in
2008 1147 2356 1202 unoquoque
2369 1130 2525 1185 fideli
2545 1131 2739 1186 viridis
2756 1134 2925 1197 est,ct
2945 1147 3244 1202 nunquam
3260 1130 3537 1195 marcida,

1932 1235 2061 1290 qua
2093 1220 2351 1290 procedit
2380 1237 2445 1274 ex
2482 1220 2744 1274 interiori
2792 1219 3092 1292 sapientia,
3126 1236 3253 1292 qua
3285 1219 3543 1290 perfecta

1931 1310 2017 1364 est
2046 1311 2110 1362 ut
2144 1324 2347 1361 aurum
2378 1310 2435 1362 et
2466 1307 2735 1380 pretiosa.
2783 1308 2998 1362 Dicitur
3020 1308 3254 1379 quidem
3289 1325 3322 1362 a
3346 1307 3541 1363 multis

1932 1395 2067 1468 quia
2081 1412 2287 1450 aurum
2312 1396 2596 1468 optimum
2613 1395 2882 1467 aliquand
2893 1413 2923 1450 ο
2941 1398 3195 1451 colorem
3208 1397 3382 1451 habet
3394 1397 3542 1452 viro-

1933 1484 1980 1537 ri
1998 1484 2369 1539 vicinum.Vel
2383 1484 2462 1540 sic
2481 1503 2492 1539 :
2514 1485 2678 1539 Eritis
2680 1502 2872 1556 penna
2883 1484 3322 1555 deurgentata,id
3343 1488 3428 1539 est
3447 1503 3539 1540 su-

1935 1573 2271 1629 blimatores
2287 1574 2451 1629 nitidi
2469 1574 2525 1628 in
2542 1575 2703 1629 omni
2718 1575 2991 1628 virtutum
3017 1578 3075 1629 et
3092 1590 3335 1645 operum
3357 1575 3542 1644 perfe-

1936 1662 2296 1725 ctione,sicut
2316 1663 2829 1734 argentum,ethoc
2846 1663 2904 1717 in
2924 1663 3031 1717 hac
3051 1663 3250 1730 vita,et
3269 1663 3325 1717 in
3346 1664 3543 1717 futura

223 1743 372 1799 sicut
397 1762 639 1818 cuprum
662 1766 676 1816 ;
702 1748 857 1819 quod
898 1752 983 1802 est
1014 1748 1202 1802 dicere
1230 1763 1241 1802 :
1268 1748 1466 1803 Merito
1500 1748 1658 1803 eritis
1688 1765 1833 1820 pra-
1861 1736 1912 1795 Β
2165 1751 2320 1806 eritis
2338 1753 2644 1822 posteriora
2672 1750 2818 1807 dorsi
2842 1752 2975 1821 eius,
3009 1750 3067 1805 id
3093 1754 3180 1805 est
3230 1752 3541 1823 portitores

226 1832 329 1887 lati
360 1833 639 1903 Ecclesia,
673 1836 809 1908 quia
839 1836 998 1891 eritis
1026 1836 1267 1908 perfecti
1296 1837 1355 1891 in
1394 1837 1555 1892 omni
1603 1837 1831 1891 virtute.

300 1921 397 1977 Vel
425 1923 503 1978 sic
532 1941 727 1979 versus
767 1923 870 1978 iste
903 1924 1208 1996 exponitur
1251 1942 1262 1979 :
1301 1926 1344 1981 Ο
1374 1926 1558 1996 spolia
1587 1926 1834 1980 dormite

233 2021 372 2074 inter
413 2013 609 2069 medios
651 2013 830 2079 cleros,
862 2011 921 2066 id
964 2015 1069 2079 est,
1093 2029 1271 2084 usque
1306 2013 1379 2067 ad
1422 2012 1835 2069 dormitionem

227 2103 457 2170 mortis,
477 2100 764 2157 studendo
786 2099 1097 2154 moramini
1118 2100 1269 2155 inter
1291 2102 1493 2169 cleros,
1509 2101 1567 2159 id
1589 2102 1837 2157 estinter

230 2195 450 2250 multos
477 2190 651 2245 libros
677 2188 885 2244 veteris
926 2192 985 2243 et
1024 2205 1186 2245 nova
1238 2189 1401 2261 legis,
1433 2192 1492 2244 et
1527 2206 1643 2244 non
1687 2190 1837 2245 inter

228 2298 436 2338 omnes
463 2279 655 2345 libros,
675 2294 807 2332 cum
839 2276 1005 2331 multi
1033 2293 1237 2332 eorum
1260 2278 1374 2332 sint
1395 2278 1835 2349 apocryphi,sed

223 2374 366 2426 inter
389 2367 610 2433 medios,
644 2366 703 2420 id
728 2369 814 2419 est
844 2365 995 2419 inter
1026 2366 1153 2419 illos
1199 2366 1293 2438 qui
1336 2369 1468 2420 sunt
1497 2383 1834 2422 communes

223 2457 521 2515 catholicis
541 2456 672 2510 viris
696 2457 755 2509 et
782 2454 1233 2521 auctorizabiles,
1263 2454 1359 2526 qui
1386 2472 1420 2509 a
1438 2472 1589 2527 papa
1614 2456 1833 2512 Gelasio

225 2549 379 2603 bene
401 2543 1053 2601 numerantur.Medium
1074 2559 1177 2614 pro
1194 2544 1491 2598 communi
1511 2544 1836 2616 ponit,quia

227 2652 321 2692 res
352 2652 479 2708 qua
510 2633 569 2687 in
603 2631 794 2687 medio
827 2631 1320 2686 circumstantium
1340 2631 1731 2703 ponitursolet
1756 2634 1836 2687 eis

198 2772 203 2775 Α
229 2741 353 2780 esse
386 2721 596 2778 omnis.
632 2721 859 2775 Clerum
888 2720 1123 2791 quidem
1146 2720 1386 2775 dicimus
1423 2721 1697 2776 usualiter
1722 2722 1834 2776 cle-

230 2813 484 2867 ricorum
529 2808 983 2864 multitudinem.
1019 2808 1269 2880 Ideoque
1316 2810 1499 2864 cleros
1542 2809 1633 2864 hic
1674 2810 1839 2880 ponit

1936 1838 2057 1909 ejus
2085 1840 2345 1894 Ecclesia
2373 1842 2435 1894 in
2456 1839 2662 1910 pallore
2691 1841 2838 1905 auri,
2872 1839 2930 1894 id
2957 1842 3043 1893 est
3072 1840 3132 1894 in
3164 1839 3375 1911 pallido
3403 1854 3542 1893 auro

1936 1927 2150 1982 scilicet
2182 1928 2239 1981 in
2272 1929 2528 1999 perfecta
2552 1928 2933 1995 beatitudine,
2969 1945 3096 2000 qua
3130 1944 3234 1998 per
3266 1927 3545 1999 pallidum

1938 2032 2142 2071 aurum
2175 2016 2330 2088 quod
2359 2016 2679 2088 perfectum
2709 2019 2795 2071 est
2824 2016 3119 2087 accipitur,
3166 2015 3226 2070 id
3274 2017 3360 2069 est
3388 2015 3546 2069 eritis

1935 2106 2080 2159 tales
2107 2105 2208 2159 filii
2241 2105 2365 2176 ejus
2395 2105 2676 2171 Ecclesia,
2712 2104 2809 2175 qui
2854 2104 2910 2158 in
2950 2105 3143 2158 futuro
3174 2118 3457 2175 magnum
3489 2106 3548 2156 et

1935 2194 2235 2264 gravidum
2264 2194 2489 2266 pondus
2515 2197 2747 2248 aterna
2768 2192 3140 2248 beatitudinis
3172 2193 3230 2247 in
3262 2192 3420 2247 vobis
3441 2191 3539 2246 de-
3611 2195 3624 2204 “

1934 2281 2229 2348 feretis,ad
2246 2281 2487 2335 modum
2519 2281 2672 2336 dorsi
2701 2280 2856 2352 quod
2887 2297 3031 2335 onus
3052 2280 3258 2347 defert;
3283 2278 3438 2352 quod
3459 2281 3545 2333 est

1936 2369 2126 2425 dicere
2150 2387 2162 2424 :
2184 2371 2252 2423 Et
2272 2369 2364 2424 hic
2383 2370 2571 2425 nitore
2602 2370 2903 2435 virtutum,
2936 2373 2992 2423 et
3022 2384 3286 2439 operum,
3309 2370 3366 2421 et
3394 2384 3546 2439 pra-

1935 2459 2236 2513 dicationis
2259 2459 2567 2513 Ecclesiam
2589 2458 2990 2522 sublimabitis,
3006 2460 3064 2510 et
3092 2456 3147 2510 in
3173 2456 3365 2510 futuro
3396 2470 3543 2525 pra-

1936 2547 2119 2601 mium
2151 2547 2529 2602 beatitudinis
2558 2549 2792 2601 aterna
2848 2544 3142 2600 deferetis.
3192 2544 3544 2610 Notandum,

1937 2636 2093 2708 quod
2118 2636 2178 2689 in
2206 2635 2596 2707 superioribus
2627 2634 2897 2689 omnibus
2922 2633 3221 2688 sententiis
3238 2637 3545 2705 postquam

1939 2742 2036 2780 eos
2054 2741 2275 2795 pennas
2305 2725 2464 2791 dixit,
2486 2741 2603 2778 non
2631 2723 2921 2794 superﬂuo
2950 2722 3156 2777 dixerit
3175 2723 3544 2777 eosdorsum.
3652 2796 3655 2798 η

1938 2812 2096 2868 Multi
2132 2829 2384 2884 namque
2416 2816 2551 2866 sunt
2569 2828 2784 2881 penna,
2817 2811 2870 2865 id
2906 2815 2994 2864 est
3022 2809 3179 2865 bona
3203 2809 3318 2864 vita
3342 2825 3443 2862 sua
3456 2826 3547 2863 su-

230 2918 338 2973 pro
374 2898 743 2955 multitudine
775 2897 1054 2952 librorum
1087 2896 1379 2968 utriusque
1421 2898 1581 2969 legis.
1617 2898 1685 2951 Et
1719 2914 1836 2952 non
1940 2900 2280 2955 blimatores
2313 2899 2593 2966 Ecclesia,
2620 2898 2717 2970 qui
2756 2915 2871 2953 non
2907 2902 3039 2952 sunt
3084 2898 3339 2964 dorsum,
3373 2896 3432 2950 id
3461 2899 3549 2950 est

188 3027 198 3036 -
231 2990 328 3046 hic
357 2989 665 3044 denotatur
712 2985 1113 3055 interpretatio
1157 2986 1307 3040 vocis
1343 2987 1534 3057 hujus,
1580 3003 1709 3057 qua
1755 2990 1840 3041 est
1865 3008 1909 3073 ο
1940 2989 2183 3059 pralati.
2218 2990 2281 3042 In
2330 2989 2435 3042 hac
2467 2990 2663 3042 autem
2698 2987 2901 3041 ultima
2929 2987 3214 3041 sententia
3239 3001 3459 3056 pennas
3488 2988 3549 3073 et

229 3081 433 3135 clerus.
462 3078 531 3131 Et
558 3076 708 3131 bene
730 3074 894 3146 ponit
923 3076 1077 3141 inter,
1102 3091 1166 3129 ac
1188 3075 1233 3129 si
1251 3075 1466 3131 diceret
1495 3093 1508 3130 :
1545 3076 1730 3147 Usque
1766 3077 1840 3131 ad
1882 3072 1889 3073 ⁷
1940 3076 2175 3131 dorsum
2203 3093 2323 3131 esse
2371 3077 2594 3131 diversa
2624 3078 2934 3147 perpatens
2963 3078 3069 3141 est,
3105 3090 3235 3128 cum
3270 3088 3452 3127 unum
3483 3072 3543 3127 in

233 3164 650 3223 dormitionem
676 3164 901 3218 studete
935 3163 993 3216 in
1022 3163 1521 3218 auctorizabilibus
1545 3165 1727 3232 libris,
1759 3165 1837 3220 sic
1937 3165 2209 3237 prasenti
2241 3165 2571 3236 accipiatur,
2606 3180 2815 3235 penna
2858 3162 3089 3229 scilicet,
3122 3161 3277 3216 aliud
3318 3176 3455 3216 vero
3486 3160 3548 3216 in

235 3258 297 3311 ut
318 3253 599 3309 sitisinter
621 3251 902 3318 eos,idest
917 3250 976 3305 in
994 3251 1188 3307 medio
1206 3268 1408 3307 eorum
1428 3253 1838 3308 confirmantes
1939 3254 2155 3321 futuro,
2175 3254 2283 3309 hoc
2301 3257 2386 3308 est
2415 3253 2673 3308 dorsum.
2690 3252 2896 3307 Versus
2922 3255 3114 3306 autem
3145 3250 3243 3322 qui
3265 3249 3545 3322 sequitur.

232 3344 444 3399 alteros
483 3357 587 3413 per
628 3342 838 3395 alteros
865 3356 878 3394 :
904 3356 1082 3395 novos
1122 3339 1336 3395 scilicet
1372 3357 1477 3412 per
1504 3344 1746 3408 veteres,
1781 3345 1839 3396 et
1938 3341 2148 3397 scilicet
2166 3342 2298 3396 dum
2323 3340 2744 3407 discernit,etc.,
2776 3340 2998 3395 duobus
3031 3338 3220 3395 modis
3244 3337 3547 3393 continua-

229 3434 451 3486 veteres
472 3446 576 3501 per
600 3445 797 3484 novos.
822 3428 955 3483 Dico
994 3428 1278 3496 dormite;
1313 3445 1449 3484 nam
1480 3432 1529 3483 si
1562 3429 1839 3485 dormiatis
1938 3432 2054 3497 tur,
2077 3430 2153 3485 sie
2172 3432 2366 3484 tamen
2385 3433 2448 3484 ut
2468 3429 2745 3501 expositio
2768 3444 2882 3482 non
2922 3427 3347 3482 mutetur.Nam
3383 3427 3430 3482 si
3460 3442 3551 3483 ac-

235 3521 376 3574 inter
400 3517 594 3572 medios
623 3518 804 3583 cleros,
832 3516 891 3571 id
929 3519 1015 3570 est
1044 3516 1089 3571 si
1118 3533 1299 3587 usque
1321 3517 1393 3572 ad
1424 3517 1838 3573 dormitionem
1941 3518 2223 3590 cipiamus
2256 3519 2440 3572 cleros
2464 3534 2569 3588 pro
2615 3518 2835 3572 duabus
2875 3514 3268 3582 electionibus,
3312 3518 3548 3571 terrena

232 3606 509 3663 studeatis
532 3606 592 3661 in
617 3605 813 3661 medio
844 3604 1334 3660 auctorizabilium
1352 3605 1654 3674 librorum,
1685 3607 1842 3662 eritis
1942 3607 2156 3662 scilicet
2198 3610 2256 3661 et
2298 3607 2532 3673 caelesti,
2568 3606 2648 3661 sic
2678 3606 3049 3660 continuatur
3083 3621 3096 3658 :
3125 3603 3250 3659 Dixi
3295 3603 3548 3659 dormite

226 3712 421 3768 penna
448 3695 723 3761 columba,
770 3693 830 3748 id
869 3696 955 3748 est
983 3692 1387 3749 sublimatores
1417 3694 1701 3762 Ecclesia,
1732 3696 1842 3750 hoc
1943 3698 2082 3751 inter
2112 3694 2310 3750 medios
2343 3695 2524 3761 cleros,
2553 3694 2612 3749 id
2660 3696 2745 3748 est
2779 3692 2954 3765 quieti
2997 3694 3179 3746 estote
3231 3692 3292 3745 in
3350 3692 3546 3746 medio

237 3799 356 3838 non
373 3786 650 3847 mutatur,
672 3785 731 3836 et
760 3782 902 3836 tales
910 3798 1105 3852 penna
1130 3798 1257 3853 qua
1279 3774 1436 3837 eritis
1465 3783 1840 3854 deargenlata,

239 3870 297 3927 id
323 3875 410 3926 est
439 3872 718 3925 habentes
750 3873 1077 3941 argentum,
1131 3870 1344 3925 scilicet
1384 3871 1741 3927 intellectum
1771 3873 1845 3928 ad

238 3961 494 4015 litteram
524 3957 620 4030 qui
646 3958 860 4013 nitidus
880 3961 965 4012 est
992 3961 1056 4011 ut
1084 3962 1415 4029 argentum,
1439 3963 1498 4014 et
1517 3977 1635 4015 non
1658 3962 1844 4016 solum

227 4065 422 4120 pennae
442 4047 817 4117 deargentata,
861 4046 961 4100 sed
1001 4045 1178 4100 etiam
1203 4050 1499 4118 posteriora
1534 4049 1680 4103 dorsi
1709 4050 1842 4120 ejus,

239 4135 453 4191 scilicet
479 4134 758 4200 Ecclesia,
789 4134 967 4201 eritis,
1000 4135 1059 4189 id
1098 4137 1183 4189 est
1212 4135 1371 4207 digni
1397 4137 1470 4192 ad
1515 4154 1660 4193 onus
1694 4137 1844 4210 regi-

238 4224 412 4280 minis
429 4223 695 4278 Ecclesia
717 4223 1096 4278 deferendum
1114 4241 1127 4291 ;
1144 4225 1255 4280 hoc
1269 4240 1497 4297 quoque
1521 4242 1639 4281 non
1662 4230 1848 4282 muta-

1945 3785 2186 3840 duarum
2221 3783 2594 3848 electionum,
2627 3784 2685 3836 et
2722 3783 2770 3836 si
2798 3781 3103 3846 dormiatis,
3135 3779 3359 3834 ostendi
3390 3779 3549 3851 quod

1946 3872 2082 3927 inde
2107 3871 2227 3925 sitis
2260 3870 2590 3926 assecuturi.
2620 3870 2743 3924 Non
2780 3873 2865 3923 est
2909 3871 3105 3922 autem
3148 3866 3379 3921 horarie
3419 3866 3550 3921 dor-

1946 3959 2269 4026 miendum,
2304 3959 2403 4013 sed
2434 3957 2635 4013 tandiu
2661 3957 2810 4023 dum,
2843 3956 2902 4010 id
2931 3959 3017 4010 est
3045 3954 3303 4026 quandiu
3334 3970 3426 4008 rex
3452 3970 3547 4009 cce-

1948 4049 2105 4116 lestis,
2135 4047 2192 4102 id
2228 4050 2314 4103 est
2343 4049 2492 4102 Deus
2532 4049 2721 4115 Pater,
2767 4045 3014 4101 discernit
3058 4061 3201 4114 reges
3237 4059 3392 4114 super
3431 4059 3551 4097 eam

1948 4137 2298 4203 columbam,
2326 4135 2383 4190 id
2409 4138 2495 4191 est
2520 4134 2750 4190 ordinat
2798 4135 3009 4189 multos
3061 4133 3326 4204 pralatos
3376 4147 3550 4204 super

1948 4225 2280 4291 Ecclesiam,
2314 4227 2377 4278 ut
2406 4224 2783 4279 dominentur
2830 4223 2884 4277 ei
2935 4223 3091 4277 bona
3148 4220 3551 4277 dominatione

237 4314 353 4366 tur.
388 4312 495 4367 Vos
520 4310 645 4366 dico
678 4312 736 4365 in
756 4311 962 4382 pallore
987 4288 1123 4366 auri
1154 4288 1538 4381 abundantes,
1572 4313 1630 4368 id
1672 4317 1759 4369 est
1788 4314 1846 4369 iu
1868 4288 1922 4347 D
1947 4314 2202 4386 regendo
2235 4288 2393 4381 eam;
2429 4312 2583 4383 quod
2623 4316 2708 4366 est
2733 4311 2925 4366 dicere
2960 4327 2973 4364 :
3011 4309 3232 4365 Tandiu
3284 4311 3371 4364 est
3422 4309 3554 4365 dor-

235 4399 453 4473 pallido
466 4416 606 4455 auro
617 4399 850 4466 ,scilicet
862 4400 921 4454 in
933 4400 1173 4471 mystico
1188 4400 1684 4473 intellectu,quem
1699 4403 1849 4459 Gra-

236 4488 289 4544 ci
316 4505 621 4560 anagogen
649 4487 976 4559 dicunt,qui
1008 4504 1112 4559 per
1132 4488 1412 4560 pallidum
1444 4506 1671 4557 aurum,
1691 4492 1847 4563 quod

234 4578 461 4649 reliquo
478 4576 640 4631 omni
654 4592 793 4631 auro
810 4575 1116 4647 perfectius
1134 4576 1583 4649 est,designatur
1599 4595 1667 4634 eo
1690 4581 1846 4651 quod

235 4665 414 4738 longe
440 4665 511 4720 sit
543 4663 855 4736 perfectior
883 4662 1177 4720 intellectu
1216 4664 1312 4721 illo
1350 4666 1449 4737 qui
1482 4666 1555 4721 ad
1592 4668 1845 4723 litteram

235 4756 356 4822 est;
388 4753 546 4826 quod
576 4755 660 4808 est
689 4768 755 4807 ac
785 4752 830 4807 si
863 4753 1080 4808 diceret
1113 4771 1127 4809 :
1161 4754 1332 4827 Digni
1362 4754 1522 4810 eritis
1549 4757 1613 4810 ut
1636 4772 1845 4828 penna

235 4841 357 4898 sitis
386 4842 671 4909 Ecclesia,
704 4844 762 4897 et
787 4841 1042 4911 dorsum,
1081 4859 1212 4897 cum
1243 4847 1301 4898 et
1330 4844 1623 4899 intellectu
1650 4845 1723 4899 ad
1750 4845 1841 4901 lit-

235 4933 510 4998 teram,et
529 4930 768 5003 mystico
792 4930 1474 4987 abundaveritis.Habent
1494 4936 1690 4989 autem
1721 4933 1846 5005 qui-

235 5017 375 5074 dam
397 5006 767 5092 expositores,
786 5021 843 5073 in
859 5021 1031 5074 virore
1047 5022 1190 5079 auri.
1206 5020 1373 5091 juxta
1394 5038 1538 5093 quos
1567 5022 1646 5077 sic
1671 5040 1842 5094 expo-

234 5106 393 5163 nitur
427 5123 440 5162 :
470 5106 538 5164 Si
554 5107 830 5161 dormiatis
858 5110 997 5161 inter
1021 5107 1218 5163 medios
1248 5108 1428 5177 cleros,
1448 5110 1505 5165 id
1524 5114 1609 5166 est
1634 5111 1692 5165 in
1720 5127 1842 5166 me-

232 5194 332 5251 dio
356 5196 844 5251 auctorizabilium
888 5196 1192 5265 librorum,
1226 5197 1384 5253 eritis
1412 5216 1606 5271 penna
1641 5199 1843 5255 colum-

236 5283 333 5351 bae,
358 5284 417 5339 id
449 5288 533 5339 est
557 5284 964 5339 sublimatores
976 5286 1260 5341 Ecclesia.
1282 5287 1398 5343 Hoc
1420 5306 1537 5344 non
1564 5291 1837 5345 mutatur.

232 5372 981 5444 Etdeargentatapennaﬁn
1011 5374 1119 5429 hac
1155 5376 1443 5431 sententia
1475 5376 1706 5447 proprie
1735 5393 1839 5449 po-

231 5461 392 5518 nitur
402 5462 1241 5534 deargentataﬂeargentatum
1255 5463 1413 5518 enim
1430 5462 1639 5518 dicitur
1660 5466 1837 5537 quod,

1948 4402 2271 4469 miendum,
2293 4401 2547 4473 quandiu
2576 4401 2700 4456 hac
2728 4414 2982 4472 prasens
3012 4398 3129 4453 vita
3152 4398 3342 4464 durat,
3360 4396 3419 4452 in
3436 4413 3554 4470 qua

1947 4494 2094 4547 Deus
2123 4490 2371 4545 discernit
2400 4506 2543 4559 reges
2563 4506 2717 4559 super
2735 4506 2872 4543 eam.
2906 4503 3011 4561 per
3039 4488 3149 4543 hoc
3171 4489 3368 4541 autem
3397 4486 3551 4556 ipsos

1945 4581 2213 4654 pralatos
2260 4577 2528 4649 subjectis
2570 4576 2969 4645 commendat,
2999 4592 3133 4631 cum
3176 4593 3210 4631 a
3259 4578 3374 4631 Deo
3413 4573 3554 4630 dicit

1945 4686 2045 4724 eos
2074 4683 2246 4739 super
2271 4666 2558 4737 subjectos
2591 4664 2870 4720 ordinari.

2015 4755 2366 4820 Notandum,
2401 4754 2555 4826 quod
2582 4753 2719 4809 nulli
2752 4752 3049 4809 dormient
3079 4754 3216 4807 inter
3243 4752 3402 4806 cleros
3444 4768 3551 4823 per

1942 4847 2127 4901 totam
2158 4844 2307 4897 hanc
2327 4842 2527 4913 vitam,
2559 4858 2693 4897 cum
2748 4859 2867 4898 non
2912 4841 3028 4896 sint
3070 4854 3301 4909 semper
3342 4839 3403 4894 in
3438 4840 3549 4895 hoc

1943 4933 2164 4989 mundo
2198 4931 2419 4999 victuri,
2443 4931 2542 4987 sed
2568 4934 2851 5004 quantum
2873 4930 2944 4985 ad
2967 4945 3170 4983 omnes
3200 4926 3419 4983 dictum
3438 4930 3545 4982 est.

1944 5026 2100 5078 Inter
2118 5037 2323 5077 omnes
2350 5021 2506 5075 enim
2538 5021 2689 5075 hanc
2714 5017 3127 5075 dormitionem
3149 5015 3544 5086 complebunt,

1946 5128 2065 5167 non
2092 5109 2480 5181 unusquisque
2503 5108 2813 5175 totam,sed
2838 5105 3462 5177 unusquisquepartem
3483 5104 3545 5161 in

1945 5203 2097 5256 statu
2123 5215 2246 5255 suo.
2267 5198 2423 5252 Unus
2443 5197 2679 5269 quidem
2708 5194 2914 5266 viginti
2947 5210 3152 5262 annos,
3177 5192 3275 5248 alii
3295 5208 3429 5247 vero
3450 5193 3551 5247 tri-

1944 5289 2105 5361 ginta
2125 5306 2139 5357 ;
2167 5288 2265 5344 alii
2292 5290 2489 5341 autem
2504 5284 2811 5356 magis,alii
2828 5282 3104 5351 minus,et
3116 5283 3193 5337 sic
3210 5283 3281 5337 de
3302 5297 3549 5353 genera-

1940 5380 2098 5434 tione
2123 5379 2183 5435 in
2196 5376 2640 5450 generationem
2664 5372 3058 5442 succedendo;
3084 5375 3144 5427 et
3157 5370 3553 5443 unusquisque

1942 5465 2003 5522 in
2022 5469 2172 5522 statu
2194 5481 2295 5521 suo
2319 5460 2662 5520 dormiendo
2691 5479 2792 5535 per
2811 5463 2996 5517 totam
3017 5462 3194 5519 vitam
3215 5461 3386 5516 istam
3418 5458 3551 5514 dor-

230 5563 369 5611 cum
386 5550 634 5611 exterius
647 5550 1837 5629 habeatargentum,interiusaliudhabet.
1923 5553 2111 5615 mient
2140 5556 2277 5611 inter
2305 5551 2502 5609 medios
2532 5546 2719 5607 cleros.
2748 5550 2809 5610 Si
2828 5565 2966 5609 vero
2995 5552 3180 5613 cleros
3193 5546 3552 5621 accipiamus
