4004 6052
400 304 503 361 959

1003 306 1060 362 s.
1093 300 1436 365 BRUNONIS
1475 301 2115 363 CARTHUSIANORUM
2151 298 2620 360 INSTITUTORIS
2653 288 2807 359 opp.
2842 298 3020 359 PARS
3051 303 3092 358 ι.

3593 296 3706 358 ’960

400 436 506 493 pro
537 421 815 478 librorum
849 425 1217 482 multitudine
1245 427 1452 481 veteris
1479 430 1534 481 et
1557 444 1716 483 novae
1739 424 1901 495 legis,
1919 424 1995 479 sic
2024 429 2078 488 Α
2100 423 2248 479 bene
2273 423 2521 495 placebit
2533 424 2671 489 Deo,
2693 425 2752 478 et
2771 421 2946 476 etiam
2967 422 3115 477 bene
3137 420 3383 492 placebit
3397 424 3514 478 Deo
3538 420 3702 477 Patri

400 504 772 566 continuatur
800 531 813 568 :
842 514 974 569 Dico
1003 515 1158 570 eritis
1168 534 1380 587 pennae,
1408 520 1464 570 ct
1489 518 1597 571 hoc
1617 515 1841 578 tandiu,
1872 515 1999 568 dum

401 616 501 653 rex
533 601 776 655 caelestis
809 602 1064 657 discernit
1107 620 1250 673 reges
1292 622 1446 675 super
1489 624 1627 669 eam,
1656 604 1714 657 id
1767 607 1853 657 est
1898 619 2002 674 per

401 691 586 742 totam
619 690 765 743 hanc
787 691 961 745 vitam
985 693 1357 763 eritispennze,
1377 694 1768 766 unusquisque
1790 692 2003 747 scilicet

401 775 461 830 in
486 792 586 830 suo
617 780 768 831 statu
798 778 869 833 de
898 782 1275 848 generatione
1310 783 1368 836 in
1398 782 1860 854 generationem.
1895 780 2001 845 Qui

402 880 569 936 reges
592 864 979 920 dealbabuntur
1006 871 1142 936 nive,
1173 870 1230 924 id
1261 874 1345 924 est
1371 872 1620 941 puritate
1654 873 1711 925 et
1752 869 2002 924 candore

404 953 560 1019 fidei,
583 970 710 1025 qua!
745 971 848 1026 per
868 955 1057 1010 nivem
1084 958 1231 1012 bene
1262 960 1592 1023 denotatur,
1628 974 1696 1012 eo
1729 957 1883 1028 quod
1912 973 2005 1011 res

406 1042 813 1097 candidissima
832 1048 948 1111 est;
977 1047 1028 1096 in
1049 1044 1284 1114 Selmon,
1315 1047 1372 1101 id
1412 1050 1497 1101 est
1543 1062 1646 1118 per
1692 1046 2000 1111 Christum,

409 1131 504 1200 qui
522 1148 775 1201 congrue
792 1146 897 1203 per
913 1133 1147 1188 Selmon
1170 1135 1463 1206 accipitur.
1489 1134 1723 1189 Selmon
1754 1135 1907 1188 enim
1923 1134 2006 1187 in-

406 1222 758 1289 terpretatur
776 1220 1378 1277 mnbra.Pernmbram
1403 1223 1614 1294 quippe
1636 1222 2003 1292 refrigerium

406 1304 901 1377 intelligitur,cum
920 1311 1127 1364 umbra
1154 1312 1480 1365 laborantes
1500 1316 1638 1367 aestu
1660 1311 2004 1381 refrigerare

405 1395 586 1449 soleat
641 1396 800 1449 Unde
831 1413 933 1468 per
959 1397 1192 1453 Selmon
1238 1399 1491 1453 Christus
1542 1400 1851 1453 denotatur
1908 1398 2005 1469 qui

404 1483 613 1537 umbra
643 1488 727 1537 est
752 1484 1019 1555 perfecta:
1049 1486 1525 1558 refrigerationis.
1559 1488 1620 1539 In
1654 1487 1761 1540 hoc
1812 1489 2005 1540 autem

406 1571 675 1641 praelatos
699 1572 983 1644 humiliat,
1005 1576 1313 1630 ostendens
1330 1593 1446 1631 non
1468 1590 1571 1646 per
1589 1592 1648 1630 se
1670 1575 2006 1647 dignosesse

407 1663 471 1713 ut
505 1677 670 1732 reges
723 1680 892 1734 super
953 1665 1259 1721 Ecclesiam
1315 1666 1750 1733 discernantur;
1784 1666 1881 1719 sed
1905 1682 2008 1736 per

2098 513 2359 567 habitare
2380 512 2440 566 in
2462 529 2529 566 eo
2555 515 2751 566 monte
2773 510 2995 582 pingui,
3015 514 3073 565 et
3097 527 3229 565 vere
3250 510 3500 581 placebit
3516 511 3570 564 ei
3593 511 3697 564 ha-

2098 602 2282 656 bitare
2308 602 2367 656 in
2401 618 2468 656 eo
2501 604 2720 667 monte,
2745 600 2959 655 scilicet
3003 601 3062 654 in
3094 600 3393 655 Dominico
3431 599 3699 655 homine.

2100 689 2314 745 Etenim
2342 690 2604 743 habitabit
2617 693 2673 743 in
2698 689 2838 743 eoin
2855 690 3013 757 ﬁnem
3025 688 3413 755 habitationis,
3435 689 3492 743 id
3520 691 3608 743 est
3639 687 3698 742 in

2101 780 2356 849 perfecta
2377 779 2756 844 habitatione,
2777 777 3062 832 scilicetut
3074 777 3127 831 ei
3142 778 3522 847 personaliter
3540 776 3704 830 unia-

2098 871 2218 936 tur,
2249 870 2307 921 et
2333 867 2411 920 sic
2443 867 2501 920 in
2534 882 2602 919 eo
2628 865 2850 919 habitet
2873 865 2932 919 in
2957 870 3321 936 perpetuum.
3355 866 3470 919 Hoc
3501 867 3698 919 autem

2104 955 2258 1026 quod
2281 954 2438 1021 dicit,
2467 955 2659 1008 etenim
2679 954 2942 1007 habitabit
2975 956 3029 1007 in
3065 955 3247 1022 finem,
3283 951 3698 1008 determinatio

2103 1046 2188 1097 est
2212 1042 2462 1114 qualiter
2482 1041 2842 1097 inhabitabit.
2860 1042 3028 1096 Facta
3045 1040 3448 1096 adhortatione
3477 1041 3698 1111 adspo-

2102 1132 2198 1197 lia,
2224 1136 2279 1185 et
2299 1132 2449 1186 facta
2469 1130 2976 1185 commendatione
3001 1130 3215 1184 montis
3236 1130 3483 1202 pinguis,
3506 1146 3699 1186 rever-

2102 1222 2244 1274 titur
2269 1220 2342 1274 ad
2389 1221 2497 1274 hoc
2533 1236 2646 1291 quo
2681 1236 2852 1291 agere
2880 1218 3095 1292 incepit
3110 1220 3179 1274 de
3202 1219 3699 1289 praedicatoribus,

2105 1312 2162 1362 et
2180 1309 2432 1362 Ecclesiae
2452 1309 2882 1363 constitutione.
2912 1309 2979 1362 Et
2997 1309 3055 1361 in
3075 1308 3276 1380 primis
3298 1308 3449 1379 ipsos
3468 1312 3704 1380 aposto-

2105 1397 2191 1452 los
2219 1396 2613 1462 commendat,
2650 1399 2714 1450 ut
2750 1398 3033 1467 subjectos
3070 1397 3170 1464 eis,
3201 1397 3386 1467 magis
3415 1397 3705 1465 subjectos

2107 1489 2165 1540 et
2191 1486 2525 1541 obedientes
2548 1486 2741 1553 faciat,
2775 1488 2832 1539 et
2861 1486 2969 1540 hoc
2992 1486 3069 1539 sic
3100 1485 3263 1540 dicit:
3283 1485 3400 1540 Dixi
3417 1486 3575 1557 quod
3588 1485 3703 1539 Do-

2106 1577 2281 1628 minus
2310 1575 2459 1628 dabit
2504 1575 2721 1628 verbum
2769 1575 3264 1644 euangelizantibus,
3310 1574 3407 1645 qui
3466 1576 3707 1645 accepto

2106 1663 2282 1718 verbo
2295 1680 2425 1717 cum
2445 1665 2627 1717 multa
2644 1663 2873 1729 virtute,
2890 1665 3060 1717 erunt
3089 1679 3276 1719 currus
3300 1662 3422 1730 Dei,
3446 1662 3713 1717 deferen-

408 1748 714 1818 Christum,
744 1768 777 1805 a
807 1768 919 1823 quo
960 1754 1116 1824 prius
1159 1754 1291 1808 fidei
1348 1755 1600 1809 candore
1643 1754 2005 1809 dealbantur.
2033 1745 2082 1803 Β
2109 1754 2192 1805 tes
2211 1752 2388 1805 Deum
2414 1751 2473 1804 in
2492 1751 2755 1805 notitiam
2777 1752 3080 1806 hominum
3103 1768 3235 1805 cum
3249 1751 3557 1806 concordia
3570 1768 3717 1821 prie-

407 1837 635 1892 Diceret
670 1839 919 1910 aliquis:
956 1841 1153 1896 Eritne
1196 1842 1453 1897 Christus
1496 1848 1700 1913 potens
1758 1857 1857 1896 eos
1908 1843 2007 1895 de-

406 1926 600 1980 albare
624 1926 651 1981 ‘?
681 1927 749 1982 ad
781 1929 936 1998 quod
967 1929 1043 1983 sic
1083 1930 1244 1984 addit
1275 1948 1287 1984 :
1332 1931 1441 1984 erit
1480 1931 1699 2001 utique.
1754 1930 2008 1984 Christus

407 2014 565 2068 enim
593 2015 700 2069 erit
726 2033 873 2069 mons
901 2016 1006 2071 Dei
1034 2017 1234 2083 Patris,
1264 2017 1322 2072 id
1350 2023 1433 2072 est
1462 2019 1801 2073 sublimatus
1831 2035 1864 2072 a
1890 2021 2005 2072 Deo

2109 1839 2580 1905 dicationis,sicut
2599 1856 2797 1894 currus
2812 1840 2884 1894 ab
2902 1840 3064 1911 equis
3092 1839 3455 1895 concorditer
3496 1842 3719 1893 tractus

2107 1929 2221 1983 fert
2236 1929 2509 2000 aliquem.
2531 1930 2781 1984 Tametsi
2814 1945 3067 2000 namque
3085 1929 3426 2001 praedicator
3447 1946 3481 1983 a
3504 1928 3718 1999 praedi-

2108 2020 2300 2071 catore
2332 2018 2389 2071 in
2420 2017 2612 2070 littera
2641 2017 2861 2071 diversa
2892 2034 3103 2072 sonare
3124 2017 3402 2084 videatur,
3426 2018 3484 2072 in
3506 2032 3715 2071 eorum

412 2103 581 2157 Patre
611 2104 669 2157 in
699 2105 860 2159 omni
894 2107 1172 2176 potentia.
1199 2108 1363 2161 Juxta
1394 2108 1547 2178 quod
1594 2108 1652 2161 in
1700 2108 2006 2177 Evangelio
2106 2107 2304 2159 tamen
2337 2105 2644 2172 sententia,
2676 2105 2987 2160 concordia
3016 2109 3103 2160 est
3132 2106 3471 2160 intellectus.
3506 2104 3716 2159 Curru:

412 2189 620 2244 dicitur
652 2207 664 2245 :
699 2214 726 2240 ι(
757 2193 926 2247 Dedit
954 2194 1004 2249 ei
1028 2194 1228 2248 omnia
1250 2197 1417 2250 Pater
1444 2196 1501 2250 in
1536 2213 1715 2250 manu
1735 2197 2004 2262 (JoanJII,
2109 2194 2236 2249 dico
2258 2193 2504 2248 existens
2522 2194 2796 2264 multiplex
2823 2194 2999 2250 decem
3032 2195 3283 2261 millibus,
3315 2194 3469 2266 quod
3505 2196 3592 2248 est
3620 2193 3711 2247 di-

413 2274 505 2349 35)
539 2295 553 2333 :
587 2300 615 2327 »
637 2280 704 2333 Et
734 2280 864 2334 talis
885 2297 1055 2337 mons
1083 2282 1181 2353 qui
1220 2283 1329 2338 erit
1370 2300 1520 2337 mons
1553 2286 1793 2355 pinguis,
1835 2282 1895 2338 id
1925 2287 2010 2338 est
2109 2298 2237 2337 cere
2270 2300 2283 2337 :
2319 2283 2588 2337 Collectio
2616 2282 2712 2336 illa
2741 2282 3210 2352 prmdicatorum,
3244 2285 3455 2337 multos
3474 2281 3716 2336 habebit

406 2366 740 2422 redundans
773 2369 973 2440 pingui
1015 2374 1072 2424 et
1102 2372 1359 2442 perfecta
1396 2372 1701 2442 sapientia,
1735 2389 1848 2444 qua
1879 2387 2009 2425 suos
2109 2372 2534 2441 praedicatores,
2566 2371 2767 2425 decem
2795 2371 2975 2425 millia
3006 2370 3238 2437 scilicet,
3255 2370 3312 2425 id
3334 2373 3418 2425 est
3444 2371 3585 2425 tales
3610 2368 3714 2441 qui

407 2455 623 2509 nutriet
652 2460 710 2509 et
738 2457 1085 2512 confortabit
1123 2460 1196 2513 ad
1228 2461 1467 2515 modum
1509 2461 1738 2532 pinguis
1770 2460 2005 2527 montis,
2101 2459 2257 2531 juste
2279 2460 2633 2513 denotantur
2649 2476 2752 2530 per
2766 2460 2919 2513 hunc
2940 2476 3270 2525 numerum,
3295 2459 3494 2530 quiest
3507 2459 3711 2512 decem

406 2542 504 2613 qui
535 2543 921 2599 inhabitantia
946 2546 1002 2599 in
1039 2564 1095 2601 se
1123 2548 1399 2602 animalia
1430 2550 1739 2621 pinguibus
1788 2548 2009 2621 pascuis
2107 2548 2309 2612 millia,
2334 2548 2548 2602 scilicet
2572 2547 2667 2619 qui
2702 2547 2939 2617 perfecti
2972 2552 3144 2602 erunt
3166 2548 3223 2601 in
3255 2548 3556 2602 sanctitate
3580 2546 3709 2601 etin

404 2630 518 2684 suis
546 2630 876 2703 impinguat
902 2637 959 2689 et
989 2636 1296 2690 confortat.
1342 2638 1409 2690 Et
1434 2654 1564 2691 cum
1593 2637 1664 2691 sit
1692 2637 1923 2709 pinguis
1948 2637 2006 2691 in
2109 2636 2223 2690 fide
2249 2635 2411 2690 solidi
2444 2636 2515 2690 ad
2546 2635 2982 2690 similitudinem
3010 2636 3179 2707 hujus
3204 2635 3451 2703 numeri,
3487 2635 3586 2706 qui
3624 2638 3715 2689 est

406 2719 688 2791 sapientia
713 2724 771 2776 et
801 2722 1082 2791 doctrina,
1129 2728 1411 2796 quantum
1448 2726 1521 2780 ad
1564 2727 1868 2796 perfectos,
1902 2728 2011 2782 erit
2111 2724 2311 2779 decem
2330 2725 2531 2790 millia,
2558 2724 2655 2795 qui
2688 2725 2760 2778 ab
2791 2724 3169 2778 arithmeticis
3193 2723 3402 2778 dicitur
3424 2724 3715 2788 perfectus

404 2823 554 2861 mons
578 2809 904 2879 coagulatus,
938 2812 995 2866 id
1025 2817 1110 2866 est
1138 2815 1374 2881 lacteus,
1399 2818 1679 2885 quantum
1719 2816 1792 2869 ad
1821 2816 2010 2870 minus
2111 2816 2168 2867 et
2196 2812 2427 2880 solidus,
2461 2829 2528 2867 eo
2561 2813 2717 2883 quod
2747 2812 2804 2866 in
2826 2813 3075 2867 solidum
3106 2829 3311 2882 corpus
3330 2811 3589 2866 videatur
3613 2828 3709 2866 ex-

405 2896 713 2967 pecfectos,
761 2899 975 2954 scilicet
1005 2901 1263 2955 nutriens
1291 2919 1390 2957 eos
1421 2920 1593 2973 parva
1623 2904 1903 2970 doctrina,
1936 2905 2009 2959 ad
2110 2900 2459 2967 crescere,in
2480 2917 2687 2971 corpus
2703 2901 2917 2955 scilicet
2940 2900 3347 2971 quantitatem,
3368 2917 3484 2955 non
3508 2900 3565 2954 in
3587 2917 3713 2955 cor-

406 2983 647 3039 modum
670 2983 852 3057 pueri,
874 2988 971 3059 qui
991 2990 1136 3045 lacte
1155 2991 1751 3062 nutritur.Coagulum
1774 2993 2007 3064 quidem
2033 3020 2080 3064 η
2110 3005 2217 3060 pus
2239 2989 2639 3055 substantiam,
2673 2989 2827 3060 quod
2857 2989 3120 3043 videlicet
3155 3003 3364 3058 corpus
3406 3004 3475 3042 ex
3516 3003 3712 3058 super—

406 3073 640 3142 proprie
672 3075 832 3129 lactis
886 3080 989 3133 est.
1024 3078 1184 3133 Unde
1232 3095 1336 3150 per
1376 3081 1768 3151 coagulatum,
1797 3081 2012 3136 lacteus
2041 3073 2080 3080 ⁷
2109 3077 2344 3134 ficiebus
2364 3078 2635 3150 componi
2665 3077 2893 3143 dicitur,
2918 3094 3045 3149 quae
3065 3077 3275 3132 iterum
3294 3076 3622 3147 superﬁcies
3640 3093 3712 3131 ex

406 3161 822 3216 convenienter
847 3164 1143 3235 accipitur.
2109 3164 2276 3221 lineis
2301 3166 2743 3222 constituuntur.
2765 3167 3018 3222 Ponatur
3037 3165 3389 3221 centumiste
3411 3181 3709 3232 numerus,

478 3248 545 3302 Et
570 3263 701 3303 cum
729 3251 801 3304 sit
820 3268 969 3305 mons
982 3256 1382 3325 pinguis,quan
1394 3258 1515 3310 tum
1536 3257 1606 3311 ad
1624 3257 1929 3327 perfectos,
1954 3261 2013 3312 et
2111 3258 2176 3308 ut
2199 3255 2373 3319 linea,
2404 3256 2461 3309 et
2490 3254 2902 3325 multiplicetur
2917 3256 3142 3308 centum
3158 3270 3262 3324 per
3282 3253 3585 3307 denarium
3604 3269 3711 3306 nu-

405 3338 1181 3410 monscoagulatus,quantum
1204 3342 1277 3396 ad
1299 3343 1684 3414 imperfectos,
1713 3345 1822 3399 erit
1837 3346 2011 3399 etiam
2111 3359 2361 3409 merum,
2396 3346 2455 3396 et
2479 3342 2703 3397 dicatur
2736 3359 2748 3396 :
2782 3341 2974 3396 decies
3002 3346 3235 3396 centum
3270 3341 3370 3395 fiet
3396 3340 3576 3406 mille,
3610 3340 3711 3410 qui

406 3440 556 3477 mons
576 3426 812 3495 pinguis,
843 3432 1123 3498 quantum
1142 3430 1201 3483 in
1217 3447 1296 3496 se,
1318 3430 1377 3484 id
1399 3436 1486 3485 est
1519 3432 1818 3487 abundans
1849 3434 2009 3488 omni
2111 3430 2273 3502 quasi
2300 3431 2626 3501 superficies
2656 3431 2729 3485 ab
2760 3429 3138 3484 arithmeticis
3176 3428 3383 3484 dicitur
3409 3445 3477 3483 ex
3508 3429 3711 3483 decem

407 3512 762 3584 perfectione
782 3516 1078 3587 sapientiae
1092 3521 1150 3571 et
1173 3519 1468 3577 virtutum.
1486 3521 1553 3574 Et
1576 3536 1707 3575 cum
1727 3522 1832 3576 iste
1859 3519 2011 3577 solus
2111 3518 2277 3573 lineis
2319 3518 2659 3590 composita,
2686 3518 2900 3573 SCiliCet
2929 3535 2998 3572 ex
3029 3517 3215 3573 ἀθοίθε
3244 3522 3499 3572 ϐθηῑιιῐηο
3526 3517 3714 3571 Μαικί-

412 3598 485 3657 sit
497 3600 721 3656 futurus
741 3620 893 3658 mons
909 3606 1127 3674 pinguis
1147 3624 1164 3660 :
1188 3612 1245 3661 ut
1276 3608 1406 3679 quid
1443 3624 1539 3663 vos
1576 3609 1755 3664 Judaei
1784 3613 2013 3681 suspica-

409 3689 570 3755 mini,
598 3689 656 3744 id
687 3695 772 3745 est
795 3693 1133 3767 suspicaturi
1159 3696 1312 3761 estis,
1339 3701 1539 3751 montes
1568 3698 1868 3767 coagulatos
1888 3717 2009 3755 esse

409 3775 564 3832 hunc
583 3766 1057 3853 montem
1081 3784 1379 3858 pinguem.
1414 3786 1625 3857 lnjuste
1651 3766 1849 3859 utique
1878 3788 2009 3843 estis

406 3866 768 3937 suspicaturi.
794 3870 908 3924 Hoc
930 3876 1124 3927 autem
1147 3875 1459 3929 corrective
1478 3876 1661 3946 ponit,
1686 3893 1751 3931 ac
1788 3877 1833 3931 si
1855 3878 2006 3931 dice-

407 3957 500 4008 ret
521 3972 538 4009 :
555 3956 705 4010 Multi
725 3961 895 4012 erunt
906 3961 1106 4026 sancti,
1127 3962 1224 4031 qui
1238 3977 1356 4032 pra:
1371 3963 1551 4017 nimia
1570 3964 1870 4018 sanctitate
1905 3982 2007 4019 sua

406 4042 763 4111 putabuntur
792 4061 912 4099 esse
954 4047 1048 4101 ille
1091 4050 1316 4117 pinguis
1362 4067 1512 4104 mons
1558 4050 1833 4113 Christus,
1865 4053 2007 4106 sicut

408 4128 677 4196 Joannes,
695 4132 991 4200 Jeremias,
1015 4139 1074 4188 et
1095 4137 1288 4190 caeteri
1312 4137 1472 4210 tales,
1496 4138 1597 4192 sed
1617 4142 1812 4193 tamen
1839 4144 2012 4195 erunt

2107 3608 2351 3678 plicetur
2376 3624 2604 3679 quoque
2624 3606 2954 3679 superficies
2976 3607 3119 3673 haec,
3153 3623 3279 3678 qua:
3301 3610 3387 3660 est
3407 3605 3586 3673 mille,
3608 3619 3717 3675 per

2110 3696 2413 3750 denarium
2435 3695 2902 3751 etcenteuarium
2922 3711 3256 3761 numerum,
3277 3697 3335 3750 et
3350 3694 3572 3748 dicatur
3585 3707 3719 3747 cen-

2108 3789 2232 3838 tum
2259 3784 2446 3839 decies
2463 3784 2673 3846 decies,
2693 3783 2845 3855 quod
2860 3786 2946 3837 est
2963 3783 3154 3838 dicere
3172 3801 3189 3836 :
3203 3782 3398 3837 Decies
3412 3782 3591 3847 mille,
3614 3781 3716 3836 fiet

2109 3874 2309 3928 decem
2346 3873 2545 3940 millia,
2580 3872 2734 3944 quod
2760 3871 3009 3926 solidum
3042 3887 3249 3942 corpus
3273 3874 3377 3937 est,
3412 3886 3490 3924 ex-
3508 3871 3712 3924 decem

2106 3961 2515 4034 superﬁciebus
2543 3960 2949 4032 compositum,
2975 3960 3192 4016 scilicet
3223 3977 3289 4014 ex
3315 3960 3515 4014 decem
3533 3959 3711 4013 milli-

2108 4052 2230 4105 bus.
2265 4050 2555 4105 Perfectus
2582 4054 2777 4104 autem
2814 4053 2919 4115 est,
2950 4065 3081 4103 cum
3128 4048 3278 4103 ultra
3316 4048 3710 4102 millenarium

2110 4155 2416 4194 numerum
2450 4138 2622 4193 altior
2658 4154 2934 4192 numerus
2959 4154 3329 4209 nequaquam
3361 4136 3707 4191 inveniatur.

407 4221 695 4290 coagulati
724 4225 1095 4289 montes,non
1126 4225 1390 4297 pingues,
1420 4228 1493 4281 ad
1513 4231 2007 4299 comparationem
2031 4296 2065 4299 _
2111 4227 2253 4282 Cum
2284 4226 2361 4281 sic
2386 4227 2560 4297 igitur
2587 4226 2875 4297 perfectus
2904 4225 2977 4280 sit
3024 4226 3128 4280 iste
3166 4241 3464 4286 numerus,
3498 4229 3556 4279 et
3582 4224 3715 4279 soli-

412 4304 557 4375 ejus,
580 4306 638 4362 id
660 4313 745 4362 est
760 4315 931 4364 erunt
960 4296 1146 4375 lactei,
1166 4314 1320 4385 parvi
1343 4314 1626 4370 scilicetin
1648 4296 1921 4373 doctrina
1951 4322 2008 4373 et
2030 4296 2083 4354 D
2110 4316 2232 4382 dus,
2254 4296 2571 4369 rectissime
2598 4296 2706 4385 per
2734 4314 2936 4369 decem
2967 4314 3169 4381 millia,
3196 4313 3604 4384 praadicatores
3623 4329 3714 4367 ac-

410 4394 693 4465 sapientia
714 4398 787 4454 ad
806 4401 1304 4471 comparationem
1318 4402 1462 4472 ejus.
1484 4403 1636 4468 Quos
1658 4404 1850 4475 igitur,
1874 4423 2007 4461 cum

413 4481 526 4536 sint
547 4488 852 4558 coagulati,
872 4489 1051 4544 nolite
1082 4491 1355 4563 suspicari
1387 4509 1508 4546 esse
1540 4492 1703 4548 illum
1732 4494 2008 4566 pinguem

412 4574 699 4627 montem.
731 4575 865 4631 Dico
897 4579 1052 4648 quod
1082 4578 1298 4635 Selmon
1341 4597 1491 4635 mons
1532 4582 1757 4652 pinguis
1796 4584 1924 4652 erit,
1951 4588 2010 4641 et

414 4657 560 4714 adeo
580 4663 805 4732 pinguis
829 4666 984 4736 quod
1008 4682 1161 4722 mons
1185 4669 1294 4723 erit
1325 4672 1380 4722 in
1407 4686 1510 4741 quo
1541 4670 1924 4742 bene-placitum
1935 4680 2009 4727 est

411 4747 547 4816 Deo,
573 4750 633 4804 id
662 4754 748 4808 est
771 4747 919 4809 bene
944 4754 1192 4827 placebit
1220 4760 1336 4812 Deo
1368 4773 1437 4814 ex
1466 4762 1608 4827 toto,
1642 4763 1705 4815 ut
1743 4761 1803 4816 in
1851 4763 2007 4817 nullo

312 4836 315 4839 ’
414 4836 731 4908 displiceat,
759 4857 825 4895 ac
860 4842 904 4896 si
936 4842 1086 4899 dicat
1118 4861 1131 4899 :
1166 4844 1436 4909 Quamvis
1460 4847 1520 4901 in
1558 4849 1852 4904 montibus
1889 4850 2010 4905 aliis

411 4926 635 4997 placeat
658 4930 795 4997 Deo,
813 4927 873 4985 in
890 4947 1093 4988 eorum
1120 4934 1423 4989 sanctitate
1452 4939 1647 4991 tamen
1667 4937 2011 5010 eritaliquid

414 5011 474 5067 in
506 5030 619 5086 quo
650 5017 703 5071 ei
734 5018 1046 5092 displiceat.
1082 5022 1263 5077 Nemo
1294 5024 1452 5077 enim
1482 5026 1736 5080 mundus
1766 5027 2008 5090 asorde,

413 5117 520 5157 nec
546 5104 738 5160 infans
759 5110 918 5179 cujus
945 5109 1113 5164 unius
1141 5111 1255 5166 diei
1288 5111 1403 5166 vita
1432 5130 1602 5185 super
1629 5118 1867 5169 terram.
1898 5115 2010 5169 Sed

414 5204 547 5246 cum
568 5192 673 5247 iste
683 5196 902 5265 pinguis
918 5215 1064 5253 mons
1076 5215 1108 5253 a
1121 5203 1357 5271 peccato
1378 5202 1603 5256 futurus
1617 5203 1687 5255 sit
1711 5202 2006 5270 immunis,

410 5277 474 5333 in
490 5294 559 5335 eo
583 5281 730 5337 bene
742 5285 992 5354 placebit
1010 5303 1114 5357 per
1131 5288 1331 5345 omnia
1348 5288 1446 5343 Dei
1461 5290 1634 5344 Patri.
1665 5290 1832 5345 Juxta
1855 5292 2009 5362 quod

411 5364 572 5425 idem
597 5370 658 5425 in
698 5372 1003 5447 Evangelia
1028 5378 1300 5432 testatur:
1324 5395 1357 5429 ‹‹
1379 5376 1476 5432 Hic
1513 5381 1599 5432 est
1636 5378 1805 5434 Filius
1847 5393 2009 5434 meus

416 5454 674 5527 dilectus,
705 5460 765 5515 in
794 5478 908 5535 quo
940 5463 1083 5519 mihi
1107 5464 1428 5535 complacui
1460 5464 1681 5532 (Matth.
1717 5482 1800 5534 ιιι,
1837 5465 1945 5539 17).
1979 5489 2007 5517 ››

414 5542 534 5603 Hoc
557 5549 644 5605 est
664 5563 730 5604 ac
749 5549 797 5605 si
826 5550 1078 5611 diceret:
1112 5552 1175 5610 In
1207 5554 1560 5627 perfectione
1602 5554 1764 5631 cujus
1793 5555 2008 5615 montis

2108 4404 2415 4475 cipiuntur,
2447 4403 2543 4474 qui
2576 4402 2633 4457 in
2657 4404 2865 4458 virtute
2898 4407 2955 4457 et
2981 4418 3177 4474 opere,
3212 4405 3272 4456 et
3298 4401 3358 4456 in
3389 4400 3500 4456 ﬁde
3529 4406 3708 4457 erunt

2107 4493 2297 4550 solidi.

2179 4583 2247 4636 Et
2274 4582 2371 4637 illa
2406 4581 2577 4635 millia
2618 4583 2789 4635 erunt
2826 4580 3141 4647 laetantium,
3182 4580 3241 4635 id
3293 4584 3379 4636 est
3422 4579 3503 4634 illi
3544 4579 3711 4635 multi

2107 4670 2534 4743 praedicatores,
2564 4667 2805 4740 perfecti
2836 4672 2893 4722 et
2923 4669 3088 4724 solidi
3134 4672 3303 4723 erunt
3351 4670 3613 4724 laetantes
3651 4669 3711 4723 in

2110 4756 2598 4823 tribulationibus,
2616 4773 2734 4812 non
2758 4756 3092 4812 deﬁcientes
3114 4757 3324 4812 timore
3339 4757 3594 4830 ipsarum
3607 4757 3711 4812 tri-

2109 4847 2561 4904 balationum.Et
2592 4845 2721 4901 ideo
2740 4844 2998 4901 laetantia
3018 4849 3188 4901 erunt
3212 4847 3310 4901 illa
3327 4845 3548 4902 millia:
3577 4847 3715 4918 quia

2108 4937 2373 4993 Dominus
2404 4935 2513 4989 erit
2543 4938 2598 4988 in
2627 4938 2698 4989 eis
2727 4934 3057 5006 spiritaliter
3105 4937 3161 4988 in
3208 4933 3364 5000 Sina,
3400 4932 3456 4988 id
3514 4939 3601 4989 est
3650 4936 3712 4991 in

2110 5024 2427 5079 teutationc
2454 5023 2911 5090 tribulationum,
2935 5040 3007 5078 ne
3034 5022 3324 5078 deﬁciant.
3347 5023 3710 5096 Sinaquippe

2111 5115 2328 5168 tentatio
2343 5112 2571 5174 dicitur,
2585 5112 2798 5167 scilicet
2818 5115 2873 5166 in
2902 5118 3082 5166 sancto
3106 5112 3214 5165 erit
3242 5112 3301 5165 in
3320 5110 3420 5177 eis,
3442 5111 3501 5166 id
3530 5115 3616 5166 est
3648 5113 3706 5167 in

2109 5201 2431 5266 sanctitate,
2446 5202 2618 5254 uteos
2632 5201 2856 5254 sanctos
2868 5199 3061 5266 faciat,
3086 5202 3143 5253 et
3156 5199 3560 5255 constantesin
3586 5199 3713 5274 ipsa

2108 5288 2449 5355 tentatione,
2455 5288 2620 5359 juxta
2643 5288 2798 5360 quod
2818 5288 2976 5343 idem
2999 5288 3060 5342 in
3082 5288 3386 5359 Evangelio
3413 5290 3661 5344 testatur
3692 5305 3706 5343 :

2109 5398 2140 5430 α
2166 5378 2304 5432 Ecce
2325 5393 2433 5449 ego
2454 5378 2745 5432 vobiscum
2766 5394 2893 5431 sum
2911 5375 3184 5432 omnibus
3208 5376 3410 5432 diebus
3428 5393 3608 5448 usque
3637 5378 3711 5433 ad

2107 5466 2669 5521 consummationem
2683 5466 2871 5521 saeculi
2890 5465 3113 5537 (Matth.
3133 5482 3248 5534 vui,
3269 5470 3377 5532 20).
3402 5486 3429 5515 »
3447 5465 3711 5522 Ostendit

2107 5559 2302 5617 autem
2314 5554 2608 5632 quomodo
2623 5554 2767 5615 ﬂent
2778 5554 3147 5627 currus,t‘acie
3155 5555 3271 5615 udo
3292 5554 3709 5631 apostropham
