3970 6040
192 254 299 324 961

1172 247 1530 317 EXPOSITIO
1564 246 1638 312 IN
1676 247 2009 313 PSALMOS.
2041 277 2113 297 -
2139 247 2335 313 PSAL.
2370 245 2549 310 LXVII

3409 247 3516 315 902

207 368 406 460 245
446 384 521 442 ad
550 384 732 442 Deum
759 399 890 440 cum
921 382 1241 458 gratiarum
1276 362 1522 450 actione,
1555 378 1801 437 sictDixi
1824 389 1889 450 Ἀ
1912 378 2015 434 iter
2034 379 2206 450 faciet
2231 376 2874 433 satutariumnostrorum
2906 392 2920 447 ;
2954 375 3135 436 sedad
3155 377 3514 438 Dei'laudem

202 477 360 549 quod
390 476 535 531 ﬁent
570 492 779 541 currus,
810 477 867 529 et
895 490 1000 546 per
1028 475 1136 529 hoc
1154 474 1297 529 ﬂent
1324 490 1517 526 currus
1546 474 1641 526 :et
1654 469 1811 524 habi-

199 564 350 619 tabis
383 567 439 617 in
476 566 547 617 eis
577 565 635 618 in
686 563 822 621 Sina
877 566 931 617 in
987 569 1188 627 sancto,
1240 562 1392 633 quod
1426 560 1708 614 ascendisti
1757 560 1812 613 in

199 653 394 719 altum,
426 651 483 706 id
509 655 594 708 est
620 652 934 707 ascendens
964 650 1023 706 in
1052 652 1257 706 coelum
1290 649 1605 704 secundum
1655 647 1811 719 quod

201 742 402 797 homo.
436 741 579 796 Nam
620 741 935 795 secundum
965 740 1120 811 quod
1154 741 1319 805 Deus,
1360 755 1477 793 non
1505 754 1563 791 es
1594 736 1808 802 localis,

203 834 265 886 et
288 847 393 903 per
411 847 709 886 ascensum
726 834 908 895 tuum,
943 828 1227 893 mittendo
1250 828 1527 897 Spiritum
1548 828 1810 879 sanctum

202 920 265 976 in
285 918 535 985 eis,fient
552 934 749 972 currus
761 916 1029 971 tuus.i\'isi
1057 915 1212 971 enim
1232 915 1439 983 abires,
1462 915 1808 980 Paraeletus,

202 1009 280 1065 ad
309 1023 408 1062 eos
432 1022 549 1061 non
581 1006 803 1060 veniret
826 1005 1010 1071 (Joan.
1049 1020 1158 1058 xvr.
1181 1008 1254 1064 7).
1289 1006 1357 1058 Et
1382 1007 1447 1058 tu
1493 1002 1809 1057 ascendens

197 1099 391 1170 cepisti
415 1097 795 1166 captivitatem,
839 1093 898 1149 id
927 1095 1014 1147 est
1061 1092 1251 1163 capies
1296 1095 1486 1147 tecum
1539 1096 1597 1146 et
1635 1091 1807 1146 duces

199 1188 432 1241 sanctos
450 1183 801 1257 patriarchas
813 1186 871 1237 et
884 1180 1320 1253 prophetas,qui
1342 1182 1477 1235 ante
1498 1180 1810 1234 adventum

200 1276 371 1331 tuum
398 1272 733 1338 morientes,
763 1270 972 1341 captivi
1020 1269 1079 1323 in
1106 1268 1335 1324 inferno
1377 1267 1807 1333 detinebantur,

200 1380 349 1435 quos
373 1360 728 1433 resurgendo
747 1358 881 1414 inde
897 1358 1123 1425 educes,
1155 1360 1213 1412 et
1227 1356 1590 1412 ascendendo
1616 1359 1809 1410 tecum

199 1451 469 1508 deduces.
496 1452 605 1504 Per
616 1449 723 1504 hoc
744 1450 940 1502 autem
954 1447 1108 1501 vivos
1133 1445 1309 1501 allicit
1334 1446 1407 1500 ad
1420 1444 1810 1501 obediendum

198 1539 336 1607 sibi,
367 1542 431 1594 ut
458 1541 517 1594 et
545 1537 650 1608 ipsi
680 1536 1192 1592 deducantur.Non
1213 1534 1398 1589 solum
1425 1536 1620 1587 autem
1638 1533 1809 1603 capti-

196 1630 420 1683 vitatem
448 1625 656 1698 capies,
684 1624 784 1679 sed
814 1624 990 1679 etiam
1014 1626 1069 1677 in
1098 1622 1417 1688 hominibus,
1446 1620 1500 1674 id
1546 1622 1632 1674 est
1660 1619 1813 1674 inter

1911 468 2399 539 magniﬁcandam
2421 467 2734 540 repetitum
2766 469 2868 533 est,
2916 470 2973 523 et
3025 471 3281 541 quamvis
3308 474 3514 542 potens

1911 557 2020 610 erit
2049 557 2121 611 ad
2150 557 2333 611 salvos
2362 556 2491 610 s’uos
2524 555 3078 623 faciendum,tamen
3102 562 3269 613 exitus
3292 559 3520 614 Domini

1912 644 2831 712 illius,reveraetantonomastice
2844 646 3074 700 Domini
3088 646 3513 716 existentis,erit

1911 735 2078 787 exitus
2103 737 2304 787 mortis.
2336 733 2499 797 Quod
2526 736 2610 787 est
2639 733 2828 787 dicere
2854 751 2865 787 :
2889 735 3045 789 Exiet
3074 735 3145 789 ad
3172 736 3516 808 gloriamro—

1912 821 2284 875 surrectionis
2319 825 2377 875 et
2408 821 2862 876 immortalitatis
2902 840 3005 895 per
3044 828 3315 879 mortem.
3351 826 3520 881 Juxta

1909 910 2083 965 illud:
2108 910 2591 983 «Oportebatpati
2624 910 2909 966 Christum
2929 915 3319 984 etresurgere,
3353 917 3411 968 et
3434 914 3518 971 ita

1908 998 2127 1053 intrare
2154 999 2212 1052 in
2236 999 2482 1069 gloriam
2510 1014 2673 1052 suam
2706 999 2859 1069 (Luc.
2894 1018 3038 1067 xxiv,
3072 1002 3184 1072 28);
3208 1023 3236 1051 »
3266 1019 3331 1057 ac
3357 1004 3401 1057 si
3428 1004 3515 1058 di-

1910 1090 2002 1141 cat
2034 1103 2046 1140 :
2083 1087 2162 1140 Ne
2195 1086 2529 1141 existimetis
2553 1103 2689 1141 eum
2719 1086 3123 1158 impotentem,
3153 1090 3513 1162 quiamorie-

1907 1177 2037 1245 tur;
2077 1192 2211 1229 nam
2240 1191 2344 1246 per
2374 1178 2624 1229 mortem
2659 1176 2833 1230 exibit
2881 1178 2953 1231 ad
3013 1178 3282 1249 gloriam.
3316 1181 3383 1234 Et
3412 1196 3517 1251 per

1908 1263 2015 1319 hoc
2042 1263 2231 1318 innuit
2269 1263 2403 1335 quia
2433 1267 2492 1317 et
2518 1263 2713 1319 ﬁdeles
2741 1265 2975 1320 exibunt
3018 1282 3121 1336 per
3158 1271 3409 1324 mortem
3438 1270 3514 1324 si-

1910 1352 2126 1406 militer
2155 1352 2227 1406 ad
2258 1351 2524 1423 gloriam.
2562 1353 2628 1406 Et
2648 1353 2706 1406 in
2758 1353 2867 1407 hoc
2897 1353 3086 1409 innuit
3133 1373 3249 1411 non
3302 1359 3512 1414 debere

1909 1457 2009 1496 eos
2038 1439 2362 1495 contristari
2395 1439 2466 1494 de
2490 1441 2599 1494 hoc
2629 1441 2782 1511 quod
2814 1446 2945 1496 sunt
2974 1444 3262 1501 morituri.

1981 1528 2124 1583 Cum
2154 1545 2288 1583 vero
2322 1528 2406 1583 bis
2438 1528 2573 1582 dicit
2601 1528 2825 1584 Domini
2868 1530 3110 1595 Domini,
3157 1534 3230 1588 ad
3281 1536 3513 1592 laudem

1910 1618 2033 1688 ejus
2061 1618 2170 1672 hoc
2189 1616 2326 1671 facit
2354 1633 2366 1670 :
2403 1633 2467 1671 ac
2498 1617 2542 1670 si
2575 1618 2726 1671 dicat
2758 1635 2770 1671 :
2806 1618 2955 1674 Illius
2971 1623 3205 1677 Domini
3228 1624 3385 1692 dicit,
3416 1625 3514 1697 qui

196 1716 440 1788 illosqui
465 1717 637 1770 erunt
661 1711 932 1768 homines
951 1713 1137 1767 adhuc
1162 1711 1221 1765 in
1247 1725 1421 1764 carne
1452 1708 1704 1762 viventes
1727 1724 1812 1761 ac-
1837 1707 1888 1766 B
1909 1704 2367 1760 antonomastice
2395 1705 2671 1759 Dominus
2729 1710 2832 1772 est,
2883 1708 2972 1762 cui
3012 1711 3203 1764 omnis
3254 1717 3517 1769 creatura

196 1807 405 1877 cepisti,
434 1804 490 1859 id
518 1808 603 1858 est
632 1802 853 1873 accipies
908 1800 1069 1867 dona,
1130 1799 1280 1871 quod
1335 1800 1421 1851 est
1464 1796 1652 1851 dicere
1686 1812 1699 1850 ε
1734 1797 1812 1850 Ex

197 1891 539 1949 hominibus
570 1890 852 1963 quosdam
879 1887 1120 1959 accipies
1132 1902 1235 1959 per
1267 1884 1588 1939 doctrinam
1613 1899 1813 1938 currus

201 1984 313 2051 tui,
344 1982 440 2055 qui
466 1984 637 2036 erunt
667 1980 822 2035 dona
863 1983 981 2045 tua,
1018 1995 1052 2032 a
1078 1980 1178 2032 tuo
1225 1975 1331 2029 tibi
1375 1974 1587 2029 scilicet
1644 1974 1811 2029 Patre

208 2070 494 2130 donandi.
528 2068 644 2125 Hoc
687 2071 884 2123 autem
935 2065 1188 2121 ostendit
1217 2080 1250 2118 a
1281 2066 1466 2135 parte,
1509 2061 1587 2116 sic
1623 2078 1635 2115 :
1669 2061 1811 2117 Vere

202 2160 452 2233 accipies
503 2157 783 2231 quosdam
815 2172 883 2211 ex
915 2153 1268 2220 hominibus,
1299 2153 1397 2225 qui
1452 2152 1623 2205 erunt
1659 2149 1815 2204 dona

196 2255 326 2308 tua.

275 2337 493 2393 Etenim
519 2334 780 2406 accipies,
806 2350 839 2388 o
871 2331 1170 2388 Dominice
1202 2331 1513 2396 homo,non
1550 2326 1813 2383 credentes

197 2426 504 2482 inhabitare
532 2425 827 2480 Dominum
852 2422 1047 2487 Deum,
1086 2419 1297 2474 scilicet
1326 2416 1606 2489 quosdam
1638 2431 1702 2468 ex
1724 2415 1816 2468 Ju-

206 2515 370 2580 dasis,
405 2513 684 2584 quierunt
713 2529 819 2565 non
839 2510 1099 2565 credentes
1129 2506 1435 2561 inhabitare
1456 2504 1512 2557 in
1547 2507 1600 2557 te
1630 2502 1815 2555 Domi-

209 2620 348 2658 num
383 2602 582 2670 Deum,
621 2599 719 2671 qui
771 2600 880 2654 hoc
928 2596 1136 2652 dicturi
1172 2598 1304 2649 sunt
1347 2593 1625 2648 verbum:
1656 2613 1682 2639 ι(
1716 2590 1814 2644 Hic

204 2692 394 2746 homo
426 2706 544 2745 non
574 2691 661 2743 est
686 2705 720 2742 a
762 2688 899 2753 Deo,
934 2686 1030 2757 qui
1062 2685 1380 2739 Sabbatum
1422 2698 1539 2736 non
1569 2678 1818 2734 custodit

197 2779 488 2851 (Joan.1x,
523 2779 631 2845 16).
656 2797 684 2825 »
710 2777 819 2831 Per
846 2776 996 2829 hanc
1027 2775 1222 2827 autem
1253 2772 1477 2842 partem
1508 2769 1578 2823 de
1606 2766 1817 2821 Iudaeis

199 2855 423 2933 innuit,
449 2865 605 2938 quod
635 2865 811 2919 etiam
853 2863 925 2917 de
956 2861 1227 2933 gentibus
1270 2861 1495 2931 partem
1552 2855 1812 2925 accipiet.

1910 1794 2138 1849 subdita
2168 1791 2425 1857 est.Quia
2441 1809 2572 1846 vero
2598 1793 2818 1848 dixerat
2839 1811 2972 1850 eum
3021 1799 3389 1867 moriturum,
3441 1819 3515 1858 ne

1910 1882 2101 1952 aliquo
2134 1881 2308 1936 modo
2339 1880 2626 1935 videretur
2654 1898 2787 1936 eum
2820 1884 3181 1955 depressisse,
3213 1904 3516 1946 commen-

1876 2012 1891 2019 -
1912 1972 2011 2026 dat
2032 1988 2164 2025 eum
2194 1970 2271 2024 sic
2298 1988 2310 2025 :
2349 1970 2483 2025 Dico
2507 1971 2662 2042 quod
2690 1973 2864 2026 exitus
2894 1974 3119 2029 Domini
3163 1978 3273 2031 erit
3323 1982 3517 2035 mortis

1911 2061 2099 2113 exitus.
2142 2058 2519 2112 Verumtamen
2547 2058 2693 2112 Deus
2718 2060 2985 2128 existens,
3020 2062 3139 2132 ipse
3169 2065 3267 2135 qui
3316 2067 3514 2122 Domi-

1913 2164 2015 2201 nus
2049 2145 2385 2216 simpliciter
2414 2147 2698 2213 credetur,
2730 2149 3030 2220 confringet
3061 2155 3240 2223 capita
3275 2155 3516 2211 inimico-

1912 2252 2031 2289 rum
2059 2250 2293 2301 suarum,
2310 2234 2368 2288 id
2393 2237 2478 2288 est
2500 2235 2829 2307 confringet
2854 2242 3196 2307 potestatem
3211 2243 3518 2312 spirituum

1914 2324 2327 2395 malignorum,
2358 2322 2455 2394 qui
2483 2327 2617 2379 sunt
2646 2325 2834 2396 capita
2881 2326 3222 2397 inﬁdelium,
3254 2333 3352 2403 qui
3407 2334 3516 2389 ini-

1916 2412 2051 2467 mici
2074 2410 2173 2466 Dei
2207 2414 2358 2466 sunt.
2398 2412 2462 2464 Et
2492 2411 2668 2482 digne
2701 2413 2933 2483 quidem
2978 2417 3165 2486 capita
3194 2418 3518 2477 infidelium

1916 2499 2202 2565 dicuntur,
2238 2499 2372 2570 quia
2392 2499 2474 2553 eis
2499 2499 2895 2570 dominantur,
3155 2507 3299 2563 sicut
3351 2514 3524 2582 caput,

1916 2587 2198 2642 membris
2219 2587 2489 2642 omnibus
2519 2587 2870 2646 dominatur.
2898 2592 3061 2655 Quod
3074 2598 3159 2649 est
3175 2596 3363 2652 dicere
3383 2601 3522 2653 :Au-

1916 2676 2063 2730 feret
2092 2675 2363 2745 malignis
2393 2674 2687 2744 spiritibus
2737 2681 3105 2748 potestatem,
3151 2701 3223 2738 ne
3262 2684 3373 2739 illis
3421 2687 3520 2758 qui

1916 2764 2092 2820 modo
2118 2763 2169 2817 ei
2189 2764 2342 2818 male
2372 2762 2616 2818 vivendo
2648 2763 3042 2837 inimicantur,
3071 2770 3360 2827 dominari
3388 2792 3518 2847 pos-

1916 2852 2045 2906 sint.
2081 2853 2145 2905 Et
2170 2852 2472 2921 confringet
2498 2854 2741 2906 verticem
2779 2856 2961 2924 capilli
2992 2876 3094 2931 per
3123 2861 3517 2919 ambulantiu'n

201 2955 366 3011 Facit
395 2957 589 3009 autem
612 2951 1023 3024 apostropham
1054 2948 1128 3003 ad
1170 2946 1483 3012 auditores,
1506 2943 1814 2999 enuntians
1839 2980 1885 3040 Ο
1913 2942 1975 2994 in
1990 2940 2197 2994 delectis
2225 2942 2354 3004 suis,
2387 2939 2446 2994 id
2477 2943 2563 2993 est
2585 2942 2913 3011 superbiam
2942 2946 3184 3002 levitatis
3205 2966 3405 3005 eorum
3421 2952 3521 3023 qui

200 3045 455 3099 salutem
490 3058 594 3114 per
622 3040 935 3096 Dominum
961 3039 1239 3092 futuram.
1257 3034 1348 3089 Sic
1367 3033 1501 3101 dixi,
1529 3032 1683 3104 quod
1709 3033 1816 3086 Do-

204 3131 407 3187 minus
441 3132 601 3186 Jesus
634 3128 890 3185 ascendit
914 3129 968 3180 in
1004 3126 1193 3190 altum,
1229 3126 1287 3178 et
1324 3122 1563 3193 accipiet
1590 3122 1731 3176 dona
1760 3121 1813 3173 in

210 3221 541 3286 hominibus,
571 3222 629 3273 et
658 3218 778 3288 ipse
793 3216 1091 3271 benedictus
1115 3214 1404 3278 Dominus,
1424 3211 1481 3265 id
1506 3214 1589 3265 est
1606 3210 1817 3264 exalta-

204 3313 304 3365 tus
336 3308 616 3363 Dominus
645 3306 912 3371 existens,
949 3305 1055 3370 die,
1088 3302 1147 3357 id
1176 3304 1261 3357 est
1298 3318 1402 3372 per
1448 3298 1817 3353 illuminatio-

204 3413 351 3454 nem
381 3395 579 3467 glorise
605 3411 742 3460 sum,
772 3410 898 3465 qua:
926 3408 1029 3463 per
1055 3390 1208 3445 diem
1242 3389 1536 3459 accipitur,
1565 3404 1632 3442 eo
1659 3385 1816 3458 quod

202 3484 499 3543 illuminat
537 3484 754 3547 ﬁdeles,
789 3482 864 3536 ad
908 3478 1344 3535 similitudinem
1385 3475 1498 3530 diei
1529 3475 1816 3529 mundum

203 3572 626 3629 illuminantis:
680 3569 953 3637 Quotidie,
980 3568 1039 3622 id
1069 3569 1153 3620 est
1209 3564 1432 3620 aSSIdue
1483 3563 1554 3617 de
1611 3561 1702 3617 die
1756 3561 1816 3615 in

207 3661 571 3731 diem,faciet
601 3659 748 3713 nobis
782 3672 1098 3728 prosperum
1132 3656 1235 3708 iter
1251 3652 1569 3705 salutarium
1620 3656 1819 3703 nostro-

207 3767 353 3816 rum,
394 3749 454 3804 id
491 3751 575 3803 est
603 3746 986 3802 salvationum
1035 3745 1363 3797 nostrarum
1394 3756 1407 3807 ;
1441 3739 1596 3811 quod
1625 3740 1710 3792 est
1740 3734 1820 3792 di-

207 3855 370 3898 cere:
400 3837 750 3894 Illuminatio
781 3836 904 3907 ejus
944 3833 1110 3889 nobis
1137 3831 1246 3886 erit
1274 3832 1384 3885 iter
1428 3830 1501 3884 ad
1554 3827 1817 3882 salvatio-

210 3945 336 3996 nes,
370 3926 518 3982 ides:
550 3926 625 3980 ad
643 3928 1013 3997 peccatorum
1039 3919 1428 3985 remissiones,
1453 3921 1510 3972 et
1540 3916 1613 3971 ad
1643 3916 1820 3969 vitam

209 4018 560 4088 perpetuam
606 4011 1007 4076 obtinendam,
1041 4009 1099 4063 id
1139 4010 1226 4063 est
1252 4005 1596 4061 illuminatio
1623 4003 1820 4074 glorise

215 4106 342 4176 ejus
376 4102 618 4158 salvabit
646 4117 753 4156 nos
795 4118 829 4155 a
861 4098 1130 4172 peccatis,
1161 4100 1220 4151 et
1249 4096 1321 4150 ad
1357 4096 1533 4149 vitam
1562 4093 1818 4147 reducet.

217 4195 363 4250 Cum
390 4192 526 4247 dicit
565 4190 735 4257 nobis,
767 4187 1032 4259 adjungit
1060 4202 1119 4239 se
1148 4184 1410 4239 ﬁdelibus
1457 4198 1618 4236 novae
1656 4180 1818 4251 legis,

1913 3028 2321 3099 perambulant
2368 3026 2425 3080 in
2468 3027 2689 3081 delictis
2718 3029 2851 3096 suis,
2910 3032 2968 3086 id
3012 3036 3099 3088 est
3150 3042 3521 3105 perseverant

1914 3116 2102 3171 eundo
2130 3115 2200 3169 de
2233 3115 2440 3170 delicto
2463 3116 2521 3169 in
2554 3116 2845 3175 delictum.
2864 3118 3026 3182 Quod
3046 3126 3132 3176 est
3160 3124 3351 3180 dicere
3377 3143 3389 3180 :
3413 3129 3523 3183 Per

1912 3205 2022 3260 hoc
2047 3204 2345 3273 confringet
2371 3203 2431 3257 in
2461 3203 2542 3257 eis
2571 3207 2768 3275 capita,
2796 3206 2857 3261 id
2886 3213 2971 3263 est
2999 3214 3345 3282 potestatem
3372 3218 3523 3287 capi-

1915 3298 2060 3361 tum,
2090 3293 2244 3364 quod
2275 3293 2604 3365 confringet
2633 3295 2691 3349 in
2724 3295 2802 3350 eis
2833 3300 3184 3370 superbiam,
3217 3321 3343 3375 quae
3392 3323 3524 3378 pro-

1915 3382 2065 3437 cedit
2090 3398 2156 3435 ex
2182 3396 2385 3435 eorum
2412 3383 2684 3450 vanitate,
2717 3401 2822 3456 per
2850 3380 3037 3457 quam~
3074 3390 3157 3444 eis
3201 3394 3389 3465 capita
3418 3396 3520 3450 do-

1916 3470 2236 3524 minantur.
2274 3469 2474 3524 Vcrtex
2498 3471 2733 3541 quidem
2766 3474 2902 3544 quia
2927 3477 3203 3547 alta.pars
3233 3486 3317 3536 est
3336 3481 3395 3537 in
3414 3484 3519 3539 ho-

1916 3558 2095 3624 mine,
2128 3560 2281 3611 recte
2315 3559 2643 3628 superbiam
2672 3560 2956 3633 designat,
3013 3583 3140 3636 quia
3174 3570 3299 3639 plus
3337 3572 3519 3626 nimio

1918 3649 2178 3700 mentem
2227 3647 2454 3699 exaltat.
2486 3646 2731 3717 Capillus
2761 3666 2894 3704 vero
2934 3654 3067 3722 quia
3118 3656 3401 3713 levissima
3431 3677 3523 3716 res

1918 3738 2022 3802 est,
2048 3738 2106 3789 et
2131 3734 2292 3789 omni
2342 3738 2509 3788 vento
2534 3736 2807 3792 facillime
2850 3741 3078 3807 cedens,
3114 3759 3218 3813 pro
3269 3747 3522 3803 vanitate

1918 3825 2323 3895 competenter
2361 3823 2654 3893 accipitur.
2708 3826 2822 3881 Hoc
2854 3831 3048 3882 autem
3081 3831 3151 3885 ah
3182 3835 3519 3891 auctoritate

1918 3911 2188 3976 ostendit,
2221 3910 2339 3965 sic:
2381 3912 2522 3966 Vere
2554 3913 2834 3969 Dominus
2886 3917 3187 3988 confringet
3235 3920 3518 3993 inimicos,

1919 3999 2304 4055 convertendo
2336 4015 2433 4054 eos
2462 4000 2537 4056 ad
2561 4018 2641 4056 se.

1988 4089 2132 4142 Nam
2161 4087 2423 4141 Dominus
2466 4088 2603 4143 dicit
2653 4091 2764 4146 hoc
2806 4093 2946 4147 mihi
2980 4093 3237 4165 interius,
3282 4099 3523 4172 spiritali

1920 4175 2390 4241 revelatione,Ex
2403 4175 2672 4245 Basan,id
2683 4183 2767 4233 est
2789 4197 2854 4234 ex
2872 4182 3209 4240 confusione
3222 4197 3524 4247 convertam

218 4281 533 4339 ostendens
565 4295 624 4334 se
639 4279 769 4349 jam
790 4276 906 4331 fide
938 4273 1198 4328 Ecclesia:
1225 4272 1557 4326 membrum
1596 4286 1737 4336 esse,
1758 4284 1822 4323 ac
1843 4259 1895 4317 D
1922 4263 2223 4335 quosdam,
2256 4262 2314 4316 id
2343 4267 2428 4318 est
2456 4273 2755 4320 convertam
2786 4269 3067 4339 quosdam
3091 4273 3164 4327 ad
3186 4291 3280 4329 me
3319 4277 3390 4332 de
3420 4279 3526 4335 ini-

218 4371 267 4426 si
300 4370 456 4425 dicat
484 4386 499 4424 :
534 4369 604 4422 Et
629 4383 724 4421 me
758 4367 893 4420 ante
922 4366 1152 4433 tempus
1177 4358 1548 4431 plenitudinis
1577 4357 1820 4411 existen-

216 4463 362 4524 tem,
389 4461 448 4513 et
486 4457 662 4511 fidem
710 4454 832 4525 ejus
858 4452 1173 4506 habentem
1197 4452 1255 4503 et
1277 4449 1403 4503 illos
1440 4445 1825 4518 quosintem-

216 4563 363 4620 pore
388 4543 760 4616 plenitudinis
813 4542 1084 4605 assumet,
1114 4538 1282 4593 salvos
1308 4538 1471 4606 faciet
1517 4552 1551 4589 a
1580 4533 1823 4607 peccatis

214 4633 602 4689 illuminanda
629 4647 735 4686 nos
776 4628 964 4701 gratia
1003 4645 1105 4682 sua
1152 4624 1412 4698 spiritali,
1457 4627 1515 4678 et
1540 4622 1613 4677 ad
1641 4622 1821 4676 vitam

216 4737 396 4796 quam
424 4720 727 4775 amisimus
745 4717 1004 4774 reducet.
1032 4715 1225 4769 Nullus
1253 4712 1411 4769 enim
1430 4712 1574 4766 adeo
1595 4713 1822 4765 sanctus

215 4808 452 4876 exstitit,
484 4808 583 4880 qui
626 4810 762 4863 ante
810 4810 1042 4875 tempus
1094 4800 1529 4875 plenitudinisa
1574 4797 1823 4871 peccatis

216 4896 598 4969 originalibus
621 4897 957 4952 salvaretur.
991 4894 1059 4946 Et
1085 4894 1236 4947 bene
1270 4889 1434 4961 ponit
1458 4886 1687 4960 quotidie
1696 4901 1824 4956 pro-

215 5002 430 5057 sperum
457 4989 556 5040 iter
579 4986 785 5056 faciet;
817 4980 1074 5055 quotidie
1100 4995 1350 5050 namque
1378 4978 1575 5032 ﬁdeles
1587 4991 1689 5046 per
1700 4989 1826 5045 gra-

214 5074 362 5129 tiam
383 5075 485 5129 Dei
502 5073 745 5129 veniunt
780 5072 853 5126 ad
901 5068 1300 5133 salvationem,
1346 5064 1733 5136 unusquisque
1763 5060 1824 5116 in

216 5178 321 5220 suo
346 5165 518 5217 statu.
554 5161 835 5217 Dominus
890 5158 1015 5213 dico
1063 5156 1317 5210 existens
1342 5154 1487 5208 Deus
1515 5158 1708 5216 noster,
1736 5148 1827 5203 cui

216 5250 465 5306 facimus
494 5251 685 5306 locum
709 5247 938 5304 deitatis
985 5246 1044 5300 in
1073 5244 1239 5299 nobis
1264 5242 1610 5307 obediendo,
1643 5242 1701 5294 et
1722 5253 1827 5292 nos

220 5337 329 5410 ipsi
362 5338 683 5405 subdendo,
713 5339 772 5393 et
800 5334 1046 5391 existens
1074 5331 1219 5386 Deus
1237 5331 1406 5385 salvos
1429 5327 1694 5400 faciendi,
1721 5341 1824 5396 po-

221 5431 373 5494 tens,
411 5428 468 5482 id
493 5432 578 5482 est
604 5427 701 5499 qui
733 5428 939 5497 potens
967 5422 1078 5476 erit
1124 5420 1196 5475 ad
1224 5419 1559 5474 salvandum
1589 5433 1716 5470 nos.
1745 5414 1827 5470 Et

218 5517 335 5573 hoc
360 5515 517 5574 idem
543 5518 629 5571 est
655 5514 815 5587 quod
844 5509 1102 5585 superius
1121 5508 1331 5582 posuit,
1340 5520 1652 5579 prosperum
1680 5504 1827 5560 nobis

1922 4352 2084 4406 micis
2105 4351 2249 4406 meis
2275 4368 2287 4405 :
2323 4355 2558 4423 propter
2586 4353 2794 4421 Busan,
2828 4356 2887 4410 id
2912 4361 2997 4412 est
3025 4365 3262 4431 propter
3320 4368 3521 4423 confu-

1922 4440 2143 4496 sionem
2168 4456 2342 4510 quam
2371 4439 2427 4493 in
2457 4457 2517 4494 se
2545 4442 2862 4510 habebunt,
2898 4444 2969 4500 de
2994 4451 3239 4519 peccatis
3277 4455 3391 4510 suis
3433 4474 3525 4514 ve-
3616 4458 3629 4475 '

1921 4529 2295 4583 recundando
2324 4531 2380 4583 et
2417 4531 2727 4599 gemendo.
2785 4534 2965 4589 Basan
3013 4538 3225 4609 quippe
3283 4546 3523 4615 confusio

1923 4618 2149 4672 dicitur.
2185 4616 2327 4670 Cum
2360 4616 2496 4670 dicit
2526 4635 2589 4671 ex
2617 4617 2824 4687 Busan,
2857 4621 2999 4678 illud
3027 4642 3090 4679 ex
3113 4631 3394 4687 causative
3417 4650 3520 4703 po-

1921 4706 2096 4760 nitur.
2115 4704 2379 4758 Ostendit
2410 4708 2602 4759 autem
2634 4723 2738 4777 per
2781 4714 2973 4779 partes
3025 4730 3166 4785 quos
3201 4726 3520 4788 convertet,

1920 4792 2188 4849 addendo
2219 4792 2319 4860 sic,
2351 4792 2564 4848 scilicet
2603 4806 2906 4853 convertam
2965 4803 3021 4853 in
3041 4804 3377 4872 profundum
3406 4826 3524 4864 ma-

1922 4884 2000 4937 ris
2031 4882 2355 4947 existentes,
2408 4881 2466 4935 id
2497 4886 2581 4937 est
2630 4884 2755 4939 illos
2787 4886 2884 4956 qui
2915 4889 3185 4957 profundi
3243 4898 3414 4949 erunt
3462 4898 3522 4954 in

1924 4969 2336 5025 amaricatione
2364 4970 2655 5027 vitiorum.
2686 4974 2794 5027 Per
2821 4974 2971 5028 hanc
3009 4991 3143 5029 vero
3178 4984 3400 5048 partem
3433 4985 3523 5040 in-

1925 5058 2051 5129 nuit
2078 5058 2213 5129 quia
2233 5058 2415 5113 multo
2442 5060 2627 5132 magis
2648 5063 3523 5134 convertetquosdam,nondum

1925 5146 2230 5201 existentes
2257 5146 2315 5199 in
2335 5148 2625 5217 profundo
2650 5149 2843 5203 maris.
2877 5150 3032 5206 Facit
3049 5155 3244 5210 autem
3272 5163 3527 5229 apostro-

1925 5234 2187 5309 phamad
2205 5237 2413 5302 Deum,
2436 5253 2569 5290 cum
2605 5237 2923 5305 gratiarum
2963 5241 3211 5311 actione,
3243 5224 3323 5300 sic
3353 5263 3366 5301 :
3404 5248 3527 5305 Dixi

1927 5340 1959 5379 ο
1995 5325 2158 5390 Deus,
2192 5323 2344 5395 quod
2374 5326 2672 5379 convertes
2719 5330 2777 5380 et
2812 5325 3142 5399 confringes
3168 5332 3450 5402 inimicos,
3473 5340 3532 5392 et

1925 5429 2103 5483 usque
2134 5411 2275 5465 adeo
2308 5412 2657 5481 confringes,
2690 5422 2757 5468 ut
2794 5431 2885 5484 pes
2942 5421 3064 5469 tuus
3122 5420 3423 5490 intingatur
3478 5427 3536 5477 in

1923 5502 2197 5571 sanguine,
2213 5500 2269 5554 id
2287 5501 2371 5554 est
2391 5497 2610 5556 inimici
2631 5498 2779 5558 facti
2811 5518 2911 5575 pes
2937 5504 3090 5573 tuus,
3124 5504 3185 5563 id
3209 5512 3298 5565 est
3323 5507 3537 5565 discur-
