4004 6052
398 270 508 347 963

1006 277 1067 344 S.
1094 272 1440 345 BRUNONIS
1478 271 2109 344 CARTHUSIANORUM
2145 271 2612 343 INSTITUTORIS
2650 274 2805 342 OPP.
2846 278 3046 342 PARS.
3084 274 3109 341 Ῑ

3607 274 3724 345 964

395 412 554 462 tores
577 400 662 462 tui
691 402 789 480 qui
813 404 871 463 te
896 422 1000 481 per
1023 405 1311 463 mundum
1342 404 1727 462 discurrentes
1774 402 2008 461 conﬁte-
2025 425 2081 486 Α
2109 402 2392 462 Faciendo
2425 420 2560 461 vero
2591 403 3002 479 apostropham
3039 400 3109 461 ad
3142 419 3241 462 eos
3271 419 3415 480 quos
3450 404 3725 480 superius

303 490 306 494 ’
396 494 632 563 buntur,
652 496 1015 568 intinguntur
1034 496 1093 550 in
1127 495 1410 567 sanguine
1422 495 1708 567 martyrii.
1727 494 2011 566 Exprimit

399 589 594 640 autem
611 585 684 640 ad
697 586 853 657 quod
867 585 1191 649 efﬁcientur
1198 603 1294 655 pes
1311 601 1439 639 cum
1459 584 1784 640 subditzpes
1798 584 1923 639 dico
1945 600 2011 638 ex

398 676 626 729 inimicis
639 674 1033 743 factus,lingua
1047 691 1239 728 canum
1256 680 1492 728 tuorum.
1528 673 1915 727 Imtransitive
1932 672 2012 727 di-

395 767 554 817 ctum
571 766 745 830 est,ac
758 763 801 817 si
824 763 1068 817 diceret:
1087 762 1193 826 Qui
1215 762 1565 817 discursores
1578 779 1645 815 ex
1663 762 1910 816 inimicis
1926 761 2009 815 ef-

398 851 932 923 ﬁcienturlinguosi
956 851 1035 905 tui
1063 867 1233 905 canes
1269 867 1280 904 :
1317 855 1375 905 et
1412 851 1519 905 hac
1552 869 1585 903 a
1617 853 1797 921 teipso,
1832 866 1948 905 non
1976 867 2009 904 a

396 939 579 994 libero
607 939 843 994 arbitrio
870 956 992 994 suo.
1024 938 1189 1002 Quod
1206 944 1292 993 est
1317 938 1507 993 dicere
1541 957 1557 992 :
1588 939 1779 993 Facies
1810 955 1908 994 eos
1941 939 2012 993 si-

395 1026 851 1097 mileslinguosis
872 1025 1128 1093 canibus,
1161 1026 1257 1097 qui
1318 1026 1513 1080 ﬁdelia
1543 1025 1819 1081 animalia
1877 1027 2011 1080 sunt

398 1114 1116 1181 dominissuis,etinimicis
1134 1114 1514 1179 oblatrantes,
1542 1119 1603 1169 ut
1622 1114 1727 1185 ipsi
1745 1113 2011 1168 similiter

397 1203 501 1258 tibi
512 1203 1018 1268 fideles,haereticis
1035 1207 1093 1256 et
1106 1202 1706 1258 omnibusinﬁdelibus
1719 1203 2011 1258 oblatrent

393 1291 608 1364 ubique
638 1292 900 1364 gentium
931 1292 1340 1359 discurrentes,
1389 1296 1443 1346 et
1479 1293 1758 1347 doctrinae
1788 1292 2012 1347 semina

393 1384 751 1453 spargentes,
800 1396 902 1452 pro
936 1398 1049 1452 qua
1082 1380 1259 1435 etiam
1280 1396 1399 1434 non
1424 1380 1769 1435 dubitabunt
1801 1379 2009 1452 intingi

396 1471 449 1523 in
480 1471 737 1539 sanguine
765 1468 1051 1540 martyrii.
1090 1468 1239 1532 Quia
1268 1485 1401 1523 vero
1425 1469 1572 1541 pede
1589 1469 1857 1536 curritur,
1908 1485 2010 1539 pes

395 1574 501 1630 pro
539 1558 951 1613 discursoribus
1008 1557 1163 1612 haud
1223 1557 1542 1629 incongrue
1575 1558 1840 1612 sumitur.
1900 1560 2009 1612 Per

394 1647 505 1703 hoc
532 1651 727 1702 autem
753 1646 1112 1718 intingentur
1141 1648 1197 1700 in
1227 1648 1484 1715 sanguine
1505 1647 1640 1718 quia
1659 1647 1907 1701 viderunt
1929 1649 2011 1700 in-

2109 495 2329 551 vocavit
2343 495 2441 550 Dei
2458 495 2633 568 pedes
2658 499 2716 550 et
2742 495 3036 567 linguosos
3060 512 3252 565 canes,
3277 495 3626 553 adhortatur
3644 498 3725 555 ad

2109 584 2583 639 benedicendum
2610 585 2815 650 Deum,
2862 583 3178 639 habitando
3208 584 3267 639 in
3297 587 3722 643 communitate

2115 673 2400 740 Ecclesiae,
2436 689 2553 728 non
2592 673 2837 745 superbe
2868 672 3177 728 dividendo
3231 690 3291 729 se
3317 675 3389 729 ab
3444 691 3533 742 ea,
3560 675 3721 747 quod

2110 762 2228 816 Deo
2268 763 2415 816 esset
2440 761 2754 833 ingratum,
2783 761 3254 833 quandoquidem
3280 765 3554 835 principes
3582 780 3714 819 con-

2102 850 2284 920 juncti
2307 852 2478 905 erunt
2497 850 2837 921 juvenculis.
2868 850 2912 906 0
2932 866 3029 904 vos
3050 852 3419 907 convertendi
3443 870 3507 906 ex
3530 851 3721 909 Busan

2108 938 2285 992 futuri
2326 939 2501 1010 pedes
2530 938 2652 1005 Dei,
2711 938 2889 993 nolite
2941 938 3238 1009 superbire
3282 940 3353 995 de
3398 941 3508 996 hoc
3560 942 3721 1013 quod

2110 1027 2287 1099 pedes
2308 1026 2486 1094 eritis,
2504 1026 2606 1081 sed
2631 1027 2691 1081 in
2715 1026 2987 1089 Ecclesiis,
3010 1027 3070 1082 id
3094 1030 3179 1083 est
3208 1028 3267 1082 in
3296 1030 3719 1086 communitate

2112 1114 2490 1169 Ecclesiarum
2515 1115 2585 1169 de
2604 1114 2813 1169 Iudaeis
2845 1114 3168 1183 existentes,
3198 1133 3338 1187 quas
3382 1117 3722 1187 juvenculas

2110 1202 2640 1258 vocavi.Benedicite
2668 1204 2901 1259 Domino
2924 1202 3061 1271 Deo,
3094 1204 3153 1259 id
3178 1207 3263 1259 est
3288 1204 3516 1260 laudate
3546 1206 3711 1262 illum

2111 1292 2425 1346 Dominum
2457 1291 2553 1363 qui
2586 1295 2733 1347 Deus
2752 1295 2837 1346 est
2861 1296 3451 1363 potensremunerare
3475 1293 3713 1353 laudem

2108 1384 2378 1447 vestram,
2404 1381 2632 1436 laudate
2662 1380 2875 1437 scilicet
2909 1398 3064 1451 voce,
3096 1383 3230 1450 vita,
3261 1385 3320 1438 et
3349 1400 3451 1455 pro
3482 1400 3552 1440 eo
3586 1401 3714 1441 mo-

2108 1468 2333 1523 riendo.
2369 1469 2504 1524 Dico
2524 1470 2809 1525 benedicite
2819 1470 2953 1537 Deo,
2977 1471 3132 1542 quod
3143 1472 3483 1528 benedicere
3503 1489 3712 1544 proce-

2109 1556 2207 1610 dat
2231 1557 2296 1612 de
2323 1558 2564 1627 fontibus
2604 1558 2792 1626 Israel,
2825 1558 2884 1613 id
2913 1564 2998 1614 est
3027 1560 3098 1614 de
3141 1562 3403 1632 exemplo
3432 1562 3711 1630 fontium,

2106 1643 2167 1698 id
2198 1650 2283 1700 est
2314 1646 2598 1714 Ecclesiae,
2631 1647 2842 1702 scilicet
2866 1648 3097 1703 laudate
3126 1665 3262 1703 eum
3293 1649 3351 1703 in
3390 1650 3716 1706 communio

392 1754 596 1807 gressus
627 1743 760 1803 tuos,
784 1735 845 1790 id
874 1740 960 1790 est
984 1735 1260 1789 videbunt
1285 1752 1490 1804 gressus
1537 1742 1672 1801 tuos,
1726 1735 1891 1802 Deus,
1948 1735 2009 1790 id
2031 1750 2081 1808 Β
2106 1735 2223 1789 tate
2248 1735 2508 1789 Ecclesiae
2540 1735 2611 1790 de
2639 1736 2847 1790 Judaeis
2861 1737 3239 1807 persistendo,
3271 1737 3414 1792 sicut
3440 1739 3708 1810 apostoli,

395 1828 480 1880 est
501 1825 657 1898 quod
682 1827 743 1879 tu
792 1840 896 1895 per
953 1826 1207 1879 mortem
1264 1824 1568 1893 gradieris,
1615 1824 1865 1896 ldeoque
1922 1824 2007 1878 tui

405 1915 671 1986 exemplo
716 1913 1097 1984 intingentur.
1139 1913 1203 1967 In
1236 1912 1348 1967 alia
1396 1913 1775 1967 translatione
1833 1913 2009 1967 habe-

399 2006 497 2058 tur
518 2020 531 2058 :
576 2003 837 2057 Viderunt
855 2004 1045 2056 itinera
1069 2008 1181 2055 tua.
1229 2001 1352 2065 Qua
1370 2001 1438 2056 de
1454 2018 1518 2055 re
1534 2000 1889 2073 etingressus
1901 2018 2005 2072 pro

403 2109 630 2164 gressus
658 2091 912 2163 positum
938 2108 1058 2145 esse
1088 2090 1431 2162 colligimus.
1467 2091 1546 2144 Ne
1573 2106 1707 2145 vero
1734 2090 2003 2144 inconve-

400 2180 568 2235 niens
595 2179 888 2234 videretur
939 2195 1073 2233 eum
1115 2180 1300 2233 Deum
1346 2195 1489 2247 esse,
1522 2183 1581 2233 et
1617 2195 1721 2250 per
1752 2182 2005 2233 mortem

398 2267 564 2340 gradi
595 2266 903 2321 confirmat
920 2267 1051 2333 hoc,
1079 2266 1153 2320 ad
1184 2266 1627 2321 instructionem
1646 2265 2003 2333 auditorum,

397 2354 809 2427 apostropham
834 2353 906 2407 ad
926 2369 1025 2408 eos
1037 2352 1323 2419 faciendo,
1344 2353 1421 2407 sic
1454 2370 1467 2408 :
1504 2353 1639 2408 Dico
1669 2353 1824 2424 quod
1849 2353 2003 2408 vide-

396 2444 545 2499 bunt
569 2459 796 2513 gressus
818 2442 1040 2495 tuos.Et
1070 2458 1222 2503 vere,
1257 2457 1289 2495 o
1307 2441 1849 2511 auditores,gressus
1863 2443 2006 2496 tales

399 2531 683 2587 erunLDei
700 2532 963 2599 mei,regis
992 2530 1218 2600 mei,qui
1231 2530 1785 2596 est,idesthabitabit
1802 2532 1858 2583 in
1884 2548 2007 2584 san-

398 2626 480 2675 cto
522 2618 821 2675 Dominico
873 2617 1143 2685 homine;
1199 2633 1264 2672 ac
1314 2618 1361 2671 si
1393 2618 1583 2672 dicat:
1611 2618 1863 2673 Verbum
1894 2617 2004 2674 Dei

400 2710 549 2765 Deus
561 2724 724 2763 meus
737 2706 982 2763 existens
1000 2706 1317 2779 cuicunque
1342 2708 1489 2761 Deus
1512 2722 1631 2761 non
1651 2706 1915 2762 videatur
1948 2710 2007 2763 et

397 2815 497 2853 rex
524 2815 707 2864 meus,
734 2796 1051 2851 secundum
1070 2796 1227 2868 quod
1268 2798 1323 2849 in
1342 2802 1522 2850 sancto
1548 2796 1678 2863 erit,
1712 2796 2008 2868 gradietur

398 2904 504 2958 per
533 2889 808 2953 mortem,
845 2884 904 2939 id
945 2887 1030 2939 est
1082 2887 1310 2939 sanctus
1354 2884 1447 2939 ille
1479 2884 1585 2956 ipsi
1625 2884 2008 2957 personaliter

395 2976 594 3032 unitus
622 2975 923 3030 morietur.
960 2974 1125 3038 Quod
1152 2976 1238 3028 est
1258 2990 1322 3052 ac
1343 2973 1389 3028 si
1421 2973 1606 3028 dicat:
1635 2973 2006 3027 Deusverbum

2108 1822 2206 1893 qui
2231 1822 2500 1878 dicuntur
2512 1823 2698 1879 fontes
2715 1825 2997 1891 Ecclesiae,
3027 1841 3095 1880 eo
3117 1826 3271 1897 quod
3298 1843 3429 1881 eam
3447 1826 3715 1883 doctrina

2106 1926 2207 1965 sua
2245 1914 2470 1982 potant.
2502 1911 2648 1966 Nihil
2671 1911 2829 1966 enim
2873 1912 3178 1983 proﬁceret
3220 1914 3367 1968 bene
3421 1914 3632 1983 facere,
3662 1914 3710 1969 si

2105 1999 2492 2070 superbiendo
2526 1999 2895 2055 discederetis
2925 2001 2997 2056 ab
3050 2002 3310 2057 Ecclesiae
3340 2004 3702 2060 collectione.

2105 2087 2271 2142 Juxta
2296 2088 2450 2160 quod
2478 2089 2782 2159 Apostolus
2811 2092 3080 2145 testatur:
3108 2112 3135 2140 «
3164 2090 3221 2145 Si
3246 2091 3538 2147 tradidero
3569 2107 3699 2147 cor-

2105 2191 2213 2248 pus
2238 2193 2435 2231 meum
2465 2176 2545 2231 ita
2569 2179 2633 2230 ut
2675 2177 2934 2245 ardeam,
2967 2178 3308 2233 charitatem
3361 2183 3556 2235 autem
3589 2197 3712 2236 non

2103 2263 2377 2332 habeam,
2410 2264 2551 2319 nihil
2582 2264 2726 2319 mihi
2754 2267 2990 2336 prodest
3013 2266 3074 2336 (Ι
3098 2265 3223 2321 Cor.
3253 2284 3371 2335 XIII,
3403 2271 3529 2333 3).»
3557 2269 3720 2324 Tunc

2108 2352 2342 2423 quidem
2372 2353 2684 2407 discederis
2736 2353 2807 2408 ab
2858 2354 3123 2423 Ecclesia,
3179 2356 3225 2410 si
3263 2373 3361 2411 vos
3384 2358 3534 2412 solos
3583 2374 3717 2412 san-

2109 2443 2233 2494 ctos
2254 2458 2375 2495 esse
2425 2442 2770 2512 judicantes,
2815 2441 2941 2497 illos
2984 2443 3054 2497 de
3085 2444 3333 2499 Ecclesia
3371 2444 3713 2516 judicaretis

2107 2545 2227 2584 esse
2265 2530 2630 2585 solummodo
2662 2535 2991 2603 peccatores
3018 2536 3077 2586 et
3104 2531 3376 2604 indignos
3399 2550 3704 2588 conversa-

2106 2616 2266 2672 tione
2297 2621 2502 2685 vestra,
2542 2618 2599 2672 et
2624 2617 2702 2673 sic
2732 2619 3072 2676 charitatem
3101 2637 3241 2693 erga
3271 2636 3369 2677 eos
3391 2638 3509 2677 non
3531 2622 3711 2677 habe-

2107 2707 2264 2760 retis.

2178 2795 2407 2850 Diceret
2449 2795 2690 2869 aliquis:
2721 2797 2827 2862 Qui
2877 2800 3047 2853 erunt
3086 2798 3276 2853 fontes
3327 2797 3562 2852 illi?Ad
3595 2798 3708 2853 hoc

2107 2887 2299 2939 autem
2326 2884 2403 2939 sic
2423 2887 2755 2958 respondet,
2774 2887 2867 2949 ibi,
2889 2886 3045 2941 idest
3066 2886 3218 2941 inter
3239 2887 3365 2941 illos
3392 2887 3584 2941 fontes
3603 2886 3718 2942 erit

2108 2971 2397 3043 Benjamin
2430 2973 2860 3043 adolescentulus,
2888 2975 2947 3029 id
2995 2978 3081 3029 est
3107 2975 3315 3030 Paulus
3357 2975 3454 3047 qui
3492 2975 3606 3030 erit
3635 2975 3710 3031 de

395 3065 545 3120 dabit
578 3064 657 3118 eis
678 3063 1009 3132 exemplum
1041 3048 1329 3116 moriendi
1360 3061 1682 3132 gradienda
1710 3078 1816 3133 per
1847 3076 2003 3116 mor-
2038 3038 2084 3096 (ἶ
2106 3038 2259 3114 tribu
2279 3061 2598 3131 Benjamin,
2621 3038 3188 3118 sicutidemtestatur
3202 3064 3275 3118 ad
3295 3038 3711 3135 Philippenses.

397 3157 536 3209 tem.
571 3153 639 3206 Et
668 3151 798 3205 ideo
831 3151 1016 3204 adhuc
1065 3149 1429 3221 intingentur
1476 3154 1531 3204 in
1557 3152 1837 3219 sanguine,
1872 3151 2007 3223 quia

393 3246 766 3314 praevenerunt
782 3240 1079 3309 principes,
1114 3237 1173 3291 id
1212 3242 1297 3292 est
1323 3239 1591 3308 apostoli,
1615 3239 1713 3310 qui
1733 3241 2004 3310 principes

400 3332 571 3385 erunt
600 3326 883 3393 Ecclesiae,
917 3325 1274 3397 praevenient
1289 3342 1388 3380 eos
1418 3326 1476 3379 in
1508 3326 1849 3381 intinctione
1872 3344 2004 3381 san-

290 3464 296 3472 .
401 3414 610 3489 guinis.
643 3414 809 3478 Quod
832 3414 916 3467 est
941 3412 1130 3465 dicere
1174 3428 1186 3465 :
1234 3412 1359 3466 Non
1411 3414 1598 3467 solum
1655 3415 1804 3468 Deus
1847 3414 2010 3469 dabit

401 3504 481 3560 eis
513 3498 1207 3573 exemplumintingendi,
1237 3500 1336 3555 sed
1362 3504 1421 3555 et
1456 3502 1698 3574 apostoli
1725 3503 1823 3575 qui
1852 3502 2009 3574 prius

399 3593 781 3664 intingentur.

474 3681 758 3746 Queniam
792 3680 990 3735 autem
1021 3677 1243 3733 dixerat
1266 3694 1363 3733 eos
1412 3680 1696 3751 principes,
1748 3697 1821 3734 ne
1850 3680 2008 3736 vide-

398 3774 602 3827 rentur
633 3770 703 3825 de
735 3768 1064 3842 principatu
1094 3782 1196 3822 suo
1215 3767 1702 3837 superbire,addit
1722 3786 1734 3822 :
1741 3770 2012 3839 principes

400 3860 526 3916 dico
556 3859 832 3929 conjuncti
854 3856 1223 3929 psallentibus,
1257 3855 1315 3909 id
1337 3859 1422 3909 est
1453 3856 1551 3927 qui
1579 3857 2012 3928 conjungentur

400 3948 724 4004 minoribus
754 3945 1019 3999 ﬁdelibus
1038 3945 1188 3998 bene
1234 3944 1626 4013 operantibus,
1663 3949 1724 3998 ut
1751 3961 1883 3998 cum
1930 3944 2010 3999 eis

400 4037 515 4092 sint
545 4050 723 4089 unum
751 4049 955 4103 corpus
990 4031 1272 4097 Ecclesiae,
1308 4030 1404 4084 sic.
1441 4031 1603 4094 Quod
1633 4035 1718 4085 est
1772 4032 1961 4087 dicere
1993 4050 2005 4088 :

399 4124 522 4178 Non
556 4120 1027 4191 dedignabuntur
1043 4117 1318 4188 conjungi
1348 4119 1682 4185 subditis,ut
1697 4136 1876 4173 unum
1896 4120 2010 4175 sint

399 4227 531 4267 cum
562 4209 663 4275 eis,
688 4207 788 4262 sed
817 4222 930 4260 una
957 4205 1217 4259 collectio
1242 4221 1374 4259 cum
1394 4205 1476 4259 eis
1507 4209 1698 4260 erunt.
1730 4208 2012 4278 Exprimit

2107 3171 2135 3199 ‹‹
2156 3149 2273 3219 Ego
2293 3149 2655 3205 circumcisus
2685 3156 2882 3207 octava
2923 3151 3017 3207 die
3061 3168 3128 3206 ex
3166 3168 3381 3224 genere
3412 3153 3585 3206 Israel
3643 3152 3716 3207 de

2105 3237 2259 3292 tribu
2290 3239 2592 3309 Benjamin
2628 3239 2790 3307 (Phil.
2819 3244 3041 3309 111,5),n
3067 3242 3176 3294 etc.
3239 3240 3455 3295 Dicitur
3508 3243 3707 3295 autem

2106 3326 2313 3380 Paulus
2332 3327 2838 3397 atlalescentulus,eo
2861 3329 3015 3401 quod
3045 3328 3277 3383 ultimus
3306 3329 3706 3401 apostolorum

2107 3415 2179 3470 ad
2239 3416 2415 3471 ﬁdem
2469 3417 2724 3472 venerit:
2759 3432 2872 3471 non
2929 3416 3165 3488 quodin
3196 3417 3310 3471 fide
3344 3421 3401 3471 et
3443 3419 3717 3472 santitate

2107 3500 2502 3572 imperfectior
2518 3503 2921 3576 cxstiterit,qui
2945 3504 3072 3559 ideo
3104 3503 3427 3559 abortivum
3459 3521 3517 3559 se
3547 3507 3721 3560 testa-

2106 3591 2203 3643 tur
2238 3589 2317 3643 sic
2350 3606 2363 3645 :
2400 3610 2430 3640 «
2456 3589 2770 3646 Novissime
2818 3592 3082 3647 omnium
3125 3595 3407 3664 tanquam
3450 3593 3712 3650 abortivo

2108 3679 2258 3735 visus
2279 3682 2382 3748 est,
2408 3683 2465 3734 et
2485 3678 2626 3734 mihi
2654 3679 2705 3751 (1
2738 3678 2864 3734 Cor.
2889 3697 2978 3748 xv,
3009 3681 3079 3751 8).
3108 3700 3135 3729 »
3181 3679 3318 3735 Dico
3350 3680 3504 3752 quod
3519 3680 3721 3751 Benja-

2111 3769 2255 3836 min,
2276 3768 2335 3822 id
2362 3773 2446 3822 est
2474 3769 2680 3823 Paulus
2730 3771 2816 3822 est
2842 3768 3067 3822 futurus
3104 3767 3258 3822 inter
3283 3769 3572 3840 apostolos
3607 3785 3620 3822 :
3658 3771 3719 3824 et

2107 3858 2217 3912 hoc
2256 3859 2312 3910 in
2339 3859 2527 3912 mentis
2557 3859 2743 3922 extasi,
2798 3856 2858 3910 id
2888 3858 2974 3910 est
3005 3873 3108 3928 per
3130 3872 3424 3910 excessum
3480 3856 3715 3924 mentis,

2108 3946 2321 4001 scilicet
2350 3946 2587 4000 extasim
2616 3944 2827 3999 mentis
2863 3944 2923 3998 in
2947 3961 3062 4017 qua
3090 3944 3201 3998 erit
3229 3960 3479 4014 pergens
3507 3945 3712 4000 Dama-

2108 4051 2289 4101 scum,
2325 4034 2555 4105 quando
2590 4032 3053 4103 circumfulgebit
3082 4048 3216 4086 eum
3242 4032 3335 4085 lux
3355 4031 3426 4085 de
3447 4032 3612 4099 coelo,
3638 4034 3715 4087 si-

2109 4126 2204 4178 cut
2222 4124 2281 4178 in
2304 4122 2532 4177 Actibus
2563 4122 2805 4193 apostol.
2841 4120 3054 4191 legitur
3083 4119 3230 4185 (Act.
3266 4136 3340 4187 1x,
3363 4122 3437 4186 3).
3470 4120 3565 4173 Vel
3589 4120 3667 4175 sic
3696 4138 3711 4176 :

2110 4212 2399 4282 Benjamin
2428 4210 2542 4264 erit
2577 4210 2649 4264 ibi
2693 4209 2939 4264 existens
2968 4210 3025 4262 in
3053 4225 3263 4264 excessu
3288 4210 3496 4274 mentis,
3522 4208 3580 4263 id
3629 4212 3717 4264 est

401 4302 595 4354 autem
618 4296 823 4368 quibus
852 4293 1227 4365 psallentibus
1252 4293 1699 4364 conjungentur,
1732 4312 1863 4349 cum
1877 4297 2008 4351 sub-
2035 4321 2085 4380 D
2109 4301 2205 4372 qui
2236 4300 2344 4355 erit
2371 4299 2430 4352 in
2481 4298 2971 4370 contemplatione
3017 4300 3372 4351 secretorum
3402 4298 3715 4353 caelestium

391 4384 827 4460 jungit,scilicet
854 4386 1028 4437 erunt
1066 4384 1121 4435 in
1164 4382 1335 4436 medio
1359 4382 1773 4452 juvencularum
1806 4392 2014 4456 tympa-

400 4472 816 4539 nistriarum,id
846 4474 932 4525 est
950 4473 1119 4525 erunt
1139 4471 1445 4525 existentes
1471 4471 1626 4526 inter
1655 4472 1781 4528 illos
1813 4474 2009 4529 ﬁdeles

399 4569 463 4620 ut
487 4563 602 4618 sint
631 4577 746 4616 una
775 4558 1036 4615 collectio
1067 4575 1198 4613 cum
1230 4560 1332 4626 eis,
1355 4559 1451 4630 qui
1459 4559 1781 4630 juvenculaa

400 4653 683 4716 dicentur,
718 4664 785 4703 eo
818 4647 974 4718 quod
1002 4647 1060 4700 in
1094 4647 1206 4701 fide
1228 4647 1474 4717 juvenes
1491 4653 1682 4722 erunt,
1714 4650 1771 4705 id
1792 4655 1877 4705 est
1908 4668 2009 4706 no-

397 4740 546 4796 viter
573 4738 646 4793 ad
676 4735 852 4791 fidem
878 4734 1235 4791 accedentes.
1262 4735 1700 4806 Tympanistrice
1752 4756 1886 4793 vero
1923 4740 2009 4795 di-

399 4831 700 4894 cuntur,eo
716 4823 872 4896 quod
894 4822 953 4876 in
975 4825 1254 4894 tympano
1274 4825 1457 4878 Deum
1487 4825 1825 4893 laudabunt,
1848 4827 1907 4881 id
1923 4832 2008 4882 est

398 4917 587 4974 carnis
615 4911 1086 4978 mortificatione,
1115 4926 1242 4982 quae
1275 4914 1617 4983 tympanum
1640 4913 2001 4987 intelligitur:

397 5005 553 5079 quod
574 5001 857 5058 musicum
888 4999 1342 5054 instrumentum
1374 5003 1459 5054 est
1491 5004 1861 5057 mortuorum
1886 5002 2005 5057 ani-

398 5094 640 5151 malium
667 5089 909 5162 pellibus
950 5088 1293 5143 involutum.
1342 5089 1406 5142 In
1456 5088 1566 5145 hoc
1615 5092 1810 5144 autem
1864 5091 2007 5146 dant

399 5180 726 5250 exemplum
756 5175 1196 5241 humilitatis,ne
1215 5175 1419 5247 aliquis
1445 5175 1502 5230 in
1535 5178 1779 5232 Ecclesia
1797 5180 2003 5250 praela-

398 5274 490 5326 tus
518 5249 721 5323 contra
737 5263 998 5319 subditos
1027 5265 1353 5319 extollatur.
1397 5249 1845 5336 Tympanistrias
1875 5265 2002 5337 qui-

398 5358 531 5413 dem
563 5353 820 5409 subditos
833 5352 1030 5406 ﬁdeles
1053 5351 1334 5406 feminine
1361 5351 1518 5413 dicit,
1537 5368 1605 5407 eo
1624 5352 2004 5424 quodimper-

395 5443 665 5499 fectiores
693 5443 826 5494 sunt
842 5438 1115 5510 apostolis
1144 5438 1203 5493 in
1234 5439 1556 5506 sanctitate,
1584 5439 1727 5493 sicut
1778 5440 2003 5497 femini-

399 5548 508 5587 nus
537 5546 702 5584 sexus
729 5526 1122 5598 imperfectior
1150 5529 1207 5583 et
1237 5526 1480 5584 debilior
1507 5530 1593 5583 est
1656 5528 1996 5587 masculino.

2107 4387 2321 4441 scilicet
2352 4402 2483 4441 cum
2508 4385 2763 4456 rapietur
2800 4400 2977 4455 usque
3006 4383 3081 4437 ad
3112 4382 3347 4437 tertium
3378 4384 3609 4451 malum,
3657 4387 3718 4438 et

2110 4466 2335 4530 audiret
2362 4490 2573 4529 arcana
2601 4474 2776 4528 verba
2795 4488 2923 4543 quae
2964 4488 3083 4526 non
3123 4471 3256 4525 licet
3303 4471 3526 4526 homini
3557 4472 3716 4544 loqui

2109 4562 2202 4637 (II
2226 4561 2353 4618 Cor.
2386 4579 2482 4629 xu,
2510 4564 2587 4633 4).
2616 4562 2715 4615 Vel
2734 4561 2840 4615 sic:
2870 4559 3165 4630 Beniamin
3190 4563 3300 4614 erit
3320 4559 3415 4615 ibi.
3447 4563 3505 4613 et
3525 4560 3633 4615 hoc
3659 4563 3719 4616 in

2109 4669 2315 4707 excessu
2352 4652 2541 4706 mentis
2582 4649 2908 4715 hominum,
2941 4647 2998 4702 id
3019 4647 3184 4701 estin
3215 4649 3470 4718 stupore.
3498 4645 3717 4720 Stupe-

2108 4741 2255 4796 bunt
2277 4739 2434 4794 enim
2467 4738 2633 4792 multi
2659 4736 2781 4808 ejus
2809 4735 3248 4790 conversionem
3280 4735 3550 4803 audituri,
3584 4752 3718 4793 cum

2108 4830 2264 4902 prius
2296 4827 2557 4882 Ecclesiae
2585 4828 2917 4898 persecutor
2934 4824 3158 4878 futurus
3190 4824 3280 4878 sit:
3311 4825 3379 4880 Et
3404 4825 3483 4880 ibi
3513 4825 3717 4895 etiam,

2107 4917 2167 4972 id
2196 4920 2281 4972 est
2311 4917 2372 4970 in
2399 4915 2740 4970 collectione
2767 4913 3016 4968 fontium
3050 4914 3220 4967 Israel
3252 4917 3421 4967 erunt
3440 4915 3720 4986 principes

2105 5004 2275 5072 Juda,
2309 5010 2359 5058 et
2378 5005 2653 5076 principes
2681 5002 2955 5071 Zabulon,
2986 5008 3035 5056 et
3071 5003 3337 5073 principes
3380 5002 3716 5073 Nephtalim,

2104 5092 2165 5148 id
2184 5097 2268 5147 est
2326 5091 2518 5146 caeteri
2563 5090 2826 5163 apOstoli,
2881 5106 3131 5162 quorum
3176 5090 3417 5161 quidam
3437 5093 3608 5144 erunt
3640 5090 3711 5145 de

2102 5180 2256 5235 tribu
2286 5180 2453 5245 Iuda,
2485 5178 2724 5250 quidam
2765 5180 2837 5234 de
2865 5180 3142 5246 Zabulon,
3175 5178 3413 5251 quidam
3460 5195 3594 5235 vero
3646 5179 3720 5234 de

2104 5268 2433 5339 Nephtalim
2444 5313 2454 5324 .
2465 5269 2542 5322 De
2557 5266 2645 5321 his
2656 5267 2812 5321 enim
2826 5267 3087 5323 tribubus
3099 5268 3299 5323 volunt
3311 5267 3722 5341 quidamexpe-

2101 5356 2314 5411 sitores
2340 5356 2630 5427 apostolos
2659 5354 2854 5422 fuisse,
2873 5358 2934 5410 et
2957 5354 3004 5409 si
3024 5354 3265 5409 forsitan
3307 5354 3585 5426 scriptum
3617 5354 3717 5409 ali-

2101 5444 2230 5500 cubi
2263 5460 2380 5498 non
2413 5443 2712 5502 habeatur.
2748 5443 2913 5508 Quod
2941 5443 3035 5499 hic
3060 5443 3299 5498 denotat
3329 5443 3617 5514 Propheta
3639 5444 3714 5498 ad

2100 5530 2447 5588 evidentiam
2473 5530 2794 5603 prophetiae
2815 5546 2950 5587 sum.
2978 5530 3075 5585 Vel
3104 5546 3209 5603 per
3230 5529 3438 5585 Iudam
3465 5529 3564 5603 qui
3585 5546 3705 5587 con-
