4004 6052
278 243 397 319 eos

1260 252 1619 321 EXPOSITIO
1653 257 1725 319 IN
1760 253 2099 319 PSALMOS.
2132 288 2201 305 --
2231 256 2435 323 PSAL.
2476 256 2653 322 LXVII

3510 265 3616 336 060

277 375 450 452 fessio
480 376 707 451 dicitur,
740 377 879 440 fides
908 377 1218 455 accipitur;
1249 399 1316 440 ex
1345 400 1459 458 qua
1488 380 1769 440 confessio
1800 381 1902 440 Dei
1920 388 1973 447 Α
1998 386 2298 454 taurorum,
2348 383 2409 442 id
2440 386 2527 442 est
2555 383 2963 446 haereticorum
3008 386 3106 464 qui
3157 382 3421 451 dicentur
3461 394 3614 457 tauri

283 474 630 544 generatur.
656 473 765 527 Per
787 473 1041 528 Zabulon
1065 476 1259 528 autem
1290 474 1385 545 qui
1413 473 1675 544 fortitudo
1706 477 1892 540 sonat,

284 577 422 633 spes
448 561 808 633 intelligitur,
836 579 964 634 quae
993 562 1171 617 fortes
1203 563 1262 617 in
1294 562 1558 634 passione
1591 563 1788 617 ﬁdeles
1818 564 1896 617 fa-

282 649 387 705 cit.
422 650 530 704 Per
561 651 887 721 Nephtalim
919 668 1052 706 vero
1084 668 1211 722 quas
1239 651 1446 705 dicitur
1474 650 1738 715 dilatatio,
1767 651 1897 705 cha-

280 739 430 795 ritas
460 739 791 806 denotatur,
812 757 938 812 quae
971 758 1147 813 usque
1171 740 1245 795 ad
1276 740 1493 794 inimici
1521 740 1695 794 etiam
1721 740 1896 794 dilec-

280 829 512 884 tionem
548 827 837 882 dilatatur.
880 829 1136 899 Apostoli
1167 829 1378 900 quippe
1410 824 1697 901 prin‘cipes
1738 828 1894 894 ﬁdei,

284 918 415 989 spei
445 920 502 972 et
524 916 818 972 charitatis
842 918 1103 973 Ecclesia:
1147 919 1432 984 exstitere,
1474 934 1606 972 cum
1644 918 1751 971 ista
1788 916 1899 972 tria

285 1006 566 1062 habenda
606 1023 728 1061 esse
769 1007 1171 1078 praedicavere.
1210 1007 1489 1078 Principes
1544 1006 1669 1061 dico
1720 1005 1895 1060 futuri

285 1095 449 1150 duces
476 1094 710 1150 illorum
738 1095 951 1151 scilicet
976 1096 1169 1163 Israel,
1193 1095 1253 1150 id
1283 1099 1368 1151 est
1399 1095 1660 1150 Ecclesia:
1700 1095 1909 1149 totius.’

158 1198 185 1217 δ
286 1183 528 1239 Illorum
554 1187 750 1239 autem
778 1185 882 1239 etsi
910 1202 1073 1240 casus
1091 1184 1327 1257 pluralis
1357 1184 1448 1250 sit,
1481 1185 1553 1238 ad
1578 1185 1769 1250 Israel,
1801 1182 1898 1255 qui

284 1271 600 1344 singularis
630 1290 793 1328 casus
820 1277 906 1328 est
937 1290 1192 1344 congrue
1220 1273 1488 1328 refertur.
1523 1274 1618 1329 Est
1649 1272 1806 1327 enim
1837 1272 1898 1327 in

283 1378 461 1418 sensu
485 1364 757 1436 pluralis,
774 1362 833 1418 in
864 1364 1186 1418 litteratura
1214 1361 1539 1436 singularis.

361 1451 671 1506 Enuntiata
973 1452 1234 1507 Ecclesia:
1281 1435 1713 1520 constitutione,
1770 1454 1898 1507 orat

286 1539 475 1594 Deum
502 1540 733 1595 Patrem
765 1543 827 1594 ut
851 1540 1041 1596 ofﬁcio
1072 1540 1194 1595 Filii
1228 1539 1379 1595 istud
1411 1539 1567 1612 quod
1604 1540 1895 1613 propheti-

283 1627 437 1682 zavit
463 1630 843 1700 compleatur,
876 1630 953 1684 sic
988 1647 1000 1684 :
1029 1630 1151 1684 Dixi
1181 1629 1336 1701 quod
1360 1633 1561 1701 gentes
1582 1630 1893 1684 turbabun-

1999 488 2067 526 eo
2096 475 2251 545 quod
2277 476 2509 548 superbi
2532 480 2704 531 erunt
2736 481 2795 531 ut
2826 480 2972 534 tauri
3022 483 3117 552 qui
3145 482 3410 540 cervicosi
3460 490 3614 554 sunt,

1996 561 2106 614 erit
2162 564 2217 616 in
2278 567 2447 619 vaccis
2513 566 2843 636 pnpulorum
2901 569 3178 637 ﬁdelium,
3222 572 3281 626 id
3309 578 3393 627 est
3416 573 3615 645 injam

1997 648 2161 703 dictis
2184 651 2469 721 ﬁdelibus,
2501 654 2598 725 qui
2630 655 2845 710 debiles
2899 662 3067 711 erunt
3098 658 3168 712 ad
3199 661 3438 716 modum
3486 680 3613 719 vac-

1996 753 2221 806 carum,
2247 758 2375 812 quas
2394 742 2699 798 debiliores
2729 748 2862 799 sunt
2880 748 3075 801 tauris.
3097 747 3261 811 Quod
3289 753 3373 803 est
3389 751 3611 807 dicere:

1996 827 2149 881 Multi
2181 833 2351 883 erunt
2384 831 2658 897 hzeretici,
2720 834 2817 905 qui
2875 836 2980 890 sibi
3034 838 3246 892 multos
3303 838 3616 897 idiotarum

2000 917 2469 973 conformabunt.
2499 921 2577 975 Ne
2612 939 2744 976 vero
2765 923 3056 980 videretur
3085 928 3230 981 Deus
3256 944 3353 982 eos
3374 930 3614 999 permit-

1997 1006 2118 1059 tere
2143 1006 2450 1075 dominari,
2486 1010 2607 1064 sine
2639 1012 2801 1066 omni
2858 1030 3092 1069 suorum
3146 1018 3410 1086 utilitate,
3461 1021 3617 1092 quod

1998 1092 2412 1150 inconveniens
2437 1098 2881 1169 existimaretur,
2906 1103 3065 1157 addit
3090 1121 3102 1158 :
3131 1106 3216 1160 Ad
3244 1107 3354 1161 hoc
3403 1108 3617 1164 scilicet

1999 1182 2055 1235 in
2085 1186 2255 1237 vaccis
2273 1187 2620 1257 p0pulorum,
2645 1194 2704 1243 ut
2735 1191 3015 1246 excludant
3045 1209 3079 1247 a
3104 1210 3290 1249 massa
3306 1196 3614 1254 idiotarum

1997 1287 2080 1327 cos
2100 1275 2196 1344 qui
2211 1274 2432 1344 probati
2474 1283 2619 1343 sunt,
2672 1277 2730 1332 id
2762 1283 2847 1333 est
2876 1280 3116 1351 perfecti
3174 1281 3229 1336 in
3262 1293 3501 1354 argento,
3556 1287 3617 1343 id

1998 1363 2083 1415 est
2110 1361 2171 1416 in
2199 1361 2512 1433 Scriptura,
2540 1382 2667 1437 qua:
2692 1366 2873 1422 nitida
2886 1371 2972 1422 est
3002 1373 3064 1423 ut
3085 1374 3421 1442 argentum;
3452 1375 3537 1429 vel
3552 1375 3614 1429 in

1996 1454 2261 1521 argento,
2294 1450 2354 1506 id
2385 1455 2470 1506 est
2499 1453 2558 1508 in
2584 1454 2857 1511 facundia
2880 1458 3028 1513 bene
3053 1461 3368 1529 resonanti,
3403 1463 3475 1518 ad
3494 1481 3615 1520 mo-

1995 1538 2134 1593 dum
2166 1540 2416 1611 argenti.
2447 1541 2611 1606 Quod
2638 1547 2723 1598 est
2771 1544 2960 1601 dicere
2984 1563 2996 1602 :
3020 1548 3090 1602 Ut
3139 1564 3247 1620 per
3297 1567 3500 1608 eorum
3532 1570 3615 1608 se-

1990 1626 2701 1696 parationemaﬁdelibus
2756 1633 3128 1705 sapientibus,
3189 1644 3506 1709 appareant
3556 1646 3615 1699 et

284 1718 404 1784 tur,
436 1720 494 1771 et
521 1720 678 1773 terra
706 1718 1050 1786 movebitur,
1073 1721 1132 1773 et
1158 1720 1308 1773 Deus
1338 1717 1668 1789 confringet
1704 1717 1890 1789 capita
1914 1709 1965 1768 B
1991 1716 2436 1772 manifestentur
2464 1718 2570 1789 ipsi
2600 1720 2815 1789 ﬁdeles,
2850 1723 2908 1776 in
2931 1722 3614 1796 Scripturarumscientia

284 1802 685 1871 inimicorum,
717 1809 775 1860 et
804 1809 1102 1862 convertet
1130 1823 1228 1861 eos
1254 1823 1322 1861 ex
1351 1807 1569 1861 Basan:
1605 1808 1662 1859 et
1682 1810 1891 1860 caetera
1993 1806 2051 1858 et
2079 1803 2137 1858 in
2168 1806 2500 1877 eloquentia
2544 1810 2793 1880 probati.
2827 1811 2932 1875 Qui
2954 1812 3121 1867 aliter
3152 1831 3269 1869 non
3319 1817 3613 1876 manifesti

286 1892 429 1948 talia
452 1910 579 1965 quas
597 1894 818 1965 predixi
835 1896 994 1950 ﬁent.
1018 1896 1085 1949 Et
1112 1898 1172 1950 ut
1198 1896 1320 1950 haec
1346 1894 1544 1949 omnia
1556 1895 1888 1966 complean-

283 1984 402 2048 tur,
430 1980 639 2036 Manda
664 1983 808 2038 Deus
841 1986 1009 2038 Pater
1056 1984 1165 2038 hoc
1210 1986 1399 2038 virtuti
1428 1990 1553 2049 tuae,
1585 1982 1643 2037 id
1674 1985 1760 2037 est
1784 1981 1891 2035 im-

285 2085 439 2141 pone
467 2071 579 2127 boc
609 2072 864 2126 ofﬁcium
888 2072 1026 2128 Filio
1054 2075 1175 2139 tuo,
1197 2072 1294 2144 qui
1314 2070 1754 2143 peremphasim
1781 2069 1890 2124 erit

281 2158 465 2213 virtus
489 2163 608 2226 tua,
636 2176 740 2230 per
768 2178 942 2234 quem
988 2161 1282 2216 diabolum
1343 2160 1682 2215 mirabiliter
1712 2175 1885 2229 expu-

282 2248 508 2319 gnabis.
534 2250 601 2302 Et
624 2254 929 2322 postquam
961 2250 1082 2305 haec
1108 2266 1212 2321 per
1245 2250 1446 2304 Filium
1486 2247 1882 2320 compleveris,

285 2338 544 2406 conﬁrma
576 2339 671 2393 hoc
703 2339 857 2410 quod
888 2343 1157 2412 operatus
1173 2356 1254 2405 es,
1287 2339 1345 2393 id
1369 2339 1613 2411 estquod
1640 2346 1885 2411 aperatus

281 2440 334 2477 es
359 2426 415 2477 in
446 2426 610 2479 nobis.
642 2426 808 2490 Quod
845 2430 931 2481 est
961 2428 1149 2482 dicere
1183 2447 1195 2482 :
1228 2427 1521 2483 Constitue
1574 2426 1883 2481 Ecclesiam

286 2529 353 2568 ex
384 2517 632 2588 utroque
655 2518 889 2587 populo,
924 2520 980 2570 et
1000 2518 1314 2588 perfectam
1338 2517 1426 2571 fac
1456 2517 1513 2571 in
1536 2516 1697 2571 omni
1726 2533 1885 2570 sanc-

280 2601 466 2670 titate,
494 2609 552 2658 et
578 2608 709 2677 post
736 2622 866 2660 eam
899 2607 1201 2673 conﬁrma,
1221 2623 1291 2659 ne
1309 2605 1554 2660 deﬁciat.
1587 2606 1729 2660 Cum
1748 2604 1886 2658 dicit

287 2691 459 2759 nobis,
490 2692 715 2747 confert
740 2710 799 2748 se
830 2693 889 2748 in
935 2694 1243 2749 Ecclesiam
1285 2694 1559 2761 futuram,
1598 2694 1733 2765 quia
1771 2692 1883 2747 ﬁde

275 2779 406 2850 jam
431 2781 691 2837 Ecclesiae
716 2783 1047 2838 membrum
1088 2786 1229 2837 erat.
1260 2783 1418 2847 Dico,
1457 2782 1674 2850 manda,
1702 2783 1761 2837 id
1800 2786 1883 2836 est

286 2869 525 2941 impone
537 2871 842 2943 negotium
863 2871 1285 2927 constitutionis
1306 2871 1563 2927 Ecclesia“:
1580 2871 1718 2927 Filio
1740 2874 1839 2926 tuo
1865 2888 1877 2926 :

280 2958 565 3030 Incipiens
589 2977 620 3013 a
654 2961 844 3031 templo
863 2968 1043 3015 sancto
1061 2967 1171 3028 tuo,
1191 2960 1332 3033 quod
1351 2963 1492 3015 estin
1520 2960 1879 3029 Hierusalem,

279 3046 338 3101 id
367 3051 453 3103 est
483 3048 761 3121 incipiens
790 3051 1137 3105 constituere
1164 3050 1347 3121 ipsam
1388 3050 1694 3105 Ecclesiam
1726 3051 1797 3105 ab
1824 3050 1885 3105 il-

277 3134 348 3189 lis
374 3139 796 3205 convertendis,
830 3139 926 3210 qui
964 3139 1271 3194 existentes
1305 3140 1365 3194 in
1411 3140 1783 3205 Hieruselem,
1825 3139 1884 3193 id

282 3228 369 3278 est
406 3224 466 3280 in
494 3226 729 3282 Judaico
789 3230 1022 3300 populo,
1082 3232 1251 3282 erunt
1297 3229 1580 3300 templum
1618 3232 1882 3283 sanctum

281 3314 468 3381 tuum,
499 3314 559 3368 in
588 3316 793 3387 quibus
819 3315 1080 3371 ﬁdelibus
1099 3317 1262 3371 factis
1290 3315 1620 3388 spiritaliter
1659 3318 1881 3373 habita-

283 3401 391 3458 bis.
421 3402 585 3467 Quod
616 3409 702 3459 est
733 3406 923 3460 dicere
953 3421 965 3458 :
999 3407 1045 3459 A
1067 3406 1276 3459 Judieis
1308 3406 1378 3459 sit
1403 3405 1749 3477 principium
1783 3409 1881 3463 Ec-

283 3491 488 3546 clesiae.
522 3490 876 3548 Hierusalem
899 3510 1033 3547 vero
1056 3494 1191 3564 quia
1221 3492 1414 3547 civitas
1443 3497 1527 3547 est
1566 3494 1625 3547 in
1662 3495 1879 3564 Iudaea,

280 3594 386 3649 pro
414 3581 650 3637 Iudaico
682 3584 896 3654 populo
918 3598 1171 3652 congrue
1193 3582 1458 3636 sumitur.
1494 3583 1561 3635 Et
1586 3582 1631 3635 si
1660 3584 1769 3637 hoc
1801 3584 1882 3639 Fi-

281 3665 359 3721 lio
403 3670 788 3736 mandaveris,
822 3671 919 3725 tibi
946 3672 1166 3741 offerent
1208 3686 1352 3739 reges
1405 3686 1650 3738 munera,
1702 3670 1760 3725 id
1797 3676 1882 3727 est

278 3758 447 3812 multi
472 3776 539 3812 ex
565 3760 832 3831 gentibus
872 3763 929 3815 et
960 3759 1169 3814 Iudaeis
1198 3776 1363 3831 reges
1400 3760 1484 3814 sui
1520 3760 1694 3832 ipsius
1722 3760 1878 3828 facti,

281 3844 525 3902 offerent
554 3865 674 3903 sese
697 3848 800 3902 tibi
831 3864 1094 3915 munera,
1130 3852 1191 3904 ut
1217 3865 1345 3902 suas
1372 3848 1693 3901 voluntates
1724 3846 1878 3915 post-

278 3936 574 4004 ponendo,
607 3953 667 3990 se
699 3936 804 3991 tibi
830 3936 1154 4007 subjiciant,
1205 3940 1264 3990 et
1302 3935 1404 3989 tibi
1440 3935 1544 3989 soli
1583 3933 1877 3989 obediant.

282 4025 606 4080 Praevidens
635 4029 830 4079 autem
863 4026 1150 4097 Propheta
1178 4025 1233 4078 in
1264 4024 1511 4078 Ecclesia
1539 4025 1746 4077 multas
1762 4022 1880 4077 ha:-

280 4114 592 4169 reticorum
623 4114 932 4171 seditiones
948 4130 1067 4168 esse
1090 4114 1329 4180 futuras,
1356 4116 1486 4167 orat
1503 4113 1685 4167 Deum
1711 4114 1771 4165 ut
1787 4127 1881 4164 eas

281 4206 609 4274 compescat
628 4202 707 4256 sic
735 4219 747 4256 :
773 4203 896 4257 Non
926 4202 1109 4256 solum
1142 4218 1245 4257 oro
1278 4205 1337 4255 ut
1368 4201 1609 4255 mandes
1640 4202 1748 4255 hoc
1778 4215 1879 4253 ne-

280 4290 501 4363 gotium
522 4290 714 4345 virtuti
732 4294 869 4357 tuas,
887 4290 987 4344 sed
1017 4306 1144 4344 cum
1165 4290 1389 4345 videam
1412 4289 1710 4345 haereticos
1731 4291 1878 4343 mul-

279 4382 366 4434 tos
386 4378 444 4433 in
466 4378 714 4433 Ecclesia
741 4378 985 4445 futuros,
1017 4377 1113 4449 qui
1136 4380 1290 4431 recte
1321 4377 1459 4431 fera:
1492 4378 1777 4442 dicentur,
1810 4392 1879 4431 eo

281 4468 436 4541 quod
466 4468 688 4523 feroces
733 4471 904 4522 erunt
953 4469 1011 4520 et
1060 4465 1501 4530 irrationabiles,
1531 4467 1591 4518 et
1618 4464 1879 4519 ﬁdelium

279 4557 644 4612 devoratores
673 4559 737 4609 ut
754 4555 912 4622 ferae,
949 4571 1071 4621 oro,
1107 4556 1338 4624 increpa,
1383 4554 1440 4608 id
1495 4556 1579 4607 est
1617 4553 1882 4624 increpa-

277 4645 433 4699 tione
460 4644 903 4715 praedicatorum
940 4647 1173 4697 tuorum
1215 4641 1511 4711 convince,
1536 4641 1683 4710 feras
1712 4659 1879 4695 arun-

276 4733 417 4787 dinis
447 4732 849 4799 devoratrices,
883 4731 941 4786 id
971 4736 1055 4786 est
1097 4730 1305 4786 divina:
1340 4729 1668 4800 Scripturaa,
1703 4747 1879 4803 quam

276 4824 655 4890 corrumpunt
683 4819 1119 4891 interpretando
1142 4818 1400 4873 sinistre:
1426 4834 1552 4888 quae
1585 4817 1882 4889 Scriptura

274 4910 427 4963 recte
445 4925 550 4979 per
579 4908 928 4963 arundinem
954 4907 1248 4979 accipitur,
1281 4906 1419 4980 quia
1448 4906 1733 4960 arundine
1773 4924 1877 4961 an-

273 4996 564 5068 tiquorum
595 5000 721 5051 erat
759 4996 1028 5050 scribere.
1064 4995 1372 5061 Quasdam,
1404 4994 1615 5048 scilicet
1647 4996 1876 5065 increpa,

275 5089 336 5139 ut
365 5088 773 5140 convertantur
803 5102 820 5138 :
853 5084 1134 5155 quasdam
1150 5100 1284 5137 vero
1304 5098 1420 5136 non
1439 5083 1875 5148 convertendas,

273 5172 351 5228 sic
375 5176 439 5227 ut
473 5173 938 5238 manifestentur,
974 5188 1045 5225 ne
1068 5172 1217 5224 ultra
1246 5169 1557 5240 decipiant.
1601 5170 1695 5222 Vel
1728 5168 1878 5223 feras

276 5261 656 5316 devoratrices
714 5260 1031 5325 arundinis,
1087 5260 1146 5313 id
1196 5261 1281 5315 est
1323 5257 1554 5313 illorum
1594 5256 1874 5323 ﬁdelium,

274 5350 368 5422 qui
390 5350 542 5404 leves
562 5352 621 5403 et
650 5349 944 5404 instabiles
970 5351 1139 5402 erunt
1166 5350 1226 5401 ut
1242 5345 1485 5412 arundo,
1511 5348 1569 5399 et
1594 5343 1691 5415 qui
1713 5345 1874 5398 omni

271 5439 439 5491 vento
470 5438 749 5492 doctrinae
776 5437 1275 5491 circumferentur.

341 5524 575 5582 Necesse
602 5524 836 5598 quidem
862 5524 971 5580 erit
988 5526 1062 5579 ut
1082 5524 1362 5595 increpes.
1378 5523 1522 5579 Nam
1535 5524 1872 5592 congregatio

1909 3021 1957 3081 C

1904 4244 1955 4302 D

1990 1893 2217 1960 ﬁerent,
2263 1896 2428 1966 juxta
2484 1898 2639 1969 quod
2687 1900 2991 1971 Apostolus
3039 1903 3281 1972 asserit,
3317 1907 3612 1978 «Oportet

1989 1980 2236 2037 haereses
2253 2000 2395 2052 esse,
2431 1988 2493 2040 ut
2513 1986 2615 2057 qui
2637 1989 2861 2057 probati
2876 1994 3028 2058 sunt,
3049 1993 3339 2049 manifesti
3375 1996 3520 2050 ﬁant
3547 1996 3607 2052 in

1988 2070 2147 2125 vobis
2174 2071 2227 2135 (Ι
2255 2072 2381 2129 Cor.
2410 2090 2487 2143 x1,
2525 2078 2630 2147 l6).
2667 2098 2694 2126 »
2723 2076 3051 2148 Excludant,
3084 2098 3189 2152 pro
3208 2082 3606 2153 manifestent,

1989 2174 2093 2228 per
2118 2159 2555 2218 similitudinem
2571 2166 2736 2235 ponit
2757 2184 2790 2221 a
2820 2167 3193 2225 similitudine
3213 2171 3605 2241 scilicetillius,

1986 2248 2106 2319 qui,
2135 2265 2267 2303 cum
2298 2251 2503 2306 alicubi
2554 2253 2627 2308 sit
2658 2254 2926 2324 inclusus,
2962 2274 3078 2312 non
3111 2264 3350 2331 apparet
3371 2262 3443 2329 ;si
3470 2278 3605 2319 vero

1986 2337 2320 2404 excluditur,
2356 2345 2599 2413 apparet
2627 2343 2820 2398 statim
2834 2348 2891 2399 et
2921 2345 2985 2398 ﬁt
3007 2347 3365 2403 manifestus.
3388 2350 3604 2405 Notan-

1985 2426 2125 2480 dum
2156 2427 2389 2497 quidem
2421 2430 2576 2501 quod
2608 2431 2859 2502 majores
2911 2433 3208 2490 haereticos
3254 2438 3399 2507 feras
3444 2438 3602 2509 dicit,

1982 2511 2109 2567 illos
2140 2515 2354 2569 scilicet
2379 2517 2475 2587 qui
2498 2518 2757 2589 magistri
2812 2524 2945 2575 sunt
2992 2538 3281 2592 errorum,
3339 2542 3408 2581 eo
3437 2528 3593 2599 quod

1984 2602 2238 2658 immites
2250 2607 2381 2659 sunt
2396 2606 2470 2660 ad
2493 2608 2736 2663 modum
2758 2609 3039 2668 ferarum.
3066 2612 3189 2668 Non
3204 2614 3390 2669 solum
3405 2620 3601 2673 autem

1984 2706 2085 2745 oro
2118 2691 2402 2765 increpari
2445 2694 2618 2762 feras,
2668 2696 2769 2751 sed
2798 2698 2973 2752 etiam
3032 2715 3170 2755 oro:
3202 2701 3403 2773 dissipa
3426 2710 3602 2773 gentes

1982 2796 2100 2850 qua.r
2140 2780 2268 2834 bella
2300 2782 2500 2850 volunt,
2526 2784 2585 2837 id
2610 2788 2693 2838 est
2711 2786 2983 2841 convince
3003 2788 3258 2844 minores
3280 2791 3598 2861 haereticos,

1983 2866 2289 2939 discipulos
2318 2871 2631 2941 majorum.
2684 2872 2835 2937 Quos
2886 2880 3086 2947 gentes
3126 2877 3416 2948 ideodico,
3444 2882 3600 2952 quod

1982 2957 2147 3012 multi
2178 2961 2365 3013 erunt.
2401 2960 2554 3027 Dico,
2583 2961 2803 3032 dissipa,
2836 2963 2893 3017 id
2946 2966 3030 3018 est
3057 2964 3243 3021 divide
3301 2968 3514 3023 scilicet
3539 2971 3601 3024 ut

1984 3046 2265 3117 quosdam
2290 3047 2368 3101 sic
2426 3048 2728 3103 convincas
2761 3052 2822 3105 ut
2851 3056 3289 3121 convertantur;
3318 3059 3599 3128 quosdam

1984 3136 2178 3188 autem
2208 3136 2554 3205 perdendos,
2576 3138 2941 3195 solummodo
2958 3145 3019 3195 ut
3040 3142 3499 3199 manifestentur.
3532 3147 3601 3202 Et

1984 3224 2191 3278 merito
2223 3224 2541 3295 dissipabis,
2566 3227 2701 3298 quia
2728 3244 2844 3282 non
2865 3230 3063 3283 volunt
3092 3247 3316 3301 pacem,
3341 3235 3441 3289 sed
3458 3236 3603 3290 sedi-

1982 3314 2167 3369 tiones
2193 3314 2253 3368 in
2277 3315 2525 3369 Ecclesia
2538 3319 2595 3369 et
2620 3317 2788 3371 bella.
2811 3318 2876 3372 Et
2905 3318 2985 3373 ita
3012 3319 3138 3378 erit.
3162 3322 3305 3378 Vere
3339 3323 3491 3378 feras
3510 3324 3597 3379 in-

1982 3402 2242 3474 crepabis
2266 3406 2324 3457 et
2351 3406 2555 3473 gentes
2834 3406 3131 3478 dissipabis
3157 3410 3581 3482 praedicatores,

1983 3491 2079 3563 qui
2109 3492 2279 3562 legati
2299 3491 2379 3545 tui
2406 3496 2595 3549 erunt.
2619 3494 2762 3548 Nam
2781 3497 3164 3566 venientlegati
3180 3500 3599 3572 exi'gyptoﬁd

1981 3582 2066 3633 est
2096 3596 2161 3632 ex
2176 3596 2363 3633 massa
2379 3585 2746 3649 peccatorum
2774 3582 2831 3636 in
2855 3585 3101 3653 peccatis
3116 3588 3559 3644 tenebrosorum
3583 3631 3598 3657 ,

1982 3666 2077 3738 qui
2096 3683 2199 3737 per
2210 3669 2517 3737 1Egyptum
2531 3673 2931 3739 competenter
2946 3671 3601 3747 accipiunturyEgyptus

1982 3755 2192 3826 quippe
2226 3755 2696 3811 dieiturtenebrae.
2760 3757 2924 3821 Quod
2953 3764 3040 3814 est
3103 3761 3291 3816 dicere
3316 3764 3496 3818 :Multi
3532 3781 3599 3819 ex

1981 3845 2374 3914 peccatoribus
2396 3845 2572 3914 legati
2604 3845 2684 3900 tui
2716 3846 2873 3913 facti,
2900 3848 3131 3903 venient
3160 3850 3353 3905 adhoc
3375 3857 3437 3906 ut
3458 3870 3602 3924 prae-

1982 3932 2196 3986 dicent.
2254 3934 2320 3988 Et
2374 3934 2710 4005 priusquam
2757 3936 3033 4007 Egyptus
3093 3938 3314 4008 legatos
3369 3940 3601 4009 habeat,

1980 4022 2300 4091 (Ethiopia,
2369 4021 2425 4075 id
2458 4026 2542 4076 est
2599 4024 2874 4095 Egyptus
2909 4028 3220 4096 praeveniet,
3269 4027 3327 4081 id
3354 4030 3439 4082 est
3466 4032 3600 4084 ante

1980 4110 2276 4164 festinabit
2332 4111 2470 4165 dare
2543 4109 2744 4165 Manus
2803 4113 2934 4182 ejus,
2999 4114 3056 4168 id
3087 4117 3172 4169 est
3211 4131 3417 4171 manus
3473 4135 3602 4174 suas

1980 4197 2116 4264 Deo,
2166 4198 2225 4252 id
2274 4202 2359 4252 est
2412 4215 2600 4253 massa
2654 4200 3099 4256 tenebrosorum
3148 4204 3420 4258 salvanda
3445 4205 3600 4260 festi-

1983 4286 2143 4340 nabit
2200 4303 2259 4341 se
2283 4287 2399 4341 Deo
2426 4288 2671 4342 subdere
2705 4305 2807 4360 per
2834 4288 3030 4356 ﬁdem,
3064 4307 3097 4344 a
3138 4291 3512 4348 similitudine
3542 4293 3606 4348 il-

1982 4373 2109 4442 lius,
2135 4374 2230 4446 qui
2259 4392 2390 4429 eum
2415 4375 2677 4430 subditus
2737 4377 3040 4447 cujuslibet
3084 4378 3348 4446 efﬁcitur,
3396 4397 3603 4436 manus

1982 4480 2113 4517 suas
2142 4463 2239 4517 dat
2259 4464 2358 4517 illi.
2392 4463 2679 4535 Ethiopia
2717 4465 2952 4535 quidem
2974 4466 3114 4520 illud
3156 4467 3309 4523 idem
3329 4468 3605 4542 hicsigni-

1982 4552 2115 4606 ﬁcat
2143 4552 2300 4622 quod
2323 4553 2619 4623 [Egyptus,
2640 4568 2757 4606 non
2804 4554 2966 4623 quod
2988 4553 3039 4607 ei
3074 4556 3279 4610 eadem
3321 4557 3394 4611 sit
3422 4558 3601 4614 inter-

1980 4638 2253 4709 pretatio,
2279 4638 2379 4692 sed
2409 4638 2543 4709 quia
2572 4640 2854 4711 Ethopize
2890 4642 3078 4697 coloni
3108 4643 3416 4713 nigerrimi
3447 4652 3599 4704 sunt.

1979 4728 2333 4781 Adhortatur
2357 4744 2490 4782 vero
2521 4744 2726 4784 omnes
2746 4730 2943 4786 ﬁdeles
2966 4733 3207 4803 psallere
3238 4735 3354 4789 Deo
3377 4737 3434 4788 et
3462 4753 3598 4792 can-

1979 4820 2123 4884 tare,
2152 4817 2411 4871 contuitu
2430 4818 2693 4873 omnium
2721 4820 2932 4875 borum
2973 4821 3457 4893 supradictorum,
3476 4825 3555 4881 sic
3582 4843 3595 4882 :

1980 4906 2129 4977 Ergo
2143 4905 2278 4976 quia
2294 4907 2415 4960 haec
2429 4906 2627 4961 omnia
2644 4924 2769 4978 qua:
2788 4909 3026 4980 praedixi
3046 4910 3600 4980 complebuntur,re-

1976 5010 2085 5062 gna
2116 5001 2289 5060 terra»,
2320 4993 2378 5048 id
2408 4997 2492 5049 est
2510 5011 2607 5051 vos
2640 5012 2843 5050 omnes
2875 4996 3161 5051 efﬁciendi
3187 5014 3370 5067 regna
3393 5000 3596 5069 Dei,ex

1977 5083 2155 5147 terra,
2187 5081 2244 5136 id
2270 5084 2356 5135 est
2385 5098 2452 5135 ex
2483 5082 2751 5148 terrenis,
2779 5088 2990 5139 cantate
3010 5084 3124 5138 Deo
3152 5084 3397 5152 Christo,
3416 5085 3475 5141 id
3511 5093 3597 5143 est

1976 5170 2205 5223 laudate
2238 5170 2416 5224 Deum
2443 5186 2573 5224 cum
2604 5170 2848 5237 cantico,
2874 5171 2931 5225 id
2974 5175 3058 5225 est
3078 5172 3439 5243 jucunditate
3457 5191 3595 5231 con-

1976 5256 2326 5328 templativa:
2354 5258 2502 5311 vitae.
2538 5258 2605 5311 Et
2633 5257 2731 5329 qui
2763 5274 2880 5312 non
2908 5260 3144 5329 potestis
3164 5265 3421 5329 cantare,
3442 5265 3591 5333 psal-

1976 5345 2066 5398 lite
2094 5345 2344 5411 Domino,
2371 5345 2430 5399 id
2460 5349 2545 5399 est
2575 5346 2800 5399 laudate
2836 5346 3169 5415 Dominum,
3227 5351 3474 5419 psalmo,
3529 5353 3589 5408 id

1974 5436 2059 5487 est
2087 5433 2241 5488 bona
2272 5433 2609 5505 operatione
2643 5433 2840 5488 activae
2866 5434 3017 5489 vitae.
3051 5435 3164 5490 Hoc
3198 5440 3395 5492 autem
3422 5457 3585 5512 supe-

1973 5522 2091 5578 rius
2121 5522 2180 5577 in
2211 5522 2320 5578 hoc
2372 5521 2579 5576 eodem
2612 5523 2832 5592 psalmo
2863 5522 3080 5580 dictum
3129 5527 3235 5594 est,
3278 5527 3375 5584 ubi
3401 5528 3539 5585 dixit
3567 5549 3581 5589 :
