4004 6052
443 328 548 393 987

1046 324 1106 391 Β.
1146 327 1492 391 BRUNONIS
1533 326 2172 392 CARTHUSIANORUH
2208 331 2679 396 INS'I‘I'I‘U'I‘ORIS
2716 334 2873 397 OPP.
2914 334 3093 398 PARS
3128 328 3155 395 Ῑ

3646 326 3765 396 908

444 455 673 514 Caritate
698 454 849 532 Deo,
853 454 1125 531 psalmum
1174 455 1331 514 dicite
1360 459 1550 514 nonini
1575 456 1707 530 ejus.
1737 457 1851 515 Sed
1879 474 2056 531 supe-
2078 460 2133 522 Α
2159 476 2321 516 suam
2349 458 2410 517 in
2440 462 2633 520 futuro
2664 463 2933 532 exaltare,
2966 461 3158 521 dando
3185 459 3239 521 ei
3265 457 3666 521 fortitudinem
3696 458 3785 533 et,

439 549 559 605 rius
588 551 661 604 ad
690 550 1009 622 primitivos
1031 548 1248 603 dictum
1281 552 1388 611 est,
1420 548 1512 603 hic
1543 551 1735 603 autem
1760 548 1968 603 dicitur
1980 548 2053 603 ad

441 655 644 695 omnes
664 638 861 692 fideles
928 637 1170 703 Psallite,
1202 636 1482 708 iniquam,
1540 637 1672 703 Deo,
1702 640 1796 709 qui
1821 638 2054 692 ascendit

436 745 591 798 super
618 727 799 781 calum
829 726 964 792 cadi,
996 725 1055 779 id
1088 729 1171 780 est
1197 728 1314 780 Deo
1342 726 1436 797 qui
1452 726 1766 781 secundum
1789 725 2054 781 humani-

436 819 617 870 tatem
650 815 921 870 ascendet
971 832 1125 886 super
1156 814 1359 879 ctelmn,
1392 813 1446 868 id
1481 817 1567 867 est
1624 831 1796 886 super
1851 814 2049 869 firma-

437 907 699 959 mentum
731 904 844 957 εοεΙί
871 902 1465 974 aeriicomplexivum,
1487 902 1543 955 id
1561 906 1646 956 est
1660 904 2050 975 complectens

434 993 494 1048 in
524 1010 581 1047 se
604 995 791 1048 totum
818 1008 1031 1056 aerem,
1058 995 1273 1045 terram
1312 1007 1474 1045 mare
1498 993 1554 1043 et
1585 991 1782 1046 omnia
1835 1009 1963 1063 qua:
1988 990 2048 1046 in

435 1080 514 1135 eis
543 1084 694 1135 sunt.
724 1079 1083 1135 Determinat
1113 1095 1343 1151 quoque
1388 1080 1581 1133 locum
1634 1080 1789 1133 unde
1848 1095 2045 1133 ascen-

435 1170 536 1237 dit,
566 1170 638 1224 ad
658 1168 790 1223 fidei
807 1171 1015 1222 nostra:
1037 1166 1651 1234 conﬁrmationem,sic
1669 1185 1680 1221 :
1701 1166 1836 1221 Dico
1855 1182 2051 1221 ascen-

433 1259 529 1315 det
551 1259 757 1313 coelum
788 1260 844 1312 et
868 1258 978 1311 hoc
1009 1256 1079 1310 ad
1107 1258 1382 1323 orientem,
1416 1256 1475 1310 id
1508 1259 1595 1310 est
1625 1272 1818 1310 versus
1849 1255 2044 1310 orien-

428 1351 571 1413 tem,
604 1347 814 1402 scilicet
847 1348 1094 1400 amonte
1119 1344 1341 1411 Oliveti,
1372 1345 1468 1416 qui
1492 1344 1848 1398 Hierusalem
1870 1359 2047 1415 oppo-

429 1435 568 1490 situs
597 1439 684 1490 est
712 1435 784 1488 ab
815 1433 1079 1488 orientali
1105 1434 1295 1503 plaga.
1323 1432 1421 1486 Vel
1457 1432 1750 1498 ascendet,
1785 1432 1844 1485 id
1866 1429 2047 1485 estdi-

428 1525 648 1596 gnitate
679 1540 780 1577 sua
809 1521 1230 1586 sublimabitur,
1265 1537 1443 1592 usque
1460 1520 1532 1574 ad
1546 1520 1852 1587 orientem,
1876 1519 1933 1573 id
1960 1521 2047 1572 est

427 1629 606 1685 usque
637 1612 709 1667 ad
731 1612 842 1666 hoc
889 1611 1095 1679 dignus
1142 1609 1252 1663 erit
1280 1611 1343 1662 ut
1395 1608 1772 1678 personaliter
1811 1608 2045 1662 uniatur

424 1701 609 1755 Verbo
637 1699 757 1765 Dei,
790 1699 944 1771 quod
966 1698 1024 1751 in
1053 1700 1335 1751 aeternum
1362 1700 1419 1751 et
1450 1696 1817 1751 ineffabiliter
1837 1696 2038 1762 oritur,

2152 549 2443 607 virtutem.

2612 645 2682 699 IN
2718 643 3042 701 PSALMUM
3072 644 3291 700 LXVIII.

2224 730 2434 786 Psalmi
2464 732 2805 805 sexagesimi
2826 735 3007 789 octavi
3037 734 3252 789 titulus.
3299 733 3369 788 In
3411 734 3573 803 ﬁnem
3602 731 3766 789 Psal—

2149 835 2267 873 mus
2286 838 2387 891 pro
2417 822 2497 875 his
2516 824 2613 894 qui
2633 823 3101 877 commutabantur
3128 822 3330 878 David.
3367 822 3529 887 Quod
3561 822 3639 877 sic
3666 840 3766 877 ex-

2150 908 2386 978 ponitur
2418 925 2430 963 :
2461 910 2719 965 Psalmus
2748 910 2853 965 iste
2886 911 3005 982 agit
3023 927 3131 982 pro
3157 912 3257 978 his,
3302 911 3362 966 id
3392 914 3478 966 est
3506 928 3610 983 pro
3641 910 3755 965 uti-

2148 995 2306 1050 litate
2337 1013 2536 1051 eorum
2562 1001 2659 1070 qui
2682 1000 3152 1054 commutabantur
3193 999 3377 1055 David
3414 1000 3659 1066 Christo,
3695 998 3763 1053 id.

2148 1087 2233 1138 est
2262 1087 2602 1141 commutati
2630 1087 2701 1141 de
2730 1090 3009 1142 vetustate
3035 1087 3193 1154 Adae,
3235 1078 3759 1143 conformabuntur

2147 1173 2383 1228 novitati
2415 1175 2642 1230 Christi.
2672 1175 2807 1230 Dico
2836 1176 3324 1243 commutabantur,
3363 1179 3422 1231 et
3447 1177 3557 1231 hoc
3592 1178 3654 1232 in
3681 1177 3756 1245 ﬁ-

2144 1277 2283 1327 nem,
2306 1261 2364 1316 id
2392 1266 2476 1316 est
2502 1262 2556 1317 in
2598 1264 2912 1334 perfectam
2951 1264 3488 1319 commutationem.
3522 1264 3621 1320 Hic
3650 1265 3757 1321 sci-

2145 1349 2279 1403 licet
2303 1352 2771 1405 commutabuntur
2799 1356 2857 1407 et
2890 1352 3409 1407 conformabuntur
3449 1351 3502 1407 ei
3545 1369 3751 1407 secuns

2146 1437 2282 1491 dum
2326 1440 2689 1494 sanctitatem
2720 1443 2779 1495 et
2816 1440 3231 1505 innocentiam,
3290 1445 3460 1514 prout
3511 1440 3595 1495 eis
3640 1441 3753 1497 erit

2142 1527 2430 1596 possibile,
2459 1528 2517 1582 in
2543 1528 2735 1583 futuro
2761 1545 2895 1584 vero
2912 1530 3226 1584 secundum
3246 1528 3748 1584 immortalitatem

2143 1617 2200 1668 et
2240 1614 2784 1687 impassihilitatem.
2832 1618 2900 1671 Et
2938 1618 3085 1672 bene
3130 1617 3363 1689 quidem
3418 1617 3751 1672 intitutatur

2130 1704 2371 1772 psalmus
2404 1721 2416 1758 :
2449 1708 2636 1776 Agere
2668 1722 2773 1776 pro
2802 1706 3047 1761 utilitate
3073 1722 3274 1760 eorum
3304 1706 3399 1777 qui
3420 1709 3749 1760 commuta-

422 1789 483 1843 id
514 1791 598 1843 est
627 1790 939 1860 generatur
964 1803 997 1840 a
1024 1788 1208 1841 Patre.
1257 1785 1414 1851 Dico,
1448 1785 1736 1854 ascendet,
1765 1784 1883 1856 ipse
1911 1784 2036 1838 dico
2066 1786 2117 1845 B
2140 1791 2373 1849 buntur.
2409 1794 2551 1847 Cum
2583 1798 2641 1848 et
2662 1794 2868 1849 Christi
2886 1794 3250 1860 resurrectio,
3283 1793 3561 1848 futurasit
3574 1809 3751 1849 causa

424 1877 669 1933 existens
688 1875 945 1931 sublimis
970 1892 1125 1945 super
1152 1874 1333 1927 cadum
1365 1872 1622 1944 superius
1652 1873 1769 1927 cadi
1800 1872 2035 1926 inferio-

426 1966 502 2021 ris
526 1964 970 2036 complexivum,
1003 1963 1060 2018 id
1087 1965 1171 2017 est
1197 1962 1426 2033 dignior
1452 1961 1888 2018 sublimioribus
1912 1959 2036 2015 cceli

420 2054 652 2121 civibus,
710 2054 807 2125 qui
838 2053 897 2107 in
935 2055 1214 2124 potestate
1246 2051 1604 2122 principatus
1640 2049 1723 2104 sui
1780 2050 2037 2104 minores

420 2143 648 2214 spiritus
678 2142 1157 2212 complectuntur.
1210 2139 1368 2205 Dico,
1392 2138 1608 2209 psallite
1636 2140 1693 2192 et
1719 2145 1948 2205 cantate,
1980 2139 2038 2191 et

417 2232 527 2286 hoc
565 2230 828 2286 faciendo
855 2230 976 2282 date
991 2228 1214 2297 gloriam
1232 2228 1367 2294 Deo,
1390 2226 1447 2281 id
1466 2230 1549 2282 est
1576 2227 1706 2281 date
1725 2225 2036 2297 gloriosam

418 2319 649 2374 laudem
683 2321 829 2386 Deo;
862 2333 979 2371 non
1013 2319 1346 2387 reputantes
1399 2331 1496 2370 vos
1527 2332 1561 2369 a
1588 2314 1749 2369 vobis
1794 2315 1902 2369 hoc
1932 2314 2033 2368 ha-

419 2408 576 2474 bere,
600 2407 751 2479 quod
776 2422 906 2459 eum
930 2405 1164 2459 laudare
1178 2402 1431 2475 potestis,
1449 2403 1550 2458 sed
1563 2403 1633 2457 ab
1659 2402 1867 2457 eodem
1894 2404 2030 2457 Deo.

417 2495 683 2565 Alioquin
711 2493 963 2565 gloriosa
991 2494 1112 2546 laus
1142 2507 1258 2545 non
1287 2493 1456 2545 esset.
1476 2492 1544 2545 Et
1582 2490 1822 2561 dignum
1854 2493 1939 2544 est
1973 2494 2033 2544 ut

415 2583 525 2637 hoc
554 2587 741 2637 totum
789 2580 1026 2634 faciatis.
1052 2579 1190 2633 Ecce
1219 2579 1375 2633 enim
1403 2578 1460 2632 in
1494 2579 1763 2651 prtesenti
1786 2595 1905 2632 non
1932 2578 2031 2632 diu

417 2669 686 2737 tardabit,
714 2668 926 2723 scilicet
971 2671 1101 2738 post
1131 2684 1387 2739 praesens
1413 2667 1686 2721 seculum
1719 2666 1875 2738 quod
1894 2666 2025 2720 bre-

414 2759 707 2813 vissimum
739 2760 844 2824 est,
895 2756 967 2811 ad
989 2754 1487 2826 comparationem
1537 2754 1660 2821 Dei,
1718 2754 1867 2817 dabit
1917 2756 2032 2808 voci

410 2865 540 2911 sua,
571 2864 746 2901 vocem
776 2847 988 2900 virtutis
1016 2860 1157 2912 esse,
1192 2843 1251 2898 id
1308 2846 1395 2898 est
1431 2842 1602 2898 faciet
1634 2858 1831 2897 vocem
1863 2858 2028 2898 suam

412 2953 531 2991 esse
561 2951 759 2990 vocem
781 2934 1092 2988 virtuosam
1123 2936 1181 2986 et
1208 2934 1530 3002 potentem,
1547 2930 1822 2986 dicendo:
1848 2949 1879 2983 α
1904 2930 2027 2985 Dis-

2140 1881 2311 1951 hujus
2340 1882 2846 1951 commutationis;
2877 1886 2935 1937 et
2963 1899 3096 1937 cum
3144 1882 3401 1938 Christus
3427 1882 3519 1937 hic
3560 1882 3749 1937 intro-

2141 1968 2381 2024 ducatur
2413 1987 2583 2025 orans
2609 1971 2681 2025 de
2710 1971 3035 2026 constantia
3076 1974 3135 2026 et
3177 1971 3248 2025 de
3297 1970 3747 2026 resurrectione.

2140 2058 2314 2113 Orare
2346 2058 2520 2113 etiam
2549 2059 2703 2113 haud
2730 2058 2968 2114 dubium
3024 2062 3110 2113 est
3166 2076 3320 2120 eum,
3354 2075 3457 2132 pro
3506 2074 3747 2114 suorum

2137 2147 2686 2201 commutandorum
2718 2147 2985 2203 utilitate.
3012 2147 3273 2202 Ostendit
3301 2155 3530 2220 quo'que
3551 2147 3613 2200 in
3634 2148 3749 2203 hoc

2137 2235 2359 2306 psalmo
2392 2236 2717 2307 passionem
2767 2252 2951 2301 suam,
3003 2240 3067 2290 ut
3107 2235 3372 2307 passione
3418 2235 3624 2290 eadem
3650 2252 3748 2290 re-

2137 2322 2402 2393 demptos
2433 2323 2712 2378 obnoxios
2736 2324 2841 2378 sibi
2869 2325 3094 2391 reddat,
3142 2327 3201 2378 et
3243 2340 3349 2395 pro
3386 2341 3445 2378 se
3484 2323 3749 2395 patiendi

2136 2413 2462 2482 exemplum
2498 2411 2729 2467 tribuat.
2781 2413 2915 2484 Agit
2967 2412 3203 2483 insuper
3246 2412 3318 2466 de
3368 2411 3749 2467 inimicorum

2134 2499 2507 2554 damnatione
2538 2499 2903 2569 multimoda,
2935 2504 2997 2554 ut
3030 2517 3161 2555 suos
3182 2501 3253 2555 ab
3285 2516 3487 2555 eorum
3516 2500 3748 2555 confor-

2132 2588 2331 2642 mitate
2364 2589 2642 2643 retrahat.
2672 2591 2733 2643 In
2764 2589 2880 2643 fine
2918 2605 3050 2644 vero
3100 2589 3307 2660 psalmi
3354 2605 3484 2643 suos
3521 2588 3595 2643 ad
3633 2588 3742 2644 Dei

2130 2677 2361 2731 laudem
2393 2677 2749 2740 exhortatur,
2776 2677 2848 2733 de
2894 2693 3143 2752 quorum
3182 2677 3433 2733 breviter
3471 2676 3590 2751 agit
3627 2677 3739 2734 sal-

2128 2765 2375 2820 vatione.

2199 2853 2423 2909 Salvum
2445 2870 2527 2910 me
2548 2855 2663 2925 fac,
2686 2853 2832 2910 Deus
2847 2856 3037 2922 Pater,
3056 2852 3322 2910 faciendo
3342 2857 3730 2923 constantem,

2130 2945 2187 2995 et
2216 2943 2628 2998 resuscitando.
2664 2944 2731 2998 Et
2759 2960 2991 2998 necesse
3027 2954 3110 2997 est
3144 2946 3207 2997 ut
3248 2943 3357 2998 hoc
3394 2960 3579 3010 orem,
3609 2961 3741 3017 quo-

410 3025 594 3079 cedite
622 3041 654 3077 a
676 3040 790 3090 me,
825 3020 1117 3076 maledicti
1151 3019 1373 3090 (Matth.
1408 3036 1533 3086 xxv,
1567 3021 1678 3085 41),
1708 3039 1735 3067 ››
1763 3022 1897 3086 etc.,
1931 3019 2025 3090 qui

2131 3033 2277 3085 niam
2308 3050 2481 3104 aqua’,
2510 3032 2571 3086 id
2592 3034 2679 3086 est
2697 3031 2876 3086 Judaei
2921 3034 3273 3099 intraverunt,
3320 3032 3379 3087 id
3417 3036 3504 3087 est
3556 3032 3739 3087 intra-

408 3113 467 3167 in
494 3113 757 3184 passione
770 3111 1051 3165 humilem
1068 3126 1265 3164 vocem
1280 3108 1533 3173 habebit,
1558 3107 1802 3161 dicendo
1829 3124 1841 3161 :
1868 3130 1895 3157 ‹‹
1912 3108 2029 3162 Tri-

408 3202 507 3256 stis
538 3201 831 3256 estanima
848 3216 977 3253 mea
1004 3197 1226 3269 (Matth.
1249 3213 1393 3261 xxvx,
1424 3198 1536 3263 38),
1560 3215 1591 3248 ›>
1618 3198 1677 3249 et
1705 3199 1913 3250 caetera
1929 3196 2030 3249 hu-

398 3289 676 3361 jusmodi.
725 3290 804 3341 Ac
830 3287 875 3341 si
906 3286 1091 3340 dicat:
1125 3285 1374 3338 Laudate
1399 3300 1531 3337 eum
1564 3283 1659 3355 qui
1689 3286 1894 3355 potens
1926 3302 2026 3356 ap-

405 3377 632 3451 parebit
654 3376 714 3430 in
736 3373 976 3445 judicio,
996 3372 1321 3426 nolentibus
1341 3387 1475 3425 eum
1495 3371 1692 3425 audire
1719 3370 1777 3424 in
1794 3371 2027 3427 humilis

407 3464 683 3520 doctrinae
715 3461 986 3533 alloquio,
1022 3477 1094 3513 ne
1125 3475 1222 3513 vos
1251 3461 1387 3513 tunc
1410 3459 1568 3529 juste
1600 3459 1859 3525 damnet,
1891 3459 1936 3513 si
1966 3460 2024 3513 in

406 3553 529 3624 ejus
554 3551 721 3606 laude
768 3547 989 3603 fueritis
1020 3547 1395 3617 neglectores.
1453 3547 1519 3600 Et
1542 3546 1671 3600 ideo
1695 3545 1879 3601 adhuc
1902 3547 2026 3602 date

402 3641 655 3712 gloriam,
726 3628 860 3710 quia
914 3639 1052 3690 tunc
1107 3635 1506 3702 magniﬁcentia
1558 3635 1672 3704 ejus
1715 3634 1826 3688 erit
1852 3651 2024 3706 super

401 3730 594 3795 Israel,
644 3727 702 3782 id
749 3729 834 3781 est
864 3742 930 3779 ex
956 3723 1235 3795 superiori
1262 3722 1634 3794 dispositione
1667 3740 1768 3776 sua
1798 3722 2020 3794 magni-

401 3818 595 3873 ficabit
621 3818 679 3872 in
710 3816 893 3888 gloria
914 3816 1125 3868 electos
1150 3829 1216 3865 ex
1237 3812 1546 3866 Israelitico
1576 3813 1809 3883 populo,
1844 3819 1893 3865 et
1920 3815 2022 3866 vir-

402 3915 482 3961 tus
502 3908 614 3977 ejus
642 3905 752 3960 erit
776 3907 833 3958 in
863 3903 1087 3956 nubibus
1112 3919 1125 3968 ;
1162 3900 1220 3953 id
1252 3904 1338 3953 est
1358 3900 1653 3954 beatitudo
1682 3904 1739 3953 et
1758 3900 2020 3971 potentia

392 3993 690 4065 judicandi
719 3992 1004 4046 mundum
1033 3990 1104 4043 ab
1123 4005 1189 4043 eo
1206 3988 1341 4042 data
1367 3988 1423 4041 in
1445 3987 1735 4059 apostolis,
1760 3988 1859 4057 qui
1888 3992 2021 4043 sunt

399 4084 601 4147 nubes,
628 4080 687 4134 id
745 4083 831 4133 est
890 4082 1056 4132 erunt
1088 4077 1345 4130 Ecclesiae
1391 4076 1778 4144 complutores
1824 4075 1883 4130 in
1911 4077 2018 4130 hac

396 4170 531 4224 vita.
579 4169 745 4222 Juxta
797 4166 950 4236 quod
1002 4164 1237 4219 dicitzu
1288 4163 1573 4217 Sedebitis
1632 4179 1803 4232 super
1855 4165 2017 4219 sedes

398 4256 701 4313 duodecim
717 4253 1043 4325 judicantes
1065 4250 1369 4305 duodecim
1387 4250 1569 4304 tribus
1591 4251 1761 4304 Israel
1791 4250 2011 4322 (Matth.

395 4362 506 4411 nx,
529 4344 641 4415 28).
676 4364 702 4391 »
738 4344 860 4397 Non
891 4341 1078 4395 solum
1111 4342 1306 4392 autem
1332 4338 1512 4391 nubes
1543 4341 1601 4392 et
1629 4339 1799 4393 Israel
1830 4339 2014 4394 beati-

394 4433 619 4491 ﬂcando
649 4429 913 4484 mirabilis
938 4425 1256 4499 apparebit,
1284 4426 1385 4481 sed
1417 4425 1697 4480 mirabilis
1741 4426 1886 4481 Deus
1909 4446 2010 4500 ap-

393 4520 620 4593 parebit
647 4519 710 4574 in
736 4517 1007 4572 omnibus
1032 4517 1233 4570 sanctis
1250 4517 1378 4580 suis,
1403 4530 1502 4568 eos
1528 4514 1912 4570 beatiﬁcando
1944 4533 2013 4572 ex

394 4622 737 4681 quocunque
789 4605 1023 4675 pepulo.
1098 4602 1244 4657 Deus
1298 4598 1468 4655 Israel
1492 4602 1629 4667 dico,
1663 4602 1721 4656 id
1746 4606 1832 4657 est
1862 4604 2010 4658 Deus

389 4698 561 4754 Iacob
593 4694 952 4767 patriarchae,
974 4709 1091 4746 non
1110 4708 1312 4746 recens
1337 4693 1502 4746 Deus.
1534 4691 1630 4744 Vel
1654 4693 1801 4746 Deus
1816 4693 2007 4761 Israel,

388 4787 446 4842 id
476 4790 561 4840 est
583 4783 754 4839 totius
785 4781 1068 4847 Ecclesiae,
1100 4796 1228 4851 qua:
1258 4783 1397 4833 tunc
1423 4779 1535 4833 erit
1561 4779 1757 4834 videns
1800 4781 2005 4836 Deum.

388 4873 629 4946 Exponit
654 4874 869 4937 autem,
885 4869 944 4923 in
975 4885 1088 4940 qua
1110 4884 1173 4922 re
1190 4868 1447 4921 mirabilis
1475 4869 1582 4923 erit
1603 4870 1657 4921 in
1674 4872 1867 4923 sanctis
1878 4872 2005 4936 suis,

386 4979 515 5017 cum
548 4961 708 5016 addit
735 4976 747 5013 :
776 4959 909 5013 Dico
940 4955 1219 5022 mirabilis,
1238 4958 1297 5009 et
1326 4954 1385 5009 in
1411 4956 1520 5010 hoc
1564 4956 1698 5027 quia
1727 4959 1831 5027 ipse
1860 4958 2008 5013 dabit

384 5053 631 5104 virtutem
682 5048 825 5119 plebi
867 5063 995 5112 suae,
1044 5043 1103 5098 id
1133 5047 1219 5097 est
1245 5043 1745 5099 immortalitatem
1806 5049 1863 5099 et
1889 5045 2002 5101 im-

382 5137 836 5209 passibilitatem,
870 5150 997 5205 qua:
1053 5131 1145 5186 hic
1201 5132 1435 5186 infirma
1460 5135 1568 5197 est,
1608 5148 1676 5187 eo
1728 5134 1884 5204 quod
1930 5133 2004 5188 sit

383 5225 664 5299 passibilis
691 5226 748 5277 et
778 5220 1057 5287 mortalis,
1120 5223 1177 5273 et
1228 5220 1377 5273 dabit
1440 5220 1814 5289 fortitudinem
1875 5221 1999 5291 pleb

380 5329 504 5380 siue,
537 5316 599 5368 ut
628 5310 861 5366 ulterius
883 5326 1000 5363 non
1029 5306 1207 5380 possit
1237 5307 1423 5378 decipi
1455 5311 1513 5361 et
1563 5323 1823 5380 peccare.
1874 5310 1998 5379 Ipse

381 5379 506 5455 dico
561 5399 852 5453 benedictus
907 5379 1052 5449 Deus
1119 5394 1389 5462 existens,
1438 5394 1497 5447 id
1528 5397 1614 5448 est
1644 5379 1998 5465 250cm]-

382 5491 536 5541 tutus
588 5489 863 5549 Deus;ac
908 5483 953 5536 si
1001 5482 1359 5537 dicatzCum
1421 5482 1539 5553 ipse
1579 5484 1858 5537 exaltatus
1903 5483 1994 5536 sit.

379 5578 441 5631 1n
466 5574 815 5629 sublimitate
845 5569 1152 5627 divinitatis
1178 5586 1293 5626 suae
1323 5573 1513 5645 potest
1541 5569 1737 5645 utique
1767 5572 2000 5644 plebem

2129 3121 2273 3175 bunt
2289 3138 2448 3191 usque
2476 3121 2546 3174 ad
2572 3124 2809 3174 animam
2835 3138 3028 3189 meam,
3050 3120 3448 3176 auferendum.
3471 3121 3637 3185 Quod
3649 3125 3738 3177 est

2129 3209 2319 3263 dicere
2350 3226 2362 3263 :
2390 3209 2497 3279 Ipsi
2524 3209 2731 3281 quidiu
2745 3210 3454 3276 voluntatem,habuerunt
3478 3214 3733 3266 mortem

2129 3313 2322 3352 meam
2355 3298 2656 3368 operandi,
2691 3302 2748 3353 et
2777 3315 2894 3353 non
2926 3302 3261 3369 potuerunt,
3291 3314 3423 3353 eam
3470 3298 3733 3353 nondum

2126 3389 2275 3440 esset
2305 3397 2528 3456 tempus
2558 3403 2704 3441 meae
2735 3387 3014 3458 passionis
3042 3405 3076 3442 a
3096 3389 3212 3442 Deo
3236 3386 3732 3458 dispositum,tan-

2127 3474 2260 3528 dem
2292 3474 2592 3529 intrabunt
2644 3476 2716 3529 ad
2774 3475 3173 3546 operationem
3234 3475 3511 3546 passionis
3560 3492 3729 3543 meae,

2125 3580 2307 3634 usque,
2332 3563 2476 3618 adeo
2496 3564 2755 3618 utetiam
2772 3564 3031 3618 animam
3061 3580 3255 3618 meam
3286 3564 3573 3629 auferant,
3606 3581 3733 3635 per-

2123 3651 2395 3706 missione
2424 3653 2529 3706 hac
2558 3669 2592 3706 a
2623 3652 2722 3707 Dei
2747 3651 3122 3722 dispositione
3165 3655 3420 3723 accepta,
3454 3670 3490 3707 a
3531 3652 3733 3707 simili-

2121 3740 2321 3794 tudine
2354 3740 2501 3794 illius
2531 3741 2627 3811 qui
2658 3740 2757 3796 diu
2801 3741 2992 3812 aliquo
3030 3739 3248 3795 intrare
3287 3741 3638 3807 desiderans,
3672 3743 3734 3796 et

2121 3844 2239 3882 non
2271 3830 2482 3895 valens,
2500 3829 2968 3883 tandemintrare
2983 3828 3355 3899 permittitur.
3379 3829 3732 3884 Intraverunt

2118 3934 2292 3988 aquae,
2315 3934 2349 3970 a
2372 3916 2751 3971 similitudine
2768 3916 2905 3973 dicit
2929 3933 2941 3970 :
2970 3917 3114 3970 sicut
3134 3917 3293 3971 enim
3322 3934 3485 3989 aqua:
3518 3934 3727 3974 navem

2119 4006 2418 4072 intrantes,
2461 4022 2667 4059 navem
2721 4006 3124 4077 submergunt,
3172 4006 3252 4060 ita
3281 4009 3339 4060 et
3365 4007 3470 4078 ipsi
3503 4006 3727 4062 inimici

2118 4094 2397 4165 passionis
2410 4095 2530 4164 ejus
2542 4094 2941 4165 operationem
2957 4094 3216 4166 ingressi,
3236 4112 3373 4149 eum
3389 4095 3445 4149 in
3472 4099 3728 4151 mortem

2119 4183 2543 4236 demerserunt.
2568 4182 2727 4236 Unde
2745 4182 2941 4249 etiam,
2961 4182 3174 4237 scilicet
3192 4183 3326 4253 quia
3341 4199 3475 4238 eum
3496 4184 3553 4238 in
3572 4200 3729 4240 mor-

2117 4273 2235 4324 tem
2258 4271 2677 4336 demerserunt,
2710 4286 2873 4341 aqua:
2905 4270 3191 4325 dicuntur.
3225 4273 3521 4342 Aquarum
3559 4273 3721 4327 enim

2116 4361 2200 4412 est
2230 4375 2515 4427 mergere.
2547 4357 2675 4413 Sive
2713 4375 2876 4430 aquze
2922 4358 3189 4413 dicuntur
3227 4375 3293 4413 eo
3332 4359 3488 4430 quod
3534 4359 3725 4415 difﬂui

2114 4450 2266 4511 sunt,
2291 4450 2350 4500 et
2378 4450 2674 4501 moventes
2696 4462 2755 4500 se
2787 4447 2860 4501 ad
2894 4462 3068 4501 omne
3097 4446 3277 4514 nefas,
3324 4463 3487 4501 more
3532 4463 3721 4519 aquas,

2113 4550 2241 4606 quae
2267 4551 2358 4588 res
2387 4534 2616 4589 mobilis
2638 4537 2722 4588 est
2749 4534 3038 4588 etdit‘ﬂua.
3058 4535 3167 4588 Per
3188 4534 3299 4588 hoc
3320 4536 3516 4589 autem
3530 4538 3728 4605 potes-

2109 4624 2291 4677 tatem
2317 4623 2616 4677 habebunt
2644 4622 2899 4676 intrandi
2932 4639 3095 4693 usque
3126 4621 3199 4676 ad
3238 4624 3474 4677 animum
3518 4640 3719 4690 meam,

2111 4711 2265 4783 quod
2296 4711 2490 4779 inﬁxus
2507 4727 2626 4763 sum
2655 4709 2717 4763 in
2755 4710 2878 4763 limo
2894 4710 3185 4780 pro/undi,
3218 4710 3279 4764 id
3308 4714 3413 4777 est,
3443 4727 3553 4781 ego
3587 4711 3721 4766 Ver—

2109 4798 2249 4852 bum
2274 4800 2459 4863 tuum,
2494 4799 2664 4852 Pater
2691 4798 2961 4865 existens,
2990 4798 3099 4852 ﬁxe
3143 4801 3203 4853 et
3232 4798 3721 4854 incommutabili-

2107 4888 2195 4939 ter
2220 4886 2413 4941 unitus
2440 4902 2566 4939 sum
2594 4886 2865 4940 humanae
2891 4889 3132 4953 naturas,
3153 4903 3281 4958 quae
3296 4886 3464 4941 hmus
3483 4886 3714 4955 dicitur,

2107 4990 2175 5028 eo
2203 4975 2355 5045 quod
2395 4978 2626 5029 terrena
2660 4978 2766 5041 est,
2809 4977 2867 5028 et
2921 4974 3239 5028 secundum
3294 4974 3714 5030 mortalitatem

2103 5063 2342 5133 fragilis,
2377 5065 2433 5116 et
2459 5062 2778 5132 profundus
2806 5062 2996 5127 limus,
3045 5062 3104 5117 id
3137 5065 3223 5116 est
3269 5062 3527 5128 infimus,
3559 5062 3710 5117 infe-

2101 5150 2268 5206 rioris
2312 5150 2525 5204 scilicet
2576 5152 2797 5204 naturai
2845 5166 3022 5221 quam
3070 5150 3358 5206 divinitas.
3412 5151 3707 5207 Profunda

2101 5237 2311 5311 quippe
2340 5254 2450 5302 res,
2484 5236 2688 5292 intima
2716 5239 2802 5291 est
2831 5236 3164 5309 aliquando.
3195 5237 3449 5308 Ideoque
3470 5237 3704 5309 profun-

2100 5325 2205 5379 dus
2229 5326 2473 5379 sumitur
2501 5340 2606 5395 pro
2638 5324 2862 5379 intimo.
2898 5324 3041 5381 Cum
3070 5327 3268 5379 autem
3299 5325 3438 5380 dicit
3468 5327 3699 5395 inﬁxus.

2099 5413 2234 5485 quia
2262 5413 2701 5468 immutabiliter
2722 5413 2913 5467 unitus
2940 5415 3047 5478 est,
3076 5417 3135 5467 et
3158 5412 3402 5468 firmiter
3429 5414 3703 5470 humana:

2101 5506 2320 5556 natura;
2352 5501 2670 5571 intelligere
2697 5501 2883 5555 datur.
2917 5501 3060 5556 Illud
3090 5518 3345 5573 namque
3392 5503 3548 5573 quod
3598 5502 3705 5557 im-

2105 5573 2320 5630 mobile
2352 5575 2519 5628 estet
2546 5574 2806 5640 ﬁrmum,
2840 5572 3015 5628 ﬁxum
3066 5572 3269 5629 vocari
3306 5572 3544 5632 solitum
3594 5576 3701 5631 est.
