4004 6052
193 384 311 453 N9

1164 384 1521 451 EXPOSl't‘lO
1557 386 1629 450 IN
1665 385 2001 453 PSALMOS.
2032 420 2103 437 --
2133 387 2330 455 ιδεμ..
2371 388 2575 455 LXVIII

3403 385 3518 461 ΜΟ

197 512 361 576 Bene
410 528 547 575 vero
598 527 727 573 non
762 506 963 584 ﬁxum,
1004 508 1105 572 sed
1146 510 1388 573 inﬁxum
1416 515 1603 592 ponit,
1648 511 1811 592 quasi
1845 516 2099 587 Aestate
2125 515 2171 576 si
2199 516 2685 594 diceretmignus
2714 529 2845 578 sum
2872 517 3105 584 salvari.
3131 516 3275 582 Nam
3309 518 3525 598 iiﬁuste

202 607 423 664 diceret
470 604 708 662 interius
748 605 945 674 ﬁxum,
994 607 1055 660 ut
1083 603 1287 662 innuat
1339 609 1397 662 et
1448 623 1508 662 se
1563 606 1811 663 ﬁrmiter

198 697 433 754 unitum
464 712 604 763 esse,
638 698 695 751 et
722 695 979 750 humana
1008 697 1215 750 natura
1240 697 1438 764 latere,
1463 712 1579 751 non
1621 695 1808 751 visibi-

198 786 319 842 lem
352 800 653 857 apparere.
669 785 735 838 Et
748 784 805 837 in
818 784 925 838 hoc
940 784 1116 839 ﬁdem
1140 787 1401 839 nostram
1422 784 1809 851 instruit,cum

199 891 262 932 se
287 877 469 931 Deum
502 890 622 930 esse
646 876 703 928 et
730 873 1027 928 hominem
1060 874 1278 927 asserit.
1307 873 1383 927 Et
1413 874 1688 945 quoniam
1723 874 1816 929 in-

200 964 349 1020 fixus
381 978 533 1028 sum,
572 979 679 1016 non
716 966 788 1016 est
825 962 1145 1023 substantia,
1170 962 1227 1016 id
1260 965 1343 1015 est
1374 979 1491 1016 non
1522 963 1631 1016 erit
1670 962 1813 1017 mihi

200 1050 588 1109 subsistentia.
634 1049 799 1114 Quod
844 1052 929 1104 est
968 1050 1156 1105 dicere
1190 1066 1202 1103 :
1236 1050 1361 1105 Non
1402 1050 1727 1118 subsistam,
1758 1050 1818 1106 id

202 1143 291 1197 est
319 1157 436 1196 non
469 1138 686 1207 vivam;
720 1137 858 1210 quin
889 1137 1127 1205 moriar,
1160 1154 1293 1193 cum
1316 1139 1395 1193 sic
1422 1156 1456 1193 a
1482 1140 1651 1193 Patre
1682 1154 1814 1195 meo

203 1228 545 1302 dispositum
576 1227 667 1283 sit.
710 1228 777 1281 In
809 1226 921 1281 alia
962 1226 1339 1282 translatione
1388 1228 1653 1282 habetur.
1687 1227 1817 1282 Non

193 1336 415 1391 passum
442 1318 737 1373 consistere.
758 1316 854 1371 Vel
887 1315 965 1371 sic
1000 1332 1013 1370 :
1049 1317 1117 1370 Et
1140 1315 1269 1371 ideo
1305 1316 1508 1371 salvum
1536 1319 1651 1388 fac,
1684 1317 1819 1388 quia

204 1408 402 1476 inﬁxus
435 1424 552 1460 sum
583 1407 639 1459 in
666 1404 789 1460 limo
809 1404 1098 1475 pro/undi.
1144 1405 1258 1459 Hoc
1285 1409 1481 1460 autem
1512 1423 1615 1477 per
1636 1407 1818 1460 solam

207 1495 647 1551 similitudinem
678 1493 933 1566 ponitur,
969 1510 1032 1547 ac
1064 1492 1110 1547 si
1140 1493 1318 1549 dicat:
1337 1495 1469 1549 ldeo
1488 1511 1718 1549 necesse
1736 1497 1822 1549 est

206 1587 273 1639 ut
299 1600 393 1639 me
414 1584 615 1650 salves,
634 1582 768 1655 quia
790 1580 991 1637 similis
1011 1598 1110 1637 ero
1133 1582 1308 1638 inﬁxo
1332 1582 1390 1637 in
1414 1583 1552 1638 limo
1576 1584 1817 1654 profun-

208 1672 424 1740 ditatis,
458 1672 575 1744 qui,
610 1687 726 1726 non
757 1672 952 1725 valens
987 1670 1249 1738 evadere,
1277 1671 1650 1744 demergitur.
1676 1673 1822 1727 Nam

210 1766 389 1833 etego
406 1761 465 1815 in
489 1760 957 1816 tribulationibus
973 1759 1320 1830 inﬁgendus,
1337 1776 1454 1814 non
1477 1760 1740 1827 evadam,
1766 1763 1823 1814 et

1922 622 2018 663 me
2041 608 2323 679 occident,
2348 611 2446 684 qui
2490 610 2563 667 ad
2612 625 2815 667 eorum
2846 612 3041 667 salutis
3087 612 3525 671 instructionem

1921 696 2072 766 veni,
2099 716 2268 771 quem
2287 702 2484 756 audire
2500 702 2895 773 neglexerunt.
2911 702 3298 772 Deprimendo
3312 704 3525 778 quippe

1923 784 2289 843 inimicorum
2320 794 2569 861 partem,
2598 807 2761 845 suam
2796 790 2982 861 magis
3007 792 3254 845 exaltare
3282 792 3524 850 videtur.

1920 874 1991 927 Ut
2007 879 2200 930 autem
2228 878 2557 933 salvationis
2584 895 2698 933 suae
2728 880 3002 934 meritum
3045 883 3403 951 augmentet,
3435 881 3524 936 ni-

1920 963 2098 1018 miam
2131 965 2384 1020 futuram
2404 983 2527 1021 esse
2546 969 2951 1039 tempestatem
2969 985 3103 1022 eum
3131 968 3527 1027 demersuram

1920 1052 2189 1120 ostendit,
2220 1070 2351 1108 cum
2392 1055 2471 1109 sic
2504 1055 2663 1110 addit
2695 1072 2707 1110 :
2744 1056 2870 1110 Dico
2912 1056 3067 1126 quod
3097 1056 3396 1128 demerget
3431 1074 3528 1113 me

1916 1139 2251 1210 tempestas,
2273 1158 2377 1212 pro
2399 1160 2512 1214 qua
2536 1146 2881 1213 tempestate
2900 1143 3205 1213 defecerunt
3225 1144 3365 1200 oculi
3401 1146 3527 1213 mei,

1917 1226 1973 1281 id
2008 1233 2093 1282 est
2122 1229 2395 1284 deﬁcient
2426 1231 2693 1303 apostoli,
2743 1232 2841 1303 qui
2884 1231 3153 1287 dicuntur
3192 1232 3358 1300 oculi,
3401 1233 3529 1305 quia

1919 1317 2107 1370 totum
2130 1332 2338 1389 corpus
2366 1335 2589 1385 meum,
2617 1318 2925 1373 Ecclesiam
2948 1320 3178 1387 scilicet,
3203 1320 3534 1375 illuminent

1920 1404 2331 1475 prmdicatione
2358 1409 2414 1459 et
2452 1407 2590 1460 vita.
2618 1406 2708 1460 Sic
2736 1406 2995 1460 videlicet
3025 1406 3310 1475 deficient,
3343 1410 3406 1462 ut
3434 1423 3531 1463 me

1922 1492 2110 1547 solum
2151 1493 2506 1564 reliquentes
2532 1494 2855 1564 aufugiant.
2888 1496 3035 1549 Dum
3062 1495 3170 1549 hoc
3217 1494 3289 1549 sit
3330 1498 3530 1553 tamen

1923 1580 2076 1649 quod
2117 1596 2224 1651 ego
2246 1596 2393 1651 spero
2422 1582 2485 1635 in
2524 1581 2638 1635 Deo
2678 1598 2827 1646 meo;
2855 1598 2919 1635 ac
2949 1581 2995 1635 si
3035 1582 3187 1636 dicat
3219 1598 3232 1637 :
3267 1582 3533 1647 Quamvis

1925 1666 2194 1725 deﬁciant
2219 1686 2253 1724 a
2284 1687 2402 1737 me,
2456 1673 2654 1724 tamen
2698 1672 3029 1739 exemplum
3083 1670 3385 1737 deﬁciendi
3413 1688 3533 1730 non

1921 1754 2239 1812 habebunt.
2283 1759 2401 1829 Ego
2468 1758 2625 1813 enim
2678 1774 2796 1813 non
2851 1758 3138 1826 deﬁciam,
3171 1759 3271 1813 sed
3308 1758 3366 1814 in
3414 1761 3532 1815 Deo

208 1851 345 1924 quia
364 1850 565 1905 similis
585 1866 682 1904 ero
701 1848 898 1915 inﬁxo,
924 1865 1042 1903 non
1070 1847 1180 1903 erit
1200 1848 1514 1903 substantia
1537 1866 1550 1917 ;
1575 1850 1682 1903 hoc
1704 1865 1821 1904 non
1852 1835 1902 1895 Β
1922 1859 2055 1898 meo
2086 1844 2183 1916 qui
2241 1862 2357 1917 pro:
2411 1846 2634 1901 caeteris
2688 1846 2918 1909 obedio,
2952 1862 3115 1919 spem
3162 1845 3535 1905 resuscitandi

209 1943 487 1995 mutatur.
520 1938 622 1993 Vel
673 1938 749 1993 sic
785 1954 797 1992 :
832 1938 966 1993 Ideo
1018 1937 1317 1993 intrabunt
1365 1955 1517 2009 aquae
1560 1955 1723 2010 usque
1750 1938 1822 1992 ad

210 2029 446 2082 animam
474 2044 668 2090 meam,
710 2025 846 2098 quia
875 2026 1069 2094 inﬁxus
1115 2042 1233 2080 sum
1266 2028 1321 2079 in
1359 2025 1481 2080 limo
1528 2026 1824 2098 profundi-

208 2117 367 2185 tatis,
394 2115 453 2171 id
493 2112 578 2171 es‘t
616 2115 750 2187 quia
792 2131 899 2186 ego
952 2113 1197 2169 existens
1233 2114 1623 2170 conversando
1672 2114 1824 2169 inter

209 2205 458 2271 Iudaeos,
478 2203 575 2277 qui
592 2203 911 2258 suntlimus
933 2202 1435 2277 prgfnndissimus,
1461 2221 1580 2258 sum
1608 2206 1820 2274 inﬁxus,

212 2293 272 2350 id
304 2296 389 2348 est
414 2275 656 2347 interius
686 2292 887 2346 ﬁrmus
1078 2276 1094 2361 Ι
1117 2295 1174 2346 et
1212 2295 1479 2346 constans
1509 2292 1564 2345 in
1602 2293 1820 2360 anima,

213 2399 288 2438 ne
313 2382 392 2438 eis
423 2380 755 2435 conformer
783 2380 1016 2446 timore,
1045 2380 1148 2433 etsi
1170 2378 1366 2434 videar
1386 2380 1630 2433 exterius
1661 2380 1821 2434 inﬁr-

214 2487 343 2525 mus
364 2470 421 2524 in
453 2482 644 2524 carne.
662 2468 854 2523 Limus
872 2468 1107 2540 quidem
1121 2467 1253 2539 jure
1276 2468 1562 2535 dicuntur,
1586 2464 1824 2540 eo’quod

214 2558 432 2615 sordidi
446 2561 579 2613 sunt
600 2558 660 2613 in
687 2557 1107 2630 iniquitatibus,
1137 2561 1195 2611 et
1217 2557 1449 2623 caenosi,
1479 2558 1551 2611 ad
1586 2558 1825 2612 modum

214 2647 341 2716 luti,
371 2647 526 2720 quod
552 2663 781 2703 caenosa
812 2664 900 2701 res
932 2649 1017 2701 est
1048 2650 1102 2701 et
1133 2646 1384 2701 sordida.
1419 2647 1483 2700 Et
1501 2646 1649 2700 bene
1681 2662 1822 2717 quo-

216 2754 327 2810 que
358 2736 949 2811 profunditatislimus
972 2736 1342 2803 dicuntur,eo
1365 2735 1520 2809 quod
1551 2735 1609 2789 in
1641 2735 1822 2791 sordi-

214 2829 332 2881 tate
363 2842 465 2880 sua
492 2824 926 2896 profundissimi
952 2828 1104 2879 sunt.

289 2913 431 2979 Quia
447 2930 580 2968 vero
615 2914 836 2969 dixerat
864 2929 963 2968 eos
987 2929 1107 2967 esse
1134 2912 1389 2979 limosos,
1418 2913 1708 2968 videretur
1728 2912 1827 2967 ali-

218 3002 306 3058 cui
331 3003 484 3074 quod
510 3004 777 3057 Deus-eos
799 3002 1137 3057 naturaliter
1162 3001 1366 3056 limum
1396 3002 1639 3067 fecisset,
1671 3005 1726 3055 et
1748 3001 1825 3056 sic

218 3091 405 3155 omnis
436 3093 602 3162 culpa
628 3092 687 3145 in
718 3107 847 3144 eum
882 3089 1310 3156 transferretur,
1330 3090 1465 3161 ipsis
1492 3089 1823 3144 excusabili-
1853 3117 1902 3177 ρ

216 3180 320 3255 bus
340 3179 733 3235 existentibus.
762 3178 928 3243 Quod
946 3177 1198 3232 intendit
1220 3195 1537 3244 removere,
1554 3178 1821 3233 addendo

216 3268 293 3320 sic
321 3284 334 3321 :
367 3267 443 3321 Et
471 3268 580 3322 hoc
621 3267 777 3338 quod
802 3270 933 3321 sunt
962 3266 1153 3329 limus,
1179 3284 1282 3320 non
1309 3273 1382 3319 est
1410 3268 1734 3330 substantia,
1766 3268 1826 3322 id

217 3358 302 3410 est
330 3372 445 3410 non
477 3359 562 3410 est
591 3355 783 3427 aliqua
814 3359 1020 3409 natura
1045 3372 1078 3409 a
1101 3357 1216 3410 Deo
1248 3355 1304 3409 in
1326 3355 1406 3409 eis
1435 3361 1643 3411 creata.
1662 3356 1828 3421 Quod

216 3444 530 3499 estdicere:
561 3444 685 3499 Non
705 3443 920 3497 creavit
937 3459 1034 3497 eos
1054 3445 1203 3497 Deus
1221 3443 1453 3498 limosos
1475 3444 1822 3510 etsordidos,

216 3531 315 3586 sed
351 3532 455 3603 ipsi
484 3549 589 3603 per
620 3532 954 3603 iniquitates
985 3548 1114 3584 suas
1140 3531 1328 3586 limosi
1359 3535 1415 3585 et
1446 3532 1658 3585 sordidi
1693 3533 1825 3586 facti

216 3623 368 3677 sunt.
403 3620 523 3675 Dixi
558 3621 710 3692 quod
761 3637 925 3691 aqua:
979 3620 1280 3674 intrabunt
1312 3637 1470 3691 usque
1495 3620 1565 3672 ad
1589 3622 1826 3675 animam

215 3709 489 3762 meam.Et
518 3708 626 3763 hoc
658 3707 869 3778 injuste
902 3708 1024 3762 sine
1054 3708 1246 3779 aliquo
1263 3708 1467 3761 merito
1496 3723 1626 3761 meo
1648 3709 1822 3762 male.

222 3796 336 3867 Ego
370 3813 621 3869 namque
653 3799 774 3851 veni
801 3798 855 3849 in
886 3795 1234 3850 altitudinem
1258 3796 1439 3848 maris.
1482 3794 1544 3848 ld
1577 3797 1661 3848 est
1689 3811 1820 3866 gra-

215 3884 363 3938 tuita
400 3886 692 3940 voluntate
735 3883 941 3939 accessi
971 3885 1043 3938 ad
1085 3884 1236 3954 ipsos
1281 3883 1527 3948 Judieos,
1575 3882 1671 3953 qui
1726 3882 1824 3937 alti

216 3974 350 4026 sunt
375 3975 432 4026 et
453 3972 725 4044 profundi
758 3972 816 4027 in
847 3972 1261 4027 amaricatione
1283 3974 1653 4043 peccatorum
1690 3986 1821 4025 suo-

216 4077 368 4115 rum.
420 4062 487 4115 Et
537 4061 820 4115 veniendo
865 4060 1101 4115 laboravi
1128 4060 1200 4114 ad
1231 4060 1338 4114 hoc
1366 4063 1429 4113 ut
1458 4076 1554 4114 eos
1584 4059 1825 4113 instrue-

214 4165 363 4214 rem,
385 4149 642 4202 clamans
656 4148 729 4202 ad
752 4164 850 4203 eos
876 4152 933 4203 et
950 4147 1359 4220 prazdicatione
1378 4151 1638 4218 etopere.
1656 4146 1822 4210 Quod

216 4239 302 4291 est
326 4236 513 4291 dicere
548 4253 560 4289 :
594 4236 851 4290 Gratuita
881 4236 1189 4290 clementia
1215 4236 1287 4290 ad
1314 4252 1412 4289 cos
1440 4235 1663 4302 veni,et
1682 4236 1735 4288 la
1748 4236 1825 4288 ὒο-

214 4325 335 4378 ravi
360 4324 585 4379 intento
634 4324 885 4377 clamore
918 4323 1345 4394 praedicationis
1374 4326 1431 4376 et
1464 4338 1726 4393 operum,
1760 4327 1824 4378 ut

214 4430 313 4467 eos
342 4413 415 4467 ad
443 4412 638 4467 salutis
663 4412 811 4466 viam
844 4385 1203 4466 reducerem.
1231 4410 1306 4465 Et
1323 4428 1390 4464 ex
1418 4385 1677 4481 opposito
1698 4385 1823 4465 tem-
1843 4385 1895 4444 D

202 4508 381 4572 pestas
412 4501 662 4556 demersit
716 4518 819 4566 me,
866 4500 924 4553 id
971 4502 1056 4553 est
1102 4498 1208 4569 ipsi
1256 4497 1391 4552 facti
1423 4498 1815 4569 tempestuosi.

212 4588 438 4644 Scilicet
466 4588 525 4642 in
550 4588 982 4659 insurgentibus
1034 4587 1091 4640 in
1144 4603 1237 4640 me
1274 4585 1733 4640 tribulationibus
1763 4588 1822 4639 et

212 4676 779 4748 blasphemiis,more
801 4673 1158 4747 tempestatis
1172 4674 1511 4744 demergent
1531 4689 1646 4738 me,
1663 4673 1719 4727 id
1736 4676 1821 4728 est

211 4764 282 4818 de
297 4764 411 4817 vita
432 4764 491 4817 in
509 4766 757 4818 mortem
775 4761 1235 4833 mergent.Mittit
1248 4763 1441 4815 autem
1458 4777 1562 4815 nos
1577 4761 1648 4814 ad
1672 4761 1818 4831 ﬁgu-

208 4867 338 4905 ram
352 4851 602 4906 historia!
626 4851 695 4906 de
706 4851 732 4905 J
738 4850 975 4922 ona,qui
995 4867 1026 4904 a
1043 4848 1219 4903 maris
1232 4852 1571 4919 tempestate
1589 4848 1817 4903 demer-

208 4956 323 5005 sus,
348 4941 406 4991 et
430 4955 463 4993 a
492 4942 618 4993 ceto
653 4940 973 5008 absorptus,
1019 4939 1144 5007 post
1189 4936 1311 4989 dies
1350 4939 1485 5002 tres,
1528 4939 1654 4990 ceto
1683 4953 1818 4990 eum

209 5042 382 5097 supra
412 5026 566 5080 littus
593 5029 917 5091 evomente,
960 5025 1134 5079 evasit
1164 5024 1318 5093 (Jan.
1370 5041 1428 5090 ιι,
1484 5024 1590 5093 ll).
1625 5024 1715 5078 Sic
1761 5027 1818 5078 et

210 5115 488 5170 Dominus
511 5116 669 5168 Jesus
692 5130 793 5184 per
820 5118 935 5168 tres
948 5113 1065 5167 dies
1092 5113 1146 5166 in
1176 5115 1458 5184 potestate
1485 5113 1812 5168 Iudaeorum

209 5202 476 5262 existens,
496 5219 528 5256 a
545 5201 751 5272 quibus
764 5205 847 5255 est
869 5201 925 5254 in
949 5205 1199 5255 mortem
1218 5201 1535 5267 demersus,
1561 5204 1688 5270 post
1702 5204 1816 5255 tres

208 5291 331 5345 dies
363 5290 627 5343 surrexit.
669 5289 802 5344 Dico
835 5288 989 5360 quod
1023 5288 1259 5343 laboravi
1286 5289 1542 5354 clamans,
1579 5289 1645 5343 Et
1675 5288 1813 5342 dum

206 5380 545 5444 clamarem,
567 5395 743 5431 raucae
759 5378 920 5447 facta
932 5383 1055 5431 sunt
1080 5378 1263 5446 fauces
1280 5394 1426 5441 meae,
1452 5376 1506 5429 id
1530 5376 1817 5431 estfauces

207 5483 354 5522 mete
386 5465 805 5537 comparabiles
849 5468 1019 5520 erunt
1056 5462 1242 5517 raucis
1286 5463 1564 5525 faucibus,
1604 5463 1818 5517 scilicet

206 5555 351 5610 sicut
381 5554 473 5608 ille
502 5554 661 5624 cujus
690 5554 882 5607 fauces
909 5568 1095 5606 rauca:
1128 5554 1260 5605 sunt
1292 5566 1408 5603 non
1440 5550 1690 5613 auditur,
1739 5551 1819 5605 ita

205 5657 312 5698 nec
335 5656 463 5698 mea
485 5640 820 5714 praedicatio
849 5640 1044 5695 abillis
1067 5639 1263 5696 audita
1292 5640 1397 5695 est.
1415 5637 1482 5693 Et
1500 5638 1609 5693 hoc
1630 5639 1817 5694 totum

647 5738 881 5793 Parnm“
917 5734 1070 5792 CLII.

1921 1931 2161 2000 habens,
2195 1932 2508 1989 immobilis
2540 1934 2811 1988 existam.

1995 2022 2063 2075 Et
2091 2021 2220 2076 ideo
2264 2038 2493 2077 necesse
2537 2026 2623 2077 est
2665 2025 2728 2077 ut
2779 2038 2873 2077 me
2907 2023 3126 2077 salvum
3169 2022 3363 2091 facias,
3403 2022 3535 2096 quia

1921 2108 2101 2163 διιᾶωί
2127 2108 2223 2180 qui
2245 2110 2473 2163 oderunt
2504 2128 2585 2164 me
2613 2112 2801 2181 gratis,
2831 2110 2888 2165 id
2919 2114 3025 2177 est,
3055 2110 3233 2165 Judaei
3273 2110 3370 2182 qui
3400 2109 3532 2166 odio

1924 2212 2020 2250 me
2052 2202 2482 2269 persequuntur
2516 2200 2788 2270 gratuito,
2822 2199 3164 2270 multiplicati
3211 2206 3334 2255 sunt
3382 2214 3537 2270 super

1924 2285 2140 2356 capillos
2171 2289 2357 2357 capitis
2384 2288 2510 2354 mei,
2542 2287 2600 2341 id
2624 2291 2709 2342 est
2738 2286 2903 2342 multi
2936 2291 3105 2343 erunt
3134 2305 3304 2360 super
3329 2306 3534 2344 nume-

1924 2391 2055 2429 rum
2085 2391 2311 2441 eorum,
2348 2374 2445 2446 qui
2483 2376 2669 2447 capilli
2704 2380 2875 2430 erunt
2917 2376 3031 2430 mei
3079 2376 3300 2449 capitis,
3332 2393 3535 2433 eorum

1927 2462 2244 2530 existentis,
2278 2463 2335 2518 id
2364 2468 2450 2517 est
2480 2464 2673 2534 plures
2703 2467 2872 2518 erunt
2900 2480 3075 2534 quam
3110 2464 3367 2536 discipuli
3396 2464 3533 2532 mei,

1928 2550 2024 2622 qui
2056 2555 2190 2606 sunt
2228 2555 2509 2607 ornantes
2541 2568 2635 2605 me
2666 2552 2823 2606 bona
2857 2552 2972 2606 vita
3015 2568 3136 2618 sua,
3178 2552 3319 2606 sicut
3352 2551 3538 2624 capilli

1927 2643 2099 2709 caput
2129 2645 2361 2694 ornant.
2399 2641 2465 2693 Et
2501 2656 2619 2694 non
2658 2642 2844 2694 solum
2882 2639 3047 2694 multi
3073 2644 3260 2706 erunt,
3283 2640 3383 2694 sed
3412 2656 3536 2695 con-

1927 2729 2124 2798 fortatz
2153 2735 2297 2795 sunt,
2326 2728 2384 2782 id
2415 2732 2501 2782 est
2528 2728 2709 2782 fortes
2737 2730 2907 2781 erunt
2940 2732 2995 2781 et
3041 2728 3299 2782 efﬁcaces
3350 2727 3540 2784 divina

1927 2816 2332 2886 permissione,
2375 2818 2584 2869 im'mici
2617 2818 2722 2869 mei
2757 2815 2958 2881 Judaei,
2994 2815 3089 2885 qui
3122 2820 3540 2886 persequuntur

1928 2920 2025 2958 me
2057 2903 2575 2958 innocentemlioc
2589 2903 2743 2974 quod
2770 2902 2905 2956 dicit
2925 2903 3215 2971 con/artati
3234 2909 3376 2967 sunt,
3400 2901 3541 2958 illud

1927 2991 2085 3046 idem
2134 2990 2361 3046 videtur
2400 2991 2591 3045 dicere
2638 2991 2792 3061 quod
2864 2991 3141 3061 superius,
3198 2989 3294 3044 ubi
3335 2989 3541 3046 dicitur

1928 3082 2264 3133 intraverunt
2294 3096 2465 3151 aquae,
2485 3079 2586 3133 sed
2604 3078 2695 3132 hic
2723 3077 3084 3132 manifestius
3100 3078 3353 3149 ponitur.
3384 3078 3542 3134 Ideo-

1930 3184 2040 3238 que
2068 3167 2351 3239 repetitur
2391 3170 2494 3220 est.
2520 3168 2585 3220 Et
2617 3169 2751 3219 tunc
2780 3165 3011 3237 quando
3044 3181 3140 3219 me
3188 3181 3538 3236 persequen-

1928 3256 2365 3323 tur,e.rsolvebam
2389 3272 2505 3326 quae
2525 3272 2627 3307 non
2644 3254 2886 3324 rapui,id
2900 3255 2983 3306 est
3004 3255 3289 3307 exsolvam
3309 3270 3538 3323 pcenam

1928 3362 2268 3416 rapinarum
2292 3345 2431 3398 Adae
2458 3347 2515 3397 et
2544 3345 2692 3409 Evaa,
2721 3359 2839 3414 qua:
2867 3358 2971 3396 non
2996 3344 3172 3410 rapui,
3205 3341 3261 3395 id
3291 3345 3375 3396 est
3400 3358 3539 3414 quas

1927 3432 2158 3503 rapinas
2187 3450 2303 3486 non
2320 3431 2451 3486 feci.
2478 3433 2696 3502 Rapere
2711 3430 2916 3484 dicitur
2941 3429 3205 3501 quiquod
3220 3446 3385 3484 suum
3421 3446 3538 3487 non

1928 3525 2015 3575 est
2044 3521 2147 3574 sibi
2177 3537 2472 3575 assumere
2495 3519 2811 3590 prmsumit.
2846 3518 3094 3589 Rapinas
3131 3518 3323 3588 itaque
3356 3517 3541 3573 Adam

1928 3615 1985 3664 et
2016 3610 2127 3663 Eva
2162 3608 2697 3679 fecerunt,quando
2733 3623 2835 3678 per
2868 3605 3027 3677 pomi
3052 3606 3465 3659 comestionem
3481 3622 3540 3660 se

1928 3697 2199 3751 deiﬁcare
2226 3699 2593 3767 putaverunt.
2626 3695 2761 3748 Dico
2813 3694 2966 3763 quod
3002 3694 3288 3746 exsolvam
3342 3710 3540 3764 poenas

1928 3785 2256 3839 alienarum
2292 3783 2648 3853 rapinarum.
2688 3783 2755 3835 Et
2785 3782 2892 3834 hoc
2932 3778 3260 3850 insipientia
3288 3780 3540 3835 maxima

1927 3889 2046 3927 esse
2070 3870 2704 3926 videbiturinﬁdelibus
2734 3872 2812 3934 ut,
2847 3884 2977 3921 cum
3018 3869 3165 3921 Deus
3207 3867 3335 3935 sim,
3370 3871 3427 3921 et
3456 3867 3540 3922 in-

1925 3959 2337 4027 nocens,mori
2362 3959 2533 4012 velim
2560 3974 2661 4028 pro
2687 3955 2935 4028 peccatis
2959 3954 3160 4007 alienis
3204 3953 3311 4008 Sed
3332 3958 3412 4015 tu,
3439 3956 3538 4009 Pa-

1924 4052 2034 4115 ter,
2063 4048 2161 4120 qui
2197 4047 2393 4102 omnia
2431 4045 2731 4117 conspicis,
2783 4044 2885 4098 scis
2927 4044 3292 4113 insipientiam
3339 4059 3532 4110 meam,

1926 4136 1985 4190 id
2012 4140 2098 4191 est
2124 4136 2382 4206 disponis
2414 4135 2523 4188 hoc
2555 4133 2709 4205 quod
2742 4130 3069 4202 insipientia
3096 4129 3341 4195 videtur,
3376 4130 3532 4201 quod

1925 4224 2115 4296 potius
2347 4239 2577 4276 summa
2595 4220 2877 4293 sapientia
2900 4218 3169 4273 est.Unde
3192 4220 3492 4290 Apostolus
3513 4237 3531 4272 :

1924 4332 1956 4364 αι
1989 4312 2151 4376 Quod
2179 4312 2420 4364 stultum
2452 4315 2537 4364 est
2566 4310 2686 4375 Dei,
2718 4307 3031 4377 sapientius
3078 4309 3164 4360 est
3203 4306 3533 4363 hominibus

1922 4401 1975 4474 (Ι
2004 4400 2131 4455 Cor.
2166 4416 2203 4466 ι,
2235 4399 2386 4470 25).»
2423 4398 2557 4453 Dico
2589 4397 2745 4468 quod
2796 4413 2899 4449 non
2950 4395 3128 4465 rapui.
3176 4394 3354 4448 Judaei
3397 4412 3529 4451 vero

1921 4494 2127 4562 putant
2157 4504 2251 4542 me
2284 4487 2550 4557 rapinam
2573 4487 2782 4550 facere,
2809 4487 2866 4537 et
2890 4487 3252 4556 peccatorem
3289 4500 3431 4550 esse,
3461 4501 3529 4540 eo

1921 4578 2077 4648 quod
2097 4593 2189 4631 me
2221 4575 2320 4630 Dei
2344 4575 2557 4629 Filium
2583 4575 2790 4637 dicam,
2815 4574 2872 4625 et
2902 4587 3099 4639 regem
3130 4571 3325 4623 lsrael.
3352 4572 3418 4625 Et
3446 4572 3531 4626 cle-

1922 4666 2044 4720 licta
2074 4682 2190 4718 mea
2220 4670 2321 4716 ate
2351 4680 2455 4715 non
2485 4668 2607 4715 sunt
2639 4658 2972 4724 abscondita,
3008 4657 3063 4711 id
3094 4660 3177 4710 est
3222 4658 3345 4712 haec
3395 4660 3530 4714 talia

1922 4771 2049 4825 quae
2101 4752 2208 4823 ipsi
2262 4753 2533 4820 reputant
2591 4766 2710 4801 esse
2765 4746 2973 4801 delicta
3024 4761 3175 4798 mea.
3224 4746 3291 4798 Et
3338 4746 3526 4817 potius

1920 4857 2148 4895 summa
2171 4838 2395 4911 jnslitia
2424 4840 2555 4891 sunt
2588 4840 2643 4889 et
2665 4834 2874 4901 veritas
2902 4850 2935 4888 α
2970 4838 3016 4886 te
3044 4850 3150 4886 non
3178 4833 3525 4887 suntabst'on-

1916 4928 2051 4993 dita,
2076 4928 2133 4982 id
2160 4929 2243 4981 est
2272 4925 2369 4979 tibi
2402 4926 2652 4995 placent.

1989 5015 2153 5082 Quod
2186 5014 2320 5069 dicit
2344 5033 2375 5066 α
2405 5020 2451 5067 te
2475 5033 2577 5066 non
2624 5019 2746 5065 sunt
2771 5009 3101 5076 abscondita,
3131 5024 3233 5079 per
3255 5006 3519 5064 similitu-

1919 5108 2115 5162 dinem
2136 5104 2321 5177 pouit.
2356 5105 2454 5157 llla
2488 5118 2739 5171 namque
2771 5116 2896 5170 quze.
2921 5097 3083 5151 nobis
3112 5097 3360 5167 placent,
3401 5116 3519 5154 non

1919 5194 2082 5249 nobis
2111 5192 2382 5248 abscondi
2434 5192 2718 5253 volumus,
2753 5186 2849 5240 sed
2901 5201 3049 5254 saepe
3096 5183 3419 5253 aspicimus.
3456 5188 3521 5241 Et

1918 5283 2045 5337 ideo
2076 5281 2261 5335 adhuc
2286 5279 2489 5333 salvum
2520 5294 2599 5331 me
2627 5278 2741 5346 fac,
2772 5279 2831 5328 ut
2860 5290 2965 5327 non
2998 5272 3305 5326 erubescunt
3346 5274 3400 5325 in
3438 5292 3521 5327 me

1920 5390 2036 5426 non
2068 5369 2423 5432 resuscitato,
2458 5368 2515 5420 id
2543 5368 2629 5420 est
2654 5366 2722 5418 de
2754 5364 2861 5416 hoc
2898 5360 3050 5431 quod
3091 5364 3314 5429 ponunt
3357 5377 3520 5431 spem

1916 5460 2244 5513 salvationis
2273 5458 2328 5511 in
2364 5473 2477 5520 me,
2508 5454 2585 5507 illi
2618 5455 2712 5523 qui
2733 5454 3029 5519 οχῳρρῖίιηί
3058 5454 3104 5499 te
3150 5464 3241 5501 me
3280 5451 3522 5504 resusci-

1918 5552 2173 5602 taturum
2207 5548 2457 5610 Domine,
2488 5544 2735 5607 Domine,
2769 5540 3027 5609 inquam,
3062 5554 3177 5590 non
3211 5537 3395 5592 solum
3415 5541 3523 5593 ter-

1921 5627 2215 5702 restrium,
2250 5634 2351 5689 sed
2373 5632 2547 5689 etiam
2582 5631 2839 5686 virtutum
2868 5624 3208 5684 coalestium.
3248 5625 3410 5689 Quod
3440 5632 3526 5687 est

3239 5724 3298 5778 31
