3970 6040
595 284 693 353 9η
1226 282 1285 344 S.
1323 283 1671 345 BBUNONIS
1709 283 2342 344 CARTHUSIANOBUM
2376 286 2843 351 INSTITUTOBIS
2885 289 3039 351 OPP.
3080 290 3258 353 PARS
3293 294 3318 354 Ῑ
3738 302 3803 364 ενῖὲ

592 411 784 472 dicere
814 429 827 471 :
867 407 994 470 Non
1024 410 1212 468 solum
1243 412 1481 484 propter
1518 410 1727 467 merita
1752 426 1885 467 mea
1910 427 2004 467 me
2033 427 2190 467 resu-
2223 417 2279 476 Α
2305 411 2491 469 adhuc
2516 416 2652 487 quia
2690 432 2799 488 ego
2834 418 2890 472 in
2918 418 3136 489 jejunio
3179 419 3636 496 incorporationis
3666 446 3802 493 eorum

590 505 777 572 scites,
797 503 897 559 sed
912 501 1129 557 cum’tu
1149 500 1425 556 Dominus
1445 499 1717 555 virtutum
1732 501 2193 571 existenspotens
2297 502 2544 557 existens
2581 506 2769 575 operui
2805 507 3046 561 animam
3094 525 3285 577 meam,
3326 510 3385 566 id
3417 517 3499 568 est
3524 516 3694 575 celabo
3725 525 3800 579 ani-

590 593 667 647 sis
695 593 768 648 ad
796 609 890 647 me
909 589 1388 655 resuscitandum,
1413 588 1687 643 resuscita
1701 604 1904 653 me,ne
1927 587 2190 660 apostoli,
2295 606 2455 645 mam
2492 608 2684 647 meam
2718 610 2838 649 esse
2875 599 3175 667 potentem
3220 599 3292 653 ad
3341 617 3437 656 eos
3473 603 3799 677 damnandum,

590 681 690 753 qui
719 680 778 735 in
810 697 908 735 me
940 694 1101 750 spem
1128 677 1454 732 salvationis
1483 693 1598 731 suae
1623 679 1848 748 ponunt
1874 680 1932 730 et
1958 676 2073 730 mei
2101 692 2192 731 re-
2294 696 2422 751 qua:
2454 681 2575 735 solo
2606 682 2749 737 velle
2783 688 3000 755 possset
3024 700 3122 739 eos
3150 685 3490 745 interﬁcere.
3517 693 3578 748 Et
3601 696 3688 750 hoc
3701 702 3799 771 quod

590 768 1010 825 surrectionem
1042 769 1395 838 exspectant,
1422 765 1781 819 erubescant.
1816 766 1874 818 ln
1908 781 2002 819 me
2027 781 2191 819 nam-
2294 769 2491 855 (ΞΕ-Ιχ)
2511 769 2719 837 factum
2748 780 2843 840 est,
2866 773 2927 827 id
2958 776 3043 827 est
3072 773 3170 828 ﬂet
3197 779 3339 834 mihi
3364 782 3419 833 in
3446 765 3797 855 approbriuniac

590 870 705 927 que
735 872 797 910 se
828 870 1086 928 sperasse
1118 853 1540 919 erubescerent,
1555 852 1600 907 si
1623 852 1681 907 in
1715 856 1904 908 morte
1926 867 2192 907 remane-
2528 860 2572 913 si
2604 861 2788 916 dicat:
2819 863 2959 919 Cum
2982 880 3089 937 ego
3112 866 3183 920 de
3203 885 3406 925 eorum
3432 871 3797 945 incorporatione

586 958 738 1000 rem.
762 943 884 998 Nan
917 943 1103 997 solum
1129 956 1263 995 vero
1291 957 1395 993 non
1417 940 1859 1007 erubescant,sed
1881 940 2055 994 etiam
2088 956 2194 993 non
2292 946 2485 1001 satiari
2533 950 2788 1019 voluero,
2818 969 2913 1007 me
2930 953 3200 1024 jejunum
3227 958 3459 1028 facient,
3486 940 3699 1019 nolendo
3718 983 3799 1021 con-

589 1031 990 1102 confundantur
1011 1046 1169 1101 super
1196 1045 1296 1085 me.
1313 1029 1375 1083 Id
1392 1033 1477 1083 est
1506 1029 1576 1083 de
1608 1045 1703 1083 me
1726 1045 1841 1083 non
1857 1029 2190 1083 resuscitato
2290 1034 2451 1089 verti.
2486 1036 2551 1090 Et
2581 1054 2713 1093 cum
2743 1056 2841 1095 eos
2870 1041 2942 1095 ad
2970 1042 3078 1097 hoc
3084 1044 3376 1115 jejunium
3406 1050 3589 1104 statim
3603 1050 3797 1108 damnare

588 1120 832 1193 apostoli
871 1118 1010 1181 mei,
1043 1120 1136 1190 qui
1159 1123 1411 1190 quaerunt
1440 1124 1488 1171 te
1540 1119 1695 1173 bona
1742 1117 1857 1191 vita
1899 1134 2001 1172 sua
2048 1116 2192 1171 Deus
2290 1124 2410 1178 solo
2428 1125 2569 1180 velle
2590 1127 2802 1183 animae
2824 1134 3504 1205 mewpotero,patienter
3519 1138 3796 1209 suﬂ'eram,ut

585 1208 773 1275 Israel,
806 1208 865 1262 id
896 1210 982 1262 est
1004 1208 1153 1263 Deus
1173 1206 1271 1277 qui
1291 1206 1609 1295 facislsrael
1631 1209 1907 1295 omneste
1926 1221 2189 1295 qmereu-
2291 1210 2373 1265 eis
2400 1215 2727 1285 exemplum
2764 1216 3023 1288 patiendi
3067 1222 3414 1295 relinquam.
3459 1226 3525 1280 Et
3563 1227 3629 1281 sic
3667 1206 3793 1284 celabo

584 1300 704 1363 tes;
739 1311 803 1351 ac
832 1295 878 1351 si
901 1295 1049 1350 dicat
1082 1311 1095 1349 :
1124 1294 1382 1365 Apostoli
1408 1294 1524 1349 mei
1556 1294 1652 1366 qui
1683 1295 1833 1349 bene
1861 1294 2102 1349 vivendo
2132 1298 2190 1349 te
2291 1299 2550 1356 animam
2567 1319 2759 1359 meam
2774 1322 2894 1361 esse
2907 1306 3393 1367 addamnandum
3406 1316 3793 1383 potentem.Unde

586 1388 876 1458 quaerunt,
910 1388 972 1439 ut
992 1401 1091 1439 eos
1118 1383 1293 1438 facias
1322 1383 1508 1452 Israel,
1543 1385 1601 1439 id
1640 1389 1725 1440 est
1754 1384 2085 1457 spiritaliter
2109 1383 2190 1438 vi-
2289 1387 2432 1443 mihi
2450 1392 2826 1462 opprobrium
2850 1395 3121 1465 inferant,
3140 1401 3483 1457 mendacem
3500 1420 3609 1459 esse
3626 1422 3795 1460 asseren-

588 1474 792 1529 dentes
810 1478 889 1541 te,
916 1473 1685 1530 confunderenturaludasis
1714 1475 1759 1529 si
1790 1491 1907 1531 non
1932 1489 2192 1544 resurge-
2289 1479 2394 1543 tes,
2432 1478 2565 1549 quia
2594 1497 2690 1535 me
2737 1484 3054 1541 Dominum
3099 1490 3157 1543 et
3203 1506 3407 1562 regem
3432 1493 3734 1548 asseruerim.
3755 1495 3793 1548 Et

583 1578 736 1620 rem.
768 1563 830 1618 Id
862 1566 948 1617 est
976 1563 1441 1629 verberarentur,
1493 1565 1552 1616 et
1586 1563 1914 1617 seductores
1941 1565 1999 1618 et
2023 1578 2188 1616 men-
2290 1565 2424 1639 quia
2453 1568 2597 1625 adeo
2622 1571 2846 1644 patiens
2875 1591 2974 1631 ero
3005 1575 3062 1631 in
3084 1577 3636 1649 jejunio,salvatione
3659 1582 3792 1655 dignus

589 1650 759 1707 daces
798 1651 1154 1718 dicerentur,
1183 1654 1242 1706 et
1284 1649 1459 1705 etiam
1491 1650 1944 1742 interficeretur._
1964 1651 2035 1742 Et
2060 1649 2188 1704 ideo
2216 1725 2266 1742 ἢ
2289 1656 2489 1713 existo.
2533 1658 2769 1730 Operire
2802 1663 3038 1735 quidem
3082 1683 3187 1738 pro
3238 1670 3428 1724 celare
3455 1670 3593 1726 bene
3616 1649 3791 1742 ponitur,

572 1740 723 1810 quia
749 1756 855 1811 per
876 1756 972 1794 me
1000 1746 1047 1794 te
1073 1746 1322 1811 quaerunt
1348 1739 1554 1793 salvum
1578 1757 1661 1793 me
1680 1741 1793 1810 fac,
1834 1756 1907 1794 ne
1931 1737 2035 1809 ipsi
2063 1754 2187 1793 con-
2214 1725 2266 1785 Β
2288 1745 2422 1817 quia
2450 1763 2577 1802 rem
2603 1766 2779 1821 quam
2800 1754 2985 1808 celare
3014 1756 3297 1825 volumus,
3333 1758 3622 1831 aliquando
3643 1762 3792 1831 operire

581 1828 907 1900 fundantur.
944 1830 1011 1884 Et
1037 1828 1166 1884 ideo
1198 1829 1383 1884 adhuc
1412 1829 1619 1883 salvum
1656 1845 1739 1882 me
1777 1830 1891 1921 fac,
1936 1829 2189 1921 quoniam
2286 1834 2555 1891 solemus.
2585 1838 2655 1891 Et
2688 1838 2818 1895 ideo
2850 1842 3036 1897 adhuc
3078 1844 3285 1900 salvum
3314 1864 3399 1902 me
3423 1828 3530 1918 fac,
3567 1828 3687 1921 quia.
3695 1850 3796 1921 posui

576 1924 797 1991 propter
827 1925 875 1972 te
903 1918 1144 1973 sustinui
1174 1918 1533 1989 opprobrium,
1558 1917 1615 1972 id
1645 1920 1732 1972 est
1767 1920 1831 1971 ut
1868 1917 2017 1971 hanc
2047 1916 2184 1971 obe-
2284 1926 2648 1980 vestimentum
2676 1927 2930 1998 cilicium,
2958 1930 3018 1986 id
3059 1937 3145 1988 est
3173 1934 3253 1988 ita
3282 1916 3630 1994 contristatus
3645 1916 3737 1994 sunt
3751 1939 3793 1992 de

582 2005 867 2061 dientiam
894 2010 1005 2061 ate
1034 2006 1177 2061 mihi
1198 2006 1519 2077 injunctam
1541 2008 1896 2076 compleam;
1918 2004 2187 2061 obedien-
2285 2028 2486 2068 eorum
2516 2016 2860 2087 perditione,
2893 2018 3036 2075 sicut
3064 2022 3159 2078 ille
3190 2024 3289 2096 qui
3315 2026 3375 2080 in
3395 2031 3571 2083 morte
3593 2029 3721 2083 amici
3742 2030 3792 2083 sui

581 2094 727 2150 tiam
760 2094 975 2150 scilicet
1000 2095 1281 2167 patiendi,
1312 2096 1624 2162 sustinebo,
1667 2096 1727 2150 id
1766 2100 1851 2151 est
1896 2095 2185 2168 patienter
2284 2101 2450 2171 ponit
2499 2104 2906 2161 vestimentum
2961 2127 3129 2166 suum
3178 2094 3448 2183 cilicium,
3496 2116 3548 2171 id
3586 2121 3656 2172 est
3677 2119 3793 2172 utitur

578 2182 1223 2256 feram-opprobrium,a
1241 2182 1451 2238 Iudaeis
1470 2184 1715 2251 illatum,
1739 2201 1869 2239 cum
1886 2184 2184 2240 dicentme
2282 2189 2379 2244 illo
2410 2192 2775 2262 vestimento,
2832 2198 2987 2267 quod
3039 2200 3288 2257 cilicium
3329 2182 3545 2260 dicitur.
3595 2207 3652 2261 Ut
3689 2206 3791 2260 enim

580 2272 931 2329 mendacem
952 2275 1010 2328 et
1029 2271 1490 2328 seductorem.Et
1508 2274 1975 2344 operuitconfueio
1987 2276 2183 2344 faciem
2282 2277 2513 2349 signum
2541 2285 2690 2337 esset
2720 2286 3005 2353 maeroris,
3021 2287 3079 2343 in
3106 2291 3430 2348 amicorum
3444 2295 3789 2366 morte,antiqui

576 2373 773 2415 meam.
802 2361 865 2416 Id
885 2362 972 2415 est
987 2360 1272 2416 videbitur
1292 2360 1880 2432 verecundiapenitus
1900 2376 2179 2435 occupare
2280 2366 2463 2422 cilicio
2496 2370 2823 2427 utebantur.
2864 2375 2932 2428 Et
2974 2374 3104 2432 ideo
3159 2380 3349 2435 adhuc
3379 2383 3509 2453 quia
3544 2360 3689 2453 factus
3716 2360 3791 2436 sum

576 2445 784 2504 faciem
801 2464 1015 2503 meam.
1051 2449 1215 2513 Quod
1245 2451 1329 2504 est
1359 2449 1548 2503 dicere
1577 2465 1590 2503 :
1624 2450 1767 2543 Illud
1789 2451 1993 2523 patiar,
2026 2453 2177 2543 unde
2280 2456 2383 2510 illis
2408 2460 2463 2511 in
2477 2460 2815 2530 parabolam,
2848 2462 2906 2517 id
2946 2468 3033 2520 est
3062 2466 3132 2522 de
3153 2484 3247 2523 me
3275 2471 3359 2525 eis
3380 2445 3668 2543 parabolice
3687 2473 3788 2527 locu-

576 2535 726 2589 solet
754 2536 967 2607 operiri
995 2536 1167 2592 facies
1192 2537 1507 2591 multorum
1528 2536 2057 2611 confusione,sputa
2070 2540 2176 2595 sci-
2276 2548 2367 2600 tus
2396 2564 2546 2614 sum,
2569 2551 2633 2603 ut
2656 2565 2754 2605 eos
2781 2551 2922 2606 mihi
2965 2535 3423 2627 incorporareni.
3463 2560 3611 2615 Verbi
3645 2560 3785 2632 gratia,

573 2621 709 2677 licet
738 2627 797 2678 et
819 2624 1222 2696 blasphemias,
1255 2627 1314 2679 et
1335 2624 1592 2680 verbera.
1626 2626 1693 2680 Et
1713 2626 1856 2681 adeo
1883 2627 2174 2684 sustinebo
2276 2633 2372 2688 ubi
2398 2634 2620 2691 locutus
2636 2641 2723 2692 est
2752 2638 2822 2693 de
2852 2621 3288 2714 patrefamilias,
3304 2648 3402 2719 qui
3418 2648 3564 2704 misit
3586 2621 3725 2704 lilium
3740 2646 3785 2701 ad

570 2712 1136 2785 opprobrium,quod
1150 2720 1430 2769 extraneas
1449 2714 1624 2784 factas
1646 2729 1789 2778 sum,
1812 2715 1870 2770 id
1899 2720 1984 2771 est
2012 2718 2169 2786 ﬁam,
2233 2758 2238 2763 ~
2272 2720 2523 2791 vineam,
2557 2742 2731 2797 quem
2763 2727 3029 2800 agricolae
3074 2712 3488 2792 interfecerunt
3516 2737 3695 2806 (Matth.
3716 2739 3783 2800 ‘28;

567 2799 834 2870 fratribus
852 2803 980 2857 meis
999 2802 1290 2874 apostolis,
1315 2802 1413 2875 qui
1440 2802 1807 2876 filiiadoptivi
1833 2808 1967 2859 sunt
1989 2806 2171 2861 Patris
2272 2808 2448 2868 Marc.
2482 2814 2675 2881 xu),et
2706 2813 2766 2869 in
2798 2818 2991 2873 multis
3021 2819 3144 2875 aliis
3174 2822 3317 2879 locis
3355 2799 3649 2898 parabolice
3673 2825 3722 2879 de
3746 2839 3784 2878 se

567 2888 708 2955 mei,
743 2889 957 2944 scilicet
988 2890 1283 2945 dimittent
1308 2893 1365 2945 et
1387 2891 1759 2963 denegabunt
1782 2910 1876 2948 me
1904 2896 1965 2948 ut
1991 2898 2168 2950 extra-
2270 2898 2492 2953 locutus
2523 2903 2627 2969 est,
2655 2906 2717 2957 ut
2747 2920 2845 2959 eos
2873 2905 2979 2961 sibi
3006 2908 3277 2966 alliceret.
3322 2888 3492 2970 Citius
3519 2914 3650 2969 enim
3672 2929 3780 2985 para-

567 2993 769 3041 neum,
809 2977 956 3033 sicut
985 2980 1182 3033 Petrus
1212 2979 1311 3050 qui
1338 2978 1488 3033 dicet
1515 2996 1528 3034 :
1562 3002 1590 3029 ‹‹
1635 2980 1850 3047 Mulier,
1882 2998 1998 3037 non
2039 2983 2169 3038 novi
2197 3007 2244 3066 ρ
2269 2986 2454 3041 bolica
2470 2990 2641 3045 verba
2654 2995 2877 3049 mentes
2890 2995 3246 3055 audientium
3260 2977 3780 3074 alliceresolentquam

566 3081 702 3121 eum
733 3066 885 3137 (Luc.
934 3084 1065 3134 χχιι,
1102 3069 1208 3136 37).
1242 3087 1270 3113 ››
1304 3066 1380 3121 Ει
1415 3066 1549 3138 ﬁliis
1588 3071 1774 3122 matris
1818 3086 1966 3137 mem,
2000 3069 2057 3123 id
2086 3074 2171 3125 est
2268 3074 2314 3128 si
2340 3079 2541 3147 aperta
2589 3079 2797 3135 locutio
2829 3081 2909 3137 eis
2938 3084 3121 3140 fieret.
3157 3088 3224 3143 Et
3251 3090 3364 3145 hoc
3394 3095 3475 3146 est
3500 3108 3558 3146 ac
3583 3091 3621 3146 si
3646 3066 3779 3144 dicat:

562 3153 775 3210 Judasis
801 3154 1070 3210 omnibus
1108 3154 1236 3209 ﬁliis
1287 3154 1478 3228 stirpis
1530 3156 1777 3211 Judaicm
1818 3157 1972 3213 unde
2004 3161 2169 3213 natus
2273 3164 2491 3235 Dignus
2520 3183 2647 3221 sum
2673 3171 2875 3238 salute,
2908 3188 3040 3229 cum
3062 3176 3206 3231 adeo
3228 3177 3359 3250 pius
3385 3180 3489 3234 sim
3506 3176 3779 3252 quoddeini-

568 3260 719 3308 sum,
753 3244 891 3297 ﬁam
922 3245 1256 3314 peregrinus,
1284 3247 1346 3297 ut
1376 3244 1600 3299 nullum
1642 3244 2048 3300 misericordim
2078 3262 2168 3299 re-
2272 3251 2557 3309 micorum
2606 3258 2931 3327 perditione
2980 3244 3303 3335 contrister,
3339 3272 3397 3324 et
3425 3269 3490 3324 de
3521 3244 3629 3335 ine,
3654 3270 3700 3321 ut
3720 3280 3781 3320 eos

567 3334 830 3401 spectum
857 3330 916 3384 in
953 3346 1049 3386 me
1070 3331 1345 3397 habeant,
1379 3348 1445 3386 ac
1473 3332 1519 3387 si
1550 3334 2172 3405 peregrinusessem,id
2273 3339 2543 3411 alliciam,
2565 3346 2893 3415 parabolice
2924 3350 3006 3405 eis
3033 3369 3226 3424 agam.

566 3421 656 3473 est
683 3418 1032 3490 alienigena.
1070 3418 1167 3473 Vel
1198 3418 1329 3491 ﬁliis
1365 3422 1555 3475 matris
1587 3438 1733 3488 meae,
1767 3421 1825 3477 id
1855 3425 1941 3477 est
1969 3439 2175 3496 proge-
2344 3428 2711 3488 Cum'autem
2761 3436 2831 3491 de
2889 3418 3098 3495 eorum
3146 3444 3330 3499 salute
3382 3446 3626 3501 sollicitus
3659 3455 3780 3508 ero,e

567 3505 684 3562 niei
708 3523 857 3562 mese
878 3505 1093 3562 scilicet
1119 3506 1534 3563 contribulibus
1561 3508 1706 3564 meis
1744 3510 1883 3567 fiam
1914 3514 2170 3586 peregri-
2272 3520 2561 3575 contrario
2588 3521 2668 3576 illi
2699 3512 2796 3595 qui
2815 3526 3081 3595 sedebant,
3110 3534 3168 3587 et
3198 3533 3386 3589 adhuc
3413 3535 3597 3590 sedent
3619 3505 3781 3603 inportu

565 3612 696 3663 nus,
737 3598 801 3650 ut
847 3597 1074 3668 partem
1118 3611 1312 3650 meam
1360 3613 1659 3671 nunquam
1700 3598 1993 3671 adjuvant,
2031 3617 2095 3656 ac
2124 3601 2170 3657 si
2269 3604 2542 3675 scientiae,
2567 3626 2684 3665 non
2712 3612 3088 3684 introeuntes,
3118 3636 3307 3692 neque
3340 3623 3477 3679 alios
3502 3622 3635 3677 malo
3655 3633 3782 3674 exem-

564 3682 894 3757 alienigena
921 3701 1127 3740 essem.
1202 3772 1215 3781 _
1496 3774 1513 3781 Δ
1987 3777 2000 3781 μ
2115 3779 2122 3781 _
2150 3780 2159 3781 ί
2269 3693 2364 3762 plo
2392 3710 2494 3750 suo
2525 3695 2766 3754 introire
2800 3682 3389 3772 permittenteleuc.
3422 3727 3477 3778 ιι,
3512 3710 3609 3781 52),
3636 3705 3781 3761 Scribe

642 3773 710 3827 Et
734 3772 865 3828 ideo
904 3773 1092 3829 adhuc
1129 3772 1336 3829 salvum
1366 3790 1448 3830 me
1475 3774 1588 3845 fac,
1630 3778 1880 3849 quoniam
1922 3777 2080 3847 zelus,
2110 3779 2170 3835 id
2271 3784 2329 3835 et
2380 3783 2651 3840 Pharisaei
2693 3787 2927 3857 scilicet,
2960 3792 3237 3850 adversum
3286 3816 3373 3854 me
3406 3772 3714 3872 loquebantur,
3744 3788 3779 3845 id

569 3864 657 3916 est
685 3860 1009 3933 indignatio
1050 3861 1239 3916 domus
1277 3867 1404 3930 iure,
1430 3862 1490 3917 id
1533 3867 1618 3919 est
1658 3865 1860 3937 templi
1897 3866 1979 3920 tui
2017 3870 2170 3923 male
2271 3872 2356 3956 est
2383 3870 2686 3929 adversum
2708 3892 2803 3930 me
2823 3878 3152 3951 loquentur,
3169 3888 3399 3956 agendo
3414 3860 3481 3943 de
3509 3888 3776 3941 mortemea.

564 3949 819 4017 tractati,
847 3949 1073 4006 comedit
1098 3966 1200 4017 me,
1233 3950 1292 4005 id
1323 3954 1410 4005 est
1455 3967 1626 4007 causa
1662 3952 1773 4008 erit
1804 3956 2171 4011 comestionis
2267 3954 2345 4011 Et
2367 3959 2461 4030 qui
2486 3959 2731 4017 bibebant
2758 3949 2961 4035 vinum,
3006 3949 3169 4041 plebs
3207 3949 3422 4030 scilicet
3461 3991 3575 4049 quae
3600 3970 3777 4043 repletur

567 4038 710 4105 mei,
743 4038 956 4093 scilicet
986 4054 1157 4093 causa
1179 4038 1291 4094 erit
1315 4055 1417 4094 cur
1445 4057 1540 4095 me
1579 4044 1768 4097 morte
1813 4043 2170 4100 devorabunt
2270 4048 2328 4099 et
2356 4044 2693 4113 inebriatur,
2746 4056 2963 4110 carnali
3007 4038 3330 4132 voluptate,
3372 4038 3496 4136 quae
3520 4080 3606 4118 eos
3639 4038 3665 4114 a
3692 4069 3776 4109 vera

569 4141 735 4180 more
761 4124 873 4178 cibi
904 4124 1002 4196 qui
1029 4125 1464 4182 comeditur.Ac
1483 4127 1529 4182 si
1556 4131 1830 4198 poneret:
1860 4130 2001 4186 Illud
2013 4133 2168 4204 quod
2266 4135 2562 4192 voluntate
2604 4143 2662 4194 et
2690 4157 2857 4197 sensu
2887 4124 3336 4214 revocat,-more
3365 4124 3477 4207 vini
3503 4145 3773 4206 inebriantist

567 4230 680 4285 ego
700 4213 852 4284 juste
882 4211 1216 4285 indignatus
1257 4213 1328 4267 de
1357 4216 1575 4286 templo
1606 4218 1727 4283 tuo,
1753 4219 1914 4291 quod
1950 4220 2170 4276 faciunt
2191 4288 2242 4312 ῃ
2259 4222 2563 4292 psallebant
2591 4230 2648 4281 in
2679 4246 2781 4297 me,
2816 4234 3045 4302 agendo
3073 4253 3087 4302 ;
3120 4211 3177 4291 id
3207 4242 3293 4293 est
3320 4240 3619 4312 psalmodia
3635 4232 3773 4291 dulcis-

567 4304 900 4374 speluncam
932 4303 1248 4368 latronum,
1294 4303 1540 4358 emendo
1581 4306 1640 4359 et
1668 4305 1969 4363 vendendo
2010 4308 2067 4363 in
2099 4326 2167 4364 eo
2190 4288 2244 4347 D
2266 4309 2413 4367 sima
2442 4312 2522 4367 eis
2541 4315 2669 4382 erit,
2686 4318 3195 4379 mihidetrahendo
3221 4288 3393 4397 agerre
3416 4328 3482 4381 de
3501 4329 3656 4381 morte
3672 4332 3772 4381 mea;

568 4389 723 4463 ipsos
743 4390 876 4446 inde
899 4390 1182 4462 expellam
1215 4388 1434 4461 (Matth.
1459 4407 1569 4461 XXI,
1605 4395 1691 4459 l2,
1718 4397 1825 4461 l3),
1855 4411 2023 4453 causa
2060 4398 2168 4452 erit
2266 4414 2331 4453 ac
2360 4401 2405 4453 si
2436 4400 2686 4459 diceret:
2717 4406 2783 4459 Et
2802 4407 3087 4479 principes
3109 4413 3205 4483 qui
3236 4388 3627 4487 aliquantulum
3651 4410 3775 4464 auste-

569 4493 748 4551 quare
779 4494 875 4537 me
895 4478 1246 4533 interﬁciant
1273 4477 1767 4553 injuste.ldeoque
1799 4481 2007 4556 dignus
2036 4488 2168 4539 sunt
2265 4502 2392 4542 ram
2424 4488 2639 4546 ducunt
2666 4492 2862 4563 vitam,
2897 4499 2957 4551 ut
2976 4477 3216 4555 scientes
3240 4477 3596 4567 aestimentur,
3621 4497 3701 4569 ipsi
3723 4498 3774 4547 te

568 4562 902 4619 salvatione.
935 4564 1005 4619 Et
1044 4564 1175 4620 ideo
1228 4564 1435 4632 adhuc,
1469 4567 1605 4638 quia
1657 4570 1963 4640 opprobria,
1993 4571 2053 4625 id
2083 4574 2168 4627 est
2267 4592 2403 4630 men
2441 4576 2499 4633 in
2546 4582 2713 4650 porta
2735 4562 3008 4653 scientize,
3039 4603 3155 4642 non
3200 4588 3260 4643 in
3299 4589 3421 4664 ipsa
3447 4562 3650 4646 scientia
3666 4584 3770 4638 sunt,

565 4668 752 4724 poenae
785 4652 1229 4723 opprobriorum
1255 4656 1688 4726 exprobrantium
1733 4659 1835 4713 tibi
1873 4660 2166 4716 ceciderunt
2264 4661 2323 4717 id
2353 4666 2438 4719 est
2455 4665 2696 4722 scientes
2727 4652 3008 4741 apparent
3033 4677 3090 4728 et
3116 4677 3273 4731 stulti
3302 4652 3449 4734 sunt.
3486 4680 3549 4734 Ut
3581 4672 3771 4747 petulans

562 4756 719 4812 super
736 4756 838 4806 me,
861 4739 920 4794 id
950 4743 1035 4795 est
1058 4742 1267 4796 cadent
1289 4759 1460 4831 super
1488 4761 1603 4813 me,
1621 4746 1836 4802 scilicet
1861 4751 2161 4820 retorque-
2260 4750 2423 4822 plebs
2441 4739 2782 4811 omnimoda
2801 4739 3090 4831 voluptate
3119 4762 3421 4828 inebriata,
3443 4739 3617 4820 contra
3630 4774 3701 4814 me
3719 4755 3770 4808 lo-

561 4829 779 4885 buntur
803 4827 862 4883 in
893 4844 1010 4895 me,
1043 4832 1107 4883 ut
1137 4846 1231 4884 me
1267 4830 1620 4902 opprimant,
1651 4850 1816 4890 more
1863 4836 2156 4906 ponderis,
2259 4839 2512 4909 quendo,
2551 4841 2611 4897 in
2658 4842 2767 4898 hoc
2797 4827 2960 4901 valde
2999 4848 3375 4910 delectantur.
3406 4827 3500 4908 Vel
3525 4851 3591 4907 sic
3614 4867 3625 4904 :
3650 4847 3679 4902 li
3704 4840 3768 4914 qui

559 4916 715 4990 quod
727 4932 898 4989 super
911 4917 1160 4989 aliquem
1183 4917 1413 4986 cadens,
1430 4936 1563 4974 eum
1595 4921 1978 4993 opprimit.Ac
1998 4923 2044 4977 si
2071 4924 2155 4979 di-
2255 4927 2459 4982 sedent
2491 4928 2551 4984 in
2577 4934 2745 5001 porta
2774 4932 3020 4991 civitatis
3048 4938 3121 4992 ad
3142 4939 3360 5009 judicia
3393 4938 3628 4997 facienda
3643 4930 3764 5005 (judi-

561 5008 655 5059 cat
686 5021 700 5060 :
732 5004 858 5060 Tibi
886 5005 1240 5076 exprobrant
1273 5006 1476 5073 Judaei,
1509 5008 1647 5064 dum
1697 5011 1998 5083 prazceptis
2044 5013 2155 5069 tuis
2253 5031 2384 5071 cum
2416 5019 2575 5074 enim
2605 5024 2728 5075 erat
2757 5021 2813 5076 in
2845 5028 3013 5094 porta
3042 5004 3260 5098 sedere,
3284 5034 3346 5086 ut
3369 5030 3539 5103 parati
3564 5019 3764 5103 essen“?l

555 5092 800 5162 omissis,
833 5094 1175 5149 traditiones
1217 5111 1347 5149 suas
1385 5096 1687 5153 observare
1717 5098 1999 5155 nituntur.
2036 5100 2148 5174 Op-
2251 5102 2596 5162 intrantibus
2627 5112 2683 5163 et
2714 5092 3050 5168 exeuntibus
3092 5092 3387 5186 judicium‘
3415 5116 3619 5186 facere),
3644 5101 3759 5165 etilli

545 5181 786 5253 probria
839 5197 1092 5253 namque
1158 5181 1263 5236 tibi
1310 5182 1587 5248 inferunt,
1643 5185 1803 5253 dum,
1860 5194 2147 5260 prmcepta
2249 5193 2345 5263 qui
2402 5193 2607 5251 bibunt
2658 5195 2858 5253 vinum
2917 5200 2975 5255 in
3029 5181 3320 5274 conviviis,
3363 5181 3591 5279 psallunt.
3615 5201 3662 5255 in
3693 5208 3755 5249 me

542 5273 642 5324 tua
672 5269 1094 5341 postponendo,
1136 5269 1490 5368 traditiones.
1523 5289 1652 5327 suas
1698 5277 2008 5345 praevalere
2060 5277 2144 5333 in-
2244 5282 2492 5352 agendo,
2525 5300 2590 5338 ac
2615 5285 2661 5340 si
2692 5285 2842 5342 dicat
2867 5304 2880 5344 :
2907 5290 2974 5345 Et
3000 5291 3096 5347 ubi
3126 5269 3540 5368 congregantur
3563 5289 3623 5345 ad
3640 5281 3755 5358 ἀπε)ίῦ

538 5359 746 5411 nuunt.
782 5355 1068 5418 Quoniam
1099 5361 1295 5412 autem
1327 5375 1426 5413 eos
1459 5358 1528 5413 de
1565 5359 1653 5415 his
1693 5363 2018 5434 opprobriis
2046 5381 2137 5419 re-
2238 5367 2380 5425 tiam
2411 5374 2887 5443 exercendam,et
2912 5379 3005 5433 ubi
3028 5380 3098 5435 ad
3117 5355 3458 5454 voluptatem
3483 5394 3621 5436 suam
3638 5387 3748 5428 com-

534 5443 862 5513 darguenti,
898 5460 1097 5515 poenas
1122 5444 1267 5499 mihi
1315 5445 1568 5502 inferent
1617 5450 1816 5519 crucis,
1850 5468 1885 5505 a
1932 5451 2135 5523 quibus
2232 5458 2528 5529 plendam,
2563 5466 2765 5519 contra
2790 5480 2884 5523 me
2915 5484 3144 5549 semper
3173 5443 3381 5544 agunt,
3401 5475 3454 5527 et
3476 5471 3572 5525 hoc
3610 5465 3676 5523 est
3695 5459 3748 5515 eis

527 5529 589 5586 in
619 5532 873 5588 mortem
902 5532 1128 5604 cadam,
1153 5532 1362 5606 dignus
1392 5551 1520 5592 sum
1550 5536 1883 5597 salvatione.
1909 5540 1975 5595 Et
1997 5539 2126 5600 ideo
