4004 6052
154 359 265 425 D73

1100 371 1460 434 EXPOSI’I‘IO
1494 374 1567 433 IN
1602 373 1938 434 psamos.
1972 349 2044 420 έ-
2078 376 2275 437 PSAL.
2329 378 2533 439 vam

3365 385 3476 453 974

155 493 414 567 psalmus
441 494 821 598 dulcissimus,
848 495 1138 572 qufvero,
1171 501 1432 573 quamvis
1455 503 1534 560 sic
1559 507 1764 560 contra
1781 502 1965 569 Ahoc
1990 505 2076 561 est
2105 520 2171 562 ac
2201 504 2247 563 si
2278 506 2468 598 dicat:
2497 508 2692 584 Neque
2721 524 2817 568 me
2841 505 3101 570 infernus
3124 508 3342 573 absorb
3354 518 3472 598 eat,

159 598 258 639 me
286 592 617 659 loquantur,
645 592 935 645 orationem
950 607 1121 644 meum
1152 606 1357 661 puram
1391 594 1448 645 et
1475 595 1756 660 sanctam,

159 678 221 730 et
269 693 337 731 ex
382 680 541 733 recta
586 679 890 736 devotione
937 679 1372 749 procedentem,
1406 680 1476 733 ad
1516 687 1564 734 te
1587 679 1764 736 Deum

160 764 396 820 Patrem
443 766 693 838 dirigam
724 783 830 840 pro
861 783 1064 822 eorum
1095 771 1256 838 parte
1290 768 1578 824 salvanda.
1604 769 1766 824 Ideo-

159 870 274 926 que
305 852 511 926 diguus
532 872 659 910 sum
690 858 753 909 ut
782 856 1123 922 salver,cum
1156 872 1260 928 pro
1292 855 1541 911 inimicis
1573 860 1768 912 oratu-

158 958 262 996 rus
290 960 419 997 sum
453 944 788 999 clementer.
829 943 965 1008 Quae
1015 943 1225 999 oratio‘
1249 960 1381 999 mea
1408 946 1535 1000 talis
1565 949 1689 1001 est:
1722 945 1769 1002 0

159 1029 308 1085 Deus
333 1032 522 1099 Pater,
570 1039 770 1104 tempus
799 1036 885 1086 est
926 1032 1235 1104 beneplaciti
1262 1032 1365 1099 tui,
1398 1033 1457 1088 id
1488 1037 1572 1088 est
1598 1034 1771 1091 bene-

160 1120 444 1191 plaeentis
472 1120 576 1177 tibi
636 1120 839 1192 gratiae
892 1123 1003 1176 tum
1040 1121 1371 1175 exercenda:
1403 1123 1459 1175 in
1507 1138 1604 1176 me
1651 1122 1768 1178 exi-

162 1211 351 1262 stente
381 1209 726 1264 multitudine
766 1208 1142 1266 misericordiae
1183 1216 1307 1277 tuae,
1360 1208 1420 1264 id
1470 1214 1555 1265 est
1615 1228 1771 1267 exer-

161 1297 360 1352 cendae
384 1297 443 1352 in
474 1298 732 1353 humano
755 1314 989 1369 genere,
1027 1314 1130 1370 per
1157 1314 1272 1365 me,
1307 1298 1405 1371 qui
1438 1315 1565 1354 sum
1588 1302 1771 1355 multa

159 1385 558 1441 misericordia
588 1389 705 1455 tua,
741 1404 843 1459 per
873 1403 1049 1458 quem
1070 1388 1254 1442 multa
1281 1387 1570 1443 beneficia
1604 1389 1771 1443 mise-

160 1474 428 1530 ricordiae
484 1475 684 1547 generi
713 1476 967 1531 humano
998 1474 1319 1547 impendes.
1375 1478 1454 1531 Ac
1492 1477 1539 1531 si
1570 1477 1722 1533 dicat
1752 1494 1765 1533 :

161 1562 428 1618 Miserere
458 1563 828 1620 inimicorum
855 1580 1121 1618 meorum
1152 1565 1558 1621 salvandorum
1585 1584 1598 1634 ;
1632 1583 1769 1621 nam

154 1653 282 1725 jam
304 1657 390 1708 est
404 1656 634 1723 tempus
656 1652 876 1724 gratiae,
907 1656 1135 1723 tempus
1158 1654 1550 1724 plenitudinis,
1574 1656 1631 1709 in
1654 1672 1767 1727 quo

165 1741 340 1798 debes
363 1744 423 1796 et
447 1741 776 1796 Judaaorum
809 1743 866 1795 et
889 1741 1188 1812 gentilium
1218 1743 1765 1812 convertendorum,

159 1846 268 1903 per
310 1847 405 1885 me
422 1819 527 1902 qui.
566 1848 691 1884 sum
726 1830 908 1884 multa
939 1829 1333 1884 misericordia
1366 1835 1485 1898 tua,
1536 1834 1770 1903 peccata
1795 1815 1847 1875 Β

156 1918 477 1974 remittere.
508 1919 575 1972 Et
604 1917 740 1990 quia
770 1921 1000 1989 tempus
1025 1918 1402 1990 plenitudinis
1420 1919 1672 1987 advenit,
1707 1923 1769 1975 ut

162 2021 269 2078 per
289 2022 385 2059 me
407 2004 607 2076 generi
637 2005 894 2058 humano
920 2004 1264 2073 miserearis,
1298 2006 1661 2076 priusexaudi
1689 2026 1771 2062 me

160 2102 406 2150 orantem
431 2096 487 2148 in
517 2095 756 2160 viritate,
785 2093 844 2147 id
875 2095 959 2146 est
980 2093 1039 2147 in
1070 2094 1532 2150 consideratione
1554 2096 1758 2151 verita-

158 2183 236 2237 tis
264 2183 456 2238 salutis
487 2188 611 2250 tuae,
660 2181 718 2235 id
774 2184 860 2235 est
887 2180 984 2252 qui
1021 2182 1128 2235 hac
1158 2181 1365 2237 fiducia
1394 2186 1450 2237 te
1483 2199 1607 2251 oro,
1635 2185 1770 2256 quia

159 2271 463 2327 considero
489 2274 545 2325 te
596 2285 859 2325 veracem
914 2269 1171 2323 futurum
1220 2270 1279 2323 in
1310 2271 1418 2324 hoc
1447 2272 1602 2342 quod
1634 2290 1765 2344 pro-

159 2360 366 2415 misisti
394 2362 447 2414 te
477 2360 828 2414 salvalurum
858 2373 973 2424 me,
1015 2358 1101 2412 vel
1142 2362 1408 2413 orantem
1442 2359 1501 2413 in
1527 2361 1765 2415 veritate

160 2448 359 2504 salutis
388 2451 521 2516 tute,
554 2447 613 2501 id
645 2450 730 2501 est
760 2447 817 2501 in
841 2446 1226 2518 postulatione
1265 2464 1412 2502 veras
1447 2452 1505 2503 et
1533 2452 1764 2505 aeternas

164 2537 363 2593 salutis
383 2554 417 2591 a
444 2539 500 2590 te
533 2536 769 2604 dandas;
799 2553 863 2590 ac
903 2535 948 2590 si
989 2536 1176 2591 dicat:
1211 2536 1353 2591 Vere
1384 2537 1558 2592 debes
1594 2555 1764 2593 exau-

164 2627 312 2693 dire,
346 2641 476 2680 cum
506 2628 563 2679 te
593 2624 956 2680 considerem
984 2641 1247 2679 veracem
1278 2626 1337 2681 in
1359 2627 1466 2682 hoc
1496 2628 1650 2698 quod
1671 2645 1765 2682 me

162 2716 500 2772 salvandum
524 2731 643 2769 esse
669 2718 777 2768 ate
798 2712 1123 2785 promisisti.
1146 2715 1353 2768 Etcum
1379 2731 1496 2770 non
1510 2732 1766 2787 quaeram

164 2807 411 2862 salutem
424 2804 887 2874 bominum,quas
903 2819 1053 2857 vana
1068 2787 1379 2874 est,254
1402 2804 1501 2858 sed
1522 2806 1767 2860 salutem

165 2892 618 2951 immortalitatis
641 2894 700 2946 et
738 2891 1210 2961 impassibilitatis
1240 2895 1471 2946 aeternae
1502 2909 1535 2946 a
1560 2896 1615 2947 te
1647 2894 1767 2948 solo

168 2981 449 3049 dandam,
475 2980 535 3035 in
573 2981 682 3036 hoc
709 2978 921 3034 scilicet
950 2994 1043 3032 me
1075 2980 1298 3034 exaudi.

1863 608 2052 665 neque
2085 612 2180 650 me
2212 596 2503 653 retinendi
2547 598 2877 655 facultatem
2907 601 3137 657 haheat.
3172 603 3240 657 Et
3269 620 3341 660 ne
3366 596 3467 660 ali?

1868 681 2006 752 quid
2039 683 2247 738 horum
2279 684 2367 751 sit,
2403 685 2625 740 Exaudi
2651 705 2752 753 me,
2798 688 2962 743 Deus.
3012 690 3128 745 Hoc
3158 694 3352 747 autem
3401 709 3470 750 ex

1871 768 2052 824 nimio
2077 770 2429 842 impetrandi
2460 773 2743 829 desiderio
2774 775 3004 847 repetit.

1940 860 2007 912 Et
2036 857 2164 913 ideo
2208 860 2406 914 exaudi
2459 865 2711 933 quoniam
2770 864 3011 934 benigna,
3062 864 3124 921 id
3176 868 3263 922 est
3306 868 3469 939 larga

1870 953 1943 1001 est
1970 948 2331 1002 misericordia
2381 953 2492 1016 tua,
2543 949 2600 1005 id
2652 953 2737 1005 est
2761 952 2894 1022 quia
2947 954 3285 1009 naturaliter
3312 955 3474 1027 large

1870 1035 2195 1090 misericors
2215 1052 2295 1103 es,
2327 1037 2528 1092 exaudi
2566 1056 2649 1092 me
2680 1039 3147 1098 misericorditer.
3176 1044 3242 1097 Et
3279 1047 3473 1116 respice

1871 1124 1926 1176 in
1953 1141 2037 1177 me
2065 1124 2531 1192 misericorditer,
2564 1126 2623 1181 id
2654 1130 2737 1182 est
2758 1129 3032 1185 miserere
3062 1134 3124 1185 ut
3152 1132 3471 1199 resuscites,

1870 1227 1905 1265 a
1932 1211 2308 1267 similitudine
2336 1213 2486 1267 illius
2515 1214 2611 1285 qui
2637 1215 2888 1287 benigne
2932 1217 3165 1290 respicit
3203 1235 3336 1273 eum
3380 1220 3473 1276 cui

1869 1302 1989 1356 vult
2020 1301 2303 1355 misereri.
2340 1301 2476 1356 Dico
2505 1305 2697 1373 respice
2720 1304 2782 1358 in
2811 1322 2911 1358 me.
2944 1308 3011 1360 Et
3051 1307 3159 1362 hoc
3184 1308 3471 1363 secundum

1869 1389 2263 1443 multitudinem
2287 1392 2689 1444 miserationum
2720 1398 2954 1461 tuarum,
2981 1393 3039 1447 id
3056 1396 3140 1448 est
3155 1395 3473 1451 secundum

1871 1478 2081 1532 multas
2111 1477 2510 1533 miserationes
2537 1481 2681 1546 tuas,
2703 1479 2917 1535 scilicet
2942 1482 3260 1536 secundum
3287 1483 3471 1539 multa

1869 1565 2150 1620 beneficia
2165 1566 2702 1622 misericordissima
2722 1584 2816 1635 ;ac
2846 1568 2890 1622 si
2913 1568 3091 1624 dicat:
3117 1569 3262 1624 Cum
3290 1572 3475 1626 multa

1868 1652 2147 1708 beneﬁcia
2173 1655 2441 1709 omnibus
2465 1656 2741 1710 creaturis
2766 1656 2875 1710 tuis
2894 1657 3339 1713 misericorditer
3360 1658 3471 1713 im-

1870 1743 2112 1814 pendas,
2146 1745 2328 1798 multo
2361 1743 2548 1815 magis
2579 1744 2820 1815 dignum
2848 1750 2932 1800 est
2961 1748 3023 1800 ut
3049 1746 3213 1815 mihi,
3248 1746 3346 1817 qui
3372 1747 3477 1802 tibi

1869 1845 1988 1901 prce
2017 1830 2281 1885 omnibus
2303 1831 2818 1898 obedio,beneﬁcia
2837 1833 2960 1887 haec
2979 1850 3105 1904 qua:
3122 1836 3347 1906 postulo
3378 1835 3473 1889 tri-

1869 1919 2030 1973 buas.
2062 1919 2195 1986 Oro,
2219 1921 2417 1991 respice
2433 1921 2492 1974 in
2522 1938 2622 1976 me.
2651 1920 2729 1974 Et
2760 1937 2862 1976 oro
2882 1922 3058 1976 etiam
3075 1940 3140 1977 ne
3157 1930 3364 1978 avertas
3378 1925 3466 1995 fa-

1869 2009 2018 2074 ciem,
2052 2007 2110 2063 id
2149 2012 2236 2062 est
2265 2008 2535 2079 gratiam,
2566 2016 2714 2063 tuam
2744 2028 2776 2063 a
2803 2026 2975 2081 puero
2999 2017 3109 2079 tuo,
3136 2012 3195 2066 id
3220 2015 3469 2068 estame

1870 2112 2031 2151 servo
2069 2100 2189 2164 tuo,
2222 2097 2538 2152 secundum
2570 2099 2725 2170 quod
2750 2099 2928 2155 homo
2960 2117 3107 2155 sum.
3156 2102 3347 2157 Gratia
3366 2119 3467 2175 per

1868 2182 2076 2238 faciem
2103 2184 2460 2256 designatur,
2479 2202 2546 2241 eo
2579 2187 2732 2258 quod
2758 2188 2814 2242 in
2846 2188 2990 2242 facie
3015 2188 3244 2261 signum
3268 2191 3468 2261 gratia!
3507 2251 3515 2259 ,

1866 2273 2010 2326 solet
2038 2289 2336 2344 apparere.
2360 2277 2508 2329 Puer
2529 2279 2722 2330 autem
2756 2292 2860 2346 pro
2891 2294 3051 2332 servo
3082 2278 3340 2333 usitative
3364 2296 3470 2351 .po-

1868 2360 2040 2415 nitur.
2077 2360 2240 2423 Quod
2272 2366 2356 2416 est
2386 2362 2610 2417 dicere:
2647 2364 2787 2418 Cum
2815 2364 3001 2435 gratia
3025 2369 3125 2419 tua
3156 2383 3370 2437 magna
3399 2368 3471 2422 sit

1867 2465 2005 2520 erga
2025 2465 2140 2517 me,
2168 2466 2283 2504 non
2309 2452 2609 2521 permittas
2641 2469 2734 2506 me
2784 2453 2842 2506 in
2876 2453 3065 2524 aliquo
3095 2453 3231 2521 labi,
3262 2458 3326 2508 ut
3365 2472 3470 2527 per

1866 2536 1978 2591 hoc
2001 2536 2253 2608 gratiam
2270 2554 2303 2591 a
2334 2554 2429 2592 me
2445 2543 2685 2592 avertas.
2707 2539 3032 2594 Notandum
3051 2557 3183 2595 eum
3202 2557 3318 2597 non
3338 2543 3467 2599 ideo

1869 2641 2034 2680 orare
2064 2625 2220 2696 quod
2266 2626 2379 2680 labi
2430 2627 2634 2681 timeat
2681 2627 2737 2681 in
2795 2628 3007 2698 aliquo,
3073 2629 3169 2684 sed
3222 2630 3349 2685 ideo
3410 2635 3471 2686 ut

1868 2715 2200 2785 exemplum
2235 2715 2438 2769 orandi
2474 2732 2544 2769 ne
2583 2716 2848 2769 labamur
2869 2716 3033 2770 nobis
3061 2718 3367 2789 relinquat.
3401 2721 3470 2774 Et

1869 2804 2118 2875 quoniam
2151 2803 2463 2871 tribulor,id
2486 2803 2643 2857 estin
2661 2803 3087 2858 tuiobedientia
3124 2822 3250 2859 sum
3290 2807 3468 2861 tribu-

1870 2891 2095 2955 landus,
2128 2891 2322 2944 exaudi
2370 2908 2453 2944 me
2483 2895 2543 2945 ut
2597 2892 2925 2946 resuscites:
2982 2895 3039 2945 et
3069 2893 3176 2947 hoc
3208 2895 3466 2963 velociter,

1869 2984 1999 3051 post
2037 2983 2153 3033 tres
2192 2979 2312 3033 dies
2342 2980 2575 3035 scilicet.
2612 2980 2744 3034 ldeo
2771 2980 3004 3050 repetiit
3035 2982 3229 3035 exaudi
3275 2999 3376 3050 me,
3411 2987 3473 3039 ut

236 3069 404 3142 Eripe
434 3086 515 3123 me
543 3068 606 3122 de
635 3069 766 3136 luto,
790 3067 845 3122 id
873 3069 957 3120 est
980 3068 1050 3123 de
1068 3068 1254 3122 carnis
1275 3068 1597 3139 putredine.
1623 3067 1768 3132 Quid
1792 3092 1839 3152 Ο
1870 3070 2192 3139 apponeret
2234 3067 2493 3121 velociter.
2538 3069 2605 3121 Et
2635 3068 2844 3120 intende
2896 3070 3090 3122 animm
3126 3086 3274 3136 mem,
3308 3070 3365 3125 id
3390 3074 3474 3126 est

166 3159 330 3216 enim
348 3176 480 3215 caro
494 3157 726 3230 putrida
765 3158 1010 3213 humore
1046 3156 1349 3212 commisto
1390 3157 1544 3211 aliud
1569 3157 1771 3211 melius

164 3247 279 3304 dici
299 3250 506 3318 potest,
522 3264 693 3319 quam
715 3247 917 3316 lutum.
942 3248 1006 3300 Et
1042 3261 1157 3299 non
1173 3245 1250 3298 sic
1272 3244 1479 3316 eripias
1493 3244 1557 3298 de
1580 3245 1690 3298 luto
1713 3248 1773 3298 ut

160 3336 325 3410 prius
348 3335 408 3389 in
449 3337 634 3391 lutum
658 3335 1012 3406 perveniam,
1043 3333 1142 3388 sed
1172 3341 1232 3387 ut
1255 3351 1359 3387 non
1389 3334 1584 3402 inﬁgar
1610 3335 1665 3386 in
1690 3333 1771 3386 lu-

164 3433 303 3493 tum,
331 3424 390 3479 id
420 3427 506 3479 est
534 3424 611 3479 sic
651 3426 789 3496 eripe
843 3426 905 3477 ut
935 3424 1260 3478 nullatenus
1290 3423 1349 3477 in
1406 3423 1773 3493 putredinem

157 3514 413 3577 veniam,
452 3514 595 3568 sicut
636 3514 773 3568 alibi
817 3513 1059 3569 dicitur:
1094 3514 1257 3567 «Nec
1316 3513 1480 3567 dabis
1509 3517 1772 3567 sanctum

162 3608 331 3659 tuum
364 3602 561 3657 vidore
592 3601 1020 3672 corruptionem
1068 3601 1237 3671 (Psal.
1270 3619 1358 3668 xv,
1392 3600 1498 3672 10),
1528 3622 1556 3649 ››
1613 3602 1679 3654 Et
1714 3600 1773 3654 in

158 3692 274 3747 hoc
312 3707 542 3762 quoque
573 3690 771 3745 exaudi
788 3708 889 3752 me,
921 3689 1133 3744 scilicet
1172 3690 1335 3742 libera
1365 3703 1447 3742 me
1476 3689 1543 3742 ab
1566 3689 1646 3742 his
1678 3690 1775 3760 qui

159 3780 390 3838 oderunt
418 3797 520 3846 me,
542 3779 599 3833 id
630 3782 717 3834 est
741 3797 773 3833 a
798 3778 1028 3840 Iudaeis,
1065 3778 1162 3850 qui
1189 3777 1322 3833 odio
1350 3776 1549 3849 iniquo
1581 3794 1773 3849 perse-

162 3871 418 3940 quentur
444 3884 559 3923 me.
588 3867 830 3938 Exponit
857 3870 1051 3921 autem
1068 3865 1360 3938 quomodo
1378 3882 1436 3920 se
1451 3869 1577 3921 orat
1603 3867 1673 3921 ab
1697 3866 1777 3921 eis

163 3956 423 4022 liberari,
458 3956 722 4011 addendo
754 3955 831 4010 sic
861 3973 873 4010 :
918 3954 1014 4022 Et,
1046 3954 1101 4008 id
1142 3957 1229 4009 est
1248 3953 1479 4021 scilicet,
1508 3955 1675 4009 libera
1694 3972 1776 4008 me

163 4044 228 4099 de
247 4044 541 4115 profundis
569 4062 854 4116 aquarum,
884 4047 945 4098 ut
969 4059 1074 4097 non
1092 4059 1173 4095 me
1188 4042 1456 4112 demergat
1500 4048 1775 4113 tempestas

165 4149 341 4204 aquae,
370 4132 428 4186 id
456 4134 543 4186 est
589 4132 750 4203 plebs
774 4130 1009 4186 Judaica
1063 4130 1308 4185 existens
1357 4147 1507 4201 aqua
1556 4134 1774 4202 tempe-

163 4224 377 4288 stuosa,
406 4237 535 4292 quas
565 4221 683 4273 vult
711 4236 804 4273 me
837 4219 894 4273 in
920 4218 1392 4274 conformitatem
1440 4236 1604 4273 suam
1658 4224 1771 4274 tra-

157 4308 360 4380 jicere,
393 4325 557 4363 more
582 4324 746 4380 aqua:
762 4310 1186 4378 tempestuosae,
1219 4307 1317 4378 qui
1345 4307 1688 4363 existentem
1711 4306 1770 4361 in

1872 3155 2264 3211 intentionem
2299 3156 2467 3209 famae
2497 3156 2570 3209 da
2590 3155 2717 3208 vita:
2745 3171 2909 3221 mete,
2932 3156 3215 3227 intubique
3239 3160 3475 3228 populo-

1873 3260 2003 3298 rum
2036 3245 2228 3313 palam
2258 3243 2329 3296 sit
2359 3259 2452 3296 me
2480 3242 2871 3296 resurrexisso.
2906 3242 2983 3296 Et
3009 3244 3474 3301 utintentionem

1874 3333 1927 3387 ei
1959 3333 2077 3399 des,
2112 3332 2267 3404 prius
2300 3332 2463 3386 libera
2494 3349 2610 3386 eam
2643 3348 2677 3385 a
2721 3334 2929 3386 morte.
2962 3332 3078 3387 Hoc
3104 3338 3298 3389 autem
3332 3334 3471 3390 illud

1876 3420 2032 3476 idem
2064 3425 2149 3476 est
2178 3422 2237 3475 in
2268 3420 2576 3487 sententia,
2606 3420 2762 3491 quod
2791 3423 2847 3473 et
2876 3421 3070 3474 exaudi
3098 3438 3180 3477 me
3205 3424 3472 3493 velociter;

1874 3508 1975 3563 sed
2006 3508 2135 3563 ideo
2168 3508 2399 3579 repetit,
2422 3508 2919 3580 quiadeterminat
2945 3511 3475 3581 quomodoliberet,

1875 3612 2006 3666 cum
2045 3595 2339 3665 subjungit
2383 3597 2599 3650 scilicet
2638 3599 2785 3667 eripe
2814 3615 2916 3663 me,
2948 3599 3005 3652 id
3063 3602 3147 3653 est
3178 3599 3357 3654 libera
3383 3618 3476 3655 me

1876 3683 2263 3751 manifestato,
2286 3701 2403 3740 non
2427 3687 2667 3739 occulte.
2694 3686 2759 3738 Et
2774 3686 2997 3739 bocoro
3008 3694 3226 3756 propter
3243 3690 3479 3743 inimicos

1874 3789 2013 3826 meos
2043 3772 2323 3838 custodes,
2358 3772 2454 3843 qui
2478 3789 2573 3826 me
2605 3771 2929 3827 custodiant
2983 3789 3055 3827 ne
3104 3774 3385 3845 refugiam
3417 3782 3479 3833 ut

1875 3860 1983 3932 ipsi
2013 3860 2233 3915 confusi
2266 3860 2573 3927 recedant;
2606 3862 2693 3914 vel
2739 3864 2960 3930 propter
2989 3863 3229 3916 inimicos
3255 3881 3391 3918 meos
3421 3870 3479 3920 et

1873 3950 2099 4005 Iudaeos
2110 3951 2168 4004 et
2180 3949 2442 4020 gentiles,
2468 3950 2564 4019 qui
2586 3948 2727 4003 mihi
2748 3950 2897 4003 male
2913 3949 3151 4005 vivendo
3174 3950 3475 4008 inimicali-

1875 4042 1988 4107 tur,
2015 4042 2077 4093 ut
2107 4038 2406 4108 propalata
2430 4038 2680 4108 gloriosa
2710 4037 3146 4105 resurrectione,
3176 4038 3229 4093 in
3245 4056 3312 4095 ea
3339 4057 3476 4096 con-

1875 4130 2189 4182 vertantur.
2209 4124 2374 4195 Erzpe
2402 4143 2485 4179 me
2502 4142 2604 4197 per
2620 4124 3055 4179 similitudinem
3094 4128 3345 4197 ponitur.
3373 4130 3479 4194 Qui

1875 4216 2032 4270 enim
2059 4214 2316 4285 eripitur,
2351 4229 2469 4267 non
2487 4214 2657 4279 clam,
2679 4213 2780 4266 sed
2812 4213 3428 4280 manifestc,liberatur
3458 4260 3473 4286 ,

1879 4320 1944 4358 ac
1970 4304 2015 4358 si
2055 4303 2207 4358 dicat
2242 4318 2256 4355 :
2291 4300 2492 4355 Libera
2509 4318 2603 4355 me
2634 4301 2959 4364 manifeste,
2979 4302 3155 4356 velint
3184 4304 3388 4373 nolint,
3421 4310 3480 4361 et

164 4379 225 4452 se
255 4396 564 4467 demergit,
592 4412 710 4451 non
740 4396 951 4450 habeat
976 4397 1320 4467 potestatem
1354 4398 1418 4448 ut
1439 4412 1532 4450 me
1563 4396 1774 4451 timore
1795 4379 1848 4438 Ῑ)
1875 4392 1955 4447 sic
1980 4390 2195 4446 inimici
2230 4389 2345 4443 mei
2376 4392 2800 4445 convertantur.
2820 4390 2888 4443 Et
2917 4406 3009 4444 me
3033 4391 3254 4462 eripere
3281 4394 3472 4462 debes,

165 4484 372 4539 mortis
403 4485 461 4539 in
505 4483 975 4539 conformitatem
1012 4500 1175 4537 suam
1231 4483 1547 4554 demergat.
1588 4483 1775 4555 Neque

163 4572 439 4627 absorbeat
460 4589 541 4625 me
551 4572 891 4643 profundum
919 4571 1147 4626 inferni.
1170 4571 1448 4626 Absorbei
1461 4588 1491 4626 e
1508 4571 1770 4639 dicimus,

166 4677 303 4715 cum
337 4659 538 4731 aliquis
563 4660 773 4714 invitus
793 4661 866 4715 ab
897 4676 1046 4731 aqua
1074 4661 1163 4712 vel
1217 4660 1418 4730 abysso
1449 4659 1773 4730 profundis-

162 4748 314 4803 sima
342 4747 645 4819 suscipitur
669 4765 680 4802 :
717 4765 779 4802 ac
801 4747 847 4801 si
878 4748 1063 4802 dicat:
1092 4747 1228 4802 Volo
1256 4747 1492 4818 quidem
1520 4746 1576 4801 in
1602 4747 1773 4801 infer-

162 4853 306 4891 num
328 4836 433 4903 ire,
473 4839 534 4891 ut
563 4853 699 4891 eum
730 4834 1067 4906 exspoliem,
1102 4851 1214 4889 non
1248 4834 1328 4888 sic
1368 4838 1564 4888 tamen
1605 4839 1668 4889 ut
1698 4836 1770 4889 ab

163 4941 232 4981 eo
261 4941 366 4997 pro
397 4924 590 4997 aliqua
643 4923 851 4979 actuali
885 4924 971 4977 vel
1012 4922 1277 4994 originali
1308 4924 1534 4976 macula
1563 4922 1773 4976 invitus

165 5012 501 5079 absorbear,
535 5011 680 5066 sicut
706 5010 897 5066 caeteri
922 5026 1123 5065 omnes
1153 5011 1554 5065 absorbentur.
1587 5010 1771 5081 Neque

155 5107 374 5170 putens,
399 5099 456 5153 id
487 5104 573 5153 est
596 5099 956 5171 profunditas
1004 5097 1236 5164 inferni,
1274 5116 1429 5167 super
1460 5115 1541 5151 me
1570 5098 1772 5152 absor-

161 5191 352 5260 ptum,
389 5195 596 5256 urgeat,
644 5187 700 5240 id
730 5190 815 5240 est
840 5188 1113 5251 coarctet,
1146 5186 1226 5239 vel
1262 5188 1480 5239 claucat
1508 5202 1563 5239 os
1590 5203 1765 5239 suum.

92 5324 105 5335 .
167 5275 332 5339 Quod
364 5274 695 5329 estdicere:
724 5274 911 5345 Neque
958 5290 1036 5326 me
1083 5272 1373 5329 absorbeat.
1427 5290 1592 5344 neque
1618 5290 1773 5343 super

166 5380 249 5415 me
278 5363 613 5432 absorptum
645 5378 708 5415 os
732 5378 897 5415 suum
919 5361 1165 5427 claudat,
1201 5377 1271 5414 ne
1303 5361 1499 5431 egredi
1521 5361 1765 5427 valeam,

169 5467 203 5505 a
230 5449 607 5503 similitudine
640 5450 816 5519 putei,
851 5466 1028 5520 qnem
1060 5448 1111 5502 ai
1130 5448 1768 5519 aliquisingrederetur,

170 5540 226 5591 et
247 5554 309 5591 os
342 5536 890 5607 puteiclauderctur,
911 5536 1195 5608 ingressus
1216 5553 1331 5590 non
1346 5536 1586 5589 haberet
1608 5552 1770 5606 egre-

173 5624 369 5685 diendi
385 5627 757 5698 potestatem,
779 5625 879 5682 sed
902 5624 1140 5685 interius
1160 5626 1419 5683 retentus
1442 5622 1675 5698 periret.
1700 5624 1769 5678 Et

1876 4496 2013 4534 nam
2041 4482 2102 4532 tu
2133 4477 2469 4549 quiwomnia
2507 4477 2655 4531 nosti
2684 4478 2783 4530 scis
2816 4479 3192 4548 impmperium
3219 4498 3412 4549 meum,
3440 4500 3474 4539 a

1873 4566 2082 4622 Iudaeis
2312 4564 2700 4626 inferendum,
2716 4581 2836 4618 esse
2858 4565 3062 4619 falsum
3087 4583 3100 4633 ;
3127 4567 3233 4620 hoc
3260 4548 3476 4627 sciliCet

1873 4657 2027 4727 quod
2059 4653 2511 4726 improperaudo
2544 4652 2736 4707 dicent
2760 4671 2854 4708 me
2887 4654 3268 4725 seductorem,
3325 4659 3471 4716 fabri

1869 4745 2077 4807 filium,
2107 4746 2164 4797 et
2184 4745 2391 4796 caetera
2422 4740 2573 4795 talia.

1940 4832 2017 4886 Et
2042 4831 2150 4886 scis
2176 4831 2536 4899 confusionem
2575 4846 2766 4896 meam,
2802 4830 2874 4884 ab
2918 4831 3000 4885 eis
3032 4832 3469 4906 imponendam,

1871 4937 1994 4975 esse
2022 4920 2245 4985 falsam,
2277 4917 2386 4971 hoc
2417 4916 2628 4971 scilicet
2654 4918 2807 4989 quod
2852 4917 3060 4988 injuste
3120 4925 3472 4993 reputabunt

1870 5025 1965 5062 me
1996 5007 2054 5062 in
2092 5006 2287 5061 anima
2321 5005 2595 5060 confundi
2614 5006 2683 5060 de
2711 5007 3057 5061 conscientia
3079 5014 3468 5079 peccatorum,

1872 5096 1968 5168 qui
2001 5098 2297 5168 peccatum
2332 5110 2447 5147 non
2481 5094 2609 5160 feci,
2644 5111 2748 5148 nec
2804 5095 3069 5149 inventus
3098 5100 3181 5149 est
3209 5098 3371 5153 dolus
3412 5101 3466 5156 in

1873 5202 1971 5239 ore
2002 5201 2132 5239 meo
2163 5182 2231 5253 (Ι,
2261 5182 2412 5235 Patr.
2466 5199 2524 5247 ιι,
2569 5186 2685 5245 22).
2718 5184 2785 5236 Et
2830 5187 2887 5236 tu
2937 5184 3034 5235 scis
3091 5200 3209 5239 esse
3266 5187 3467 5244 falsam

1870 5270 2300 5337 verecundiam,
2315 5286 2490 5341 quam
2505 5286 2699 5323 meam
2722 5269 2951 5335 facient,
2970 5269 3182 5325 scilicet
3203 5275 3358 5343 quod
3381 5277 3466 5331 di-

1872 5363 2004 5414 cent
2018 5375 2111 5411 me
2128 5358 2340 5412 habere
2374 5356 2875 5417 verecundiam,id
2898 5359 2979 5409 est
3009 5358 3469 5419 erubescentiam

1874 5449 1943 5503 de
1959 5446 2280 5517 objectione
2294 5444 2569 5498 falsorum
2585 5442 2914 5512 criminum,
2928 5460 3058 5498 cum
3076 5462 3168 5500 me
3184 5450 3469 5507 mentien-

1874 5540 1966 5591 tur
1979 5552 2098 5589 esse
2111 5531 2571 5606 peccatorem,de
2584 5532 2692 5585 hoc
2713 5532 2867 5603 quod
2890 5534 3170 5588 meDeum
3200 5553 3389 5594 assero
3416 5545 3477 5597 et

1876 5639 2099 5695 regem,
2127 5620 2281 5676 unde
2306 5619 2529 5676 nullam
2558 5619 2782 5677 habebo
2821 5622 3472 5701 verecundiameper.
