4004 6052
474 358 579 426 978
608 386 615 393 -

477 595 624 638 num
657 577 1015 635 erubescere.
1050 578 1118 632 Et
1161 581 1215 632 in
1244 586 1515 650 conspectu
1543 585 1651 646 tuo,
1681 578 1779 651 qui
1818 578 2081 633 omnium

471 668 652 741 judex
672 684 757 731 es,
800 673 924 721 sunt
958 684 1133 720 omnes
1171 669 1266 739 qui
1311 668 1592 733 tribulant,
1627 667 1683 721 id
1728 670 1812 721 est
1844 668 2079 722 tribula-

479 757 627 812 bunt
652 754 1058 811 meinsontem.
1093 754 1258 818 Quod
1289 759 1373 809 est
1401 756 1588 810 dicere
1615 756 1785 810 :Cum
1819 755 1958 809 scias
1980 755 2085 808 im-

481 844 818 919 properium
848 860 1043 898 meum
1079 860 1200 898 esse
1223 844 1452 910 falsum,
1485 844 1812 899 consideras
1826 845 2001 900 etiam
2025 848 2083 898 tu

482 931 579 1004 qui
611 932 692 988 nil
726 931 967 1002 dignum
996 931 1210 986 ultione
1234 932 1475 986 dimittis
1504 932 1877 1003 impunitum,
1908 949 2083 1004 quam

480 1018 692 1090 injuste
716 1035 810 1073 me
823 1019 1196 1073 tribulabunt.
1220 1019 1382 1083 Quod
1403 1020 1480 1073 im
1490 1020 1824 1091 properium
1839 1024 1896 1075 et
1912 1020 2087 1075 tribu-

479 1107 759 1163 lationem
790 1123 909 1161 non
933 1106 1141 1161 invitus
1170 1107 1377 1177 patiar.
1392 1108 1538 1161 Nam
1569 1125 1657 1161 cor
1690 1126 1883 1175 meum,
1918 1109 1976 1162 id
2003 1112 2089 1162 est

480 1196 678 1251 anima
704 1211 836 1250 mea
861 1195 1225 1267 exspectavit,
1255 1195 1313 1250 id
1340 1200 1427 1251 est
1466 1196 1563 1251 diu
1590 1196 1936 1252 desideravit
1967 1196 2086 1268 pati

480 1281 902 1357 improperium
930 1284 1078 1339 istud
1096 1289 1144 1339 et
1157 1286 1425 1338 miseriam
1445 1286 1599 1338 istam
1619 1285 2082 1352 tribulationum,

482 1372 639 1444 quod
659 1372 767 1443 ipsi
808 1371 1103 1427 miseriam
1125 1374 1574 1445 lreputant,cum
1624 1389 1742 1427 non
1788 1374 1863 1427 sit
1910 1374 2084 1427 mise-

481 1460 591 1527 ria,
608 1461 952 1515 sedsumma
966 1459 1227 1514 felicitas.
1248 1461 1316 1513 Et
1346 1476 1477 1515 cum
1511 1460 1583 1515 ad
1602 1461 1751 1515 hanc
1788 1461 2085 1517 miseriam

483 1563 825 1619 pervenero,
868 1550 1103 1601 sustinui
1126 1550 1220 1619 qui
1239 1548 1402 1602 simul
1453 1551 1855 1604 contristaretur
1906 1558 1954 1605 et
1985 1568 2089 1605 non

478 1636 608 1706 fuit,
638 1635 697 1691 id
724 1639 809 1692 est
835 1636 1124 1707 patienter
1155 1636 1533 1692 considerabo
1556 1654 1630 1691 an
1662 1638 1732 1692 sit
1755 1638 1958 1710 aliquis
1988 1638 2084 1710 qui

484 1739 716 1780 mecum
750 1723 1120 1780 contristetur
1149 1724 1219 1779 de
1251 1725 1574 1797 perditione
1598 1743 1718 1795 sua,
1756 1730 1813 1781 et
1839 1744 1955 1781 non
1981 1727 2088 1783 erit

1076 345 1136 420 s.
1177 361 1522 421 enusoms
1564 359 2196 421 CARTHUSIANORUM
2237 358 2705 419 msmuroms
2745 358 2899 419 ore.
2941 357 3118 418 PARS
3155 358 3179 420 ι

372 530 381 540 .
478 489 766 549 factorum
792 482 952 548 enim
982 490 1071 546 est
1091 488 1163 545 de
1188 488 1559 562 impositione
1581 489 1857 546 falsorum
1887 487 2079 545 crimi-
2102 495 2156 555 Α
2177 488 2444 558 existens,
2466 487 2526 545 id
2547 490 2632 543 est
2656 486 2715 543 in
2736 486 2984 543 evidenti
2998 502 3200 543 eorum
3222 482 3484 554 existens,
3503 486 3791 559 quantum

3676 350 3789 417 976

2182 580 2254 634 ad
2286 578 2463 650 ipsius
2488 577 2796 649 Scriptura»
2826 575 3200 645 evidentiam,
3234 592 3353 631 non
3397 578 3683 646 quantum
3715 574 3790 630 ad

2183 668 2444 739 ipsorum
2476 666 2747 720 caecitatis
2771 664 3171 737 pertinaciam.
3216 664 3380 729 Quod
3435 666 3518 718 est
3549 663 3745 719 dicere
3772 679 3786 719 :

2185 755 2499 827 Scriptura,
2540 771 2666 826 quae
2698 757 2979 825 quantum
3012 754 3145 808 inse
3159 752 3465 807 manifesta
3482 754 3633 806 esset
3655 752 3787 819 illis,

2184 863 2241 899 se
2278 844 2598 909 crederent,
2625 844 2864 898 obscura
2891 846 2949 897 et
2973 842 3263 914 decipiens
3283 845 3341 895 et
3370 857 3662 896 excaacans
3688 841 3791 896 fiat

2183 932 2309 995 illis,
2341 948 2469 986 cum
2488 931 2545 985 in
2566 931 2961 985 incredulitate
2993 933 3358 1001 perseverent
3378 946 3390 983 :
3408 932 3463 983 et
3473 929 3572 998 ﬁat
3591 930 3721 999 ipsis
3734 930 3789 983 in

2186 1022 2601 1075 retributionem.
2638 1019 2880 1091 Exponit
2922 1024 3117 1074 autem
3144 1018 3202 1072 in
3236 1034 3410 1090 quam
3455 1017 3790 1072 retributio-

2187 1125 2345 1176 nem,
2378 1126 2511 1164 cum
2544 1109 2612 1163 ad
2614 1108 2827 1179 jungit.
2851 1108 2928 1162 Et
2957 1108 3011 1162 id
3037 1110 3122 1162 est
3138 1107 3349 1161 scilicet
3373 1109 3429 1160 in
3452 1105 3788 1173 scandalum,

2189 1198 2248 1253 id
2280 1202 2364 1251 est
2393 1197 2452 1251 in
2483 1214 2676 1252 casum
2710 1197 2781 1251 de
2806 1196 2942 1252 vitio
2970 1198 3027 1251 in
3050 1196 3273 1250 vitium.
3292 1195 3457 1260 Quod
3476 1194 3785 1249 estdicere:

2186 1288 2313 1357 Ipsa
2337 1286 2635 1358 Scriptura
2664 1286 2880 1340 faciens
2906 1302 3004 1340 eos
3252 1285 3456 1340 cadere
3486 1283 3557 1338 de
3577 1281 3787 1337 vitioin

2185 1375 2539 1442 vitium,hoc
2580 1374 2755 1429 modo
2802 1373 2878 1429 sit
2920 1374 3002 1428 eis
3037 1372 3341 1427 retributio
3371 1370 3789 1427 incredulitatis

2191 1480 2417 1522 eorum.
2446 1462 2933 1534 Exprimitautem
2956 1462 3192 1531 singulis
3216 1461 3437 1531 singula
3462 1459 3787 1525 reddendo,

2189 1553 2488 1625 quomodo
2518 1551 2810 1622 Scriptura
2836 1552 2908 1605 sit
2939 1551 3021 1605 eis
3046 1552 3102 1604 in
3130 1551 3376 1621 laqueum
3401 1556 3451 1603 et
3474 1551 3530 1602 in
3557 1546 3790 1602 scanda-

2188 1642 2317 1708 lum,
2351 1642 2468 1698 sic:
2502 1641 2668 1696 Dico:
2704 1642 2801 1710 ﬁat
2854 1658 3031 1694 mensa
3062 1657 3242 1694 eormn
3272 1641 3327 1692 in
3373 1639 3640 1710 laqueum,
3683 1637 3791 1693 hoc

2188 1732 2364 1786 modo
2421 1730 2635 1785 scilicet
2666 1730 3007 1783 obscurentur
3057 1729 3198 1784 oculi
3235 1744 3434 1795 eorum,
3463 1744 3526 1781 ne
3557 1726 3791 1793 videant,

482 1810 583 1884 qui
626 1812 1014 1867 contristetur.
1066 1811 1145 1866 Et
1180 1815 1275 1885 qui
1328 1814 1683 1868 consolaretur
1726 1833 1826 1882 me,
1866 1823 1918 1870 et
1982 1834 2087 1871 non
2119 1829 2159 1885 Β
2186 1818 2244 1873 id
2282 1821 2367 1873 est
2398 1821 2757 1874 excascentur
2802 1817 2948 1873 oculi
2979 1817 3219 1872 rationis
3262 1832 3485 1882 eorum,
3525 1832 3600 1870 ne
3636 1818 3795 1869 recte

484 1902 682 1967 inveni,
711 1900 769 1954 id
802 1903 886 1955 est
908 1901 965 1955 et
994 1900 1287 1956 sustinebo
1315 1918 1388 1955 an
1420 1902 1492 1955 sit
1522 1902 1725 1975 aliquis
1755 1904 1851 1975 qui
1882 1921 2085 1960 conso-

479 1988 632 2045 letur
662 1988 822 2043 illam
868 1988 1164 2043 tristitiam
1218 2005 1434 2057 meam,
1480 2007 1586 2061 per
1646 1993 2087 2048 conversionem

486 2092 672 2143 suam,
689 2078 746 2130 et
763 2092 879 2130 non
895 2076 1207 2131 inveniam.
1223 2076 1379 2131 Tunc
1412 2078 1572 2132 enim
1591 2080 1817 2135 tristitia
1838 2098 1968 2135 mea
1985 2080 2086 2135 ali-

466 2166 831 2237 quantulum
865 2165 1280 2232 consolaretur,
1314 2165 1359 2220 si
1389 2168 1776 2239 unusquisque
1808 2169 1878 2223 de
1928 2169 2089 2240 igno-

482 2252 674 2308 rantia
703 2269 804 2307 sua
828 2256 1281 2308 converteretur.
1328 2254 1397 2308 Et
1446 2272 1575 2309 cum
1619 2257 1920 2328 negligant
1949 2274 2086 2313 con-

480 2340 698 2396 tristari
728 2357 981 2408 mecum,
1005 2344 1061 2396 et
1084 2340 1375 2397 tristitiam
1400 2358 1593 2398 meam
1610 2345 1914 2413 consolari,
1941 2346 2093 2401 dede-

491 2436 639 2498 runt,
699 2430 759 2485 id
806 2433 891 2485 est
937 2429 1158 2485 dabunt
1220 2434 1276 2485 in
1313 2447 1482 2485 escam
1527 2449 1699 2486 meam
1735 2434 1832 2503 fel,
1882 2434 1941 2488 id
2006 2438 2091 2489 est

485 2517 934 2573 amaritudinem
953 2558 966 2571 .
997 2517 1161 2582 Quod
1192 2521 1276 2572 est
1312 2518 1500 2574 dicere
1529 2535 1542 2575 :
1571 2520 1713 2575 Cum
1758 2522 1962 2577 vellem
1992 2539 2090 2579 eos

486 2606 679 2661 dulces
706 2605 934 2676 esse,,id
957 2610 1040 2661 est
1056 2606 1390 2661 obedientes
1413 2610 1474 2661 ut
1485 2608 1737 2664 sintesca
1756 2627 1907 2679 mea,
1930 2610 1989 2666 id
2006 2614 2091 2666 est

480 2698 546 2751 ut
575 2712 674 2751 eos
702 2694 848 2751 mihi
879 2694 1302 2751 conformando
1328 2695 1718 2768 incorporem,
1773 2699 1993 2754 dabunt
2029 2718 2088 2756 se

482 2800 714 2840 amaros
742 2782 974 2850 mihi,id
999 2787 1084 2838 est
1103 2782 1794 2852 inobedientes,nolentes
1815 2788 1939 2843 ﬁeri
1961 2805 2089 2843 esca

482 2889 617 2929 mea
646 2871 844 2929 dulcis.
862 2870 1026 2935 Quod
1040 2875 1125 2927 est
1138 2872 1359 2927 dicere:
1390 2874 1618 2928 Dabunt
1638 2876 2089 2932 amaritudinem

484 2961 547 3019 in
577 2977 769 3019 escam
799 2977 1016 3029 meam,
1048 2960 1107 3016 id
1127 2964 1213 3016 est
1234 2961 1446 3017 facient
1466 2979 1525 3017 se
1552 2980 1952 3037 amaros,quos
1968 2983 2088 3022 esse

483 3052 692 3107 vellem
725 3066 915 3105 escam
950 3066 1141 3105 meam
1162 3050 1408 3105 dulcem.
1435 3052 1501 3105 Et
1530 3069 1662 3107 cum
1693 3054 1906 3122 sitiam,
1929 3055 1986 3109 id
2006 3059 2089 3111 est

482 3139 648 3195 valde
681 3138 1021 3195 desiderabo
1055 3146 1153 3193 eus
1185 3140 1248 3193 ut
1273 3139 1436 3194 dulce
1453 3140 1649 3195 vinum
1672 3145 1894 3213 potare,
1920 3144 1977 3198 id
2006 3149 2091 3199 est

484 3228 546 3284 in
573 3227 688 3283 mei
718 3226 1195 3282 conformitatem
1246 3227 1530 3297 trajicere,
1564 3236 1889 3299 potaverunt
1918 3232 1976 3287 id
2006 3237 2091 3289 est

483 3316 770 3389 potabant
789 3332 871 3370 me
899 3321 1065 3382 aceto,
1096 3314 1154 3369 id
1180 3316 1264 3368 est
1292 3319 1512 3370 vetusto
1544 3317 1728 3371 etacri
1756 3318 1888 3374 vino
1920 3322 1974 3374 in
2000 3323 2093 3375 siti

483 3403 688 3472 mea,id
707 3406 792 3458 est
807 3404 863 3458 in
882 3401 1167 3457 desiderio
1198 3419 1329 3458 meo
1347 3404 1832 3475 incorporationis
1859 3425 2084 3465 eorum.

480 3494 561 3548 Ac
590 3492 637 3547 si
666 3491 817 3547 dicat
840 3508 852 3546 :
879 3490 1022 3545 Cum
1048 3489 1239 3545 sitiam
1257 3508 1355 3546 eos
1371 3492 1534 3547 dulce
1557 3496 1827 3565 poculum
1862 3513 1976 3568 quo
1997 3515 2088 3554 re-

482 3580 663 3649 flciar,
687 3582 744 3636 et
759 3595 995 3647 novum,
1018 3579 1077 3634 id
1094 3582 1180 3634 est
1204 3579 1344 3635 mihi
1363 3598 1513 3636 novo
1532 3582 1755 3637 homini
1769 3585 2092 3641 conforma-

486 3672 634 3736 tum,
656 3667 761 3740 ipsi
791 3666 1005 3722 facient
1034 3683 1093 3721 se
1124 3670 1373 3735 acetum,
1423 3668 1480 3723 id
1517 3673 1602 3724 est
1641 3687 1771 3726 acre
1811 3672 2009 3729 vinum
2035 3677 2093 3729 et

486 3762 669 3826 vetus,
692 3757 903 3813 scilicet
915 3756 1366 3813 conformabunt
1380 3774 1439 3812 se
1454 3759 1751 3815 acerbitati
1772 3763 1979 3817 veteris
1994 3764 2093 3818 ho-

487 3848 756 3904 minis.Et
770 3846 867 3902 illo
890 3849 1052 3901 aceto
1070 3847 1353 3918 potabant
1368 3864 1558 3902 meam
1575 3848 1816 3916 siti.n,id
1841 3855 1925 3905 est
1940 3868 2095 3906 ama-

488 3938 566 3992 ris
596 3935 1080 4002 tribulationibus,
1116 3935 1189 3989 ad
1218 3935 1656 3991 similitudinem
1684 3939 1888 3993 veteris
1902 3939 2092 3994 homi-

490 4026 597 4093 nis,
630 4024 933 4096 replebunt
952 4040 1069 4090 me,
1102 4024 1346 4078 salutem
1377 4041 1579 4079 eorum
1605 4019 1917 4082 sitientem.

562 4113 892 4168 Notandum
915 4111 1071 4183 quod
1116 4111 1258 4166 illud
1288 4112 1442 4166 idem
1474 4114 1596 4168 fere
1648 4119 1733 4169 est
1772 4123 2099 4185 potacerunt

494 4218 577 4257 me
608 4203 664 4254 in
693 4202 787 4254 siti
814 4215 931 4252 mea
992 4203 1158 4265 aceto,
1187 4202 1245 4253 et
1300 4200 1561 4255 dederunt
1606 4204 1661 4256 in
1705 4220 1874 4258 escam
1926 4223 2099 4260 meam

494 4288 598 4361 fel;
635 4287 744 4343 nisi
788 4285 922 4358 quia
965 4286 1075 4340 alia
1110 4285 1484 4342 similitudine
1533 4289 1606 4343 ad
1663 4292 2099 4362 aggerationem

2187 1908 2419 1974 videant,
2453 1908 2511 1962 id
2543 1910 2628 1962 est
2665 1910 2819 1961 recte
2851 1907 3177 1977 intelligant
3200 1903 3659 1977 Scripturam.Et
3674 1904 3798 1959 dor-

2186 2015 2303 2052 sum
2331 2014 2511 2051 eorum
2542 2013 2743 2067 semper
2771 1998 3007 2049 incurva.
3034 1996 3149 2049 Hoc
3178 1998 3371 2048 autem
3403 1998 3489 2048 est
3512 1992 3794 2063 expositio

2189 2086 2259 2141 de
2286 2086 2395 2140 hoc
2421 2085 2577 2156 quod
2610 2084 2770 2151 dixit,
2803 2086 2900 2154 ﬁat
2930 2102 3110 2140 mensa
3131 2100 3311 2137 eorum
3351 2085 3405 2136 in
3440 2082 3794 2149 scandalum;

2188 2177 2246 2228 et
2276 2177 2361 2229 est
2390 2173 2605 2228 dictum
2635 2190 2738 2246 per
2753 2172 3292 2239 similitudinem,ac
3315 2171 3393 2225 sic
3424 2171 3574 2225 dicat
3605 2186 3619 2224 :
3653 2170 3795 2224 Per-

2188 2263 2355 2318 mitte
2385 2279 2483 2318 eos
2504 2263 2648 2318 adeo
2666 2261 2871 2317 cadere
2886 2262 3195 2334 in'peccata
3210 2261 3272 2315 ut
3298 2260 3477 2315 nimia
3499 2260 3654 2314 mole
3668 2274 3802 2331 pec-

2189 2355 2451 2407 catorum
2474 2353 2805 2422 graventur,
2831 2368 2903 2405 ne
2934 2350 3153 2421 possint
3171 2349 3304 2403 inde
3327 2365 3652 2420 exsurgere,
3672 2364 3707 2401 a
3729 2347 3800 2402 si-

2190 2440 2522 2495 militudine
2544 2439 2693 2494 illius
2719 2439 2877 2510 cujus
2909 2440 3144 2493 dorsum
3172 2438 3428 2510 pondere
3454 2435 3797 2509 gravissimo

2190 2529 2542 2596 incurvatur,
2577 2528 2675 2600 qui
2707 2546 2765 2583 se
2798 2527 3000 2600 nequit
3030 2528 3273 2599 erigere,
3306 2527 3430 2581 Non
3479 2525 3669 2580 solum
3695 2541 3796 2579 auo

2192 2621 2317 2673 tem
2354 2621 2525 2683 iram,
2561 2617 2619 2671 id
2648 2620 2731 2671 est
2761 2616 3073 2671 vindictam
3104 2619 3268 2669 tuam
3298 2614 3379 2669 eis
3400 2613 3475 2667 sic
3504 2612 3793 2679 infundas,

2189 2705 2248 2760 id
2280 2709 2365 2760 est
2390 2705 2627 2759 interius
2651 2704 2710 2759 in
2739 2704 2998 2759 animam
3011 2704 3237 2769 fundas,
3277 2701 3621 2757 utexcazcari
3644 2704 3704 2756 et
3725 2701 3796 2756 de

2188 2796 2426 2866 peccato
2453 2794 2513 2848 in
2547 2796 2851 2865 peccatum
2880 2793 3084 2849 cadere
3111 2792 3436 2863 permittas,
3479 2790 3581 2845 sed
3610 2789 3797 2845 etiam

2188 2889 2396 2961 effunde
2424 2891 2561 2943 iram
2596 2896 2743 2942 tuam
2769 2905 2924 2959 super
2952 2904 3054 2955 eos;
3088 2886 3148 2941 id
3178 2890 3265 2941 est
3294 2884 3540 2941 exterius
3576 2884 3635 2938 in
3668 2898 3800 2939 cor-

2186 2995 2328 3050 pore
2359 2978 2536 3033 fundc
2566 2978 2711 3032 iram
2744 2979 2925 3044 tuam,
2954 2979 3017 3031 ut
3044 2975 3336 3048 opprimat
3366 2974 3536 3029 eosin
3560 2973 3668 3028 hoc
3699 2990 3803 3028 see-

2191 3068 2344 3121 culo.
2383 3065 2462 3123 Et
2492 3065 2551 3120 in
2584 3066 2777 3120 futuro
2797 3066 2953 3135 furor
2974 3067 3067 3118 irae
3100 3072 3205 3119 tua?
3234 3061 3624 3117 subsecutivus
3643 3079 3800 3116 com-

2178 3155 2476 3227 prehendat
2505 3171 2610 3222 eos,
2636 3154 2694 3208 id
2726 3154 2911 3208 estsic
2942 3154 3182 3208 damnet
3212 3154 3276 3206 ut
3306 3151 3633 3206 nullatenus
3664 3166 3800 3205 eva-

2190 3243 2326 3297 dere
2352 3246 2587 3314 queant.
2634 3243 2815 3297 Furor
2870 3242 3078 3297 dicitur
3123 3240 3375 3295 vindicta
3425 3239 3524 3295 illa
3576 3242 3802 3294 interna

2190 3347 2303 3403 qua
2333 3333 2481 3386 Deus
2521 3347 2618 3386 eos
2650 3330 2711 3385 in
2741 3331 2936 3385 futuro
2968 3330 3193 3402 puniet,
3229 3345 3357 3400 quae
3396 3331 3559 3382 tanta
3583 3327 3696 3381 erit
3725 3326 3801 3382 ad

2190 3418 2691 3492 comparationem
2723 3418 3022 3490 prwsentis
3053 3417 3340 3483 vindictae,
3361 3419 3577 3488 quanta
3598 3432 3694 3470 res
3714 3419 3804 3470 est

2190 3508 2352 3563 furor
2382 3508 2454 3562 ad
2486 3507 2985 3578 comparationem
3007 3507 3126 3561 irm.
3158 3507 3300 3561 Cum
3316 3506 3453 3561 dicit
3468 3504 3805 3575 comprehen-

2190 3597 2345 3665 dat,a
2361 3596 2737 3651 similitudine
2751 3596 2936 3667 ponit,
2953 3613 3016 3650 ac
3038 3596 3081 3650 si
3102 3595 3317 3651 diceret
3336 3612 3349 3650 :
3366 3597 3431 3649 In
3456 3595 3565 3649 hoc
3588 3594 3801 3649 saeculo

2191 3702 2312 3740 non
2338 3702 2407 3739 ex
2437 3688 2560 3739 toto
2592 3685 3192 3757 comprehendentur;
3225 3683 3358 3739 licet
3383 3682 3541 3737 enim
3560 3685 3805 3752 propter

2192 3775 2347 3828 mala
2373 3773 2583 3828 merita
2611 3790 2711 3828 sua
2739 3773 3072 3844 puniantur,
3105 3789 3164 3827 se
3220 3775 3417 3826 tamen
3449 3770 3687 3841 hujusce
3716 3768 3804 3824 rei

2196 3863 2380 3933 gratia
2409 3862 2600 3933 puniri
2653 3862 2808 3917 falsis
2838 3861 3153 3916 rationibus
3177 3861 3562 3915 occultabant.
3611 3858 3802 3913 Sedin

2193 3951 2385 4006 futuro
2417 3950 2643 4023 gravius
2675 3950 3005 4023 punientur,
3034 3950 3111 4005 sic
3140 3949 3481 4005 utomnibus
3505 3951 3562 4001 et
3584 3947 3805 4003 eisdem

2198 4038 2333 4109 ipsis
2368 4055 2539 4093 causa
2567 4054 2754 4108 poena
2778 4055 2983 4093 eorum
3006 4040 3320 4110 appareat;
3361 4053 3395 4090 a
3421 4034 3802 4089 similitudine

2200 4124 2348 4181 illius
2368 4126 2487 4197 qui,
2522 4125 2618 4180 diu
2648 4126 2895 4197 fugiens,
2913 4126 3152 4180 tandem
3190 4122 3807 4194 comprehenditur,si-

2200 4216 2296 4267 cut
2320 4213 2564 4268 ulterius
2582 4214 2835 4284 effugere
2853 4230 2972 4269 non
2994 4210 3441 4285 possit.Exponit
3454 4214 3649 4265 autem
3667 4226 3807 4281 quo-

2200 4301 2378 4357 modo
2409 4302 2496 4356 ira
2528 4302 2858 4357 effundatur
2887 4319 3060 4374 super
3095 4318 3214 4368 eos,
3249 4299 3515 4354 addendo
3548 4298 3805 4353 siczDico

497 4375 815 4448 impietatis
838 4390 1040 4430 eorum
1068 4374 1220 4429 iStUd
1249 4374 1405 4466 idem
1440 4376 1595 4445 dieit,
1645 4381 1701 4433 et
1740 4397 1843 4451 per
1873 4388 2099 4439 acetum
2124 4407 2177 4466 D
2200 4389 2416 4462 effunde
2442 4393 2600 4444 iram.
2630 4391 2751 4446 Hoc
2778 4390 2954 4445 modo
2979 4389 3193 4444 scilicet
3221 4388 3433 4459 effunde
3457 4405 3474 4440 :
3505 4386 3636 4441 Fiat
3660 4387 3813 4440 habi-

497 4469 699 4520 tamen
720 4465 1061 4519 vetustatem
1087 4480 1289 4519 eorum
1324 4465 1584 4533 denotat,
1615 4485 1740 4538 quae
1759 4486 1863 4540 per
1889 4472 1965 4527 fe]
1984 4490 2102 4528 non

501 4556 829 4610 denotatur.
870 4554 1109 4607 Acetum
1134 4553 1292 4608 enim
1344 4554 1586 4610 dicimus
1634 4561 1795 4612 vetus
1826 4560 2022 4615 vinum
2046 4567 2105 4618 et

503 4660 652 4700 acre.
688 4641 975 4707 Quoniam
1008 4646 1201 4697 autem
1230 4643 1450 4698 dabunt
1472 4648 1526 4699 in
1551 4662 1721 4701 escam
1752 4666 1922 4703 meam
1946 4652 2107 4720 fel,et

503 4736 561 4788 in
587 4735 679 4787 citi
708 4748 822 4785 mea
845 4731 1127 4801 potabunt
1142 4749 1225 4785 me
1254 4738 1421 4800 aceto,
1451 4734 1614 4789 video
1634 4738 1787 4807 quod
1818 4739 1909 4807 [iet
1927 4757 2105 4796 mensa

504 4836 685 4877 eorum
712 4836 889 4874 coram
918 4821 1041 4890 ipsis
1065 4821 1118 4871 in
1140 4819 1405 4890 laqueum,
1434 4825 1540 4880 etc.
1558 4824 1623 4877 Et
1644 4824 1777 4895 quia
1789 4826 1897 4881 hoc
1911 4829 2109 4898 praevi-

508 4910 638 4976 deo,
661 4906 914 4989 concedo
940 4924 951 4961 :
973 4905 1165 4961 Mensa
1182 4924 1384 4975 eorum,
1408 4909 1465 4964 id
1488 4913 1573 4964 est
1586 4912 1777 4967 divina
1792 4912 2103 4986 Scriptura,

510 5016 625 5071 qua
655 4997 814 5053 refici
867 5001 1289 5051 consueverunt
1343 4998 1697 5069 spiritaliter,
1741 5020 1839 5057 seu
1872 5004 2110 5075 quilibet

506 5086 569 5141 in
601 5102 803 5142 mensa
831 5084 1084 5140 reficitur
1104 5086 1500 5156 corporaliter,
1527 5089 1626 5157 ﬁat
1645 5089 1725 5143 eis
1755 5093 1810 5145 in
1842 5091 2105 5163 laqueum,

509 5177 569 5231 id
600 5180 684 5231 est
732 5176 793 5230 in
845 5173 1287 5245 deceptionem;
1332 5176 1566 5243 scilicet,
1623 5180 1773 5233 male
1832 5182 2106 5253 exposita,

510 5267 705 5320 causat
724 5263 964 5335 siquare
995 5261 1399 5333 illaqueentur,
1448 5264 1506 5319 id
1542 5267 1627 5319 est
1668 5266 2045 5339 decipiantur,
2077 5288 2111 5326 a

511 5350 885 5407 similitudine
911 5350 1178 5418 volucris,
1212 5351 1310 5423 qui
1333 5354 1553 5407 occulto
1587 5354 1791 5425 laqueo
1806 5356 2105 5427 decipitur.

508 5441 588 5495 Ne
618 5457 751 5495 vero
781 5439 903 5511 ipsa
932 5438 1222 5511 Scriptura
1242 5440 1386 5495 adeo
1412 5440 1702 5495 videretur
1727 5444 1931 5515 gravis,
1956 5448 2109 5517 quod

510 5528 616 5598 ipsi
644 5529 970 5582 nullatenus
994 5544 1124 5582 eam
1158 5527 1479 5600 intelligere
1500 5533 1752 5600 possent,
1776 5535 1832 5587 et
1861 5532 1937 5589 sic
1950 5534 2107 5591 inex-

512 5614 789 5673 cusabiles
848 5617 1057 5683 essent,
1118 5614 1323 5673 addit:
1354 5614 1543 5675 Mensa
1582 5617 1708 5676 dico
1758 5636 1936 5680 coram
1988 5626 2111 5699 ipsis

2205 4481 2337 4534 tatio
2367 4496 2567 4546 eorum,
2602 4479 2659 4534 id
2685 4482 2770 4533 est
2798 4478 2856 4532 in
2888 4495 3002 4551 qua
3020 4478 3284 4533 habitant
3310 4479 3466 4531 terra
3485 4476 3714 4531 deserta.
3738 4475 3811 4529 Et

2210 4585 2282 4623 ne
2335 4568 2540 4639 aliquis
2576 4569 2807 4638 putaret
2842 4567 2919 4622 sic
2951 4565 3268 4621 concedere
3310 4564 3714 4627 deserendum,
3746 4566 3812 4617 ut

2205 4657 2394 4711 nullus
2420 4657 2595 4711 homo
2620 4656 2677 4710 in
2702 4673 2771 4710 ea
2797 4655 3103 4722 habitaret,
3138 4654 3299 4709 addit
3326 4655 3501 4720 sic,ut
3529 4652 3810 4708 determi-

2206 4748 2336 4799 net:
2366 4746 2433 4798 Et
2461 4743 2538 4798 sic
2556 4745 2809 4799 concedo
2840 4743 3290 4809 ﬁeridesertum,
3316 4744 3379 4796 ut
3407 4745 3464 4795 in
3493 4741 3814 4795 tabernacu-

2209 4833 2275 4888 lis
2303 4849 2508 4899 eorum,
2541 4831 2602 4887 id
2632 4836 2723 4887 est
2759 4832 2818 4886 in
2844 4832 3114 4886 domibus
3136 4848 3264 4902 quae
3292 4830 3664 4885 tabernacula
3677 4830 3814 4900 jure

2209 4920 2501 4985 dicuntur,
2526 4936 2594 4975 eo
2618 4921 2773 4992 quod
2801 4937 2896 4974 eas
2917 4920 3028 4975 cito
3057 4920 3369 4973 mutabunt
3390 4918 3462 4972 ad
3479 4916 3813 4972 similitudi-

2209 5026 2345 5065 nem
2371 5010 2901 5075 tabernaculorum,
2925 5024 3033 5063 non
3083 5009 3150 5060 sit
3177 5023 3379 5062 eorum
3400 5006 3499 5077 qui
3529 5006 3811 5073 inhabitet,

2208 5097 2268 5153 id
2294 5101 2376 5151 est
2399 5096 2731 5151 dominetur
2755 5096 2899 5151 sicut
2918 5096 3115 5151 modo.
3145 5096 3223 5149 Ac
3254 5095 3299 5148 si
3321 5093 3473 5149 dicat
3497 5109 3509 5147 :
3544 5091 3814 5148 Concedo

2210 5187 2445 5258 quidem
2477 5189 2539 5241 ut
2562 5188 2769 5241 exterae
2792 5187 3055 5242 nationes
3076 5185 3154 5240 ibi
3185 5183 3531 5250 inhabitent,
3555 5182 3662 5254 ipsi
3676 5200 3814 5239 vero

2210 5274 2476 5329 minime.
2508 5275 2577 5328 Et
2615 5275 2763 5329 bene
2796 5274 3031 5347 quidem
3061 5272 3227 5345 ponit
3256 5289 3375 5327 non
3426 5277 3677 5325 maneant
3717 5270 3819 5326 sed

2209 5363 2526 5418 inhabitent.
2554 5362 2707 5417 Multi
2741 5379 2992 5434 namque
3015 5377 3217 5416 eorum
3234 5359 3312 5415 ibi
3329 5363 3389 5413 ut
3409 5358 3553 5413 servi
3584 5375 3819 5413 reman-

2209 5454 2424 5518 serunt,
2460 5452 2649 5505 nullus
2665 5453 2858 5505 autem
2889 5449 3125 5505 ulterius
3146 5446 3503 5512 inhabitavit,
3522 5445 3581 5500 id
3604 5451 3693 5501 est
3716 5447 3816 5502 do-

2209 5539 2466 5595 minatus
2493 5542 2595 5594 est.
2620 5540 2946 5595 Inhabitare
2974 5537 3211 5611 quidem
3231 5552 3336 5608 pro
3370 5533 3665 5590 dominari
3697 5535 3813 5590 usi-

2208 5630 2326 5686 tate
2348 5627 2599 5703 ponitur.
2634 5628 2793 5685 Unde
2824 5643 3051 5702 quoque
3064 5642 3197 5684 eum
3214 5623 3312 5700 qui
3328 5623 3548 5682 sebene
3568 5621 3813 5683 vivendo
