3970 6040
163 295 268 354 9⁴77

1107 301 1471 367 EXPOSITIO
1508 311 1577 366 IN
1616 311 1952 373 PSALMOS.
1993 348 2061 358 —
2100 317 2294 376 PSAL.
2337 316 2538 380 LXVIII
2805 325 2808 330 ’
3361 341 3466 398 978

153 425 328 520 regit,
350 423 439 522 sui
468 423 644 526 ipsius
663 424 1110 486 inhabitatorem
1133 433 1402 492 dicimus.
1434 438 1548 494 Hoc
1571 443 1764 494 autem
1789 443 1843 503 Α
1873 459 2030 514 super
2068 447 2326 502 virtutum
2382 445 2663 518 novellum,
2691 449 2752 507 id
2779 454 2866 508 est
2905 469 3075 526 super
3101 457 3277 515 ﬁdem
3306 461 3466 518 vituli

144 509 283 580 jure
313 511 394 566 eis
423 513 741 586 continget.

230 598 497 666 Quoniam
511 619 666 674 quem
683 611 760 674 tu,
794 605 890 678 qui
910 610 1117 678 potens
1134 628 1204 678 es,
1219 617 1532 682 percussisti
1551 619 1768 671 morta-

151 685 316 743 litate
349 691 406 743 et
437 691 832 764 passibilitate,
872 701 1149 765 persecuti
1173 707 1318 768 sunt,
1365 701 1424 756 id
1461 705 1546 756 est
1574 719 1766 774 perse-

79 842 101 848 _
153 779 408 847 quentur
429 795 522 833 me
535 779 768 850 scilicet,
791 799 856 836 ac
871 783 948 838 sic
977 785 1164 842 dicat:
1193 788 1377 842 Adam
1400 791 1688 860 peccando
1709 808 1768 846 se

151 868 212 918 et
241 868 426 932 totum
459 883 643 938 genus
661 869 984 926 humanum
1007 875 1301 943 percussit,
1325 876 1382 931 id
1401 882 1504 944 est,
1523 881 1768 934 mortale

149 957 212 1008 et
241 953 508 1026 passibile
533 955 690 1014 fecit.
721 959 842 1029 Ego
868 976 1077 1026 vero,a
1102 967 1338 1032 peccato
1371 965 1768 1034 immunis,me

149 1057 274 1096 non
309 1043 583 1114 percussi,
615 1045 714 1100 sed
743 1048 842 1101 tua
859 1047 1156 1118 dispositio
1187 1068 1283 1106 me
1311 1055 1767 1124 percussit,mor-

149 1131 331 1185 talem
361 1131 575 1187 faciens
602 1136 660 1187 et
691 1134 1042 1206 passibilem,
1073 1141 1401 1195 utmundus
1425 1157 1531 1212 per
1559 1160 1653 1198 me
1667 1145 1772 1198 sal-

148 1219 337 1272 vetur.
373 1219 441 1272 Et
464 1219 568 1292 ipsi
601 1237 696 1276 me
728 1223 1016 1279 insontem
1075 1230 1188 1280 ate
1219 1244 1551 1298 percussum
1583 1247 1770 1301 perse-

153 1309 430 1376 quentnr,
463 1307 711 1380 ideoque
740 1311 980 1382 dignum
1015 1317 1100 1369 est
1119 1319 1183 1369 ut
1209 1333 1242 1369 a
1268 1317 1453 1386 patria
1481 1320 1769 1389 expellan-

149 1395 269 1448 tur.
300 1395 366 1448 Et
399 1395 528 1451 ideo
569 1397 776 1466 adhuc,
833 1400 968 1470 quia
1023 1419 1177 1472 super
1217 1403 1449 1458 dolorem
1492 1405 1768 1460 vulnerum

147 1499 394 1537 meorum
424 1483 765 1552 addiderunt,
785 1485 843 1541 id
874 1490 960 1542 est
990 1489 1207 1544 addent
1236 1493 1556 1552 custodiam
1577 1495 1766 1566 sepul-

151 1587 276 1638 cro,
310 1574 372 1625 ut
403 1571 556 1626 intra
584 1577 834 1629 mortem
851 1578 1130 1632 teternam
1163 1579 1480 1636 detineant.
1508 1582 1672 1646 Quod
1685 1586 1770 1636 est

153 1657 382 1712 dicere:
444 1661 578 1715 Post
618 1662 880 1718 dolorem
911 1665 1217 1721 vulnerum
1247 1685 1418 1739 quem
1455 1669 1596 1724 mihi
1627 1671 1770 1726 infe-

1872 534 2099 602 novelli,
2131 536 2243 590 mei
2273 537 2550 605 videlicet,
2579 539 2676 612 qui
2709 557 2805 597 ero
2836 543 3176 601 sacriﬁcium
3195 565 3298 620 pro
3326 551 3471 604 salu~

1869 622 1924 673 te
1952 623 2154 676 mandi
2185 625 2462 680 oblatum.
2498 627 2662 691 Quod
2687 629 3166 701 designatumfuit
3193 651 3294 706 per
3323 636 3468 691 vitu-

1867 709 2010 776 lum,
2039 727 2212 782 quem
2238 713 2297 767 in
2321 715 2629 788 Evangelia
2664 719 2876 788 legitur
2917 721 3190 777 obtulisse
3218 727 3468 795 paterfa-

1871 796 2060 852 milias
2090 817 2191 871 pro
2223 801 2322 856 ﬁlii
2353 803 2542 858 reditu
2579 805 2648 859 de
2669 806 3262 882 peregrinatione,qui
3284 812 3470 884 perie-

1868 887 1960 937 rat
1979 885 2244 941 inventus
2267 891 2323 943 et
2343 892 2716 957 est,mortuus
2743 893 3003 950 fueratet
3017 896 3468 967 revixitiLuer,

1870 973 2234 1042 3'2).Vitulum
2252 993 2310 1031 se
2323 980 2643 1050 vocat,quia
2659 981 2927 1051 perhunc
2939 983 3178 1039 vitulum
3202 984 3272 1039 de
3285 1003 3398 1056 quo
3411 987 3472 1042 di

1867 1059 2050 1114 ximus
2070 1063 2446 1134 prmsignatus
2468 1071 2570 1132 est,
2595 1070 2653 1120 et
2671 1069 2807 1139 quia
2829 1087 2932 1140 pro
2953 1072 3154 1127 mundi
3176 1075 3357 1128 salute
3381 1092 3470 1130 sa-

1868 1149 2208 1204 criﬁcandus
2240 1156 2381 1219 erat,
2423 1170 2586 1208 more
2619 1155 2776 1210 vituli
2809 1157 2905 1228 qui
2936 1158 2996 1212 in
3023 1159 3150 1228 lege
3181 1161 3357 1216 veteri
3389 1179 3474 1218 sa-

1868 1235 2245 1292 criﬁcabatur.
2295 1241 2588 1296 Novellum
2621 1259 2752 1298 vero
2784 1261 2842 1297 se
2871 1245 3027 1316 dicit,
3049 1247 3183 1318 quia
3205 1265 3334 1302 cum
3366 1267 3471 1306 no-

1865 1341 1966 1378 vus
1991 1325 2165 1381 homo
2187 1331 2352 1392 esset,
2382 1328 2476 1399 qui
2507 1331 2819 1385 secundum
2845 1333 3024 1388 Deum
3047 1339 3268 1390 creatus
3297 1339 3382 1392 est
3411 1337 3471 1392 in

1860 1410 2082 1481 justitia
2127 1417 2185 1466 et
2223 1414 2522 1469 sanctitate
2554 1416 2809 1471 veritatis
2838 1418 3078 1490 (Ep/aes,
3111 1439 3186 1489 Ix,
3228 1423 3340 1495 24),
3373 1441 3468 1478 vc-

1870 1504 2034 1554 nerat
2069 1519 2173 1556 nos
2202 1501 2272 1555 de
2303 1505 2581 1557 vetustate
2613 1505 2784 1576 primi
2828 1506 3006 1577 patris
3050 1509 3262 1578 eluere,
3315 1515 3371 1566 et
3399 1512 3474 1566 ad

1867 1587 1952 1642 sui
1985 1588 2448 1643 conformitatem
2469 1593 3015 1649 revocare.Vitulum
3039 1595 3164 1652 dico
3178 1598 3477 1668 producen-

1871 1682 1968 1728 tem
2001 1676 2224 1744 ungulas
2268 1683 2316 1731 et
2356 1695 2578 1746 cornua,
2611 1679 2667 1734 id
2719 1685 2804 1736 est
2845 1683 3159 1738 habentem
3195 1687 3474 1756 producta

151 1748 304 1812 rent,
338 1747 558 1803 addent
582 1749 756 1804 etiam
809 1753 1070 1822 sepulcro
1098 1756 1380 1822 custodes,
1433 1760 1495 1811 ut
1526 1759 1766 1813 omnino
1791 1742 1843 1801 Β
1867 1780 2102 1830 cornua,
2142 1767 2200 1818 et
2228 1765 2536 1836 productas
2593 1770 2858 1839 ungulas,
2921 1772 3137 1826 scilicet
3191 1742 3468 1844 magnam

153 1849 374 1890 nomen
415 1853 611 1891 meum
643 1837 894 1906 deleant,
927 1840 1172 1913 ideoque
1209 1861 1430 1914 appone,
1463 1844 1521 1898 id
1553 1849 1636 1900 est
1663 1862 1768 1916 ap-

147 1921 291 1993 poni
309 1923 580 1994 permitte
608 1927 942 1996 iniquitatem
975 1927 1226 1984 ﬁliorum
1249 1948 1404 2002 super
1433 1934 1764 2004 iniquitatem

149 2025 336 2063 eorum
365 2014 620 2082 patrum,
649 2016 710 2067 ut
741 2015 933 2085 major
971 2017 1046 2072 sit
1074 2019 1334 2074 cumulus
1366 2020 1614 2075 miserim
1666 2039 1764 2078 eo-

149 2113 312 2167 rum;
341 2098 556 2155 scilicet
580 2117 711 2156 cum
741 2101 924 2174 iniqui
951 2103 1066 2159 sint
1088 2105 1194 2176 ipsi
1217 2110 1276 2160 et
1291 2107 1586 2171 obstinati,
1617 2110 1766 2166 ﬁlios

149 2185 382 2260 iniquos
403 2189 656 2246 habeant
676 2194 734 2246 et
755 2193 1072 2248 obstinatos
1087 2211 1263 2266 usque
1284 2193 1343 2249 in
1365 2196 1540 2251 ﬁnem
1561 2199 1765 2253 mundi

149 2293 284 2333 cum
317 2280 574 2352 reliquim
591 2283 758 2338 salvae
781 2287 969 2338 erunt.
1000 2285 1066 2338 Et
1084 2285 1502 2358 utriqueiniqui
1525 2288 1768 2341 existen-

154 2369 262 2434 tes,
295 2384 404 2422 non
419 2369 642 2432 intrent,
674 2369 732 2424 id
761 2374 845 2426 est
871 2387 988 2427 non
1020 2371 1424 2442 ingrediantur
1448 2373 1601 2429 viam
1635 2375 1763 2430 vita:

151 2455 600 2528 hujusinjustitia
617 2458 796 2524 tua,id
813 2462 898 2513 est
917 2459 976 2513 in
987 2460 1399 2530 justiﬁcatione
1411 2479 1762 2533 permanen-

148 2543 416 2608 do.Quod
433 2549 518 2600 est
531 2546 718 2601 dicere
742 2563 754 2602 :
771 2547 892 2602 Non
908 2548 1297 2618 justiﬁcentur
1311 2565 1344 2604 a
1355 2553 1432 2617 te,
1440 2567 1544 2622 per
1559 2551 1761 2606 remis-

151 2630 376 2686 sionem
402 2637 794 2703 peccatorum.
821 2635 1066 2708 Exponit
1083 2641 1276 2692 autem
1316 2639 1471 2708 quod
1501 2639 1762 2710 superius

149 2721 669 2796 conc_es_sihscilicet
691 2723 852 2778 furor
897 2723 996 2779 irae
1035 2727 1148 2780 ture
1189 2727 1644 2796 comprehendat
1665 2743 1762 2782 eos

145 2792 585 2878 sicz257Dixi
603 2811 756 2881 quod
778 2811 885 2865 hoc
909 2814 1095 2866 totum
1115 2813 1173 2867 in
1195 2813 1305 2868 hoc
1318 2792 1760 2869 seaculocontin-

145 2898 248 2966 gat
267 2899 328 2949 ut
347 2897 446 2964 ﬁat
473 2897 731 2952 habitatio
770 2915 951 2952 eorum
981 2901 1204 2967 deserta,
1240 2905 1348 2956 etc.
1381 2903 1447 2956 Et
1479 2901 1537 2955 in
1565 2903 1759 2957 futuro

1865 1852 2186 1923 potentiam
2204 1855 2524 1924 expcllendi
2541 1854 2805 1911 inimicos
2820 1858 3172 1931 Judaeos,qui
3190 1859 3478 1932 impotens

1865 1943 2249 2011 reputatur,et
2269 1958 2546 2013 magnam
2585 1943 3014 2014 discretionem,
3049 1947 3147 2018 qui
3179 1951 3384 2003 stultus
3415 1953 3474 2004 et

1866 2027 2143 2098 insipiens
2172 2030 2416 2084 videtur.
2453 2032 2560 2085 Per
2597 2033 2878 2102 producta
2909 2050 3146 2104 cornua,
3161 2039 3317 2091 recte
3347 2054 3474 2092 ma-

1867 2131 1982 2186 gna
2033 2117 2380 2186 expulsionis
2409 2118 2670 2188 potentia
2701 2123 2952 2188 notatur,
2997 2121 3132 2194 quia
3179 2123 3471 2196 potentior

1867 2207 1952 2258 est
1987 2205 2090 2259 bos
2119 2206 2213 2277 qui
2248 2207 2526 2278 producta
2553 2224 2768 2262 cornua
2797 2209 2976 2265 habet
3014 2211 3085 2265 ad
3113 2211 3342 2267 hostem
3373 2230 3470 2269 ex-

1867 2293 2406 2366 pellendum,quam
2435 2295 2530 2366 qui
2554 2297 2770 2351 brevia.
2788 2299 2896 2352 Per
2913 2299 3218 2369 productas
3234 2300 3472 2372 quidem

1866 2383 2130 2453 ungulas,
2177 2382 2431 2438 maxima
2455 2384 2720 2440 discretio
2752 2385 3046 2456 accipitur,
3079 2387 3214 2458 quia
3239 2390 3469 2461 ungulae

1865 2471 2008 2524 fissa:
2040 2473 2097 2524 et
2122 2471 2378 2524 discretzr
2409 2476 2557 2528 sunt.
2609 2473 2676 2527 Et
2695 2473 2804 2528 hoc
2839 2477 2924 2528 est
2949 2491 3013 2528 ac
3045 2473 3088 2528 si
3119 2475 3270 2530 dicat
3303 2493 3315 2530 :
3369 2477 3472 2532 llla

1864 2560 1986 2612 laus
2013 2554 2261 2630 placebit
2293 2561 2406 2614 Deo
2435 2560 2678 2616 fundata
2709 2560 2766 2614 in
2793 2561 2908 2615 ﬁde
2934 2562 3072 2625 mei,
3109 2563 3204 2634 qui
3235 2581 3361 2618 sum
3387 2565 3468 2620 vi-

1862 2648 2014 2701 tulus
2037 2649 2312 2714 novellus,
2343 2647 2561 2702 habens
2609 2650 2886 2720 producta
2907 2665 3144 2718 cornua,
3177 2653 3234 2704 et
3253 2652 3464 2722 produ-

1861 2738 1981 2788 etas
1998 2737 2258 2805 ungulas.
2290 2737 2402 2790 Hoc
2431 2737 2770 2792 autemideo
2795 2737 3144 2807 ponil,ut,in
3183 2742 3465 2810 quantum

1861 2823 2130 2894 possibile
2158 2827 2264 2890 est,
2317 2825 2570 2880 attrahat
2600 2843 2705 2880 nos
2734 2825 2807 2880 ad
2833 2825 3301 2882 conformitatem
3333 2826 3418 2882 sui
3444 2866 3462 2892 ,

1862 2909 2077 2964 scilicet
2107 2915 2390 2982 quatenus
2419 2911 2757 2966 omnimodo
2819 2913 3154 2968 studeamus
3195 2913 3462 2971 inimicos

143 2983 439 3052 deleantur,
463 2983 520 3039 id
546 2989 642 3040 'est
659 3003 718 3040 se
741 2987 958 3042 deletos
979 2989 1284 3044 manifeste
1325 2990 1507 3045 sciant
1529 2990 1594 3045 de
1623 2990 1760 3045 libro
1779 3013 1828 3074 α
1862 3015 2065 3054 omnes
2089 2999 2333 3054 visibiles
2363 3002 2421 3054 et
2453 2999 2764 3055 invisibiles
2805 3002 3114 3072 expellere,
3162 3005 3220 3056 et
3249 3001 3460 3057 discre-

142 3074 455 3139 viventium,
479 3073 551 3128 de
569 3073 941 3146 dispositione
965 3079 1063 3130 tua
1084 3077 1316 3145 scilicet,
1339 3078 1395 3132 in
1421 3095 1536 3150 qua
1556 3095 1759 3134 omnes

142 3162 359 3215 aeterne
391 3160 591 3216 victuri
619 3163 870 3218 ordinati
929 3167 1082 3232 sunt,
1127 3165 1272 3220 sicut
1300 3167 1360 3221 in
1390 3167 1537 3222 libro
1566 3168 1756 3239 aliquo

141 3249 459 3304 multorum
476 3249 719 3306 nomina
735 3251 1060 3306 scribuntur
1074 3253 1341 3326 ;ideoquc
1363 3254 1506 3310 liber
1527 3255 1751 3310 dicitur.

139 3335 266 3391 Non
299 3339 492 3392 autem
547 3337 624 3392 sic
669 3337 950 3394 deleantur
979 3341 1134 3412 quod
1160 3341 1219 3396 in
1250 3342 1348 3397 illo
1379 3343 1527 3398 libro
1559 3343 1753 3415 scripti

143 3423 258 3478 sint
285 3425 371 3479 vel
399 3426 706 3481 scribendi.
735 3428 931 3482 Nullus
957 3429 1115 3484 enim
1146 3429 1206 3484 in
1233 3447 1302 3485 eo
1333 3430 1574 3502 scriptus
1617 3430 1752 3485 inde

139 3511 444 3581 delebitur,
479 3513 578 3568 sed
602 3513 732 3570 ideo
765 3515 901 3571 dicit.
929 3517 1226 3586 deleantur,
1258 3519 1393 3590 quia
1421 3517 1529 3589 ipsi
1575 3535 1635 3572 se
1660 3535 1750 3572 re-

136 3601 346 3670 putant
397 3618 517 3656 esse
571 3603 831 3674 scriptos,
865 3621 930 3659 ac
959 3605 1018 3659 si-
1037 3606 1226 3660 dicat:
1286 3605 1391 3669 Qui
1423 3606 1597 3660 modo
1645 3605 1750 3660 sibi

137 3685 277 3758 ipsis
304 3689 570 3744 videntur
605 3691 822 3761 scripti,
868 3697 1187 3766 appareant
1216 3693 1446 3748 sibimet
1470 3694 1529 3748 in
1556 3694 1748 3749 futuro

138 3774 332 3830 deleti.
368 3777 436 3830 Et
494 3781 558 3832 ut
605 3777 710 3832 ista
755 3779 964 3834 deletio
1000 3781 1303 3851 contingat
1334 3781 1415 3836 eis
1444 3781 1502 3834 in
1533 3781 1746 3848 futuro,

133 3862 229 3918 hic
259 3863 491 3919 interim
523 3884 627 3920 non
645 3867 966 3935 scribantur,
985 3868 1147 3922 idest
1173 3885 1207 3922 a
1237 3868 1338 3923 Dei
1375 3868 1749 3938 dispositione

137 3969 257 4008 non
289 3953 630 4009 ordinentur
661 3972 781 4010 esse
803 3974 922 4010 cum
928 3956 1114 4026 justis,
1131 3956 1190 4010 id
1221 3959 1306 4010 est
1335 3973 1452 4011 non
1485 3957 1750 4027 disponat

141 4057 241 4096 eos
269 4043 417 4096 Deus
443 4043 536 4098 hic
565 4061 687 4098 esse
717 4043 778 4098 in
809 4044 1097 4100 consortio
1110 4045 1488 4115 justorum,id
1507 4045 1748 4102 estbene

141 4140 528 4218 operantium.
563 4141 686 4196 Non
719 4142 874 4198 enim
906 4143 966 4198 in
998 4143 1191 4198 futuro
1223 4143 1640 4212 delerentur,et
1663 4143 1747 4198 di-

131 4242 315 4298 gnum
344 4232 430 4284 est
457 4231 520 4283 ut
549 4229 844 4284 deleantur.

1858 3087 2079 3143 tionem
2113 3087 2172 3142 in
2203 3087 2471 3142 omnibus
2499 3089 2731 3142 habere.
2767 3087 2879 3143 Sed
2909 3089 3083 3144 etiam
3114 3105 3217 3161 per
3244 3105 3463 3146 cornua

1859 3175 2138 3246 producta
2172 3175 2480 3229 denotatur
2504 3175 2766 3246 potentia
2818 3176 3072 3230 maxima
3111 3176 3461 3232 defendendi

1858 3279 2007 3329 suos,
2042 3263 2145 3316 etsi
2176 3263 2233 3316 in
2264 3264 2528 3334 passione
2555 3280 2656 3317 sua
2676 3281 2734 3318 se
2753 3263 3062 3319 defendere
3093 3264 3296 3320 noluit.
3331 3264 3462 3320 Cor-

1856 3349 2024 3404 nibus
2049 3350 2207 3405 enim
2239 3351 2514 3406 animalia
2541 3355 2782 3406 cornuta
2813 3369 2870 3407 se
2903 3353 3242 3408 defendunt.

1924 3438 2279 3492 Adhortatur
2301 3455 2433 3493 vero
2465 3455 2594 3493 suos
2620 3439 2692 3493 ad
2718 3440 3029 3494 videndum
3057 3444 3116 3496 et
3143 3442 3456 3497 laetandum

1854 3518 1913 3570 et
1941 3519 2319 3588 quaerendum
2351 3519 2684 3585 Dominum,
2723 3519 2834 3573 sic:
2867 3520 2990 3574 Dixi
3021 3537 3114 3574 me
3141 3538 3455 3593 pauperem

1853 3622 1994 3671 esse,
2029 3610 2089 3660 et
2135 3607 2452 3674 dolentem,
2501 3610 2558 3660 et
2588 3623 2708 3660 esse
2738 3607 3097 3674 salvandum,
3127 3613 3184 3662 et
3214 3609 3456 3664 vitulum

1851 3695 2165 3760 novellum,
2197 3697 2253 3748 ct
2282 3695 2390 3748 hoc
2417 3696 2604 3748 totum
2652 3695 2882 3760 videant,
2913 3695 2970 3748 id
2995 3697 3080 3748 est
3108 3695 3450 3765 intelligant.

1839 3799 2098 3854 pauperes
2147 3781 2368 3854 spiritu,
2415 3781 2611 3835 ﬁdeles
2655 3782 2769 3836 mei
2799 3783 3032 3848 scilicet,
3075 3783 3170 3852 qui
3209 3782 3455 3836 humiles

1849 3873 1982 3924 sunt
2003 3870 2058 3923 in
2074 3869 2301 3940 spiritu,
2329 3885 2446 3922 non
2484 3869 2738 3939 superbi.
2781 3868 2856 3922 Et
2901 3870 3144 3924 laetentur
3173 3870 3242 3924 de
3273 3871 3453 3924 salute

1849 3974 2000 4024 mea,
2033 3975 2138 4029 per
2167 3959 2342 4028 quam
2373 3957 2758 4011 salvabuntur.
2806 3958 2872 4012 Et
2900 3957 3033 4029 quia
3057 3957 3165 4012 hoc
3195 3973 3308 4012 non
3337 3959 3452 4012 suf-

1849 4047 2066 4113 ficeret,
2101 4063 2134 4100 0
2189 4063 2287 4100 vos
2343 4061 2644 4115 pauperes,
2707 4049 2926 4116 qumrite
2971 4046 3264 4100 Dominum
3304 4045 3454 4101 bene

1850 4135 2166 4205 operando,
2199 4140 2247 4188 et
2295 4150 2400 4206 per
2451 4134 2559 4187 hoc
2588 4136 2725 4188 vivet
2748 4137 2929 4188 anima
2949 4143 3117 4188 vestra
3147 4135 3206 4188 in
3238 4136 3458 4190 aeterna

1849 4222 2054 4292 gloria.
2089 4224 2196 4277 Per
2224 4222 2400 4276 vitam
2433 4225 2626 4277 autem
2653 4223 2882 4290 animae,
2909 4223 3008 4278 dat
3041 4223 3217 4278 etiam
3243 4221 3454 4277 intelli-

205 4315 346 4370 Nam
381 4333 484 4388 per
513 4333 611 4372 eos
639 4335 732 4387 ego
781 4335 919 4384 sum,
953 4317 1011 4372 id
1038 4321 1123 4372 est
1153 4335 1261 4389 ego
1292 4335 1413 4385 ero,
1448 4335 1658 4390 pauper
1698 4284 1822 4372 etD
1846 4284 1983 4381 gere
2009 4310 2185 4365 vitam
2223 4311 2499 4382 corporis,
2533 4328 2666 4390 (pug
2689 4311 2765 4390 _in
2790 4313 2983 4366 futuro
3016 4309 3345 4366 donabitur.
3386 4313 3455 4368 Et

128 4402 332 4472 dolens,
367 4403 424 4458 id
447 4405 658 4476 estipsi
685 4405 899 4460 facient
914 4421 1008 4460 me
1043 4406 1432 4474 dolentem,id
1471 4410 1555 4460 est
1583 4406 1746 4461 dolo-

125 4508 256 4547 rem
286 4491 430 4564 pati,
454 4495 512 4546 et
543 4509 862 4565 pauperem
891 4495 1092 4561 vitam,
1120 4494 1177 4548 id
1199 4497 1285 4548 est
1307 4496 1602 4548 carentem
1633 4494 1747 4548 vita

128 4579 368 4647 scilicet,
421 4580 771 4636 interﬁcient
815 4597 930 4636 me.
967 4581 1079 4636 Sed
1111 4581 1245 4636 inde
1278 4581 1468 4653 potius
1497 4581 1745 4651 gaudeo,

128 4685 252 4722 non
285 4667 613 4722 contristor.
645 4669 786 4723 Nam
817 4669 964 4724 salus
1005 4675 1120 4736 tua,
1148 4669 1293 4724 Deus
1315 4671 1746 4740 Pater,suscepit,

127 4754 193 4811 id
219 4759 305 4810 est
332 4755 598 4828 suscipiet
621 4773 724 4824 me,
752 4757 814 4812 id
845 4760 931 4811 est
959 4756 1046 4812 his
1077 4756 1148 4812 de
1173 4757 1356 4812 causis
1377 4757 1512 4828 quia
1550 4758 1752 4812 dolens

132 4859 236 4898 ero
263 4847 322 4898 et
351 4860 593 4916 pauper,
625 4847 711 4912 tu,
763 4844 1048 4914 Salvator,
1097 4846 1367 4919 suscipias
1407 4861 1523 4914 me,
1555 4845 1615 4900 id
1668 4849 1755 4900 est

131 4932 588 5004 patrocinabcris
614 4935 755 4989 mihi
787 4953 950 4991 more
983 4935 1062 5007 pii
1100 4934 1330 5006 patroni
1364 4934 1754 4990 resuscitando

136 5036 256 5088 me,
279 5021 514 5090 scilicet,
543 5026 602 5078 et
629 5024 764 5096 quia
794 5041 888 5079 me
923 5023 1214 5095 suscipiet,
1245 5024 1490 5091 laudabo,
1518 5039 1551 5079 ο
1591 5023 1754 5078 audi-

132 5113 316 5176 tores,
351 5109 410 5165 id
461 5115 548 5166 est
601 5129 736 5169 mea
762 5113 1030 5168 membra
1061 5113 1296 5166 laudare
1327 5112 1534 5167 faciem
1568 5128 1759 5165 nomen

139 5198 249 5252 Dei
275 5214 398 5254 cum
427 5203 652 5267 cantico,
693 5219 761 5256 vo
776 5218 830 5258 :e
882 5200 1114 5266 scilicet,
1177 5217 1309 5256 cum
1335 5201 1590 5271 jocunda
1629 5199 1764 5254 affe-

136 5286 418 5356 ctione,et
456 5290 810 5360 magni/icabo
861 5305 978 5343 eum
1024 5289 1078 5341 in
1101 5287 1276 5349 laude,
1302 5288 1362 5342 id
1386 5291 1470 5343 est
1495 5287 1608 5342 mei
1637 5303 1762 5341 ma-

1847 4401 2162 4475 quterendo
2191 4402 2525 4467 Dominum,
2763 4405 2922 4456 orate
2943 4417 3074 4454 eum
3102 4404 3164 4454 ut
3189 4399 3457 4456 detvobis

1848 4490 2046 4556 vitam,
2075 4491 2323 4561 quoniam
2351 4489 2640 4555 exaudivit,
2679 4487 2738 4542 id
2782 4492 2868 4542 est
2893 4488 3164 4544 exaudiet
3184 4489 3455 4544 Dominus

1837 4593 2098 4650 pauperes
2147 4579 2398 4643 orantes,
2441 4575 2499 4630 id
2529 4578 2616 4628 est
2672 4575 2992 4648 acquiescet
3033 4577 3294 4648 precibus
3314 4593 3455 4648 pau-

1851 4683 2054 4739 perum
2081 4671 2162 4733 ;et
2186 4682 2292 4718 non
2321 4664 2570 4735 despexit,
2593 4663 2650 4717 id
2691 4667 2779 4718 est
2807 4681 2922 4720 non
2949 4665 3224 4736 despiciet
3252 4667 3458 4720 uincto:

1851 4772 1990 4810 suos.
2023 4755 2120 4808 llic
2151 4769 2256 4826 per
2281 4753 2504 4808 litoteta
2531 4752 2722 4807 minus
2751 4753 2978 4817 dicitur,
3004 4756 3061 4808 et
3083 4753 3268 4824 magis
3297 4752 3460 4818 intel-

1854 4843 2071 4915 ligitur.
2108 4844 2186 4896 Ac
2215 4842 2259 4896 si
2301 4841 2486 4896 dicat:
2522 4843 2652 4896 Illos
2679 4840 2944 4896 videlicet
2971 4841 3190 4896 vinctos
3221 4839 3459 4894 vinculis

1859 4930 2226 4986 mortalitatis
2247 4933 2304 4984 et
2321 4929 2731 5001 passibilitatis,
2757 4929 2855 5000 qui
2891 4929 2972 4984 sui
2999 4927 3224 4994 sunt.,id
3240 4929 3324 4982 est
3361 4923 3462 4998 qui

1857 5021 1960 5075 sibi
1994 5019 2225 5086 subditi,
2278 5035 2396 5074 non
2429 5019 2722 5088 despiciet,
2757 5015 3028 5072 exaltabit
3082 5030 3224 5088 quos
3251 5014 3343 5070 hic
3369 5015 3465 5069 de-

1861 5107 2079 5179 spicere
2109 5107 2370 5162 videtur:
2417 5107 2504 5160 vel
2535 5108 2733 5160 vinctos
2761 5121 2902 5172 suos,
2942 5103 3000 5159 id
3032 5106 3118 5158 est
3153 5102 3346 5158 unitos
3409 5104 3468 5157 et

1864 5199 2200 5267 conjunctos
2219 5195 2442 5251 vinculo
2456 5191 2779 5250 dilectionis
2796 5197 2853 5247 et
2869 5192 2988 5262 subj
2998 5191 3468 5247 ectionis.Osten-

1867 5283 1952 5338 dit
1967 5287 2160 5338 autem
2181 5300 2322 5355 quos
2343 5286 2505 5337 vocet
2536 5296 2818 5353 pauperes,
2843 5295 2974 5336 cum
2995 5279 3179 5334 addit:
3200 5277 3468 5346 Laudent,

127 5375 419 5446 .gniﬁcam
445 5377 674 5432 laudem
711 5380 884 5448 agent
915 5375 968 5430 ei
1015 5375 1172 5431 bona
1209 5376 1566 5446 operatione.
1602 5373 1767 5438 Quod
1869 5372 2016 5426 illum
2039 5373 2151 5426 cali
2163 5378 2212 5425 et
2233 5379 2374 5426 terra
2441 5371 2576 5425 Sola
2606 5383 2740 5439 pars
2785 5370 2894 5424 ista
2931 5383 3060 5438 quia
3099 5369 3203 5434 est,
3237 5364 3474 5434 laudent,

141 5468 232 5519 est
265 5464 454 5521 dicere
491 5482 504 5520 :
536 5465 766 5521 Faciam
801 5469 864 5520 ut
893 5462 1008 5520 mei
1041 5480 1177 5519 eum
1205 5463 1466 5531 laudent,
1491 5478 1650 5530 voce,
1683 5462 1766 5516 af-

146 5553 402 5612 fectione
428 5557 488 5612 et
501 5569 701 5628 opere,
731 5556 792 5612 et
818 5553 943 5611 hinc
974 5553 1099 5610 laus
1109 5552 1347 5626 placebit
1361 5551 1498 5617 Deo,
1526 5549 1771 5611 fundata

1849 5465 2102 5516 tantum
2134 5459 2414 5526 continet,
2468 5459 2757 5531 quantum
2799 5457 2921 5514 ista:
2967 5458 3105 5522 tres,
3149 5452 3380 5520 videant,
3429 5456 3481 5506 et

1883 5549 2126 5606 lmlcntur
2150 5549 2209 5603 et
2234 5549 2500 5621 quierant
2525 5541 2876 5606 Dominum.
2911 5545 3096 5603 Deum
3118 5540 3277 5601 enim
3291 5538 3495 5599 laudet
