4004 6052
501 355 603 410 979

1101 342 1159 404 s.
1200 344 1543 403 BRUNONIS
1583 330 2213 401 CARTHUSIANORUM
2250 331 2719 397 INSTITUTORIS
2761 332 2915 396 opp.
2956 334 3134 394 PARS
3173 332 3195 392 ῐ

3705 326 3803 391 980

502 472 600 545 qui
625 472 698 528 de
726 487 793 527 eo
826 471 981 526 recte
1011 467 1280 539 inteligit,
1306 470 1364 522 et
1384 468 1705 533 laetatur,et
1721 481 1852 519 eum
1881 462 2109 535 quaerit.
2130 480 2185 537 Α
2277 463 2385 516 Per
2414 461 2523 516 hoc
2554 462 2747 514 autem
2803 457 3008 512 invitat
3038 472 3143 511 nos
3171 453 3243 510 ad
3272 453 3487 545 bonam
3516 453 3809 545 operatio—

499 561 637 618 Dico
668 560 879 615 videant
924 571 1201 627 pauperes,
1234 557 1376 622 etc.;
1413 554 1625 608 scilicet
1669 552 1906 606 laudent
1935 550 2103 604 illum

497 647 768 713 videndo,
788 647 847 700 et
872 643 1129 698 laatando
1157 646 1214 698 et
1262 642 1593 713 quaerendo,
1616 641 1746 704 cali,
1774 640 1833 693 id
1852 641 1936 693 est
1960 654 2098 709 apo-

499 736 651 797 stoli,
686 736 744 788 et
774 739 934 799 terra,
963 730 1022 785 id
1047 734 1132 785 est
1174 729 1423 784 Ecclesia
1466 730 1535 783 de
1570 727 1799 793 Iudicis,
1851 733 1900 782 et
1930 742 2095 791 mare,

498 824 559 878 id
588 826 674 878 est
696 821 944 877 Ecclesia
973 819 1043 873 de
1074 819 1362 890 gentibus.
1393 819 1544 871 Bene
1577 817 1809 888 quidem
1846 832 1951 886 per
1980 818 2094 869 ter-

494 926 624 965 ram
640 909 840 972 Judaei,
861 924 966 978 per
991 922 1153 960 mare
1184 909 1386 977 gentes
1405 903 1932 977 accipiuntur.Quia
1952 902 2095 956 sicut

494 1000 651 1053 terra
680 996 933 1066 undique
958 1012 991 1049 a
1019 993 1162 1048 mari
1185 992 1679 1059 circumdatur,sic
1696 991 2092 1057 etterraJuda,

495 1103 621 1158 qua:
652 1088 938 1139 terrarum
967 1098 1099 1152 pars
1129 1084 1215 1136 est
1241 1082 1464 1151 exigua,
1488 1080 1740 1151 undique
1763 1096 1794 1133 a
1829 1078 2097 1151 gentibus

496 1172 798 1228 clauditur.
830 1171 910 1224 Ne
942 1185 1073 1223 vero
1107 1168 1437 1223 viderentur
1457 1168 1585 1233 coeti,
1619 1175 1666 1220 et
1698 1175 1858 1229 terra,
1880 1172 1928 1220 et
1954 1182 2097 1219 mare

496 1276 602 1332 per
613 1276 671 1314 se
685 1259 757 1313 ad
770 1260 881 1313 hoc
895 1257 1193 1311 devenisse
1225 1260 1287 1309 ut
1302 1255 1551 1310 Ecclesia
1566 1256 1803 1319 ﬁerent,
1832 1252 2100 1307 humiliat

497 1362 756 1414 eos,cum
773 1344 1118 1410 addit:Et,id
1138 1343 1473 1408 estscilicet,
1494 1340 1873 1394 laudentillum
1893 1338 2100 1408 reptilia

493 1438 550 1490 in
569 1435 725 1501 eis,id
742 1436 826 1488 est
852 1433 931 1485 illi
954 1432 1050 1502 qui
1076 1432 1138 1484 in
1157 1431 1236 1484 eis
1266 1431 1478 1485 scilicet
1506 1430 1658 1483 inter
1675 1429 1799 1482 illos
1818 1432 1951 1481 sunt
1977 1442 2105 1496 rep-

495 1522 619 1576 tilia
654 1521 813 1592 prius
865 1520 1186 1573 existentia.
1239 1517 1605 1572 Intransitiva
1651 1514 1894 1587 positio;
1933 1517 2010 1568 Ac
2054 1513 2101 1567 si

493 1609 739 1664 diceret:
770 1606 903 1662 Cieli
925 1615 976 1661 et
993 1614 1131 1660 terra
1159 1613 1208 1660 et
1238 1622 1384 1659 mare
1405 1603 1656 1675 dico,qui
1680 1602 1839 1672 prius
1868 1602 2101 1656 fuerunt

494 1695 792 1767 reptilia,id
813 1697 899 1749 est
924 1695 1174 1750 terrenis
1198 1695 1581 1758 adhaerentes,
1613 1708 1729 1745 non
1760 1690 1834 1744 ad
1851 1706 2093 1760 superna

2207 567 2364 617 nem,
2397 554 2455 604 et
2478 549 2578 604 Dei
2605 547 2995 611 dilectionem,
3028 562 3133 617 per
3162 560 3341 616 quam
3356 543 3581 597 venitur
3607 542 3683 597 ad
3710 559 3811 612 pa-

2202 638 2326 693 triae
2357 637 2596 692 cmlestis
2626 635 3140 690 inhabitationem.
3159 632 3257 686 Vel
3281 630 3358 686 sic
3374 631 3465 685 isti
3489 633 3609 685 tres
3620 644 3813 684 versus

2199 725 2313 797 legi
2346 728 2620 796 possunt:
2650 724 2942 779 Adhortor
2963 723 3134 777 coelos
3158 723 3219 775 et
3242 724 3455 774 terram
3486 723 3545 774 et
3559 722 3811 783 mare,ut

2198 818 2382 871 Deum
2395 813 2845 869 laudent.Coelos
2863 815 3057 867 autem
3081 815 3138 865 et
3150 814 3387 875 terram,
3400 808 3456 863 id
3475 811 3561 862 est
3577 811 3808 880 aposto-

2196 902 2283 957 los
2298 906 2357 957 et
2380 902 2690 957 Ecclesiam
2721 900 3073 973 primitivam
3092 899 3224 953 ideo
3258 897 3331 952 ad
3344 897 3694 952 Deilaudem
3720 895 3813 949 ad-

2195 993 2417 1057 hortor,
2651 990 2785 1061 quia
2800 988 3083 1059 prmvideo
3100 989 3351 1059 quoniam
3362 986 3504 1040 Deus
3515 986 3721 1038 salvam
3730 985 3812 1052 fa.

2198 1082 2303 1134 ciet
2321 1080 2475 1146 Sion,
2490 1079 2548 1133 id
2563 1082 2648 1132 est
2665 1095 2768 1150 per
2782 1080 3032 1131 mortem
3052 1092 3244 1130 meam
3265 1074 3502 1130 salvabit
3514 1091 3575 1128 re
3584 1074 3808 1128 mitten-

2200 1169 2272 1223 do
2287 1171 2542 1239 peccata,
2558 1170 2616 1221 et
2628 1164 2999 1235 justificando
3026 1163 3333 1218 Ecclesiam
3359 1162 3719 1234 primitivam
3740 1161 3805 1215 de

2197 1256 2424 1321 Judaeis,
2457 1271 2632 1326 quam
2657 1256 2819 1325 faciet
2837 1254 2989 1318 Sion,
3018 1253 3076 1307 id
3096 1254 3182 1306 est
3198 1251 3505 1305 sublimem
3524 1250 3582 1304 in
3608 1266 3807 1321 specu-

2202 1344 2418 1399 latione
2450 1343 2764 1398 coelestium
2794 1344 3169 1408 secretorum,
3203 1345 3261 1395 et
3292 1356 3473 1407 mare,
3505 1339 3565 1393 id
3588 1341 3678 1392 est
3709 1339 3805 1391 Ec-

2204 1433 2433 1487 clesiam
2484 1431 2555 1487 de
2608 1431 2897 1502 gentibus,
2944 1431 3075 1484 ideo
3107 1430 3181 1483 ad
3211 1429 3312 1484 Dei
3341 1429 3575 1483 laudem
3607 1426 3810 1481 invito-

2204 1519 2338 1591 quia
2366 1519 2653 1590 przevideo
2685 1519 2835 1590 quod
2862 1535 2967 1588 per
2987 1520 3239 1572 mortem
3260 1534 3448 1571 meam
3462 1516 3805 1584 adiﬁcabun-

2207 1617 2296 1662 tur
2323 1626 2355 1663 ει
2386 1611 2502 1664 Deo
2526 1610 2693 1662 Patre
2719 1608 2777 1661 in
2798 1606 3117 1673 virtutibus,
3161 1608 3395 1659 civitates
3422 1604 3603 1671 Jadze,
3633 1604 3694 1658 id
3722 1607 3808 1657 est

2202 1697 2461 1751 Ecclesia:
2479 1695 2741 1768 gentium
2776 1697 2892 1749 Deo
2924 1695 3324 1749 confitentium
3351 1710 3478 1765 qua:
3505 1693 3811 1747 destructa:

495 1786 841 1854 spectantes,
884 1800 1048 1839 more
1103 1783 1418 1854 reptilium,
1460 1798 1588 1853 qum
1614 1784 1784 1834 terra:
1839 1781 2094 1850 serpunt.
2124 1794 2174 1851 B
2200 1784 2435 1840 fuerunt
2463 1802 2567 1856 per
2604 1785 2813 1850 Adam,
2863 1789 2912 1837 et
2958 1783 3070 1837 illae
3099 1782 3352 1836 civitates
3380 1780 3679 1835 aediﬁcatae
3729 1783 3812 1832 in-

495 1872 666 1937 Quasi
696 1872 848 1927 dicat
876 1888 888 1926 :
920 1872 1176 1926 Laudare
1207 1887 1341 1926 eum
1372 1871 1605 1935 debent,
1638 1884 1769 1922 cum
1801 1884 1865 1921 ex
1887 1866 2102 1937 reptili-

493 1960 600 2014 bus
629 1959 831 2014 fecerit
860 1959 933 2013 ad
976 1959 1225 2014 coelestia
1254 1960 1579 2013 tendentes.
1605 1958 1740 2011 Dico
1780 1955 2012 2021 laudent,
2046 1957 2104 2009 et

496 2049 605 2101 hoc
620 2047 1174 2118 ideo,quoniamDeus
1195 2047 1396 2100 salvam
1410 2047 1571 2115 faciet
1582 2047 1797 2114 Sion,id
1820 2049 1905 2099 est
1925 2044 2103 2098 salva-

496 2133 583 2188 bit
602 2150 730 2188 suos
760 2134 820 2188 in
853 2134 1046 2188 futuro
1077 2134 1334 2205 perfecta
1362 2124 2105 2216 salvatione,1'edqcendoin

499 2219 937 2275 immortalitem
961 2225 1017 2275 et
1041 2221 1564 2292 impassibilitatem
1591 2238 1751 2288 ;suos
1782 2221 1905 2275 :lico
1926 2219 2106 2273 factos

502 2308 659 2375 Sion,
693 2313 998 2363 cernentes
1028 2309 1240 2363 scilicet
1273 2310 1451 2362 Deum
1489 2324 1607 2363 non
1652 2326 1758 2380 per
1787 2308 2103 2379 speculum,

503 2396 605 2450 sed
632 2396 776 2450 facie
809 2396 880 2451 ad
902 2396 1131 2461 faciem,
1160 2396 1213 2449 id
1245 2399 1333 2455 est
1357 2396 1683 2450 manifeste.
1705 2397 1805 2450 Vel
1826 2396 1904 2450 sic
1936 2412 1948 2448 :
1980 2394 2103 2449 Sal-

502 2499 626 2537 vam
652 2483 822 2552 faciet
875 2483 1029 2548 Sion,
1063 2484 1119 2537 id
1160 2486 1245 2536 est
1288 2483 1549 2537 restituet
1606 2502 1777 2554 super
1819 2484 2105 2539 caelestem

503 2570 664 2634 Sion,
698 2587 826 2641 quae
859 2569 1054 2625 civitas
1069 2588 1170 2625 sua
1187 2571 1294 2624 erit
1320 2588 1386 2624 ex
1417 2572 1636 2641 angelis
1666 2576 1724 2626 et
1750 2570 2104 2645 hominibus,

504 2662 939 2732 quae,quantum
955 2660 1028 2713 ad
1048 2658 1633 2725 homines,destructa
1653 2660 1761 2714 erit
1782 2676 1885 2730 per
1899 2659 2081 2713 Adam
2093 2699 2107 2725 ,

504 2750 789 2820 quantum
819 2747 893 2801 ad
905 2748 1139 2818 angelos
1151 2750 1367 2815 autem,
1386 2747 1647 2802 minime.
1668 2749 1732 2801 Et
1757 2748 1850 2802 hic
1873 2746 2111 2801 interim

507 2835 913 2905 (ediﬁcabuntar
956 2833 1015 2888 in
1044 2834 1369 2902 virtutibus,
1420 2839 1655 2890 civitates
1705 2836 1884 2903 Jadae,
1938 2835 1997 2889 id
2027 2836 2115 2888 est

507 2922 768 2978 Ecclesiae
782 2922 1039 2977 fidelium
1056 2923 1454 2978 conﬁtentium
1478 2926 1658 2978 Deum
1676 2940 1820 2995 pura
1834 2923 1957 2977 ﬁde.
1971 2924 1997 2976 J
2003 2922 2116 2976 uda

508 3011 722 3083 quippe
753 3011 1005 3080 confessio
1032 3011 1466 3090 interpretatur.
1512 3012 1693 3078 Unde,
1725 3028 1829 3082 per
1859 3011 2116 3065 civitates

2202 1874 2519 1927 habitabant
2565 1872 2640 1926 ibi
2665 1872 2724 1926 in
2759 1871 2916 1937 Sion,
2950 1870 3008 1925 id
3039 1873 3143 1937 est,
3190 1869 3413 1924 assidue
3467 1868 3816 1923 habitabant

2206 1962 2265 2016 in
2310 1960 2718 2016 conformitate
2762 1960 2912 2013 illius
2969 1958 3128 2025 Sion,
3161 1957 3421 2012 Ecclesiae
3478 1957 3814 2029 primitivee.

2209 2067 2336 2123 quin
2357 2051 2529 2119 longe
2555 2047 2863 2119 perfectior
2901 2046 3040 2114 erit;
3070 2048 3126 2100 et
3146 2046 3223 2099 sic
3255 2045 3623 2099 inhabitabant
3654 2044 3818 2116 quod

2209 2139 2485 2209 acquirent
2531 2153 2648 2189 eam
2675 2134 2999 2189 haereditate.
3033 2134 3329 2204 Acqairent
3359 2136 3415 2187 et
3441 2133 3819 2187 inhabitabant

2209 2226 2363 2280 idem
2397 2227 2501 2290 est,
2532 2223 2632 2277 sed
2663 2222 2869 2292 repetit
2896 2226 2957 2276 ut
2988 2220 3636 2287 determinet,addendo
3653 2221 3822 2274 ἠδη-ε-

2207 2314 2392 2368 ditate.
2440 2312 2604 2376 Quod
2663 2311 3005 2365 estdicere:
3039 2297 3479 2382 Acquirentiide
3530 2312 3590 2363 et
3637 2326 3819 2381 opere

2206 2402 2362 2457 bono
2412 2399 2883 2454 conformitatem
2932 2398 3054 2468 ejus
3085 2399 3223 2453 Sion
3255 2398 3578 2460 hereditate,
3644 2398 3703 2452 id
3732 2403 3820 2453 est

2208 2490 2248 2543 h
2270 2488 2574 2543 ereditario
2593 2487 2747 2557 jure,
2780 2487 2839 2541 id
2870 2490 2974 2553 est,
3008 2486 3086 2540 sic
3117 2490 3180 2541 ut
3202 2486 3332 2557 jure
3358 2485 3471 2541 sint
3499 2503 3615 2540 una
3636 2486 3821 2541 haere-

2210 2576 2358 2631 ditas
2388 2575 2488 2630 Dei
2528 2592 2659 2629 cum
2691 2575 2812 2647 ipsa
2842 2573 3001 2629 Sion.
3046 2574 3189 2629 Cum
3231 2574 3387 2628 enim
3420 2573 3548 2627 filiis
3567 2574 3816 2629 Abrahae

2213 2666 2285 2720 sit
2314 2665 2465 2719 facta
2490 2663 2841 2718 hmreditatis
2901 2662 3228 2733 promissio,
3288 2662 3391 2716 etsi
3427 2662 3507 2717 illi
3538 2680 3659 2718 non
3703 2663 3819 2717 sint

2211 2753 2313 2807 filii
2358 2752 2604 2817 Abrahae
2650 2751 2963 2806 secundum
2994 2767 3251 2815 carnem,
3306 2755 3668 2805 cumtamen
3701 2752 3819 2805 mei

2215 2841 2316 2896 filii
2347 2841 2634 2912 spiritales
2662 2839 2838 2894 futuri
2877 2839 3013 2893 sint.
3065 2839 3163 2910 qui
3190 2838 3338 2894 filius
3392 2856 3521 2893 sum
3566 2840 3817 2895 Abrahae

2218 2929 2533 2984 secundum
2562 2944 2820 2995 carnem,
2839 2943 2942 2998 per
2962 2943 3056 2981 me
3086 2926 3204 2981 veri
3229 2926 3331 2981 filii
3356 2928 3603 2983 Abrahae
3616 2928 3818 2994 futuri,
3862 2967 3873 2976 .

2211 3019 2344 3090 jure
2370 3034 2502 3072 cum
2546 3017 2761 3073 Judieis
2790 3016 2891 3071 Dei
2924 3017 3229 3071 haareditas
3261 3018 3447 3071 erunt.
3479 3017 3592 3072 Hoc
3623 3020 3820 3072 autem

505 3099 666 3154 Iudae
692 3099 952 3196 Ecclesiae
980 3099 1237 3196 ﬁdelium
1266 3100 1636 3196 demetantur,
1654 3099 1751 3196 qui
1770 3098 2114 3196 Deiffmofef-
2144 3137 2191 3196 Ο
2219 3108 2434 3184 dictum
2457 3110 2542 3162 est
2568 3107 2638 3161 de
2669 3106 2931 3177 gentium
2962 3104 3221 3161 Ecclesiis
3239 3105 3558 3176 primitivis.
3593 3108 3675 3161 De
3706 3123 3828 3161 suc-

512 3204 668 3242 sores
696 3187 968 3252 existunt,
1011 3187 1107 3259 qui
1140 3188 1196 3241 in
1237 3188 1539 3241 virtutibus
1565 3191 1694 3240 sunt
1724 3185 2116 3251 munitissimi,

513 3274 588 3329 ad
613 3274 1051 3329 similitudinem
1081 3275 1395 3329 civitatum.
1427 3274 1681 3329 Civitates
1710 3276 1857 3330 bene
1887 3273 2120 3345 plurali-

514 3364 605 3417 ter
629 3363 810 3435 ponit.

590 3450 934 3522 Quanquam
964 3452 1121 3506 enim
1150 3467 1354 3505 omnes
1380 3450 1575 3505 fideles
1605 3451 1924 3506 secundum
1946 3450 2125 3505 ﬁdem

522 3538 771 3593 Ecclesia
801 3556 915 3593 una
945 3539 1225 3594 catholica
1255 3542 1405 3606 sunt,
1464 3541 1781 3595 secundum
1811 3544 2009 3594 tamen
2041 3540 2125 3594 lo-

523 3644 725 3684 corum
764 3628 1184 3695 diversitatem,
1216 3628 1478 3683 Ecclesiae
1532 3630 1729 3683 multa:
1778 3632 1929 3683 sunt.
1990 3628 2126 3683 Dico

525 3717 680 3788 quod
700 3716 793 3770 hic
811 3715 1214 3787 aedi/imbuatur
1237 3719 1475 3772 civitates
1513 3718 1692 3774 Judae.
1716 3718 1778 3771 In
1807 3718 1999 3772 futuro
2026 3733 2126 3770 au-

526 3809 649 3861 tem
679 3806 1051 3860 inhabitabant
1082 3807 1172 3869 ibi,
1206 3806 1264 3861 id
1305 3810 1393 3860 est
1421 3806 1478 3860 in
1511 3806 1649 3860 Sion
1676 3805 1910 3872 scilicet,
1942 3805 2004 3859 in
2032 3806 2130 3859 illa

528 3895 698 3949 beata
722 3893 822 3949 Dei
851 3894 1206 3949 contuitione
1233 3894 1529 3948 etcivitate
1562 3893 1684 3948 Dei.
1719 3894 1785 3946 Et
1808 3894 1917 3947 hoc
1948 3909 2051 3965 per
2068 3908 2128 3946 se

529 3999 646 4037 non
679 3982 999 4049 habebunt,
1029 3982 1130 4036 sed
1169 3985 1443 4052 nequirent
1470 3999 1586 4035 eam
1638 3980 1778 4035 Sion
1806 3981 2123 4035 haereditate.

526 4070 587 4123 id
612 4073 698 4123 est
726 4085 829 4139 per
856 4070 965 4123 hoc
992 4070 1147 4139 quod
1178 4074 1310 4123 sunt
1342 4070 1441 4123 Dei
1473 4069 1800 4136 hazreditas,
1835 4069 1892 4123 id
1922 4073 2007 4123 est
2028 4086 2131 4140 per

530 4158 783 4211 mortem
823 4172 1016 4210 meam
1044 4156 1161 4210 mei
1192 4156 1520 4210 cohazredes
1550 4156 1993 4210 efficientur.Vel
2027 4158 2123 4211 sic:

526 4245 827 4315 Acqairent
854 4261 971 4297 eam
995 4243 1149 4298 bona
1176 4242 1290 4297 vita
1308 4260 1428 4311 sua,
1444 4247 1502 4297 et
1523 4241 1809 4313 operibus,
1830 4244 2130 4298 haeredita-

2223 3195 2460 3250 cessuris
2491 3197 2687 3249 autem
2717 3193 2975 3248 Ecclesiis
3036 3194 3174 3265 agit,
3209 3210 3342 3248 cum
3373 3194 3672 3266 subjungit
3706 3211 3719 3249 :
3759 3194 3829 3248 Et

2222 3300 2399 3339 semen
2422 3299 2688 3336 servorum
2717 3283 2828 3352 ejus
2846 3282 3129 3351 possidebit
3154 3296 3291 3336 eam.
3318 3283 3397 3336 Ac
3417 3283 3461 3336 si
3484 3282 3668 3336 dicat:
3702 3283 3830 3337 Non

2228 3373 2414 3425 solum
2445 3375 2640 3424 autem
2665 3372 2900 3424 civitates
2926 3371 3089 3424 Judae
3118 3370 3426 3441 primitivze
3457 3370 3834 3423 inhabitabant

2230 3459 2291 3513 in
2342 3476 2430 3525 ea,
2460 3459 2560 3513 sed
2587 3466 2637 3512 et
2664 3475 2837 3512 semen
2861 3474 3135 3514 servorum
3161 3458 3275 3528 ejus
3294 3457 3581 3527 possidebit
3598 3475 3741 3525 eam,
3775 3455 3836 3511 id

2231 3551 2316 3603 est
2345 3549 2425 3603 illi
2461 3549 2558 3619 qui
2615 3550 2784 3602 erunt
2816 3564 3038 3613 semen,
3074 3546 3131 3600 id
3163 3550 3249 3600 est
3278 3545 3378 3599 ﬁlii
3402 3546 3689 3617 spiritales
3714 3563 3837 3601 ser-

2230 3652 2434 3691 vorum
2465 3638 2608 3707 ejus,
2662 3636 2763 3691 Dei
2796 3636 3185 3707 apostolorum
3225 3634 3455 3698 scilicet,
3486 3638 3545 3688 et
3574 3635 3836 3706 ipsarum

2231 3725 2523 3780 civitatum
2557 3724 2976 3797 primitivarum
3008 3722 3383 3794 possidebunt
3426 3738 3555 3776 eam
3582 3722 3723 3777 Sion
3754 3739 3839 3776 se-

2232 3813 2484 3867 cundum
2515 3812 3006 3878 conformitatem,
3022 3811 3164 3865 sicut
3192 3811 3371 3865 etiam
3393 3810 3644 3865 civitates
3663 3810 3832 3864 Juda.

2231 3901 2592 3957 Determinat
2620 3903 2812 3955 autem
2844 3916 2986 3972 quos
3001 3902 3165 3954 vocat
3191 3916 3363 3954 semen
3385 3916 3677 3966 servorum,
3697 3916 3830 3953 cum

2231 3991 2424 4045 addit:
2450 3992 2530 4046 Et
2584 3992 2679 4061 qui
2703 3990 2933 4057 diligant
2964 4004 3153 4042 nomen
3181 3988 3294 4058 ejus
3323 3988 3642 4042 habitabant
3667 3991 3726 4043 in
3745 4006 3826 4043 ea.

2233 4079 2399 4143 Quod
2429 4082 2513 4133 est
2543 4078 2767 4132 dicere:
2817 4079 2946 4132 Illos
2998 4076 3212 4131 scilicet
3236 4076 3363 4130 dico
3393 4093 3585 4141 semen,
3614 4078 3673 4130 et
3699 4076 3828 4131 dico

2231 4167 2386 4239 quod
2438 4167 2817 4220 inhabitabant
2882 4165 2940 4219 in
2972 4182 3059 4233 ea,
3086 4182 3177 4237 qui
3233 4164 3464 4233 diligunt
3488 4180 3677 4218 nomen
3715 4166 3830 4234 ejus

2230 4256 2385 4327 quod
2435 4258 2520 4309 est
2574 4254 2874 4321 Dominus,
2948 4271 3065 4308 non
3128 4252 3531 4320 reformidant,
3618 4253 3831 4307 scilicet

526 4332 766 4399 te,idest
780 4331 853 4387 ad
868 4328 1439 4398 haereditatem,utsit
1460 4331 1541 4385 eis
1559 4330 1865 4386 hmreditas
1885 4336 2123 4387 aeterna.
2150 4349 2203 4408 D
2228 4344 2431 4416 quibus
2460 4345 2691 4415 gratum
2748 4346 2833 4396 est
2879 4345 2937 4396 ει
2958 4341 3279 4412 jucundum
3333 4357 3466 4395 eum
3516 4341 3831 4396 Dominum

526 4418 605 4473 Et
639 4419 697 4473 in
728 4420 922 4474 futuro
954 4436 1126 4473 semen
1151 4436 1420 4473 servorum
1460 4420 1576 4489 ejus
1590 4418 1873 4488 possidebit
1893 4437 2030 4485 eam,
2065 4419 2125 4473 id

524 4510 630 4575 est,
662 4524 861 4562 semen
883 4508 1200 4579 procedens
1228 4525 1261 4562 a
1289 4508 1463 4561 servis
1492 4507 1811 4577 ejus,causa
1830 4507 1939 4561 erit
1967 4508 2124 4579 quod

524 4594 634 4667 ipsi
658 4595 803 4649 servi
832 4596 946 4650 sint
971 4612 1101 4649 eam
1133 4597 1462 4668 possessuri,
1519 4596 1676 4650 bona
1700 4612 1877 4665 opera
1912 4596 2122 4650 scilicet

522 4700 651 4755 qua:
689 4684 781 4738 hic
804 4684 863 4738 in
889 4684 1154 4754 lacrymis
1193 4684 1504 4750 seminant,
1539 4688 1600 4738 ut
1624 4683 1683 4738 in
1717 4684 1910 4739 futura
1938 4685 2120 4739 beati-

518 4773 783 4828 tudinem
814 4775 1092 4827 aeternam
1123 4790 1255 4827 cum
1277 4774 1487 4842 gaudio
1519 4760 1742 4828 metant
1762 4773 1927 4843 (Psal.
1960 4790 2117 4841 cxxv,

518 4861 597 4934 6).
616 4862 758 4926 Quia
787 4878 921 4916 vero
951 4862 1099 4915 bene
1132 4861 1358 4932 operari
1388 4861 1529 4915 nihil
1552 4865 1638 4916 est
1665 4861 1785 4915 sine
1816 4861 2114 4929 charitate,

517 4949 868 5005 determinat
896 4948 1002 5004 sic:
1028 4949 1160 5004 Dico
1192 4949 1347 5021 quod
1377 4948 1958 5004 ﬁdelesinhabitabant
1983 4948 2115 5003 Sion

510 5054 617 5109 per
646 5039 801 5093 bona
826 5054 1003 5108 opera
1026 5054 1147 5105 sua,
1178 5037 1315 5105 et,id
1337 5041 1421 5091 est
1460 5037 1674 5093 scilicet
1694 5037 1771 5091 illi
1802 5036 2116 5090 habitabant

511 5127 569 5178 in
600 5142 678 5192 ea,
709 5127 808 5196 qui
849 5124 1078 5193 diligunt
1106 5142 1295 5179 nomen
1324 5126 1455 5195 ejus,
1489 5126 1702 5180 scilicet
1718 5124 1818 5178 Dei
1860 5126 1969 5179 hoc
2006 5139 2110 5178 no-

508 5229 645 5268 men
678 5212 934 5284 quodest
951 5213 1246 5281 Dominus,
1276 5213 1335 5267 id
1359 5216 1443 5268 est
1470 5214 1886 5284 diliguntcasto
1911 5228 2110 5266 amore

506 5300 663 5370 quod
690 5304 774 5355 est
805 5300 1101 5355 Dominus.
1161 5302 1322 5355 Unde
1382 5302 1718 5371 Apostolus:
1752 5323 1779 5349 ‹‹
1826 5300 1885 5353 Si
1923 5298 2109 5353 distri-

502 5386 683 5442 buero
715 5388 775 5441 in
806 5388 962 5442 cibos
993 5404 1313 5460 pauperum
1340 5405 1544 5444 omnes
1582 5388 1881 5442 facultates
1923 5404 2102 5454 meas,

498 5473 842 5530 charitatem
869 5478 1071 5532 autem
1101 5492 1219 5532 non
1250 5476 1521 5547 habeam,
1552 5476 1695 5532 nihil
1727 5492 1855 5531 sum
1889 5474 1947 5549 (Ι
1970 5474 2098 5533 Car.

493 5575 618 5628 xm,
650 5563 723 5625 3).
755 5583 787 5613 ››

2229 4441 2372 4493 esse,
2405 4427 2464 4478 et
2490 4423 2739 4494 diligunt
2768 4438 2902 4477 eum
2935 4422 3238 4476 dilectione
3271 4437 3434 4491 pura.

2706 4511 2774 4563 ΙΝ
2810 4509 3135 4564 PSALMUM
3165 4509 3338 4563 LXJX.

2293 4602 2506 4656 Titulus
2542 4597 2865 4669 sixagesimi
2900 4596 3041 4652 noni
3070 4614 3083 4651 :
3117 4595 3187 4649 In
3214 4595 3395 4668 finem,
3427 4595 3679 4651 Psalmas
3707 4596 3826 4651 Da-

2222 4682 2312 4735 vid
2341 4684 2396 4735 in
2418 4680 2875 4744 rememoratione,
2909 4694 2966 4730 eo
3004 4675 3147 4748 quod
3174 4677 3378 4729 salvum
3405 4677 3535 4746 fecit
3561 4693 3680 4731 eum
3709 4676 3825 4731 Do-

2220 4788 2415 4825 minus.
2434 4768 2599 4833 Quod
2629 4768 2708 4822 sic
2734 4766 3072 4837 exponitur:
3107 4765 3359 4822 Psalmus
3381 4764 3484 4820 iste
3498 4768 3583 4819 est
3611 4764 3823 4833 David,

2220 4858 2279 4913 id
2308 4861 2393 4913 est
2416 4858 2595 4913 verba
2624 4857 2731 4911 ista
2759 4858 2893 4909 sunt
2921 4854 3147 4909 Christi.
3182 4855 3239 4907 in
3275 4856 3730 4919 rememoratione,
3762 4853 3825 4907 id

2219 4950 2303 5001 est
2314 4947 2372 5001 in
2387 4946 2675 5017 frequenti
2687 4944 2972 4998 memoria
2983 4943 3200 5011 habita,
3214 4959 3272 4996 eo
3282 4941 3422 5013 quod
3444 4940 3649 4995 salvam
3667 4942 3820 5010 fecit,

2217 5034 2275 5088 id
2295 5037 2380 5088 est
2403 5032 2979 5100 faciet,eumDominus
2989 5030 3300 5085 salvatione
3323 5031 3380 5083 in
3398 5029 3512 5083 ﬁne
3533 5027 3819 5095 tendenti,

2216 5120 2274 5174 id
2287 5121 2442 5175 estin
2465 5121 2881 5193 perfectionem
2895 5123 2953 5173 et
2971 5118 3530 5174 consummationem
3545 5116 3631 5171 sui
3642 5115 3820 5188 ipsius

2213 5213 2271 5264 et
2283 5225 2539 5275 suorum,
2555 5209 2639 5263 sui
2652 5210 2844 5281 ipsius,
2860 5207 3072 5263 scilicet
3081 5207 3395 5262 secundum
3415 5204 3819 5260 immorlalita-

2209 5302 2329 5353 tem
2366 5301 2425 5352 et
2450 5298 2925 5369 impassibitatem
2962 5301 3021 5352 et
3058 5295 3411 5350 ineffabilem
3443 5292 3815 5365 gloriﬁcatio-

2206 5390 2673 5454 nem,etsuorum
2686 5385 3001 5441 secundum
3014 5382 3813 5457 peccatorumremissionem,

2205 5477 2264 5531 et
2271 5475 2740 5547 justiﬁcationem
2758 5474 2816 5528 in
2832 5473 3100 5546 praesenti
3112 5478 3171 5529 et
3185 5472 3245 5528 in
3258 5474 3472 5540 futuro,
3490 5469 3814 5527 secundum

2203 5564 2521 5637 perfectam
2556 5563 2813 5639 corporis
2833 5567 2892 5621 et
2920 5563 3134 5621 anima:
3167 5560 3627 5620 beatitudinem.
3654 5560 3738 5615 Ac
3765 5558 3811 5616 si
