  <div class='ocr_page' id='page_1' title='image "/cluster/home/n/w/nwhite01/storage/ocr_20150623/152/hvd.32044054760103/496.png"; bbox 0 0 4004 6052; ppageno 0'>
   <div class='ocr_carea' id='block_1_1' title="bbox 273 317 375 373">
    <p class='ocr_par' dir='ltr' id='par_1_1' title="bbox 273 317 375 373">
     <span class='ocr_line' id='line_1_1' title="bbox 273 317 375 373; baseline -0.02 0"><span class='ocrx_word' id='word_1_1' title='bbox 273 317 375 373; x_wconf 83' lang='grc'>981</span> 
     </span>
    </p>
   </div>
   <div class='ocr_carea' id='block_1_2' title="bbox 268 433 1877 514">
    <p class='ocr_par' dir='ltr' id='par_1_2' title="bbox 268 433 1877 514">
     <span class='ocr_line' id='line_1_2' title="bbox 268 433 1877 514; baseline 0.006 -26"><span class='ocrx_word' id='word_1_2' title='bbox 268 433 428 489; x_wconf 90' lang='lat' dir='ltr'>dicat</span> <span class='ocrx_word' id='word_1_3' title='bbox 458 451 472 503; x_wconf 91' lang='lat'><strong>;</strong></span> <span class='ocrx_word' id='word_1_4' title='bbox 507 434 761 491; x_wconf 82' lang='lat' dir='ltr'>Christus</span> <span class='ocrx_word' id='word_1_5' title='bbox 775 434 1252 508; x_wconf 85' lang='lat' dir='ltr'>ante&#39;passionem</span> <span class='ocrx_word' id='word_1_6' title='bbox 1276 456 1440 495; x_wconf 89' lang='lat' dir='ltr'>suam</span> <span class='ocrx_word' id='word_1_7' title='bbox 1458 442 1777 514; x_wconf 76' lang='lat' dir='ltr'>praevidens</span> <span class='ocrx_word' id='word_1_8' title='bbox 1793 443 1877 498; x_wconf 92' lang='lat' dir='ltr'>sui</span> 
     </span>
    </p>
   </div>
   <div class='ocr_carea' id='block_1_3' title="bbox 267 525 1881 600">
    <p class='ocr_par' dir='ltr' id='par_1_3' title="bbox 267 525 1881 600">
     <span class='ocr_line' id='line_1_3' title="bbox 267 525 1881 600; baseline 0.006 -23"><span class='ocrx_word' id='word_1_9' title='bbox 267 540 625 597; x_wconf 90' lang='lat' dir='ltr'>suorumque</span> <span class='ocrx_word' id='word_1_10' title='bbox 657 525 1056 594; x_wconf 86' lang='lat' dir='ltr'>salvationem,</span> <span class='ocrx_word' id='word_1_11' title='bbox 1112 527 1448 600; x_wconf 86' lang='lat' dir='ltr'>frequenter</span> <span class='ocrx_word' id='word_1_12' title='bbox 1490 531 1640 586; x_wconf 88' lang='lat' dir='ltr'>hanc</span> <span class='ocrx_word' id='word_1_13' title='bbox 1672 532 1881 587; x_wconf 85' lang='lat' dir='ltr'>oratio-</span> 
     </span>
    </p>
   </div>
   <div class='ocr_carea' id='block_1_4' title="bbox 267 613 1878 686">
    <p class='ocr_par' dir='ltr' id='par_1_4' title="bbox 267 613 1878 686">
     <span class='ocr_line' id='line_1_4' title="bbox 267 613 1878 686; baseline 0.006 -21"><span class='ocrx_word' id='word_1_14' title='bbox 267 628 409 667; x_wconf 86' lang='lat' dir='ltr'>nem</span> <span class='ocrx_word' id='word_1_15' title='bbox 444 613 595 680; x_wconf 87' lang='lat' dir='ltr'>fecit,</span> <span class='ocrx_word' id='word_1_16' title='bbox 630 614 686 668; x_wconf 91' lang='lat' dir='ltr'>in</span> <span class='ocrx_word' id='word_1_17' title='bbox 719 631 833 686; x_wconf 90' lang='lat' dir='ltr'>qua</span> <span class='ocrx_word' id='word_1_18' title='bbox 859 618 986 670; x_wconf 87' lang='lat' dir='ltr'>orat</span> <span class='ocrx_word' id='word_1_19' title='bbox 1017 616 1087 669; x_wconf 90' lang='lat' dir='ltr'>de</span> <span class='ocrx_word' id='word_1_20' title='bbox 1110 617 1548 685; x_wconf 75' lang='lat' dir='ltr'>resurrectione,</span> <span class='ocrx_word' id='word_1_21' title='bbox 1579 623 1637 673; x_wconf 90' lang='lat' dir='ltr'>et</span> <span class='ocrx_word' id='word_1_22' title='bbox 1663 621 1731 675; x_wconf 89' lang='lat' dir='ltr'>de</span> <span class='ocrx_word' id='word_1_23' title='bbox 1746 636 1878 675; x_wconf 87' lang='lat' dir='ltr'>con-</span> 
     </span>
    </p>
   </div>
   <div class='ocr_carea' id='block_1_5' title="bbox 265 702 1874 774">
    <p class='ocr_par' dir='ltr' id='par_1_5' title="bbox 265 702 1874 774">
     <span class='ocr_line' id='line_1_5' title="bbox 265 702 1874 774; baseline 0.006 -19"><span class='ocrx_word' id='word_1_24' title='bbox 265 702 483 756; x_wconf 77' lang='lat' dir='ltr'>stantia</span> <span class='ocrx_word' id='word_1_25' title='bbox 514 702 573 756; x_wconf 91' lang='lat' dir='ltr'>in</span> <span class='ocrx_word' id='word_1_26' title='bbox 604 703 889 774; x_wconf 77' lang='lat' dir='ltr'>passione,</span> <span class='ocrx_word' id='word_1_27' title='bbox 912 708 971 759; x_wconf 90' lang='lat' dir='ltr'>et</span> <span class='ocrx_word' id='word_1_28' title='bbox 989 706 1059 760; x_wconf 90' lang='lat' dir='ltr'>de</span> <span class='ocrx_word' id='word_1_29' title='bbox 1080 705 1448 762; x_wconf 88' lang='lat' dir='ltr'>inimicorum</span> <span class='ocrx_word' id='word_1_30' title='bbox 1466 709 1874 764; x_wconf 88' lang='lat' dir='ltr'>salvandorum</span> 
     </span>
    </p>
   </div>
   <div class='ocr_carea' id='block_1_6' title="bbox 265 789 1870 858">
    <p class='ocr_par' dir='ltr' id='par_1_6' title="bbox 265 789 1870 858">
     <span class='ocr_line' id='line_1_6' title="bbox 265 789 1870 858; baseline 0.005 -15"><span class='ocrx_word' id='word_1_31' title='bbox 265 789 664 858; x_wconf 85' lang='lat' dir='ltr'>conversione,</span> <span class='ocrx_word' id='word_1_32' title='bbox 691 793 749 845; x_wconf 90' lang='lat' dir='ltr'>et</span> <span class='ocrx_word' id='word_1_33' title='bbox 779 791 851 845; x_wconf 92' lang='lat' dir='ltr'>de</span> <span class='ocrx_word' id='word_1_34' title='bbox 883 808 1117 846; x_wconf 91' lang='lat' dir='ltr'>suorum</span> <span class='ocrx_word' id='word_1_35' title='bbox 1148 793 1350 848; x_wconf 70' lang='lat' dir='ltr'>lzetitia</span> <span class='ocrx_word' id='word_1_36' title='bbox 1385 797 1443 849; x_wconf 92' lang='lat' dir='ltr'>et</span> <span class='ocrx_word' id='word_1_37' title='bbox 1476 796 1870 852; x_wconf 76' lang='lat' dir='ltr'>exsultatione.</span> 
     </span>
    </p>
   </div>
   <div class='ocr_carea' id='block_1_7' title="bbox 265 877 1873 955">
    <p class='ocr_par' dir='ltr' id='par_1_7' title="bbox 265 877 1873 955">
     <span class='ocr_line' id='line_1_7' title="bbox 265 877 1873 955; baseline 0.006 -23"><span class='ocrx_word' id='word_1_38' title='bbox 265 877 422 942; x_wconf 88' lang='lat' dir='ltr'>Quos</span> <span class='ocrx_word' id='word_1_39' title='bbox 438 878 512 933; x_wconf 89' lang='lat' dir='ltr'>ad</span> <span class='ocrx_word' id='word_1_40' title='bbox 527 879 626 934; x_wconf 90' lang='lat' dir='ltr'>Dei</span> <span class='ocrx_word' id='word_1_41' title='bbox 639 878 841 934; x_wconf 83' lang='lat' dir='ltr'>invitat</span> <span class='ocrx_word' id='word_1_42' title='bbox 860 880 1392 953; x_wconf 86' lang='lat' dir='ltr'>magnificationem</span> <span class='ocrx_word' id='word_1_43' title='bbox 1415 887 1472 938; x_wconf 91' lang='lat' dir='ltr'>et</span> <span class='ocrx_word' id='word_1_44' title='bbox 1492 883 1751 955; x_wconf 89' lang='lat' dir='ltr'>ipsorum</span> <span class='ocrx_word' id='word_1_45' title='bbox 1766 886 1873 941; x_wconf 89' lang='lat' dir='ltr'>hu-</span> 
     </span>
    </p>
   </div>
   <div class='ocr_carea' id='block_1_8' title="bbox 264 965 1870 1041">
    <p class='ocr_par' dir='ltr' id='par_1_8' title="bbox 264 965 1870 1041">
     <span class='ocr_line' id='line_1_8' title="bbox 264 965 1870 1041; baseline 0.005 -22"><span class='ocrx_word' id='word_1_46' title='bbox 264 965 719 1035; x_wconf 88' lang='lat' dir='ltr'>miliatonem,et</span> <span class='ocrx_word' id='word_1_47' title='bbox 738 966 821 1022; x_wconf 91' lang='lat' dir='ltr'>sui</span> <span class='ocrx_word' id='word_1_48' title='bbox 840 969 1102 1041; x_wconf 85' lang='lat' dir='ltr'>exemplo</span> <span class='ocrx_word' id='word_1_49' title='bbox 1124 969 1389 1024; x_wconf 85' lang='lat' dir='ltr'>hortatur</span> <span class='ocrx_word' id='word_1_50' title='bbox 1419 971 1492 1026; x_wconf 81' lang='lat' dir='ltr'>ad</span> <span class='ocrx_word' id='word_1_51' title='bbox 1522 973 1870 1029; x_wconf 88' lang='lat' dir='ltr'>orationem.</span> 
     </span>
    </p>
   </div>
   <div class='ocr_carea' id='block_1_9' title="bbox 337 1052 1872 1126">
    <p class='ocr_par' dir='ltr' id='par_1_9' title="bbox 337 1052 1872 1126">
     <span class='ocr_line' id='line_1_9' title="bbox 337 1052 1872 1126; baseline 0.006 -19"><span class='ocrx_word' id='word_1_52' title='bbox 337 1052 740 1122; x_wconf 81' lang='lat' dir='ltr'>DeusPatcr,in</span> <span class='ocrx_word' id='word_1_53' title='bbox 750 1055 1081 1126; x_wconf 87' lang='lat' dir='ltr'>adjutorium</span> <span class='ocrx_word' id='word_1_54' title='bbox 1094 1074 1268 1112; x_wconf 90' lang='lat' dir='ltr'>meum</span> <span class='ocrx_word' id='word_1_55' title='bbox 1287 1058 1581 1125; x_wconf 84' lang='lat' dir='ltr'>intende,id</span> <span class='ocrx_word' id='word_1_56' title='bbox 1601 1062 1685 1114; x_wconf 89' lang='lat' dir='ltr'>est</span> <span class='ocrx_word' id='word_1_57' title='bbox 1698 1061 1786 1116; x_wconf 90' lang='lat' dir='ltr'>fac</span> <span class='ocrx_word' id='word_1_58' title='bbox 1816 1065 1872 1116; x_wconf 91' lang='lat' dir='ltr'>te</span> 
     </span>
    </p>
   </div>
   <div class='ocr_carea' id='block_1_10' title="bbox 265 1141 1872 1215">
    <p class='ocr_par' dir='ltr' id='par_1_10' title="bbox 265 1141 1872 1215">
     <span class='ocr_line' id='line_1_10' title="bbox 265 1141 1872 1215; baseline 0.006 -19"><span class='ocrx_word' id='word_1_59' title='bbox 265 1141 558 1197; x_wconf 88' lang='lat' dir='ltr'>intentum</span> <span class='ocrx_word' id='word_1_60' title='bbox 586 1143 644 1197; x_wconf 89' lang='lat' dir='ltr'>in</span> <span class='ocrx_word' id='word_1_61' title='bbox 680 1144 1031 1215; x_wconf 87' lang='lat' dir='ltr'>adjutorium</span> <span class='ocrx_word' id='word_1_62' title='bbox 1055 1162 1274 1213; x_wconf 90' lang='lat' dir='ltr'>meum,</span> <span class='ocrx_word' id='word_1_63' title='bbox 1309 1151 1389 1214; x_wconf 85' lang='lat' dir='ltr'>ut,</span> <span class='ocrx_word' id='word_1_64' title='bbox 1423 1147 1872 1205; x_wconf 89' lang='lat' dir='ltr'>sicutintensam</span> 
     </span>
    </p>
   </div>
   <div class='ocr_carea' id='block_1_11' title="bbox 266 1232 1873 1305">
    <p class='ocr_par' dir='ltr' id='par_1_11' title="bbox 266 1232 1873 1305">
     <span class='ocr_line' id='line_1_11' title="bbox 266 1232 1873 1305; baseline 0.005 -21"><span class='ocrx_word' id='word_1_65' title='bbox 266 1246 613 1302; x_wconf 88' lang='lat' dir='ltr'>promereor</span> <span class='ocrx_word' id='word_1_66' title='bbox 626 1232 1022 1298; x_wconf 89' lang='lat' dir='ltr'>salvationem,</span> <span class='ocrx_word' id='word_1_67' title='bbox 1047 1236 1104 1287; x_wconf 88' lang='lat' dir='ltr'>et</span> <span class='ocrx_word' id='word_1_68' title='bbox 1130 1234 1210 1288; x_wconf 92' lang='lat' dir='ltr'>ita</span> <span class='ocrx_word' id='word_1_69' title='bbox 1226 1237 1282 1289; x_wconf 85' lang='lat' dir='ltr'>et</span> <span class='ocrx_word' id='word_1_70' title='bbox 1310 1235 1609 1291; x_wconf 88' lang='lat' dir='ltr'>tuinteuse</span> <span class='ocrx_word' id='word_1_71' title='bbox 1628 1237 1744 1305; x_wconf 89' lang='lat' dir='ltr'>des,</span> <span class='ocrx_word' id='word_1_72' title='bbox 1778 1256 1873 1293; x_wconf 86' lang='lat' dir='ltr'>me</span> 
     </span>
    </p>
   </div>
   <div class='ocr_carea' id='block_1_12' title="bbox 265 1319 1871 1394">
    <p class='ocr_par' dir='ltr' id='par_1_12' title="bbox 265 1319 1871 1394">
     <span class='ocr_line' id='line_1_12' title="bbox 265 1319 1871 1394; baseline 0.004 -19"><span class='ocrx_word' id='word_1_73' title='bbox 265 1319 659 1376; x_wconf 90' lang='lat' dir='ltr'>resuscitando</span> <span class='ocrx_word' id='word_1_74' title='bbox 684 1320 1075 1376; x_wconf 87' lang='lat' dir='ltr'>immortalem</span> <span class='ocrx_word' id='word_1_75' title='bbox 1096 1325 1153 1377; x_wconf 92' lang='lat' dir='ltr'>et</span> <span class='ocrx_word' id='word_1_76' title='bbox 1180 1322 1589 1394; x_wconf 88' lang='lat' dir='ltr'>impassibilem</span> <span class='ocrx_word' id='word_1_77' title='bbox 1610 1326 1871 1382; x_wconf 88' lang='lat' dir='ltr'>faciendo</span> 
     </span>
    </p>
   </div>
   <div class='ocr_carea' id='block_1_13' title="bbox 266 1408 1873 1483">
    <p class='ocr_par' dir='ltr' id='par_1_13' title="bbox 266 1408 1873 1483">
     <span class='ocr_line' id='line_1_13' title="bbox 266 1408 1873 1483; baseline 0.004 -20"><span class='ocrx_word' id='word_1_78' title='bbox 266 1409 337 1463; x_wconf 88' lang='lat' dir='ltr'>Et</span> <span class='ocrx_word' id='word_1_79' title='bbox 366 1409 475 1464; x_wconf 91' lang='lat' dir='ltr'>hoc</span> <span class='ocrx_word' id='word_1_80' title='bbox 489 1409 844 1480; x_wconf 86' lang='lat' dir='ltr'>adjutorium</span> <span class='ocrx_word' id='word_1_81' title='bbox 858 1426 974 1465; x_wconf 89' lang='lat' dir='ltr'>non</span> <span class='ocrx_word' id='word_1_82' title='bbox 994 1408 1222 1465; x_wconf 76' lang='lat' dir='ltr'>differas</span> <span class='ocrx_word' id='word_1_83' title='bbox 1235 1428 1412 1483; x_wconf 89' lang='lat' dir='ltr'>usque</span> <span class='ocrx_word' id='word_1_84' title='bbox 1426 1411 1484 1465; x_wconf 92' lang='lat' dir='ltr'>in</span> <span class='ocrx_word' id='word_1_85' title='bbox 1499 1429 1873 1469; x_wconf 88' lang='lat' dir='ltr'>communem</span> 
     </span>
    </p>
   </div>
   <div class='ocr_carea' id='block_1_14' title="bbox 263 1498 1877 1571">
    <p class='ocr_par' dir='ltr' id='par_1_14' title="bbox 263 1498 1877 1571">
     <span class='ocr_line' id='line_1_14' title="bbox 263 1498 1877 1571; baseline 0.003 -21"><span class='ocrx_word' id='word_1_86' title='bbox 263 1498 772 1565; x_wconf 86' lang='lat' dir='ltr'>resurrectionem,</span> <span class='ocrx_word' id='word_1_87' title='bbox 807 1498 906 1553; x_wconf 90' lang='lat' dir='ltr'>sed</span> <span class='ocrx_word' id='word_1_88' title='bbox 929 1499 1128 1567; x_wconf 79' lang='lat' dir='ltr'>festina</span> <span class='ocrx_word' id='word_1_89' title='bbox 1154 1498 1225 1552; x_wconf 85' lang='lat' dir='ltr'>ad</span> <span class='ocrx_word' id='word_1_90' title='bbox 1264 1516 1347 1553; x_wconf 88' lang='lat' dir='ltr'>me</span> <span class='ocrx_word' id='word_1_91' title='bbox 1371 1499 1761 1571; x_wconf 86' lang='lat' dir='ltr'>adjuvandum,</span> <span class='ocrx_word' id='word_1_92' title='bbox 1814 1504 1877 1555; x_wconf 89' lang='lat' dir='ltr'>ut</span> 
     </span>
    </p>
   </div>
   <div class='ocr_carea' id='block_1_15' title="bbox 260 1585 1873 1660">
    <p class='ocr_par' dir='ltr' id='par_1_15' title="bbox 260 1585 1873 1660">
     <span class='ocr_line' id='line_1_15' title="bbox 260 1585 1873 1660; baseline 0.003 -21"><span class='ocrx_word' id='word_1_93' title='bbox 260 1588 397 1656; x_wconf 88' lang='lat' dir='ltr'>post</span> <span class='ocrx_word' id='word_1_94' title='bbox 424 1589 539 1640; x_wconf 91' lang='lat' dir='ltr'>tres</span> <span class='ocrx_word' id='word_1_95' title='bbox 569 1585 689 1640; x_wconf 89' lang='lat' dir='ltr'>dies</span> <span class='ocrx_word' id='word_1_96' title='bbox 719 1585 1106 1642; x_wconf 89' lang='lat' dir='ltr'>resuscitando</span> <span class='ocrx_word' id='word_1_97' title='bbox 1138 1603 1255 1657; x_wconf 89' lang='lat' dir='ltr'>me,</span> <span class='ocrx_word' id='word_1_98' title='bbox 1288 1587 1347 1642; x_wconf 91' lang='lat' dir='ltr'>in</span> <span class='ocrx_word' id='word_1_99' title='bbox 1391 1587 1707 1660; x_wconf 87' lang='lat' dir='ltr'>perfectam</span> <span class='ocrx_word' id='word_1_100' title='bbox 1739 1590 1873 1644; x_wconf 87' lang='lat' dir='ltr'>bea-</span> 
     </span>
    </p>
   </div>
   <div class='ocr_carea' id='block_1_16' title="bbox 261 1673 1872 1747">
    <p class='ocr_par' dir='ltr' id='par_1_16' title="bbox 261 1673 1872 1747">
     <span class='ocr_line' id='line_1_16' title="bbox 261 1673 1872 1747; baseline 0.002 -19"><span class='ocrx_word' id='word_1_101' title='bbox 261 1673 530 1728; x_wconf 87' lang='lat' dir='ltr'>tudinem</span> <span class='ocrx_word' id='word_1_102' title='bbox 561 1673 819 1732; x_wconf 84' lang='lat' dir='ltr'>reducas.</span> <span class='ocrx_word' id='word_1_103' title='bbox 856 1676 921 1728; x_wconf 88' lang='lat' dir='ltr'>Et</span> <span class='ocrx_word' id='word_1_104' title='bbox 950 1692 1052 1747; x_wconf 91' lang='lat' dir='ltr'>per</span> <span class='ocrx_word' id='word_1_105' title='bbox 1088 1676 1196 1730; x_wconf 92' lang='lat' dir='ltr'>hoc</span> <span class='ocrx_word' id='word_1_106' title='bbox 1225 1675 1381 1747; x_wconf 89' lang='lat' dir='ltr'>quod</span> <span class='ocrx_word' id='word_1_107' title='bbox 1425 1693 1519 1730; x_wconf 91' lang='lat' dir='ltr'>me</span> <span class='ocrx_word' id='word_1_108' title='bbox 1554 1675 1872 1747; x_wconf 86' lang='lat' dir='ltr'>adjuvabis,</span> 
     </span>
    </p>
   </div>
   <div class='ocr_carea' id='block_1_17' title="bbox 1266 320 2604 387">
    <p class='ocr_par' dir='ltr' id='par_1_17' title="bbox 1266 320 2604 387">
     <span class='ocr_line' id='line_1_17' title="bbox 1266 320 2604 387; baseline 0.008 -12"><span class='ocrx_word' id='word_1_109' title='bbox 1266 320 1621 387; x_wconf 77' lang='lat' dir='ltr'>EXPQSITIO</span> <span class='ocrx_word' id='word_1_110' title='bbox 1659 322 1729 379; x_wconf 87' lang='lat' dir='ltr'>IN</span> <span class='ocrx_word' id='word_1_111' title='bbox 1766 322 2101 382; x_wconf 78' lang='lat' dir='ltr'>PSALMOS.</span> <span class='ocrx_word' id='word_1_112' title='bbox 2139 357 2209 368; x_wconf 90' lang='lat'>—-</span> <span class='ocrx_word' id='word_1_113' title='bbox 2245 327 2438 384; x_wconf 85' lang='lat' dir='ltr'>PSAL.</span> <span class='ocrx_word' id='word_1_114' title='bbox 2481 329 2604 386; x_wconf 85' lang='lat' dir='ltr'><strong>LXX</strong></span> 
     </span>
    </p>
   </div>
   <div class='ocr_carea' id='block_1_18' title="bbox 1897 493 1954 553">
    <p class='ocr_par' dir='ltr' id='par_1_18' title="bbox 1897 493 1954 553">
     <span class='ocr_line' id='line_1_18' title="bbox 1897 493 1954 553; baseline 0 0"><span class='ocrx_word' id='word_1_115' title='bbox 1897 493 1954 553; x_wconf 88' lang='lat' dir='ltr'><strong>A</strong></span> 
     </span>
    </p>
   </div>
   <div class='ocr_carea' id='block_1_19' title="bbox 3484 339 3586 395">
    <p class='ocr_par' dir='ltr' id='par_1_19' title="bbox 3484 339 3586 395">
     <span class='ocr_line' id='line_1_19' title="bbox 3484 339 3586 395; baseline 0.029 -3"><span class='ocrx_word' id='word_1_116' title='bbox 3484 339 3586 395; x_wconf 84' lang='lat'>982</span> 
     </span>
    </p>
   </div>
   <div class='ocr_carea' id='block_1_20' title="bbox 1981 445 3579 525">
    <p class='ocr_par' dir='ltr' id='par_1_20' title="bbox 1981 445 3579 525">
     <span class='ocr_line' id='line_1_20' title="bbox 1981 445 3579 525; baseline 0.006 -25"><span class='ocrx_word' id='word_1_117' title='bbox 1981 445 2254 515; x_wconf 83' lang='lat' dir='ltr'>Jonadab,</span> <span class='ocrx_word' id='word_1_118' title='bbox 2287 455 2335 501; x_wconf 87' lang='lat' dir='ltr'>et</span> <span class='ocrx_word' id='word_1_119' title='bbox 2354 450 2599 520; x_wconf 77' lang='lat' dir='ltr'>priorum</span> <span class='ocrx_word' id='word_1_120' title='bbox 2628 449 2978 520; x_wconf 79' lang='lat' dir='ltr'>captivorum.</span> <span class='ocrx_word' id='word_1_121' title='bbox 3023 450 3285 506; x_wconf 85' lang='lat' dir='ltr'>Innuitur</span> <span class='ocrx_word' id='word_1_122' title='bbox 3313 452 3406 508; x_wconf 89' lang='lat' dir='ltr'>hic</span> <span class='ocrx_word' id='word_1_123' title='bbox 3435 454 3579 525; x_wconf 87' lang='lat' dir='ltr'>figu-</span> 
     </span>
    </p>
   </div>
   <div class='ocr_carea' id='block_1_21' title="bbox 1979 534 3581 609">
    <p class='ocr_par' dir='ltr' id='par_1_21' title="bbox 1979 534 3581 609">
     <span class='ocr_line' id='line_1_21' title="bbox 1979 534 3581 609; baseline 0.006 -22"><span class='ocrx_word' id='word_1_124' title='bbox 1979 550 2045 587; x_wconf 87' lang='lat' dir='ltr'>ra</span> <span class='ocrx_word' id='word_1_125' title='bbox 2070 534 2322 590; x_wconf 68' lang='lat' dir='ltr'>hisloria:</span> <span class='ocrx_word' id='word_1_126' title='bbox 2351 537 2420 591; x_wconf 92' lang='lat' dir='ltr'>de</span> <span class='ocrx_word' id='word_1_127' title='bbox 2450 538 2709 593; x_wconf 87' lang='lat' dir='ltr'>Jonadab</span> <span class='ocrx_word' id='word_1_128' title='bbox 2743 536 2839 609; x_wconf 91' lang='lat' dir='ltr'>qui</span> <span class='ocrx_word' id='word_1_129' title='bbox 2870 536 2929 591; x_wconf 90' lang='lat' dir='ltr'>in</span> <span class='ocrx_word' id='word_1_130' title='bbox 2961 538 3088 609; x_wconf 84' lang='lat' dir='ltr'>lege</span> <span class='ocrx_word' id='word_1_131' title='bbox 3113 540 3288 594; x_wconf 84' lang='lat' dir='ltr'>veteri</span> <span class='ocrx_word' id='word_1_132' title='bbox 3318 543 3581 597; x_wconf 86' lang='lat' dir='ltr'>sacerdos</span> 
     </span>
    </p>
   </div>
   <div class='ocr_carea' id='block_1_22' title="bbox 1976 622 3578 698">
    <p class='ocr_par' dir='ltr' id='par_1_22' title="bbox 1976 622 3578 698">
     <span class='ocr_line' id='line_1_22' title="bbox 1976 622 3578 698; baseline 0.004 -21"><span class='ocrx_word' id='word_1_133' title='bbox 1976 622 2075 677; x_wconf 88' lang='lat' dir='ltr'>Dei</span> <span class='ocrx_word' id='word_1_134' title='bbox 2106 624 2494 678; x_wconf 84' lang='lat' dir='ltr'>sanctissimus</span> <span class='ocrx_word' id='word_1_135' title='bbox 2520 625 2645 691; x_wconf 89' lang='lat' dir='ltr'>fuit,</span> <span class='ocrx_word' id='word_1_136' title='bbox 2677 629 2734 679; x_wconf 88' lang='lat' dir='ltr'>et</span> <span class='ocrx_word' id='word_1_137' title='bbox 2760 625 2892 679; x_wconf 83' lang='lat' dir='ltr'>filiis</span> <span class='ocrx_word' id='word_1_138' title='bbox 2912 625 3025 679; x_wconf 88' lang='lat' dir='ltr'>suis</span> <span class='ocrx_word' id='word_1_139' title='bbox 3054 627 3328 698; x_wconf 59' lang='lat' dir='ltr'>prsecepit</span> <span class='ocrx_word' id='word_1_140' title='bbox 3380 629 3578 685; x_wconf 91' lang='lat' dir='ltr'>vinum</span> 
     </span>
    </p>
   </div>
   <div class='ocr_carea' id='block_1_23' title="bbox 1979 710 3576 779">
    <p class='ocr_par' dir='ltr' id='par_1_23' title="bbox 1979 710 3576 779">
     <span class='ocr_line' id='line_1_23' title="bbox 1979 710 3576 779; baseline 0.006 -16"><span class='ocrx_word' id='word_1_141' title='bbox 1979 728 2096 764; x_wconf 90' lang='lat' dir='ltr'>non</span> <span class='ocrx_word' id='word_1_142' title='bbox 2128 710 2347 778; x_wconf 89' lang='lat' dir='ltr'>bibere,</span> <span class='ocrx_word' id='word_1_143' title='bbox 2381 729 2486 766; x_wconf 90' lang='lat' dir='ltr'>nec</span> <span class='ocrx_word' id='word_1_144' title='bbox 2520 712 2578 766; x_wconf 91' lang='lat' dir='ltr'>in</span> <span class='ocrx_word' id='word_1_145' title='bbox 2610 713 2898 779; x_wconf 88' lang='lat' dir='ltr'>domibus,</span> <span class='ocrx_word' id='word_1_146' title='bbox 2929 713 3027 767; x_wconf 90' lang='lat' dir='ltr'>sed</span> <span class='ocrx_word' id='word_1_147' title='bbox 3081 712 3140 767; x_wconf 90' lang='lat' dir='ltr'>in</span> <span class='ocrx_word' id='word_1_148' title='bbox 3192 714 3576 771; x_wconf 84' lang='lat' dir='ltr'>tabernaculis</span> 
     </span>
    </p>
   </div>
   <div class='ocr_carea' id='block_1_24' title="bbox 1975 798 3575 872">
    <p class='ocr_par' dir='ltr' id='par_1_24' title="bbox 1975 798 3575 872">
     <span class='ocr_line' id='line_1_24' title="bbox 1975 798 3575 872; baseline 0.004 -21"><span class='ocrx_word' id='word_1_149' title='bbox 1975 798 2237 852; x_wconf 89' lang='lat' dir='ltr'>habitare</span> <span class='ocrx_word' id='word_1_150' title='bbox 2259 799 2390 865; x_wconf 89' lang='lat' dir='ltr'>(Jer.</span> <span class='ocrx_word' id='word_1_151' title='bbox 2425 817 2584 867; x_wconf 82' lang='lat' dir='ltr'>xxxv,</span> <span class='ocrx_word' id='word_1_152' title='bbox 2620 802 2672 867; x_wconf 90' lang='lat'>6,</span> <span class='ocrx_word' id='word_1_153' title='bbox 2706 804 2759 862; x_wconf 89' lang='grc'>7)</span> <span class='ocrx_word' id='word_1_154' title='bbox 2791 801 2950 872; x_wconf 88' lang='lat' dir='ltr'>cujus</span> <span class='ocrx_word' id='word_1_155' title='bbox 2969 800 3271 872; x_wconf 58' lang='lat' dir='ltr'>praeceptis</span> <span class='ocrx_word' id='word_1_156' title='bbox 3310 819 3428 857; x_wconf 89' lang='lat' dir='ltr'>non</span> <span class='ocrx_word' id='word_1_157' title='bbox 3475 804 3575 858; x_wconf 88' lang='lat' dir='ltr'>de-</span> 
     </span>
    </p>
   </div>
   <div class='ocr_carea' id='block_1_25' title="bbox 1974 884 3578 963">
    <p class='ocr_par' dir='ltr' id='par_1_25' title="bbox 1974 884 3578 963">
     <span class='ocr_line' id='line_1_25' title="bbox 1974 884 3578 963; baseline 0.004 -24"><span class='ocrx_word' id='word_1_158' title='bbox 1974 884 2081 939; x_wconf 85' lang='lat' dir='ltr'>fuit</span> <span class='ocrx_word' id='word_1_159' title='bbox 2118 885 2368 940; x_wconf 83' lang='lat' dir='ltr'>ﬁliorum</span> <span class='ocrx_word' id='word_1_160' title='bbox 2405 887 2751 943; x_wconf 90' lang='lat' dir='ltr'>obedientia.</span> <span class='ocrx_word' id='word_1_161' title='bbox 2794 890 2902 943; x_wconf 91' lang='lat' dir='ltr'>Per</span> <span class='ocrx_word' id='word_1_162' title='bbox 2937 888 3196 944; x_wconf 72' lang='lat' dir='ltr'>Ionadab</span> <span class='ocrx_word' id='word_1_163' title='bbox 3254 892 3447 944; x_wconf 89' lang='lat' dir='ltr'>autem</span> <span class='ocrx_word' id='word_1_164' title='bbox 3479 891 3578 963; x_wconf 86' lang='lat' dir='ltr'>qui</span> 
     </span>
    </p>
   </div>
   <div class='ocr_carea' id='block_1_26' title="bbox 1971 975 3576 1050">
    <p class='ocr_par' dir='ltr' id='par_1_26' title="bbox 1971 975 3576 1050">
     <span class='ocr_line' id='line_1_26' title="bbox 1971 975 3576 1050; baseline 0.002 -21"><span class='ocrx_word' id='word_1_165' title='bbox 1971 981 2287 1044; x_wconf 79' lang='lat' dir='ltr'>spontaneus</span> <span class='ocrx_word' id='word_1_166' title='bbox 2316 976 2541 1030; x_wconf 85' lang='lat' dir='ltr'>Domini</span> <span class='ocrx_word' id='word_1_167' title='bbox 2576 975 2802 1043; x_wconf 91' lang='lat' dir='ltr'>dicitur,</span> <span class='ocrx_word' id='word_1_168' title='bbox 2836 976 3087 1031; x_wconf 88' lang='lat' dir='ltr'>Christus</span> <span class='ocrx_word' id='word_1_169' title='bbox 3139 993 3392 1049; x_wconf 83' lang='lat' dir='ltr'>congrue</span> <span class='ocrx_word' id='word_1_170' title='bbox 3429 979 3576 1050; x_wconf 85' lang='lat' dir='ltr'>figu-</span> 
     </span>
    </p>
   </div>
   <div class='ocr_carea' id='block_1_27' title="bbox 1971 1062 3576 1135">
    <p class='ocr_par' dir='ltr' id='par_1_27' title="bbox 1971 1062 3576 1135">
     <span class='ocr_line' id='line_1_27' title="bbox 1971 1062 3576 1135; baseline 0.003 -19"><span class='ocrx_word' id='word_1_171' title='bbox 1971 1065 2152 1130; x_wconf 89' lang='lat' dir='ltr'>ratur,</span> <span class='ocrx_word' id='word_1_172' title='bbox 2185 1062 2282 1134; x_wconf 89' lang='lat' dir='ltr'>qui</span> <span class='ocrx_word' id='word_1_173' title='bbox 2340 1064 2606 1118; x_wconf 89' lang='lat' dir='ltr'>sacerdos</span> <span class='ocrx_word' id='word_1_174' title='bbox 2664 1063 2721 1118; x_wconf 91' lang='lat' dir='ltr'>in</span> <span class='ocrx_word' id='word_1_175' title='bbox 2782 1066 3065 1119; x_wconf 67' lang='lat' dir='ltr'>aeternum</span> <span class='ocrx_word' id='word_1_176' title='bbox 3114 1064 3274 1135; x_wconf 83' lang='lat' dir='ltr'>juxta</span> <span class='ocrx_word' id='word_1_177' title='bbox 3310 1066 3576 1121; x_wconf 85' lang='lat' dir='ltr'>ordinem</span> 
     </span>
    </p>
   </div>
   <div class='ocr_carea' id='block_1_28' title="bbox 1970 1148 3577 1219">
    <p class='ocr_par' dir='ltr' id='par_1_28' title="bbox 1970 1148 3577 1219">
     <span class='ocr_line' id='line_1_28' title="bbox 1970 1148 3577 1219; baseline 0.006 -17"><span class='ocrx_word' id='word_1_178' title='bbox 1970 1148 2400 1217; x_wconf 81' lang='lat' dir='ltr'>Melchisedech,</span> <span class='ocrx_word' id='word_1_179' title='bbox 2449 1167 2565 1205; x_wconf 89' lang='lat' dir='ltr'>non</span> <span class='ocrx_word' id='word_1_180' title='bbox 2606 1167 2673 1205; x_wconf 80' lang='lat' dir='ltr'>ex</span> <span class='ocrx_word' id='word_1_181' title='bbox 2730 1151 2942 1207; x_wconf 81' lang='lat' dir='ltr'>timore</span> <span class='ocrx_word' id='word_1_182' title='bbox 2984 1151 3192 1219; x_wconf 90' lang='lat' dir='ltr'>servili,</span> <span class='ocrx_word' id='word_1_183' title='bbox 3223 1152 3322 1206; x_wconf 90' lang='lat' dir='ltr'>sed</span> <span class='ocrx_word' id='word_1_184' title='bbox 3375 1171 3577 1211; x_wconf 90' lang='lat' dir='ltr'>amore</span> 
     </span>
    </p>
   </div>
   <div class='ocr_carea' id='block_1_29' title="bbox 1973 1239 3576 1307">
    <p class='ocr_par' dir='ltr' id='par_1_29' title="bbox 1973 1239 3576 1307">
     <span class='ocr_line' id='line_1_29' title="bbox 1973 1239 3576 1307; baseline 0.005 -17"><span class='ocrx_word' id='word_1_185' title='bbox 1973 1240 2291 1307; x_wconf 88' lang='lat' dir='ltr'>spontaneo</span> <span class='ocrx_word' id='word_1_186' title='bbox 2326 1242 2383 1292; x_wconf 92' lang='lat' dir='ltr'>et</span> <span class='ocrx_word' id='word_1_187' title='bbox 2436 1243 2612 1307; x_wconf 90' lang='lat' dir='ltr'>casto,</span> <span class='ocrx_word' id='word_1_188' title='bbox 2658 1239 2906 1295; x_wconf 89' lang='lat' dir='ltr'>Domino</span> <span class='ocrx_word' id='word_1_189' title='bbox 2962 1240 3115 1295; x_wconf 86' lang='lat' dir='ltr'>Patri</span> <span class='ocrx_word' id='word_1_190' title='bbox 3159 1241 3408 1296; x_wconf 89' lang='lat' dir='ltr'>serviens</span> <span class='ocrx_word' id='word_1_191' title='bbox 3439 1243 3576 1299; x_wconf 80' lang='lat' dir='ltr'>obe-</span> 
     </span>
    </p>
   </div>
   <div class='ocr_carea' id='block_1_30' title="bbox 1975 1324 2879 1399">
    <p class='ocr_par' dir='ltr' id='par_1_30' title="bbox 1975 1324 2879 1399">
     <span class='ocr_line' id='line_1_30' title="bbox 1975 1324 2879 1399; baseline 0.001 -20"><span class='ocrx_word' id='word_1_192' title='bbox 1975 1324 2207 1399; x_wconf 71' lang='lat' dir='ltr'>dientize</span> <span class='ocrx_word' id='word_1_193' title='bbox 2235 1344 2350 1380; x_wconf 71' lang='lat' dir='ltr'>sua:</span> <span class='ocrx_word' id='word_1_194' title='bbox 2379 1343 2605 1382; x_wconf 89' lang='lat' dir='ltr'>cursum</span> <span class='ocrx_word' id='word_1_195' title='bbox 2638 1327 2879 1399; x_wconf 83' lang='lat' dir='ltr'>peregit.</span> 
     </span>
    </p>
   </div>
   <div class='ocr_carea' id='block_1_31' title="bbox 2047 1412 3577 1486">
    <p class='ocr_par' dir='ltr' id='par_1_31' title="bbox 2047 1412 3577 1486">
     <span class='ocr_line' id='line_1_31' title="bbox 2047 1412 3577 1486; baseline 0.007 -20"><span class='ocrx_word' id='word_1_196' title='bbox 2047 1412 2152 1477; x_wconf 89' lang='lat' dir='ltr'>Qui</span> <span class='ocrx_word' id='word_1_197' title='bbox 2181 1414 2436 1468; x_wconf 86' lang='lat' dir='ltr'>Christus</span> <span class='ocrx_word' id='word_1_198' title='bbox 2467 1415 2596 1468; x_wconf 86' lang='lat' dir='ltr'>filiis</span> <span class='ocrx_word' id='word_1_199' title='bbox 2625 1414 2760 1477; x_wconf 90' lang='lat' dir='ltr'>suis,</span> <span class='ocrx_word' id='word_1_200' title='bbox 2792 1415 3139 1486; x_wconf 88' lang='lat' dir='ltr'>spiritalibus</span> <span class='ocrx_word' id='word_1_201' title='bbox 3170 1417 3433 1475; x_wconf 87' lang='lat' dir='ltr'>fidelibus</span> <span class='ocrx_word' id='word_1_202' title='bbox 3473 1420 3577 1477; x_wconf 87' lang='lat' dir='ltr'>sci-</span> 
     </span>
    </p>
   </div>
   <div class='ocr_carea' id='block_1_32' title="bbox 1974 1500 3580 1574">
    <p class='ocr_par' dir='ltr' id='par_1_32' title="bbox 1974 1500 3580 1574">
     <span class='ocr_line' id='line_1_32' title="bbox 1974 1500 3580 1574; baseline 0.005 -19"><span class='ocrx_word' id='word_1_203' title='bbox 1974 1500 2127 1569; x_wconf 89' lang='lat' dir='ltr'>licet,</span> <span class='ocrx_word' id='word_1_204' title='bbox 2155 1503 2641 1574; x_wconf 67' lang='lat' dir='ltr'>prascepitvinum</span> <span class='ocrx_word' id='word_1_205' title='bbox 2676 1520 2794 1558; x_wconf 91' lang='lat' dir='ltr'>non</span> <span class='ocrx_word' id='word_1_206' title='bbox 2826 1504 3043 1571; x_wconf 82' lang='lat' dir='ltr'>bibere,</span> <span class='ocrx_word' id='word_1_207' title='bbox 3071 1504 3130 1559; x_wconf 91' lang='lat' dir='ltr'>id</span> <span class='ocrx_word' id='word_1_208' title='bbox 3151 1508 3237 1560; x_wconf 88' lang='lat' dir='ltr'>est</span> <span class='ocrx_word' id='word_1_209' title='bbox 3281 1509 3580 1563; x_wconf 80' lang='lat' dir='ltr'>carnalem</span> 
     </span>
    </p>
   </div>
   <div class='ocr_carea' id='block_1_33' title="bbox 1978 1592 3579 1663">
    <p class='ocr_par' dir='ltr' id='par_1_33' title="bbox 1978 1592 3579 1663">
     <span class='ocr_line' id='line_1_33' title="bbox 1978 1592 3579 1663; baseline 0.006 -20"><span class='ocrx_word' id='word_1_210' title='bbox 1978 1592 2329 1661; x_wconf 90' lang='lat' dir='ltr'>voluptatem</span> <span class='ocrx_word' id='word_1_211' title='bbox 2350 1608 2466 1647; x_wconf 92' lang='lat' dir='ltr'>non</span> <span class='ocrx_word' id='word_1_212' title='bbox 2483 1592 3114 1663; x_wconf 83' lang='lat' dir='ltr'>amare,quaehomines</span> <span class='ocrx_word' id='word_1_213' title='bbox 3134 1593 3240 1649; x_wconf 90' lang='lat' dir='ltr'>sibi</span> <span class='ocrx_word' id='word_1_214' title='bbox 3263 1596 3523 1653; x_wconf 89' lang='lat' dir='ltr'>subditos</span> <span class='ocrx_word' id='word_1_215' title='bbox 3545 1615 3579 1653; x_wconf 88' lang='lat' dir='ltr'>a</span> 
     </span>
    </p>
   </div>
   <div class='ocr_carea' id='block_1_34' title="bbox 1975 1679 3574 1747">
    <p class='ocr_par' dir='ltr' id='par_1_34' title="bbox 1975 1679 3574 1747">
     <span class='ocr_line' id='line_1_34' title="bbox 1975 1679 3574 1747; baseline 0.004 -14"><span class='ocrx_word' id='word_1_216' title='bbox 1975 1679 2092 1733; x_wconf 88' lang='lat' dir='ltr'>Deo</span> <span class='ocrx_word' id='word_1_217' title='bbox 2120 1680 2470 1735; x_wconf 89' lang='lat' dir='ltr'>retrahendo</span> <span class='ocrx_word' id='word_1_218' title='bbox 2494 1680 2815 1747; x_wconf 91' lang='lat' dir='ltr'>dementat,</span> <span class='ocrx_word' id='word_1_219' title='bbox 2847 1698 3007 1743; x_wconf 88' lang='lat' dir='ltr'>more</span> <span class='ocrx_word' id='word_1_220' title='bbox 3043 1682 3160 1736; x_wconf 89' lang='lat' dir='ltr'>vini</span> <span class='ocrx_word' id='word_1_221' title='bbox 3214 1682 3574 1741; x_wconf 89' lang='lat' dir='ltr'>inebriantis.</span> 
     </span>
    </p>
   </div>
   <div class='ocr_carea' id='block_1_35' title="bbox 262 1761 3581 1853">
    <p class='ocr_par' dir='ltr' id='par_1_35' title="bbox 262 1761 3581 1853">
     <span class='ocr_line' id='line_1_35' title="bbox 262 1761 3581 1853; baseline 0.003 -37"><span class='ocrx_word' id='word_1_222' title='bbox 262 1761 667 1831; x_wconf 77' lang='lat' dir='ltr'>confundantur</span> <span class='ocrx_word' id='word_1_223' title='bbox 693 1762 844 1817; x_wconf 86' lang='lat' dir='ltr'>bona</span> <span class='ocrx_word' id='word_1_224' title='bbox 874 1763 1298 1830; x_wconf 89' lang='lat' dir='ltr'>confusione,et</span> <span class='ocrx_word' id='word_1_225' title='bbox 1322 1771 1682 1832; x_wconf 84' lang='lat' dir='ltr'>revereantur,</span> <span class='ocrx_word' id='word_1_226' title='bbox 1716 1765 1773 1819; x_wconf 90' lang='lat' dir='ltr'>id</span> <span class='ocrx_word' id='word_1_227' title='bbox 1790 1768 1876 1820; x_wconf 88' lang='lat' dir='ltr'>est</span> <span class='ocrx_word' id='word_1_228' title='bbox 1898 1795 1946 1853; x_wconf 77' lang='grc' dir='ltr'>Β</span> <span class='ocrx_word' id='word_1_229' title='bbox 1971 1768 2136 1821; x_wconf 74' lang='lat' dir='ltr'>Juxta</span> <span class='ocrx_word' id='word_1_230' title='bbox 2153 1769 2309 1839; x_wconf 92' lang='lat' dir='ltr'>quod</span> <span class='ocrx_word' id='word_1_231' title='bbox 2335 1769 2392 1821; x_wconf 87' lang='lat' dir='ltr'>in</span> <span class='ocrx_word' id='word_1_232' title='bbox 2418 1769 2725 1839; x_wconf 82' lang='lat' dir='ltr'>Evangelio</span> <span class='ocrx_word' id='word_1_233' title='bbox 2758 1768 2913 1822; x_wconf 89' lang='lat' dir='ltr'>idem</span> <span class='ocrx_word' id='word_1_234' title='bbox 2962 1769 3161 1824; x_wconf 85' lang='lat' dir='ltr'>asserit</span> <span class='ocrx_word' id='word_1_235' title='bbox 3200 1788 3212 1825; x_wconf 94' lang='lat'>:</span> <span class='ocrx_word' id='word_1_236' title='bbox 3248 1794 3276 1821; x_wconf 88' lang='grc'>‹‹</span> <span class='ocrx_word' id='word_1_237' title='bbox 3311 1771 3419 1836; x_wconf 85' lang='lat' dir='ltr'>Qui</span> <span class='ocrx_word' id='word_1_238' title='bbox 3464 1775 3581 1830; x_wconf 87' lang='lat' dir='ltr'>vult</span> 
     </span>
    </p>
   </div>
   <div class='ocr_carea' id='block_1_36' title="bbox 262 1848 1872 1924">
    <p class='ocr_par' dir='ltr' id='par_1_36' title="bbox 262 1848 1872 1924">
     <span class='ocr_line' id='line_1_36' title="bbox 262 1848 1872 1924; baseline 0.002 -21"><span class='ocrx_word' id='word_1_239' title='bbox 262 1848 337 1903; x_wconf 91' lang='lat' dir='ltr'>de</span> <span class='ocrx_word' id='word_1_240' title='bbox 364 1850 610 1921; x_wconf 87' lang='lat' dir='ltr'>peccatis</span> <span class='ocrx_word' id='word_1_241' title='bbox 643 1850 757 1904; x_wconf 90' lang='lat' dir='ltr'>suis</span> <span class='ocrx_word' id='word_1_242' title='bbox 785 1851 1034 1905; x_wconf 90' lang='lat' dir='ltr'>timeant</span> <span class='ocrx_word' id='word_1_243' title='bbox 1076 1850 1156 1905; x_wconf 90' lang='lat' dir='ltr'>illi</span> <span class='ocrx_word' id='word_1_244' title='bbox 1205 1853 1300 1923; x_wconf 84' lang='lat' dir='ltr'>qui</span> <span class='ocrx_word' id='word_1_245' title='bbox 1328 1859 1579 1924; x_wconf 70' lang='lat' dir='ltr'>queerunt</span> <span class='ocrx_word' id='word_1_246' title='bbox 1634 1871 1872 1907; x_wconf 67' lang='lat' dir='ltr'>animum</span> 
     </span>
    </p>
   </div>
   <div class='ocr_carea' id='block_1_37' title="bbox 259 1937 1873 2014">
    <p class='ocr_par' dir='ltr' id='par_1_37' title="bbox 259 1937 1873 2014">
     <span class='ocr_line' id='line_1_37' title="bbox 259 1937 1873 2014; baseline 0.004 -25"><span class='ocrx_word' id='word_1_247' title='bbox 259 1953 436 1990; x_wconf 88' lang='lat' dir='ltr'>meam</span> <span class='ocrx_word' id='word_1_248' title='bbox 458 1937 705 2005; x_wconf 86' lang='lat' dir='ltr'>auferre,</span> <span class='ocrx_word' id='word_1_249' title='bbox 737 1939 915 1993; x_wconf 56' lang='lat' dir='ltr'>Judaei</span> <span class='ocrx_word' id='word_1_250' title='bbox 956 1939 1190 2010; x_wconf 89' lang='lat' dir='ltr'>scilicet,</span> <span class='ocrx_word' id='word_1_251' title='bbox 1242 1945 1300 1995; x_wconf 90' lang='lat' dir='ltr'>et</span> <span class='ocrx_word' id='word_1_252' title='bbox 1351 1957 1467 1996; x_wconf 91' lang='lat' dir='ltr'>non</span> <span class='ocrx_word' id='word_1_253' title='bbox 1527 1942 1714 1997; x_wconf 92' lang='lat' dir='ltr'>solum</span> <span class='ocrx_word' id='word_1_254' title='bbox 1776 1941 1873 2014; x_wconf 92' lang='lat' dir='ltr'>qui</span> 
     </span>
    </p>
   </div>
   <div class='ocr_carea' id='block_1_38' title="bbox 265 2028 1873 2102">
    <p class='ocr_par' dir='ltr' id='par_1_38' title="bbox 265 2028 1873 2102">
     <span class='ocr_line' id='line_1_38' title="bbox 265 2028 1873 2102; baseline 0.004 -23"><span class='ocrx_word' id='word_1_255' title='bbox 265 2028 536 2096; x_wconf 69' lang='lat' dir='ltr'>quaarunt</span> <span class='ocrx_word' id='word_1_256' title='bbox 553 2028 813 2083; x_wconf 90' lang='lat' dir='ltr'>animam</span> <span class='ocrx_word' id='word_1_257' title='bbox 838 2044 1051 2100; x_wconf 90' lang='lat' dir='ltr'>meam,</span> <span class='ocrx_word' id='word_1_258' title='bbox 1073 2029 1175 2084; x_wconf 91' lang='lat' dir='ltr'>sed</span> <span class='ocrx_word' id='word_1_259' title='bbox 1195 2030 1368 2084; x_wconf 89' lang='lat' dir='ltr'>etiam</span> <span class='ocrx_word' id='word_1_260' title='bbox 1385 2033 1479 2102; x_wconf 82' lang='lat' dir='ltr'>qui</span> <span class='ocrx_word' id='word_1_261' title='bbox 1505 2030 1873 2086; x_wconf 90' lang='lat' dir='ltr'>solummodo</span> 
     </span>
    </p>
   </div>
   <div class='ocr_carea' id='block_1_39' title="bbox 264 2113 1875 2174">
    <p class='ocr_par' dir='ltr' id='par_1_39' title="bbox 264 2113 1875 2174">
     <span class='ocr_line' id='line_1_39' title="bbox 264 2113 1875 2174; baseline 0.004 -8"><span class='ocrx_word' id='word_1_262' title='bbox 264 2113 450 2168; x_wconf 85' lang='lat' dir='ltr'>volunt</span> <span class='ocrx_word' id='word_1_263' title='bbox 473 2116 619 2170; x_wconf 80' lang='lat' dir='ltr'>mihi</span> <span class='ocrx_word' id='word_1_264' title='bbox 637 2117 798 2170; x_wconf 86' lang='lat' dir='ltr'>mala.</span> <span class='ocrx_word' id='word_1_265' title='bbox 830 2116 1166 2172; x_wconf 85' lang='lat' dir='ltr'>Avertantur</span> <span class='ocrx_word' id='word_1_266' title='bbox 1195 2126 1477 2173; x_wconf 85' lang='lat' dir='ltr'>retrorsum</span> <span class='ocrx_word' id='word_1_267' title='bbox 1500 2126 1549 2173; x_wconf 90' lang='lat' dir='ltr'>et</span> <span class='ocrx_word' id='word_1_268' title='bbox 1569 2119 1875 2174; x_wconf 81' lang='lat' dir='ltr'>erubescant</span> 
     </span>
    </p>
   </div>
   <div class='ocr_carea' id='block_1_40' title="bbox 265 2202 1872 2274">
    <p class='ocr_par' dir='ltr' id='par_1_40' title="bbox 265 2202 1872 2274">
     <span class='ocr_line' id='line_1_40' title="bbox 265 2202 1872 2274; baseline 0.003 -18"><span class='ocrx_word' id='word_1_269' title='bbox 265 2202 707 2274; x_wconf 67' lang='lat' dir='ltr'>Prmposteratio</span> <span class='ocrx_word' id='word_1_270' title='bbox 732 2205 1095 2273; x_wconf 89' lang='lat' dir='ltr'>erubescant,</span> <span class='ocrx_word' id='word_1_271' title='bbox 1128 2204 1189 2261; x_wconf 89' lang='lat' dir='ltr'>id</span> <span class='ocrx_word' id='word_1_272' title='bbox 1211 2209 1297 2261; x_wconf 90' lang='lat' dir='ltr'>est</span> <span class='ocrx_word' id='word_1_273' title='bbox 1324 2207 1783 2262; x_wconf 87' lang='lat' dir='ltr'>verecundentur</span> <span class='ocrx_word' id='word_1_274' title='bbox 1803 2207 1872 2261; x_wconf 91' lang='lat' dir='ltr'>de</span> 
     </span>
    </p>
   </div>
   <div class='ocr_carea' id='block_1_41' title="bbox 264 2279 1874 2366">
    <p class='ocr_par' dir='ltr' id='par_1_41' title="bbox 264 2279 1874 2366">
     <span class='ocr_line' id='line_1_41' title="bbox 264 2279 1874 2366; baseline 0.004 -22"><span class='ocrx_word' id='word_1_275' title='bbox 264 2291 486 2346; x_wconf 91' lang='lat' dir='ltr'>malitia</span> <span class='ocrx_word' id='word_1_276' title='bbox 509 2295 693 2359; x_wconf 89' lang='lat' dir='ltr'>sua,et</span> <span class='ocrx_word' id='word_1_277' title='bbox 713 2292 789 2348; x_wconf 89' lang='lat' dir='ltr'>sic</span> <span class='ocrx_word' id='word_1_278' title='bbox 805 2296 1138 2349; x_wconf 89' lang='lat' dir='ltr'>avertantur</span> <span class='ocrx_word' id='word_1_279' title='bbox 1157 2295 1228 2349; x_wconf 91' lang='lat' dir='ltr'>ab</span> <span class='ocrx_word' id='word_1_280' title='bbox 1247 2311 1315 2349; x_wconf 91' lang='lat' dir='ltr'>ea</span> <span class='ocrx_word' id='word_1_281' title='bbox 1340 2298 1655 2350; x_wconf 84' lang='lat' dir='ltr'>retrorsum</span> 
     </span>
    </p>
   </div>
   <div class='ocr_carea' id='block_1_42' title="bbox 262 2381 1872 2455">
    <p class='ocr_par' dir='ltr' id='par_1_42' title="bbox 262 2381 1872 2455">
     <span class='ocr_line' id='line_1_42' title="bbox 262 2381 1872 2455; baseline 0.002 -21"><span class='ocrx_word' id='word_1_282' title='bbox 262 2382 395 2451; x_wconf 86' lang='lat' dir='ltr'>post</span> <span class='ocrx_word' id='word_1_283' title='bbox 419 2396 512 2434; x_wconf 92' lang='lat' dir='ltr'>me</span> <span class='ocrx_word' id='word_1_284' title='bbox 540 2383 760 2450; x_wconf 89' lang='lat' dir='ltr'>euntes,</span> <span class='ocrx_word' id='word_1_285' title='bbox 794 2381 853 2436; x_wconf 93' lang='lat' dir='ltr'>id</span> <span class='ocrx_word' id='word_1_286' title='bbox 885 2386 970 2437; x_wconf 91' lang='lat' dir='ltr'>est</span> <span class='ocrx_word' id='word_1_287' title='bbox 998 2384 1115 2438; x_wconf 90' lang='lat' dir='ltr'>mei</span> <span class='ocrx_word' id='word_1_288' title='bbox 1144 2400 1415 2455; x_wconf 86' lang='lat' dir='ltr'>sequaces</span> <span class='ocrx_word' id='word_1_289' title='bbox 1467 2384 1674 2442; x_wconf 75' lang='lat' dir='ltr'>effecti.</span> <span class='ocrx_word' id='word_1_290' title='bbox 1717 2384 1872 2439; x_wconf 84' lang='lat' dir='ltr'>Multi</span> 
     </span>
    </p>
   </div>
   <div class='ocr_carea' id='block_1_43' title="bbox 260 2469 1874 2543">
    <p class='ocr_par' dir='ltr' id='par_1_43' title="bbox 260 2469 1874 2543">
     <span class='ocr_line' id='line_1_43' title="bbox 260 2469 1874 2543; baseline 0.002 -21"><span class='ocrx_word' id='word_1_291' title='bbox 260 2485 517 2540; x_wconf 90' lang='lat' dir='ltr'>namque</span> <span class='ocrx_word' id='word_1_292' title='bbox 547 2473 680 2523; x_wconf 89' lang='lat' dir='ltr'>sunt</span> <span class='ocrx_word' id='word_1_293' title='bbox 733 2469 875 2524; x_wconf 91' lang='lat' dir='ltr'>mihi</span> <span class='ocrx_word' id='word_1_294' title='bbox 918 2471 1074 2525; x_wconf 89' lang='lat' dir='ltr'>mala</span> <span class='ocrx_word' id='word_1_295' title='bbox 1102 2472 1377 2539; x_wconf 87' lang='lat' dir='ltr'>volentes,</span> <span class='ocrx_word' id='word_1_296' title='bbox 1419 2472 1517 2543; x_wconf 87' lang='lat' dir='ltr'>qui</span> <span class='ocrx_word' id='word_1_297' title='bbox 1565 2489 1683 2526; x_wconf 89' lang='lat' dir='ltr'>non</span> <span class='ocrx_word' id='word_1_298' title='bbox 1741 2475 1874 2525; x_wconf 90' lang='lat' dir='ltr'>sunt</span> 
     </span>
    </p>
   </div>
   <div class='ocr_carea' id='block_1_44' title="bbox 259 2556 1870 2631">
    <p class='ocr_par' dir='ltr' id='par_1_44' title="bbox 259 2556 1870 2631">
     <span class='ocr_line' id='line_1_44' title="bbox 259 2556 1870 2631; baseline 0.002 -20"><span class='ocrx_word' id='word_1_299' title='bbox 259 2556 519 2612; x_wconf 87' lang='lat' dir='ltr'>animam</span> <span class='ocrx_word' id='word_1_300' title='bbox 552 2575 744 2614; x_wconf 92' lang='lat' dir='ltr'>meam</span> <span class='ocrx_word' id='word_1_301' title='bbox 771 2562 1115 2631; x_wconf 66' lang='lat' dir='ltr'>quaerentes.</span> <span class='ocrx_word' id='word_1_302' title='bbox 1146 2561 1282 2615; x_wconf 89' lang='lat' dir='ltr'>Dico</span> <span class='ocrx_word' id='word_1_303' title='bbox 1314 2567 1650 2628; x_wconf 77' lang='lat' dir='ltr'>avertantur,</span> <span class='ocrx_word' id='word_1_304' title='bbox 1672 2563 1728 2615; x_wconf 91' lang='lat' dir='ltr'>et</span> <span class='ocrx_word' id='word_1_305' title='bbox 1748 2561 1870 2616; x_wconf 56' lang='lat' dir='ltr'>haec</span> 
     </span>
    </p>
   </div>
   <div class='ocr_carea' id='block_1_45' title="bbox 260 2646 1866 2720">
    <p class='ocr_par' dir='ltr' id='par_1_45' title="bbox 260 2646 1866 2720">
     <span class='ocr_line' id='line_1_45' title="bbox 260 2646 1866 2720; baseline 0.002 -20"><span class='ocrx_word' id='word_1_306' title='bbox 260 2646 478 2701; x_wconf 87' lang='lat' dir='ltr'>aversio</span> <span class='ocrx_word' id='word_1_307' title='bbox 505 2664 623 2701; x_wconf 90' lang='lat' dir='ltr'>non</span> <span class='ocrx_word' id='word_1_308' title='bbox 654 2647 952 2702; x_wconf 71' lang='lat' dir='ltr'>differatur</span> <span class='ocrx_word' id='word_1_309' title='bbox 977 2665 1155 2720; x_wconf 90' lang='lat' dir='ltr'>usque</span> <span class='ocrx_word' id='word_1_310' title='bbox 1182 2649 1241 2703; x_wconf 91' lang='lat' dir='ltr'>in</span> <span class='ocrx_word' id='word_1_311' title='bbox 1288 2650 1560 2704; x_wconf 72' lang='lat' dir='ltr'>sazculum</span> <span class='ocrx_word' id='word_1_312' title='bbox 1588 2650 1866 2717; x_wconf 89' lang='lat' dir='ltr'>futurum,</span> 
     </span>
    </p>
   </div>
   <div class='ocr_carea' id='block_1_46' title="bbox 256 2734 1869 2809">
    <p class='ocr_par' dir='ltr' id='par_1_46' title="bbox 256 2734 1869 2809">
     <span class='ocr_line' id='line_1_46' title="bbox 256 2734 1869 2809; baseline 0.001 -20"><span class='ocrx_word' id='word_1_313' title='bbox 256 2734 357 2789; x_wconf 89' lang='lat' dir='ltr'>sed</span> <span class='ocrx_word' id='word_1_314' title='bbox 388 2735 739 2790; x_wconf 81' lang='lat' dir='ltr'>erubescentes</span> <span class='ocrx_word' id='word_1_315' title='bbox 767 2740 971 2805; x_wconf 80' lang='lat' dir='ltr'>statim,</span> <span class='ocrx_word' id='word_1_316' title='bbox 1007 2737 1068 2791; x_wconf 94' lang='lat' dir='ltr'>id</span> <span class='ocrx_word' id='word_1_317' title='bbox 1097 2740 1182 2791; x_wconf 89' lang='lat' dir='ltr'>est</span> <span class='ocrx_word' id='word_1_318' title='bbox 1223 2737 1284 2791; x_wconf 88' lang='lat' dir='ltr'>iu</span> <span class='ocrx_word' id='word_1_319' title='bbox 1333 2737 1491 2792; x_wconf 88' lang='lat' dir='ltr'>brevi</span> <span class='ocrx_word' id='word_1_320' title='bbox 1520 2741 1649 2809; x_wconf 87' lang='lat' dir='ltr'>post</span> <span class='ocrx_word' id='word_1_321' title='bbox 1681 2755 1869 2793; x_wconf 91' lang='lat' dir='ltr'>resur-</span> 
     </span>
    </p>
   </div>
   <div class='ocr_carea' id='block_1_47' title="bbox 259 2823 1867 2899">
    <p class='ocr_par' dir='ltr' id='par_1_47' title="bbox 259 2823 1867 2899">
     <span class='ocr_line' id='line_1_47' title="bbox 259 2823 1867 2899; baseline 0.002 -23"><span class='ocrx_word' id='word_1_322' title='bbox 259 2823 580 2879; x_wconf 88' lang='lat' dir='ltr'>rectionem</span> <span class='ocrx_word' id='word_1_323' title='bbox 609 2841 822 2892; x_wconf 90' lang='lat' dir='ltr'>meam,</span> <span class='ocrx_word' id='word_1_324' title='bbox 855 2833 1170 2880; x_wconf 84' lang='lat' dir='ltr'>avertantur</span> <span class='ocrx_word' id='word_1_325' title='bbox 1192 2827 1262 2881; x_wconf 92' lang='lat' dir='ltr'>de</span> <span class='ocrx_word' id='word_1_326' title='bbox 1280 2826 1500 2881; x_wconf 91' lang='lat' dir='ltr'>malitia</span> <span class='ocrx_word' id='word_1_327' title='bbox 1532 2843 1632 2880; x_wconf 92' lang='lat' dir='ltr'>sua</span> <span class='ocrx_word' id='word_1_328' title='bbox 1653 2826 1732 2881; x_wconf 92' lang='lat' dir='ltr'>illi</span> <span class='ocrx_word' id='word_1_329' title='bbox 1755 2828 1867 2899; x_wconf 83' lang='lat' dir='ltr'>qui,</span> 
     </span>
    </p>
   </div>
   <div class='ocr_carea' id='block_1_48' title="bbox 260 2912 1873 2985">
    <p class='ocr_par' dir='ltr' id='par_1_48' title="bbox 260 2912 1873 2985">
     <span class='ocr_line' id='line_1_48' title="bbox 260 2912 1873 2985; baseline 0.001 -20"><span class='ocrx_word' id='word_1_330' title='bbox 260 2912 519 2967; x_wconf 90' lang='lat' dir='ltr'>volentes</span> <span class='ocrx_word' id='word_1_331' title='bbox 545 2914 719 2979; x_wconf 92' lang='lat' dir='ltr'>mala,</span> <span class='ocrx_word' id='word_1_332' title='bbox 752 2913 935 2967; x_wconf 84' lang='lat' dir='ltr'>dicunt</span> <span class='ocrx_word' id='word_1_333' title='bbox 962 2915 1137 2967; x_wconf 80' lang='lat' dir='ltr'>mihi!</span> <span class='ocrx_word' id='word_1_334' title='bbox 1183 2912 1358 2983; x_wconf 83' lang='lat' dir='ltr'>Euge,</span> <span class='ocrx_word' id='word_1_335' title='bbox 1391 2929 1520 2985; x_wconf 81' lang='lat' dir='ltr'>euge</span> <span class='ocrx_word' id='word_1_336' title='bbox 1548 2932 1564 2967; x_wconf 89' lang='lat'><strong><em>:</em></strong></span> <span class='ocrx_word' id='word_1_337' title='bbox 1618 2934 1649 2966; x_wconf 89' lang='grc'><strong>‹‹</strong></span> <span class='ocrx_word' id='word_1_338' title='bbox 1675 2914 1873 2985; x_wconf 84' lang='lat' dir='ltr'>Magis-</span> 
     </span>
    </p>
   </div>
   <div class='ocr_carea' id='block_1_49' title="bbox 258 3000 1938 3101">
    <p class='ocr_par' dir='ltr' id='par_1_49' title="bbox 258 3000 1938 3101">
     <span class='ocr_line' id='line_1_49' title="bbox 258 3000 1938 3101; baseline 0.001 -47"><span class='ocrx_word' id='word_1_339' title='bbox 258 3002 367 3068; x_wconf 90' lang='lat' dir='ltr'>ter,</span> <span class='ocrx_word' id='word_1_340' title='bbox 394 3001 604 3055; x_wconf 89' lang='lat' dir='ltr'>scimus</span> <span class='ocrx_word' id='word_1_341' title='bbox 636 3001 791 3073; x_wconf 93' lang='lat' dir='ltr'>quod</span> <span class='ocrx_word' id='word_1_342' title='bbox 818 3018 990 3057; x_wconf 81' lang='lat' dir='ltr'>verax</span> <span class='ocrx_word' id='word_1_343' title='bbox 1042 3018 1102 3056; x_wconf 90' lang='lat' dir='ltr'>es</span> <span class='ocrx_word' id='word_1_344' title='bbox 1122 3000 1350 3071; x_wconf 80' lang='lat' dir='ltr'>(Matth.</span> <span class='ocrx_word' id='word_1_345' title='bbox 1380 3020 1515 3069; x_wconf 80' lang='lat' dir='ltr'>xm,</span> <span class='ocrx_word' id='word_1_346' title='bbox 1550 3004 1659 3073; x_wconf 81' lang='lat' dir='ltr'>i6),</span> <span class='ocrx_word' id='word_1_347' title='bbox 1685 3024 1713 3051; x_wconf 84' lang='lat'>»</span> <span class='ocrx_word' id='word_1_348' title='bbox 1757 3005 1865 3056; x_wconf 90' lang='lat' dir='ltr'>etc.</span> <span class='ocrx_word' id='word_1_349' title='bbox 1892 3043 1938 3101; x_wconf 69' lang='grc' dir='ltr'>Ο</span> 
     </span>
    </p>
   </div>
   <div class='ocr_carea' id='block_1_50' title="bbox 258 3089 1873 3162">
    <p class='ocr_par' dir='ltr' id='par_1_50' title="bbox 258 3089 1873 3162">
     <span class='ocr_line' id='line_1_50' title="bbox 258 3089 1873 3162; baseline 0.001 -19"><span class='ocrx_word' id='word_1_350' title='bbox 258 3089 415 3161; x_wconf 90' lang='lat' dir='ltr'>quod</span> <span class='ocrx_word' id='word_1_351' title='bbox 458 3094 543 3144; x_wconf 90' lang='lat' dir='ltr'>est</span> <span class='ocrx_word' id='word_1_352' title='bbox 572 3090 762 3145; x_wconf 91' lang='lat' dir='ltr'>dicere</span> <span class='ocrx_word' id='word_1_353' title='bbox 794 3107 805 3144; x_wconf 95' lang='lat'>:</span> <span class='ocrx_word' id='word_1_354' title='bbox 835 3091 920 3145; x_wconf 92' lang='lat' dir='ltr'>Illi</span> <span class='ocrx_word' id='word_1_355' title='bbox 952 3097 1284 3159; x_wconf 84' lang='lat' dir='ltr'>avertantur,</span> <span class='ocrx_word' id='word_1_356' title='bbox 1321 3090 1417 3162; x_wconf 90' lang='lat' dir='ltr'>qui</span> <span class='ocrx_word' id='word_1_357' title='bbox 1448 3090 1745 3146; x_wconf 85' lang='lat' dir='ltr'>blanditiis</span> <span class='ocrx_word' id='word_1_358' title='bbox 1759 3090 1873 3145; x_wconf 90' lang='lat' dir='ltr'>suis</span> 
     </span>
    </p>
   </div>
   <div class='ocr_carea' id='block_1_51' title="bbox 259 3176 1873 3251">
    <p class='ocr_par' dir='ltr' id='par_1_51' title="bbox 259 3176 1873 3251">
     <span class='ocr_line' id='line_1_51' title="bbox 259 3176 1873 3251; baseline 0.002 -20"><span class='ocrx_word' id='word_1_359' title='bbox 259 3193 353 3231; x_wconf 90' lang='lat' dir='ltr'>me</span> <span class='ocrx_word' id='word_1_360' title='bbox 381 3176 644 3251; x_wconf 91' lang='lat' dir='ltr'>decipere</span> <span class='ocrx_word' id='word_1_361' title='bbox 670 3178 952 3247; x_wconf 88' lang='lat' dir='ltr'>nituntur,</span> <span class='ocrx_word' id='word_1_362' title='bbox 983 3179 1121 3235; x_wconf 93' lang='lat' dir='ltr'>Dico</span> <span class='ocrx_word' id='word_1_363' title='bbox 1163 3178 1570 3249; x_wconf 83' lang='lat' dir='ltr'>confundantur</span> <span class='ocrx_word' id='word_1_364' title='bbox 1611 3182 1706 3251; x_wconf 84' lang='lat' dir='ltr'>qui</span> <span class='ocrx_word' id='word_1_365' title='bbox 1732 3197 1873 3251; x_wconf 66' lang='lat' dir='ltr'>quae-</span> 
     </span>
    </p>
   </div>
   <div class='ocr_carea' id='block_1_52' title="bbox 260 3266 1865 3339">
    <p class='ocr_par' dir='ltr' id='par_1_52' title="bbox 260 3266 1865 3339">
     <span class='ocr_line' id='line_1_52' title="bbox 260 3266 1865 3339; baseline 0.003 -22"><span class='ocrx_word' id='word_1_366' title='bbox 260 3272 387 3319; x_wconf 87' lang='lat' dir='ltr'>runt</span> <span class='ocrx_word' id='word_1_367' title='bbox 416 3268 654 3322; x_wconf 83' lang='lat' dir='ltr'>animam</span> <span class='ocrx_word' id='word_1_368' title='bbox 684 3284 878 3325; x_wconf 88' lang='lat' dir='ltr'>meam.</span> <span class='ocrx_word' id='word_1_369' title='bbox 911 3266 997 3321; x_wconf 91' lang='lat' dir='ltr'>Illi</span> <span class='ocrx_word' id='word_1_370' title='bbox 1024 3284 1157 3323; x_wconf 88' lang='lat' dir='ltr'>vero</span> <span class='ocrx_word' id='word_1_371' title='bbox 1186 3266 1424 3339; x_wconf 88' lang='lat' dir='ltr'>quijam</span> <span class='ocrx_word' id='word_1_372' title='bbox 1462 3270 1730 3338; x_wconf 71' lang='lat' dir='ltr'>qumrunt</span> <span class='ocrx_word' id='word_1_373' title='bbox 1789 3271 1865 3335; x_wconf 84' lang='lat' dir='ltr'>te,</span> 
     </span>
    </p>
   </div>
   <div class='ocr_carea' id='block_1_53' title="bbox 257 3353 1870 3427">
    <p class='ocr_par' dir='ltr' id='par_1_53' title="bbox 257 3353 1870 3427">
     <span class='ocr_line' id='line_1_53' title="bbox 257 3353 1870 3427; baseline 0.003 -20"><span class='ocrx_word' id='word_1_374' title='bbox 257 3353 407 3408; x_wconf 89' lang='lat' dir='ltr'>bene</span> <span class='ocrx_word' id='word_1_375' title='bbox 435 3355 731 3425; x_wconf 90' lang='lat' dir='ltr'>operando</span> <span class='ocrx_word' id='word_1_376' title='bbox 764 3354 879 3411; x_wconf 89' lang='lat' dir='ltr'>mei</span> <span class='ocrx_word' id='word_1_377' title='bbox 911 3357 1196 3427; x_wconf 89' lang='lat' dir='ltr'>exemplo,</span> <span class='ocrx_word' id='word_1_378' title='bbox 1221 3354 1481 3426; x_wconf 89' lang='lat' dir='ltr'>discipuli</span> <span class='ocrx_word' id='word_1_379' title='bbox 1510 3356 1625 3410; x_wconf 93' lang='lat' dir='ltr'>mei</span> <span class='ocrx_word' id='word_1_380' title='bbox 1659 3355 1870 3412; x_wconf 87' lang='lat' dir='ltr'>scilicet</span> 
     </span>
    </p>
   </div>
   <div class='ocr_carea' id='block_1_54' title="bbox 256 3442 1866 3516">
    <p class='ocr_par' dir='ltr' id='par_1_54' title="bbox 256 3442 1866 3516">
     <span class='ocr_line' id='line_1_54' title="bbox 256 3442 1866 3516; baseline 0.002 -20"><span class='ocrx_word' id='word_1_381' title='bbox 256 3442 516 3498; x_wconf 73' lang='lat' dir='ltr'>exsultent</span> <span class='ocrx_word' id='word_1_382' title='bbox 540 3442 600 3497; x_wconf 91' lang='lat' dir='ltr'>in</span> <span class='ocrx_word' id='word_1_383' title='bbox 624 3442 842 3511; x_wconf 87' lang='lat' dir='ltr'>futuro,</span> <span class='ocrx_word' id='word_1_384' title='bbox 875 3446 930 3498; x_wconf 84' lang='lat' dir='ltr'>in</span> <span class='ocrx_word' id='word_1_385' title='bbox 955 3449 1025 3512; x_wconf 87' lang='lat' dir='ltr'>te,</span> <span class='ocrx_word' id='word_1_386' title='bbox 1049 3444 1108 3498; x_wconf 92' lang='lat' dir='ltr'>id</span> <span class='ocrx_word' id='word_1_387' title='bbox 1134 3447 1218 3498; x_wconf 88' lang='lat' dir='ltr'>est</span> <span class='ocrx_word' id='word_1_388' title='bbox 1262 3443 1320 3498; x_wconf 92' lang='lat' dir='ltr'>in</span> <span class='ocrx_word' id='word_1_389' title='bbox 1344 3443 1654 3516; x_wconf 89' lang='lat' dir='ltr'>adeptione</span> <span class='ocrx_word' id='word_1_390' title='bbox 1686 3444 1866 3499; x_wconf 90' lang='lat' dir='ltr'>beati-</span> 
     </span>
    </p>
   </div>
   <div class='ocr_carea' id='block_1_55' title="bbox 255 3528 1866 3602">
    <p class='ocr_par' dir='ltr' id='par_1_55' title="bbox 255 3528 1866 3602">
     <span class='ocr_line' id='line_1_55' title="bbox 255 3528 1866 3602; baseline 0.002 -19"><span class='ocrx_word' id='word_1_391' title='bbox 255 3528 469 3584; x_wconf 88' lang='lat' dir='ltr'>tudinis</span> <span class='ocrx_word' id='word_1_392' title='bbox 499 3547 626 3602; x_wconf 76' lang='lat' dir='ltr'>qum</span> <span class='ocrx_word' id='word_1_393' title='bbox 659 3530 719 3584; x_wconf 90' lang='lat' dir='ltr'>in</span> <span class='ocrx_word' id='word_1_394' title='bbox 771 3533 830 3585; x_wconf 90' lang='lat' dir='ltr'>te</span> <span class='ocrx_word' id='word_1_395' title='bbox 870 3534 955 3586; x_wconf 89' lang='lat' dir='ltr'>est</span> <span class='ocrx_word' id='word_1_396' title='bbox 1002 3547 1015 3585; x_wconf 92' lang='lat'><strong>:</strong></span> <span class='ocrx_word' id='word_1_397' title='bbox 1047 3537 1095 3585; x_wconf 89' lang='lat' dir='ltr'>et</span> <span class='ocrx_word' id='word_1_398' title='bbox 1124 3530 1217 3585; x_wconf 91' lang='lat' dir='ltr'>hic</span> <span class='ocrx_word' id='word_1_399' title='bbox 1246 3530 1481 3586; x_wconf 87' lang='lat' dir='ltr'>interim</span> <span class='ocrx_word' id='word_1_400' title='bbox 1528 3532 1771 3585; x_wconf 68' lang='lat' dir='ltr'>laetentur</span> <span class='ocrx_word' id='word_1_401' title='bbox 1796 3532 1866 3587; x_wconf 92' lang='lat' dir='ltr'>de</span> 
     </span>
    </p>
   </div>
   <div class='ocr_carea' id='block_1_56' title="bbox 258 3617 1868 3691">
    <p class='ocr_par' dir='ltr' id='par_1_56' title="bbox 258 3617 1868 3691">
     <span class='ocr_line' id='line_1_56' title="bbox 258 3617 1868 3691; baseline 0.001 -18"><span class='ocrx_word' id='word_1_402' title='bbox 258 3634 356 3689; x_wconf 85' lang='lat' dir='ltr'>spe</span> <span class='ocrx_word' id='word_1_403' title='bbox 388 3617 733 3690; x_wconf 88' lang='lat' dir='ltr'>adeptionis.</span> <span class='ocrx_word' id='word_1_404' title='bbox 765 3618 832 3672; x_wconf 91' lang='lat' dir='ltr'>Et</span> <span class='ocrx_word' id='word_1_405' title='bbox 872 3618 978 3689; x_wconf 91' lang='lat' dir='ltr'>ipsi</span> <span class='ocrx_word' id='word_1_406' title='bbox 1029 3618 1185 3674; x_wconf 90' lang='lat' dir='ltr'>idem</span> <span class='ocrx_word' id='word_1_407' title='bbox 1234 3622 1329 3691; x_wconf 87' lang='lat' dir='ltr'>qui</span> <span class='ocrx_word' id='word_1_408' title='bbox 1375 3619 1605 3689; x_wconf 75' lang='lat' dir='ltr'>diligunt</span> <span class='ocrx_word' id='word_1_409' title='bbox 1635 3619 1868 3674; x_wconf 82' lang='lat' dir='ltr'>salutare</span> 
     </span>
    </p>
   </div>
   <div class='ocr_carea' id='block_1_57' title="bbox 263 3694 1860 3779">
    <p class='ocr_par' dir='ltr' id='par_1_57' title="bbox 263 3694 1860 3779">
     <span class='ocr_line' id='line_1_57' title="bbox 263 3694 1860 3779; baseline 0.001 -21"><span class='ocrx_word' id='word_1_410' title='bbox 263 3712 434 3773; x_wconf 88' lang='lat' dir='ltr'>tuum,</span> <span class='ocrx_word' id='word_1_411' title='bbox 467 3705 527 3760; x_wconf 92' lang='lat' dir='ltr'>id</span> <span class='ocrx_word' id='word_1_412' title='bbox 557 3708 643 3760; x_wconf 90' lang='lat' dir='ltr'>est</span> <span class='ocrx_word' id='word_1_413' title='bbox 672 3694 1253 3779; x_wconf 82' lang='lat' dir='ltr'>salvationem,quam</span> <span class='ocrx_word' id='word_1_414' title='bbox 1277 3707 1358 3762; x_wconf 91' lang='lat' dir='ltr'>eis</span> <span class='ocrx_word' id='word_1_415' title='bbox 1380 3707 1441 3762; x_wconf 90' lang='lat' dir='ltr'>in</span> <span class='ocrx_word' id='word_1_416' title='bbox 1462 3708 1658 3764; x_wconf 87' lang='lat' dir='ltr'>futuro</span> <span class='ocrx_word' id='word_1_417' title='bbox 1677 3707 1860 3773; x_wconf 91' lang='lat' dir='ltr'>dabis,</span> 
     </span>
    </p>
   </div>
   <div class='ocr_carea' id='block_1_58' title="bbox 260 3793 1864 3866">
    <p class='ocr_par' dir='ltr' id='par_1_58' title="bbox 260 3793 1864 3866">
     <span class='ocr_line' id='line_1_58' title="bbox 260 3793 1864 3866; baseline 0.002 -20"><span class='ocrx_word' id='word_1_418' title='bbox 260 3810 365 3866; x_wconf 91' lang='lat' dir='ltr'>per</span> <span class='ocrx_word' id='word_1_419' title='bbox 383 3809 558 3865; x_wconf 90' lang='lat' dir='ltr'>quam</span> <span class='ocrx_word' id='word_1_420' title='bbox 590 3797 647 3848; x_wconf 89' lang='lat' dir='ltr'>et</span> <span class='ocrx_word' id='word_1_421' title='bbox 671 3793 775 3865; x_wconf 83' lang='lat' dir='ltr'>ipsi</span> <span class='ocrx_word' id='word_1_422' title='bbox 798 3798 855 3848; x_wconf 90' lang='lat' dir='ltr'>et</span> <span class='ocrx_word' id='word_1_423' title='bbox 872 3794 962 3849; x_wconf 90' lang='lat' dir='ltr'>hic</span> <span class='ocrx_word' id='word_1_424' title='bbox 985 3797 1043 3849; x_wconf 91' lang='lat' dir='ltr'>et</span> <span class='ocrx_word' id='word_1_425' title='bbox 1067 3794 1126 3849; x_wconf 89' lang='lat' dir='ltr'>in</span> <span class='ocrx_word' id='word_1_426' title='bbox 1146 3795 1340 3851; x_wconf 85' lang='lat' dir='ltr'>futuro</span> <span class='ocrx_word' id='word_1_427' title='bbox 1354 3797 1744 3853; x_wconf 90' lang='lat' dir='ltr'>salvabuntur.</span> <span class='ocrx_word' id='word_1_428' title='bbox 1766 3796 1864 3850; x_wconf 91' lang='lat' dir='ltr'>Vel</span> 
     </span>
    </p>
   </div>
   <div class='ocr_carea' id='block_1_59' title="bbox 259 3881 1863 3957">
    <p class='ocr_par' dir='ltr' id='par_1_59' title="bbox 259 3881 1863 3957">
     <span class='ocr_line' id='line_1_59' title="bbox 259 3881 1863 3957; baseline 0.001 -20"><span class='ocrx_word' id='word_1_429' title='bbox 259 3881 500 3937; x_wconf 73' lang='lat' dir='ltr'>salutare</span> <span class='ocrx_word' id='word_1_430' title='bbox 524 3888 696 3949; x_wconf 77' lang='lat' dir='ltr'>tuum,</span> <span class='ocrx_word' id='word_1_431' title='bbox 717 3881 774 3936; x_wconf 93' lang='lat' dir='ltr'>id</span> <span class='ocrx_word' id='word_1_432' title='bbox 796 3886 881 3936; x_wconf 90' lang='lat' dir='ltr'>est</span> <span class='ocrx_word' id='word_1_433' title='bbox 895 3883 1271 3939; x_wconf 89' lang='lat' dir='ltr'>salvationem</span> <span class='ocrx_word' id='word_1_434' title='bbox 1296 3901 1472 3957; x_wconf 91' lang='lat' dir='ltr'>quam</span> <span class='ocrx_word' id='word_1_435' title='bbox 1496 3885 1575 3939; x_wconf 88' lang='lat' dir='ltr'>eis</span> <span class='ocrx_word' id='word_1_436' title='bbox 1597 3885 1653 3939; x_wconf 92' lang='lat' dir='ltr'>iu</span> <span class='ocrx_word' id='word_1_437' title='bbox 1672 3885 1863 3939; x_wconf 83' lang='lat' dir='ltr'>futuro</span> 
     </span>
    </p>
   </div>
   <div class='ocr_carea' id='block_1_60' title="bbox 258 3969 1860 4053">
    <p class='ocr_par' dir='ltr' id='par_1_60' title="bbox 258 3969 1860 4053">
     <span class='ocr_line' id='line_1_60' title="bbox 258 3969 1860 4053; baseline 0.002 -30"><span class='ocrx_word' id='word_1_438' title='bbox 258 3969 440 4037; x_wconf 91' lang='lat' dir='ltr'>dabis,</span> <span class='ocrx_word' id='word_1_439' title='bbox 464 3970 728 4025; x_wconf 89' lang='lat' dir='ltr'>dicantin</span> <span class='ocrx_word' id='word_1_440' title='bbox 750 3970 903 4026; x_wconf 90' lang='lat' dir='ltr'>bono</span> <span class='ocrx_word' id='word_1_441' title='bbox 924 3971 1205 4027; x_wconf 89' lang='lat' dir='ltr'>desiderio</span> <span class='ocrx_word' id='word_1_442' title='bbox 1228 3990 1329 4053; x_wconf 81' lang='lat' dir='ltr'>suo</span> <span class='ocrx_word' id='word_1_443' title='bbox 1350 3976 1477 4043; x_wconf 89' lang='lat' dir='ltr'>post</span> <span class='ocrx_word' id='word_1_444' title='bbox 1494 3973 1860 4027; x_wconf 86' lang='lat' dir='ltr'>resurrectio-</span> 
     </span>
    </p>
   </div>
   <div class='ocr_carea' id='block_1_61' title="bbox 263 4057 1862 4131">
    <p class='ocr_par' dir='ltr' id='par_1_61' title="bbox 263 4057 1862 4131">
     <span class='ocr_line' id='line_1_61' title="bbox 263 4057 1862 4131; baseline 0.001 -18"><span class='ocrx_word' id='word_1_445' title='bbox 263 4075 398 4113; x_wconf 89' lang='lat' dir='ltr'>nem</span> <span class='ocrx_word' id='word_1_446' title='bbox 431 4075 626 4113; x_wconf 88' lang='lat' dir='ltr'>meam</span> <span class='ocrx_word' id='word_1_447' title='bbox 644 4057 1016 4131; x_wconf 82' lang='lat' dir='ltr'>magniﬁcetur</span> <span class='ocrx_word' id='word_1_448' title='bbox 1043 4059 1189 4114; x_wconf 85' lang='lat' dir='ltr'>Deus</span> <span class='ocrx_word' id='word_1_449' title='bbox 1211 4060 1464 4115; x_wconf 87' lang='lat' dir='ltr'>Christus</span> <span class='ocrx_word' id='word_1_450' title='bbox 1500 4064 1557 4114; x_wconf 89' lang='lat' dir='ltr'>et</span> <span class='ocrx_word' id='word_1_451' title='bbox 1586 4060 1695 4115; x_wconf 91' lang='lat' dir='ltr'>hoc</span> <span class='ocrx_word' id='word_1_452' title='bbox 1716 4077 1862 4115; x_wconf 88' lang='lat' dir='ltr'>sem-</span> 
     </span>
    </p>
   </div>
   <div class='ocr_carea' id='block_1_62' title="bbox 255 4146 1857 4220">
    <p class='ocr_par' dir='ltr' id='par_1_62' title="bbox 255 4146 1857 4220">
     <span class='ocr_line' id='line_1_62' title="bbox 255 4146 1857 4220; baseline 0.001 -20"><span class='ocrx_word' id='word_1_453' title='bbox 255 4149 445 4218; x_wconf 89' lang='lat' dir='ltr'>per,ut</span> <span class='ocrx_word' id='word_1_454' title='bbox 462 4146 559 4218; x_wconf 88' lang='lat' dir='ltr'>qui</span> <span class='ocrx_word' id='word_1_455' title='bbox 571 4147 695 4217; x_wconf 90' lang='lat' dir='ltr'>jam</span> <span class='ocrx_word' id='word_1_456' title='bbox 717 4147 1120 4219; x_wconf 86' lang='lat' dir='ltr'>magnificatus</span> <span class='ocrx_word' id='word_1_457' title='bbox 1133 4150 1219 4202; x_wconf 89' lang='lat' dir='ltr'>est</span> <span class='ocrx_word' id='word_1_458' title='bbox 1236 4164 1340 4220; x_wconf 90' lang='lat' dir='ltr'>per</span> <span class='ocrx_word' id='word_1_459' title='bbox 1356 4148 1857 4216; x_wconf 89' lang='lat' dir='ltr'>resurrectionem,</span> 
     </span>
    </p>
   </div>
   <div class='ocr_carea' id='block_1_63' title="bbox 256 4233 1861 4308">
    <p class='ocr_par' dir='ltr' id='par_1_63' title="bbox 256 4233 1861 4308">
     <span class='ocr_line' id='line_1_63' title="bbox 256 4233 1861 4308; baseline 0.002 -20"><span class='ocrx_word' id='word_1_460' title='bbox 256 4233 411 4288; x_wconf 88' lang='lat' dir='ltr'>etsui</span> <span class='ocrx_word' id='word_1_461' title='bbox 431 4234 604 4306; x_wconf 86' lang='lat' dir='ltr'>ipsius</span> <span class='ocrx_word' id='word_1_462' title='bbox 629 4235 1133 4306; x_wconf 87' lang='lat' dir='ltr'>glorificationem,</span> <span class='ocrx_word' id='word_1_463' title='bbox 1166 4236 1570 4308; x_wconf 88' lang='lat' dir='ltr'>magnificetur</span> <span class='ocrx_word' id='word_1_464' title='bbox 1598 4236 1690 4291; x_wconf 93' lang='lat' dir='ltr'>hic</span> <span class='ocrx_word' id='word_1_465' title='bbox 1716 4254 1861 4291; x_wconf 89' lang='lat' dir='ltr'>sem-</span> 
     </span>
    </p>
   </div>
   <div class='ocr_carea' id='block_1_64' title="bbox 1974 1857 3573 1931">
    <p class='ocr_par' dir='ltr' id='par_1_64' title="bbox 1974 1857 3573 1931">
     <span class='ocr_line' id='line_1_64' title="bbox 1974 1857 3573 1931; baseline 0.004 -21"><span class='ocrx_word' id='word_1_466' title='bbox 1974 1861 2103 1927; x_wconf 84' lang='lat' dir='ltr'>post</span> <span class='ocrx_word' id='word_1_467' title='bbox 2134 1874 2225 1911; x_wconf 91' lang='lat' dir='ltr'>me</span> <span class='ocrx_word' id='word_1_468' title='bbox 2253 1857 2467 1925; x_wconf 86' lang='lat' dir='ltr'>venire,</span> <span class='ocrx_word' id='word_1_469' title='bbox 2497 1858 2661 1912; x_wconf 89' lang='lat' dir='ltr'>tollat</span> <span class='ocrx_word' id='word_1_470' title='bbox 2683 1874 2909 1912; x_wconf 88' lang='lat' dir='ltr'>crucem</span> <span class='ocrx_word' id='word_1_471' title='bbox 2932 1875 3091 1913; x_wconf 89' lang='lat' dir='ltr'>suam</span> <span class='ocrx_word' id='word_1_472' title='bbox 3116 1859 3373 1931; x_wconf 89' lang='lat' dir='ltr'>quotidie</span> <span class='ocrx_word' id='word_1_473' title='bbox 3406 1864 3463 1916; x_wconf 91' lang='lat' dir='ltr'>el</span> <span class='ocrx_word' id='word_1_474' title='bbox 3488 1879 3573 1917; x_wconf 86' lang='lat' dir='ltr'>se-</span> 
     </span>
    </p>
   </div>
   <div class='ocr_carea' id='block_1_65' title="bbox 1975 1944 3577 2019">
    <p class='ocr_par' dir='ltr' id='par_1_65' title="bbox 1975 1944 3577 2019">
     <span class='ocr_line' id='line_1_65' title="bbox 1975 1944 3577 2019; baseline 0.005 -22"><span class='ocrx_word' id='word_1_475' title='bbox 1975 1948 2184 2014; x_wconf 86' lang='lat' dir='ltr'>quatur</span> <span class='ocrx_word' id='word_1_476' title='bbox 2212 1962 2305 2000; x_wconf 90' lang='lat' dir='ltr'>me</span> <span class='ocrx_word' id='word_1_477' title='bbox 2335 1945 2485 2008; x_wconf 87' lang='lat' dir='ltr'>(Luc.</span> <span class='ocrx_word' id='word_1_478' title='bbox 2513 1962 2586 2012; x_wconf 84' lang='lat' dir='ltr'>1x,</span> <span class='ocrx_word' id='word_1_479' title='bbox 2615 1944 2764 2017; x_wconf 78' lang='lat'>23).»</span> <span class='ocrx_word' id='word_1_480' title='bbox 2793 1946 3070 2018; x_wconf 64' lang='lat' dir='ltr'>Prtecepit</span> <span class='ocrx_word' id='word_1_481' title='bbox 3099 1965 3326 2019; x_wconf 91' lang='lat' dir='ltr'>quoque</span> <span class='ocrx_word' id='word_1_482' title='bbox 3360 1965 3477 2004; x_wconf 91' lang='lat' dir='ltr'>non</span> <span class='ocrx_word' id='word_1_483' title='bbox 3515 1950 3577 2005; x_wconf 91' lang='lat' dir='ltr'>in</span> 
     </span>
    </p>
   </div>
   <div class='ocr_carea' id='block_1_66' title="bbox 1975 2031 3579 2105">
    <p class='ocr_par' dir='ltr' id='par_1_66' title="bbox 1975 2031 3579 2105">
     <span class='ocr_line' id='line_1_66' title="bbox 1975 2031 3579 2105; baseline 0.004 -19"><span class='ocrx_word' id='word_1_484' title='bbox 1975 2031 2265 2101; x_wconf 90' lang='lat' dir='ltr'>domibus,</span> <span class='ocrx_word' id='word_1_485' title='bbox 2300 2034 2401 2089; x_wconf 91' lang='lat' dir='ltr'>sed</span> <span class='ocrx_word' id='word_1_486' title='bbox 2438 2034 2496 2088; x_wconf 91' lang='lat' dir='ltr'>in</span> <span class='ocrx_word' id='word_1_487' title='bbox 2525 2033 2905 2088; x_wconf 87' lang='lat' dir='ltr'>tabernaculis</span> <span class='ocrx_word' id='word_1_488' title='bbox 2933 2034 3215 2098; x_wconf 87' lang='lat' dir='ltr'>habitare,</span> <span class='ocrx_word' id='word_1_489' title='bbox 3242 2036 3419 2105; x_wconf 84' lang='lat' dir='ltr'>idest,</span> <span class='ocrx_word' id='word_1_490' title='bbox 3447 2053 3579 2092; x_wconf 90' lang='lat' dir='ltr'>cum</span> 
     </span>
    </p>
   </div>
   <div class='ocr_carea' id='block_1_67' title="bbox 1930 2119 3582 2188">
    <p class='ocr_par' dir='ltr' id='par_1_67' title="bbox 1930 2119 3582 2188">
     <span class='ocr_line' id='line_1_67' title="bbox 1930 2119 3582 2188; baseline 0.005 -15"><span class='ocrx_word' id='word_1_491' title='bbox 1930 2170 1949 2188; x_wconf 83' lang='grc'><em>,</em></span> <span class='ocrx_word' id='word_1_492' title='bbox 1974 2119 2035 2174; x_wconf 91' lang='lat' dir='ltr'>in</span> <span class='ocrx_word' id='word_1_493' title='bbox 2067 2122 2311 2176; x_wconf 90' lang='lat' dir='ltr'>terrenis</span> <span class='ocrx_word' id='word_1_494' title='bbox 2346 2121 2631 2185; x_wconf 88' lang='lat' dir='ltr'>habitent,</span> <span class='ocrx_word' id='word_1_495' title='bbox 2664 2139 2784 2176; x_wconf 91' lang='lat' dir='ltr'>non</span> <span class='ocrx_word' id='word_1_496' title='bbox 2813 2122 2890 2176; x_wconf 87' lang='lat' dir='ltr'>sic</span> <span class='ocrx_word' id='word_1_497' title='bbox 2917 2122 3186 2177; x_wconf 88' lang='lat' dir='ltr'>habitent</span> <span class='ocrx_word' id='word_1_498' title='bbox 3215 2127 3277 2178; x_wconf 91' lang='lat' dir='ltr'>ut</span> <span class='ocrx_word' id='word_1_499' title='bbox 3300 2124 3358 2179; x_wconf 92' lang='lat' dir='ltr'>in</span> <span class='ocrx_word' id='word_1_500' title='bbox 3391 2125 3582 2180; x_wconf 90' lang='lat' dir='ltr'>domi-</span> 
     </span>
    </p>
   </div>
   <div class='ocr_carea' id='block_1_68' title="bbox 1975 2209 3580 2282">
    <p class='ocr_par' dir='ltr' id='par_1_68' title="bbox 1975 2209 3580 2282">
     <span class='ocr_line' id='line_1_68' title="bbox 1975 2209 3580 2282; baseline 0.004 -19"><span class='ocrx_word' id='word_1_501' title='bbox 1975 2209 2099 2277; x_wconf 90' lang='lat' dir='ltr'>bus,</span> <span class='ocrx_word' id='word_1_502' title='bbox 2128 2209 2227 2264; x_wconf 90' lang='lat' dir='ltr'>sed</span> <span class='ocrx_word' id='word_1_503' title='bbox 2253 2210 2413 2282; x_wconf 89' lang='lat' dir='ltr'>quasi</span> <span class='ocrx_word' id='word_1_504' title='bbox 2445 2209 2504 2264; x_wconf 89' lang='lat' dir='ltr'>in</span> <span class='ocrx_word' id='word_1_505' title='bbox 2537 2209 2940 2273; x_wconf 88' lang='lat' dir='ltr'>tabernaculis,</span> <span class='ocrx_word' id='word_1_506' title='bbox 2969 2209 3026 2264; x_wconf 90' lang='lat' dir='ltr'>id</span> <span class='ocrx_word' id='word_1_507' title='bbox 3052 2213 3137 2265; x_wconf 86' lang='lat' dir='ltr'>est</span> <span class='ocrx_word' id='word_1_508' title='bbox 3155 2214 3438 2282; x_wconf 89' lang='lat' dir='ltr'>putentea</span> <span class='ocrx_word' id='word_1_509' title='bbox 3459 2231 3580 2269; x_wconf 87' lang='lat' dir='ltr'>esse</span> 
     </span>
    </p>
   </div>
   <div class='ocr_carea' id='block_1_69' title="bbox 1974 2297 3580 2366">
    <p class='ocr_par' dir='ltr' id='par_1_69' title="bbox 1974 2297 3580 2366">
     <span class='ocr_line' id='line_1_69' title="bbox 1974 2297 3580 2366; baseline 0.003 -15"><span class='ocrx_word' id='word_1_510' title='bbox 1974 2297 2273 2351; x_wconf 87' lang='lat' dir='ltr'>manentia</span> <span class='ocrx_word' id='word_1_511' title='bbox 2305 2298 2375 2351; x_wconf 92' lang='lat' dir='ltr'>ad</span> <span class='ocrx_word' id='word_1_512' title='bbox 2408 2297 2846 2354; x_wconf 89' lang='lat' dir='ltr'>similitudinem</span> <span class='ocrx_word' id='word_1_513' title='bbox 2872 2298 3096 2366; x_wconf 91' lang='lat' dir='ltr'>domus,</span> <span class='ocrx_word' id='word_1_514' title='bbox 3129 2299 3229 2353; x_wconf 88' lang='lat' dir='ltr'>sed</span> <span class='ocrx_word' id='word_1_515' title='bbox 3252 2300 3580 2356; x_wconf 90' lang='lat' dir='ltr'>transitoria</span> 
     </span>
    </p>
   </div>
   <div class='ocr_carea' id='block_1_70' title="bbox 1974 2385 3578 2459">
    <p class='ocr_par' dir='ltr' id='par_1_70' title="bbox 1974 2385 3578 2459">
     <span class='ocr_line' id='line_1_70' title="bbox 1974 2385 3578 2459; baseline 0.002 -20"><span class='ocrx_word' id='word_1_516' title='bbox 1974 2386 2047 2440; x_wconf 92' lang='lat' dir='ltr'>ad</span> <span class='ocrx_word' id='word_1_517' title='bbox 2077 2385 2512 2440; x_wconf 88' lang='lat' dir='ltr'>similitudinem</span> <span class='ocrx_word' id='word_1_518' title='bbox 2532 2387 3059 2441; x_wconf 89' lang='lat' dir='ltr'>tabernaculorum.</span> <span class='ocrx_word' id='word_1_519' title='bbox 3083 2386 3246 2441; x_wconf 86' lang='lat' dir='ltr'>Juxta</span> <span class='ocrx_word' id='word_1_520' title='bbox 3258 2386 3410 2459; x_wconf 89' lang='lat' dir='ltr'>quod</span> <span class='ocrx_word' id='word_1_521' title='bbox 3427 2389 3578 2458; x_wconf 83' lang='lat' dir='ltr'>Apo-</span> 
     </span>
    </p>
   </div>
   <div class='ocr_carea' id='block_1_71' title="bbox 1972 2473 3582 2545">
    <p class='ocr_par' dir='ltr' id='par_1_71' title="bbox 1972 2473 3582 2545">
     <span class='ocr_line' id='line_1_71' title="bbox 1972 2473 3582 2545; baseline 0 -16"><span class='ocrx_word' id='word_1_522' title='bbox 1972 2476 2149 2529; x_wconf 91' lang='lat' dir='ltr'>stolus</span> <span class='ocrx_word' id='word_1_523' title='bbox 2179 2474 2314 2529; x_wconf 88' lang='lat' dir='ltr'>dicit</span> <span class='ocrx_word' id='word_1_524' title='bbox 2347 2491 2359 2528; x_wconf 92' lang='lat'>:</span> <span class='ocrx_word' id='word_1_525' title='bbox 2394 2475 2742 2545; x_wconf 86' lang='lat' dir='ltr'>«Tanquam</span> <span class='ocrx_word' id='word_1_526' title='bbox 2768 2473 2909 2528; x_wconf 90' lang='lat' dir='ltr'>nihil</span> <span class='ocrx_word' id='word_1_527' title='bbox 2959 2474 3258 2542; x_wconf 90' lang='lat' dir='ltr'>habentes,</span> <span class='ocrx_word' id='word_1_528' title='bbox 3292 2476 3351 2528; x_wconf 92' lang='lat' dir='ltr'>et</span> <span class='ocrx_word' id='word_1_529' title='bbox 3380 2473 3582 2529; x_wconf 86' lang='lat' dir='ltr'>omnia</span> 
     </span>
    </p>
   </div>
   <div class='ocr_carea' id='block_1_72' title="bbox 1972 2560 3578 2635">
    <p class='ocr_par' dir='ltr' id='par_1_72' title="bbox 1972 2560 3578 2635">
     <span class='ocr_line' id='line_1_72' title="bbox 1972 2560 3578 2635; baseline 0 -19"><span class='ocrx_word' id='word_1_530' title='bbox 1972 2561 2368 2635; x_wconf 89' lang='lat' dir='ltr'>possidentes(</span> <span class='ocrx_word' id='word_1_531' title='bbox 2402 2560 2466 2615; x_wconf 89' lang='grc' dir='ltr'>ΙΙ</span> <span class='ocrx_word' id='word_1_532' title='bbox 2482 2560 2608 2616; x_wconf 89' lang='lat' dir='ltr'>Cor.</span> <span class='ocrx_word' id='word_1_533' title='bbox 2642 2579 2714 2629; x_wconf 79' lang='grc' dir='ltr'>νι,</span> <span class='ocrx_word' id='word_1_534' title='bbox 2745 2562 2851 2634; x_wconf 79' lang='grc'>10).</span> <span class='ocrx_word' id='word_1_535' title='bbox 2885 2584 2913 2612; x_wconf 89' lang='grc'><strong>››</strong></span> <span class='ocrx_word' id='word_1_536' title='bbox 2939 2563 3008 2617; x_wconf 87' lang='lat' dir='ltr'>Et</span> <span class='ocrx_word' id='word_1_537' title='bbox 3037 2560 3171 2616; x_wconf 90' lang='lat' dir='ltr'>alibi</span> <span class='ocrx_word' id='word_1_538' title='bbox 3198 2578 3210 2616; x_wconf 94' lang='lat'>:</span> <span class='ocrx_word' id='word_1_539' title='bbox 3246 2584 3273 2613; x_wconf 90' lang='grc'><strong>‹‹</strong></span> <span class='ocrx_word' id='word_1_540' title='bbox 3304 2562 3427 2617; x_wconf 84' lang='grc' dir='ltr'>Νοη</span> <span class='ocrx_word' id='word_1_541' title='bbox 3476 2562 3578 2616; x_wconf 88' lang='lat' dir='ltr'>ha-</span> 
     </span>
    </p>
   </div>
   <div class='ocr_carea' id='block_1_73' title="bbox 1971 2648 3579 2717">
    <p class='ocr_par' dir='ltr' id='par_1_73' title="bbox 1971 2648 3579 2717">
     <span class='ocr_line' id='line_1_73' title="bbox 1971 2648 3579 2717; baseline 0.001 -14"><span class='ocrx_word' id='word_1_542' title='bbox 1971 2649 2175 2705; x_wconf 91' lang='lat' dir='ltr'>bemus</span> <span class='ocrx_word' id='word_1_543' title='bbox 2199 2650 2289 2705; x_wconf 89' lang='lat' dir='ltr'>hic</span> <span class='ocrx_word' id='word_1_544' title='bbox 2324 2655 2664 2705; x_wconf 90' lang='lat' dir='ltr'>manentem</span> <span class='ocrx_word' id='word_1_545' title='bbox 2712 2649 3020 2717; x_wconf 90' lang='lat' dir='ltr'>civitatem,</span> <span class='ocrx_word' id='word_1_546' title='bbox 3057 2650 3157 2705; x_wconf 91' lang='lat' dir='ltr'>sed</span> <span class='ocrx_word' id='word_1_547' title='bbox 3206 2650 3462 2705; x_wconf 90' lang='lat' dir='ltr'>futuram</span> <span class='ocrx_word' id='word_1_548' title='bbox 3493 2648 3579 2704; x_wconf 87' lang='lat' dir='ltr'>in-</span> 
     </span>
    </p>
   </div>
   <div class='ocr_carea' id='block_1_74' title="bbox 1972 2737 3579 2811">
    <p class='ocr_par' dir='ltr' id='par_1_74' title="bbox 1972 2737 3579 2811">
     <span class='ocr_line' id='line_1_74' title="bbox 1972 2737 3579 2811; baseline 0 -20"><span class='ocrx_word' id='word_1_549' title='bbox 1972 2737 2255 2810; x_wconf 89' lang='lat' dir='ltr'>quirimus</span> <span class='ocrx_word' id='word_1_550' title='bbox 2283 2739 2473 2811; x_wconf 81' lang='lat' dir='ltr'>(Hebr.</span> <span class='ocrx_word' id='word_1_551' title='bbox 2502 2756 2619 2805; x_wconf 87' lang='lat' dir='ltr'>xm,</span> <span class='ocrx_word' id='word_1_552' title='bbox 2654 2738 2759 2809; x_wconf 74' lang='grc'>14).</span> <span class='ocrx_word' id='word_1_553' title='bbox 2796 2757 2826 2790; x_wconf 90' lang='grc'>›&gt;</span> <span class='ocrx_word' id='word_1_554' title='bbox 2857 2737 3028 2791; x_wconf 91' lang='lat' dir='ltr'>Tituli</span> <span class='ocrx_word' id='word_1_555' title='bbox 3063 2753 3200 2792; x_wconf 89' lang='lat' dir='ltr'>vero</span> <span class='ocrx_word' id='word_1_556' title='bbox 3251 2737 3443 2791; x_wconf 88' lang='lat' dir='ltr'>littera</span> <span class='ocrx_word' id='word_1_557' title='bbox 3499 2737 3579 2791; x_wconf 91' lang='lat' dir='ltr'>sic</span> 
     </span>
    </p>
   </div>
   <div class='ocr_carea' id='block_1_75' title="bbox 1971 2824 3579 2897">
    <p class='ocr_par' dir='ltr' id='par_1_75' title="bbox 1971 2824 3579 2897">
     <span class='ocr_line' id='line_1_75' title="bbox 1971 2824 3579 2897; baseline -0.001 -18"><span class='ocrx_word' id='word_1_558' title='bbox 1971 2827 2278 2897; x_wconf 88' lang='lat' dir='ltr'>adaptatur</span> <span class='ocrx_word' id='word_1_559' title='bbox 2320 2843 2332 2880; x_wconf 74' lang='grc' dir='ltr'>ε</span> <span class='ocrx_word' id='word_1_560' title='bbox 2373 2826 2615 2880; x_wconf 82' lang='lat' dir='ltr'>Psalmus</span> <span class='ocrx_word' id='word_1_561' title='bbox 2644 2826 2750 2880; x_wconf 87' lang='lat' dir='ltr'>iste</span> <span class='ocrx_word' id='word_1_562' title='bbox 2783 2828 2868 2879; x_wconf 91' lang='lat' dir='ltr'>est</span> <span class='ocrx_word' id='word_1_563' title='bbox 2886 2825 3071 2879; x_wconf 83' lang='lat' dir='ltr'>David</span> <span class='ocrx_word' id='word_1_564' title='bbox 3100 2824 3305 2879; x_wconf 88' lang='lat' dir='ltr'>Christi</span> <span class='ocrx_word' id='word_1_565' title='bbox 3362 2825 3579 2879; x_wconf 90' lang='lat' dir='ltr'>orantis</span> 
     </span>
    </p>
   </div>
   <div class='ocr_carea' id='block_1_76' title="bbox 1968 2912 3575 2986">
    <p class='ocr_par' dir='ltr' id='par_1_76' title="bbox 1968 2912 3575 2986">
     <span class='ocr_line' id='line_1_76' title="bbox 1968 2912 3575 2986; baseline -0.001 -19"><span class='ocrx_word' id='word_1_566' title='bbox 1968 2930 2075 2986; x_wconf 91' lang='lat' dir='ltr'>pro</span> <span class='ocrx_word' id='word_1_567' title='bbox 2098 2930 2178 2980; x_wconf 91' lang='lat' dir='ltr'>se,</span> <span class='ocrx_word' id='word_1_568' title='bbox 2211 2918 2273 2968; x_wconf 91' lang='lat' dir='ltr'>ut</span> <span class='ocrx_word' id='word_1_569' title='bbox 2302 2914 2688 2981; x_wconf 88' lang='lat' dir='ltr'>resuscitetur,</span> <span class='ocrx_word' id='word_1_570' title='bbox 2717 2917 2774 2967; x_wconf 88' lang='lat' dir='ltr'>et</span> <span class='ocrx_word' id='word_1_571' title='bbox 2804 2913 2865 2967; x_wconf 89' lang='lat' dir='ltr'>in</span> <span class='ocrx_word' id='word_1_572' title='bbox 2904 2914 3167 2985; x_wconf 87' lang='lat' dir='ltr'>passione</span> <span class='ocrx_word' id='word_1_573' title='bbox 3199 2915 3466 2967; x_wconf 83' lang='lat' dir='ltr'>constans</span> <span class='ocrx_word' id='word_1_574' title='bbox 3493 2912 3575 2967; x_wconf 91' lang='lat' dir='ltr'>ef-</span> 
     </span>
    </p>
   </div>
   <div class='ocr_carea' id='block_1_77' title="bbox 1970 2999 3577 3072">
    <p class='ocr_par' dir='ltr' id='par_1_77' title="bbox 1970 2999 3577 3072">
     <span class='ocr_line' id='line_1_77' title="bbox 1970 2999 3577 3072; baseline -0.001 -18"><span class='ocrx_word' id='word_1_575' title='bbox 1970 3001 2213 3068; x_wconf 85' lang='lat' dir='ltr'>ﬁciatur,</span> <span class='ocrx_word' id='word_1_576' title='bbox 2256 3005 2313 3055; x_wconf 89' lang='lat' dir='ltr'>et</span> <span class='ocrx_word' id='word_1_577' title='bbox 2343 3005 2429 3056; x_wconf 91' lang='lat' dir='ltr'>est</span> <span class='ocrx_word' id='word_1_578' title='bbox 2448 3002 2701 3072; x_wconf 89' lang='lat' dir='ltr'>psalmus</span> <span class='ocrx_word' id='word_1_579' title='bbox 2723 3001 2827 3055; x_wconf 89' lang='lat' dir='ltr'>iste</span> <span class='ocrx_word' id='word_1_580' title='bbox 2853 3000 3087 3070; x_wconf 83' lang='lat' dir='ltr'>ﬁliorum</span> <span class='ocrx_word' id='word_1_581' title='bbox 3110 3000 3382 3062; x_wconf 83' lang='lat' dir='ltr'>Jonadab,</span> <span class='ocrx_word' id='word_1_582' title='bbox 3400 2999 3458 3054; x_wconf 91' lang='lat' dir='ltr'>id</span> <span class='ocrx_word' id='word_1_583' title='bbox 3491 3002 3577 3055; x_wconf 88' lang='lat' dir='ltr'>est</span> 
     </span>
    </p>
   </div>
   <div class='ocr_carea' id='block_1_78' title="bbox 1973 3087 3572 3161">
    <p class='ocr_par' dir='ltr' id='par_1_78' title="bbox 1973 3087 3572 3161">
     <span class='ocr_line' id='line_1_78' title="bbox 1973 3087 3572 3161; baseline 0 -18"><span class='ocrx_word' id='word_1_584' title='bbox 1973 3088 2197 3157; x_wconf 89' lang='lat' dir='ltr'>Christi,</span> <span class='ocrx_word' id='word_1_585' title='bbox 2229 3093 2286 3143; x_wconf 89' lang='lat' dir='ltr'>et</span> <span class='ocrx_word' id='word_1_586' title='bbox 2311 3089 2661 3143; x_wconf 88' lang='lat' dir='ltr'>determinat</span> <span class='ocrx_word' id='word_1_587' title='bbox 2689 3106 2936 3161; x_wconf 89' lang='lat' dir='ltr'>quorum</span> <span class='ocrx_word' id='word_1_588' title='bbox 2968 3087 3386 3155; x_wconf 82' lang='lat' dir='ltr'>ﬁliorum,cum</span> <span class='ocrx_word' id='word_1_589' title='bbox 3415 3087 3572 3155; x_wconf 89' lang='lat' dir='ltr'>dicit,</span> 
     </span>
    </p>
   </div>
   <div class='ocr_carea' id='block_1_79' title="bbox 1972 3175 3575 3249">
    <p class='ocr_par' dir='ltr' id='par_1_79' title="bbox 1972 3175 3575 3249">
     <span class='ocr_line' id='line_1_79' title="bbox 1972 3175 3575 3249; baseline -0.001 -17"><span class='ocrx_word' id='word_1_590' title='bbox 1972 3180 2029 3232; x_wconf 91' lang='lat' dir='ltr'>et</span> <span class='ocrx_word' id='word_1_591' title='bbox 2068 3176 2326 3248; x_wconf 87' lang='lat' dir='ltr'>priorum</span> <span class='ocrx_word' id='word_1_592' title='bbox 2358 3176 2734 3249; x_wconf 90' lang='lat' dir='ltr'>captivorum.</span> <span class='ocrx_word' id='word_1_593' title='bbox 2797 3175 2961 3240; x_wconf 90' lang='lat' dir='ltr'>Quod</span> <span class='ocrx_word' id='word_1_594' title='bbox 3018 3178 3103 3231; x_wconf 91' lang='lat' dir='ltr'>est</span> <span class='ocrx_word' id='word_1_595' title='bbox 3155 3175 3344 3230; x_wconf 89' lang='lat' dir='ltr'>dicere</span> <span class='ocrx_word' id='word_1_596' title='bbox 3392 3192 3405 3230; x_wconf 89' lang='lat'><strong>:</strong></span> <span class='ocrx_word' id='word_1_597' title='bbox 3466 3175 3575 3239; x_wconf 90' lang='lat' dir='ltr'>Qui</span> 
     </span>
    </p>
   </div>
   <div class='ocr_carea' id='block_1_80' title="bbox 1969 3262 3576 3337">
    <p class='ocr_par' dir='ltr' id='par_1_80' title="bbox 1969 3262 3576 3337">
     <span class='ocr_line' id='line_1_80' title="bbox 1969 3262 3576 3337; baseline -0.002 -17"><span class='ocrx_word' id='word_1_598' title='bbox 1969 3265 2127 3337; x_wconf 89' lang='lat' dir='ltr'>prius</span> <span class='ocrx_word' id='word_1_599' title='bbox 2153 3263 2358 3336; x_wconf 90' lang='lat' dir='ltr'>captivi</span> <span class='ocrx_word' id='word_1_600' title='bbox 2389 3267 2447 3319; x_wconf 91' lang='lat' dir='ltr'>et</span> <span class='ocrx_word' id='word_1_601' title='bbox 2503 3281 2536 3319; x_wconf 90' lang='lat' dir='ltr'>a</span> <span class='ocrx_word' id='word_1_602' title='bbox 2589 3264 2775 3336; x_wconf 90' lang='lat' dir='ltr'>patria</span> <span class='ocrx_word' id='word_1_603' title='bbox 2827 3264 3146 3318; x_wconf 83' lang='lat' dir='ltr'>exsulantes</span> <span class='ocrx_word' id='word_1_604' title='bbox 3189 3262 3423 3317; x_wconf 88' lang='lat' dir='ltr'>fuerunt</span> <span class='ocrx_word' id='word_1_605' title='bbox 3469 3278 3576 3333; x_wconf 88' lang='lat' dir='ltr'>per</span> 
     </span>
    </p>
   </div>
   <div class='ocr_carea' id='block_1_81' title="bbox 1968 3351 3573 3425">
    <p class='ocr_par' dir='ltr' id='par_1_81' title="bbox 1968 3351 3573 3425">
     <span class='ocr_line' id='line_1_81' title="bbox 1968 3351 3573 3425; baseline -0.001 -18"><span class='ocrx_word' id='word_1_606' title='bbox 1968 3355 2176 3417; x_wconf 83' lang='lat' dir='ltr'>Adam,</span> <span class='ocrx_word' id='word_1_607' title='bbox 2202 3357 2402 3425; x_wconf 90' lang='lat' dir='ltr'>postea</span> <span class='ocrx_word' id='word_1_608' title='bbox 2423 3370 2557 3408; x_wconf 90' lang='lat' dir='ltr'>vero</span> <span class='ocrx_word' id='word_1_609' title='bbox 2582 3368 2689 3425; x_wconf 90' lang='lat' dir='ltr'>per</span> <span class='ocrx_word' id='word_1_610' title='bbox 2707 3352 2995 3407; x_wconf 90' lang='lat' dir='ltr'>Christum</span> <span class='ocrx_word' id='word_1_611' title='bbox 3023 3352 3095 3406; x_wconf 92' lang='lat' dir='ltr'>ad</span> <span class='ocrx_word' id='word_1_612' title='bbox 3122 3352 3373 3424; x_wconf 89' lang='lat' dir='ltr'>patriam</span> <span class='ocrx_word' id='word_1_613' title='bbox 3399 3351 3573 3407; x_wconf 86' lang='lat' dir='ltr'>redu-</span> 
     </span>
    </p>
   </div>
   <div class='ocr_carea' id='block_1_82' title="bbox 1969 3439 3573 3511">
    <p class='ocr_par' dir='ltr' id='par_1_82' title="bbox 1969 3439 3573 3511">
     <span class='ocr_line' id='line_1_82' title="bbox 1969 3439 3573 3511; baseline 0.001 -16"><span class='ocrx_word' id='word_1_614' title='bbox 1969 3441 2064 3495; x_wconf 92' lang='lat' dir='ltr'>cti.</span> <span class='ocrx_word' id='word_1_615' title='bbox 2097 3442 2163 3496; x_wconf 90' lang='lat' dir='ltr'>Et</span> <span class='ocrx_word' id='word_1_616' title='bbox 2191 3442 2301 3496; x_wconf 93' lang='lat' dir='ltr'>hoc</span> <span class='ocrx_word' id='word_1_617' title='bbox 2333 3441 2542 3496; x_wconf 75' lang='lat' dir='ltr'>dicitur</span> <span class='ocrx_word' id='word_1_618' title='bbox 2569 3441 2639 3495; x_wconf 92' lang='lat' dir='ltr'>ad</span> <span class='ocrx_word' id='word_1_619' title='bbox 2670 3440 3057 3496; x_wconf 67' lang='lat' dir='ltr'>differentiam</span> <span class='ocrx_word' id='word_1_620' title='bbox 3106 3439 3411 3511; x_wconf 89' lang='lat' dir='ltr'>spirituum</span> <span class='ocrx_word' id='word_1_621' title='bbox 3461 3456 3573 3496; x_wconf 71' lang='lat' dir='ltr'>co:-</span> 
     </span>
    </p>
   </div>
   <div class='ocr_carea' id='block_1_83' title="bbox 1967 3527 3575 3601">
    <p class='ocr_par' dir='ltr' id='par_1_83' title="bbox 1967 3527 3575 3601">
     <span class='ocr_line' id='line_1_83' title="bbox 1967 3527 3575 3601; baseline 0 -18"><span class='ocrx_word' id='word_1_622' title='bbox 1967 3527 2220 3596; x_wconf 89' lang='lat' dir='ltr'>lestium,</span> <span class='ocrx_word' id='word_1_623' title='bbox 2249 3529 2366 3601; x_wconf 92' lang='lat' dir='ltr'>qui,</span> <span class='ocrx_word' id='word_1_624' title='bbox 2400 3546 2531 3583; x_wconf 91' lang='lat' dir='ltr'>cum</span> <span class='ocrx_word' id='word_1_625' title='bbox 2557 3528 2659 3583; x_wconf 87' lang='lat' dir='ltr'>filii</span> <span class='ocrx_word' id='word_1_626' title='bbox 2713 3529 2828 3582; x_wconf 90' lang='lat' dir='ltr'>sint</span> <span class='ocrx_word' id='word_1_627' title='bbox 2861 3528 3111 3601; x_wconf 88' lang='lat' dir='ltr'>adoptivi</span> <span class='ocrx_word' id='word_1_628' title='bbox 3161 3545 3196 3582; x_wconf 89' lang='lat' dir='ltr'>a</span> <span class='ocrx_word' id='word_1_629' title='bbox 3243 3527 3427 3583; x_wconf 86' lang='lat' dir='ltr'>Verbo</span> <span class='ocrx_word' id='word_1_630' title='bbox 3472 3528 3575 3583; x_wconf 83' lang='lat' dir='ltr'>Dei</span> 
     </span>
    </p>
   </div>
   <div class='ocr_carea' id='block_1_84' title="bbox 1967 3615 3571 3688">
    <p class='ocr_par' dir='ltr' id='par_1_84' title="bbox 1967 3615 3571 3688">
     <span class='ocr_line' id='line_1_84' title="bbox 1967 3615 3571 3688; baseline 0.001 -18"><span class='ocrx_word' id='word_1_631' title='bbox 1967 3615 2162 3684; x_wconf 89' lang='lat' dir='ltr'>creati,</span> <span class='ocrx_word' id='word_1_632' title='bbox 2199 3628 2316 3671; x_wconf 89' lang='lat' dir='ltr'>non</span> <span class='ocrx_word' id='word_1_633' title='bbox 2346 3619 2543 3671; x_wconf 91' lang='lat' dir='ltr'>tamen</span> <span class='ocrx_word' id='word_1_634' title='bbox 2567 3615 2723 3688; x_wconf 91' lang='lat' dir='ltr'>prius</span> <span class='ocrx_word' id='word_1_635' title='bbox 2753 3617 3018 3671; x_wconf 84' lang='lat' dir='ltr'>exstitere</span> <span class='ocrx_word' id='word_1_636' title='bbox 3049 3615 3276 3686; x_wconf 87' lang='lat' dir='ltr'>captivi.</span> <span class='ocrx_word' id='word_1_637' title='bbox 3310 3616 3379 3670; x_wconf 87' lang='lat' dir='ltr'>Et</span> <span class='ocrx_word' id='word_1_638' title='bbox 3421 3616 3571 3672; x_wconf 86' lang='lat' dir='ltr'>bene</span> 
     </span>
    </p>
   </div>
   <div class='ocr_carea' id='block_1_85' title="bbox 1967 3703 3572 3776">
    <p class='ocr_par' dir='ltr' id='par_1_85' title="bbox 1967 3703 3572 3776">
     <span class='ocr_line' id='line_1_85' title="bbox 1967 3703 3572 3776; baseline 0.001 -18"><span class='ocrx_word' id='word_1_639' title='bbox 1967 3703 2202 3776; x_wconf 90' lang='lat' dir='ltr'>quidem</span> <span class='ocrx_word' id='word_1_640' title='bbox 2215 3703 2421 3757; x_wconf 91' lang='lat' dir='ltr'>dicitur</span> <span class='ocrx_word' id='word_1_641' title='bbox 2433 3705 2689 3758; x_wconf 90' lang='lat' dir='ltr'>Psalmus</span> <span class='ocrx_word' id='word_1_642' title='bbox 2702 3703 2807 3757; x_wconf 89' lang='lat' dir='ltr'>iste</span> <span class='ocrx_word' id='word_1_643' title='bbox 2821 3703 3071 3758; x_wconf 86' lang='lat' dir='ltr'>filiorum</span> <span class='ocrx_word' id='word_1_644' title='bbox 3085 3703 3366 3758; x_wconf 74' lang='lat' dir='ltr'>Ionadab.</span> <span class='ocrx_word' id='word_1_645' title='bbox 3383 3705 3444 3757; x_wconf 89' lang='lat' dir='ltr'>In</span> <span class='ocrx_word' id='word_1_646' title='bbox 3462 3705 3572 3760; x_wconf 90' lang='lat' dir='ltr'>hoc</span> 
     </span>
    </p>
   </div>
   <div class='ocr_carea' id='block_1_86' title="bbox 1963 3790 3569 3863">
    <p class='ocr_par' dir='ltr' id='par_1_86' title="bbox 1963 3790 3569 3863">
     <span class='ocr_line' id='line_1_86' title="bbox 1963 3790 3569 3863; baseline 0 -17"><span class='ocrx_word' id='word_1_647' title='bbox 1963 3792 2122 3846; x_wconf 90' lang='lat' dir='ltr'>enim</span> <span class='ocrx_word' id='word_1_648' title='bbox 2141 3792 2362 3863; x_wconf 89' lang='lat' dir='ltr'>psalmo</span> <span class='ocrx_word' id='word_1_649' title='bbox 2379 3791 2499 3863; x_wconf 84' lang='lat' dir='ltr'>agit</span> <span class='ocrx_word' id='word_1_650' title='bbox 2515 3791 2768 3845; x_wconf 89' lang='lat' dir='ltr'>Christus</span> <span class='ocrx_word' id='word_1_651' title='bbox 2786 3790 2855 3845; x_wconf 90' lang='lat' dir='ltr'>de</span> <span class='ocrx_word' id='word_1_652' title='bbox 2885 3807 3119 3844; x_wconf 89' lang='lat' dir='ltr'>suorum</span> <span class='ocrx_word' id='word_1_653' title='bbox 3149 3790 3397 3845; x_wconf 87' lang='lat' dir='ltr'>filiorum</span> <span class='ocrx_word' id='word_1_654' title='bbox 3419 3793 3569 3846; x_wconf 90' lang='lat' dir='ltr'>salu-</span> 
     </span>
    </p>
   </div>
   <div class='ocr_carea' id='block_1_87' title="bbox 1966 3878 3571 3952">
    <p class='ocr_par' dir='ltr' id='par_1_87' title="bbox 1966 3878 3571 3952">
     <span class='ocr_line' id='line_1_87' title="bbox 1966 3878 3571 3952; baseline 0.001 -18"><span class='ocrx_word' id='word_1_655' title='bbox 1966 3882 2043 3947; x_wconf 90' lang='lat' dir='ltr'>te,</span> <span class='ocrx_word' id='word_1_656' title='bbox 2072 3884 2128 3935; x_wconf 89' lang='lat' dir='ltr'>et</span> <span class='ocrx_word' id='word_1_657' title='bbox 2154 3879 2322 3934; x_wconf 89' lang='lat' dir='ltr'>laude</span> <span class='ocrx_word' id='word_1_658' title='bbox 2349 3883 2408 3935; x_wconf 91' lang='lat' dir='ltr'>et</span> <span class='ocrx_word' id='word_1_659' title='bbox 2441 3879 2765 3934; x_wconf 89' lang='lat' dir='ltr'>constantia</span> <span class='ocrx_word' id='word_1_660' title='bbox 2809 3878 3253 3950; x_wconf 73' lang='lat' dir='ltr'>praedicationis.</span> <span class='ocrx_word' id='word_1_661' title='bbox 3278 3879 3411 3951; x_wconf 84' lang='lat' dir='ltr'>Agit</span> <span class='ocrx_word' id='word_1_662' title='bbox 3431 3897 3571 3952; x_wconf 90' lang='lat' dir='ltr'>quo-</span> 
     </span>
    </p>
   </div>
   <div class='ocr_carea' id='block_1_88' title="bbox 1965 3966 3565 4039">
    <p class='ocr_par' dir='ltr' id='par_1_88' title="bbox 1965 3966 3565 4039">
     <span class='ocr_line' id='line_1_88' title="bbox 1965 3966 3565 4039; baseline 0.001 -18"><span class='ocrx_word' id='word_1_663' title='bbox 1965 3984 2076 4039; x_wconf 90' lang='lat' dir='ltr'>que</span> <span class='ocrx_word' id='word_1_664' title='bbox 2095 3968 2418 4022; x_wconf 88' lang='lat' dir='ltr'>concessivc</span> <span class='ocrx_word' id='word_1_665' title='bbox 2438 3968 2507 4021; x_wconf 91' lang='lat' dir='ltr'>de</span> <span class='ocrx_word' id='word_1_666' title='bbox 2522 3966 2888 4022; x_wconf 89' lang='lat' dir='ltr'>inimicorum</span> <span class='ocrx_word' id='word_1_667' title='bbox 2904 3966 3237 4023; x_wconf 81' lang='lat' dir='ltr'>confusione</span> <span class='ocrx_word' id='word_1_668' title='bbox 3252 3969 3311 4021; x_wconf 88' lang='lat' dir='ltr'>et</span> <span class='ocrx_word' id='word_1_669' title='bbox 3323 3968 3565 4039; x_wconf 86' lang='lat' dir='ltr'>pudore.</span> 
     </span>
    </p>
   </div>
   <div class='ocr_carea' id='block_1_89' title="bbox 2036 4054 3571 4126">
    <p class='ocr_par' dir='ltr' id='par_1_89' title="bbox 2036 4054 3571 4126">
     <span class='ocr_line' id='line_1_89' title="bbox 2036 4054 3571 4126; baseline 0.002 -18"><span class='ocrx_word' id='word_1_670' title='bbox 2036 4054 2099 4108; x_wconf 88' lang='lat' dir='ltr'>In</span> <span class='ocrx_word' id='word_1_671' title='bbox 2119 4056 2800 4126; x_wconf 66' lang='lat' dir='ltr'>te,Domme,speraciPraa</span> <span class='ocrx_word' id='word_1_672' title='bbox 2808 4060 2899 4110; x_wconf 86' lang='lat' dir='ltr'>ten</span> <span class='ocrx_word' id='word_1_673' title='bbox 2910 4055 2985 4110; x_wconf 90' lang='lat' dir='ltr'>tio</span> <span class='ocrx_word' id='word_1_674' title='bbox 3002 4055 3191 4111; x_wconf 91' lang='lat' dir='ltr'>meriti</span> <span class='ocrx_word' id='word_1_675' title='bbox 3206 4056 3328 4121; x_wconf 90' lang='lat' dir='ltr'>Quo</span> <span class='ocrx_word' id='word_1_676' title='bbox 3339 4057 3375 4111; x_wconf 92' lang='lat' dir='ltr'>d</span> <span class='ocrx_word' id='word_1_677' title='bbox 3388 4060 3473 4111; x_wconf 90' lang='lat' dir='ltr'>est</span> <span class='ocrx_word' id='word_1_678' title='bbox 3488 4057 3571 4111; x_wconf 90' lang='lat' dir='ltr'>di-</span> 
     </span>
    </p>
   </div>
   <div class='ocr_carea' id='block_1_90' title="bbox 1962 4143 3565 4215">
    <p class='ocr_par' dir='ltr' id='par_1_90' title="bbox 1962 4143 3565 4215">
     <span class='ocr_line' id='line_1_90' title="bbox 1962 4143 3565 4215; baseline 0 -16"><span class='ocrx_word' id='word_1_679' title='bbox 1962 4160 2124 4199; x_wconf 88' lang='lat' dir='ltr'>cere:</span> <span class='ocrx_word' id='word_1_680' title='bbox 2149 4143 2378 4198; x_wconf 79' lang='lat' dir='ltr'>Domine</span> <span class='ocrx_word' id='word_1_681' title='bbox 2416 4145 2608 4207; x_wconf 87' lang='lat' dir='ltr'>Pater,</span> <span class='ocrx_word' id='word_1_682' title='bbox 2633 4145 2841 4214; x_wconf 80' lang='lat' dir='ltr'>speravi</span> <span class='ocrx_word' id='word_1_683' title='bbox 2855 4160 2923 4198; x_wconf 90' lang='lat' dir='ltr'>ea</span> <span class='ocrx_word' id='word_1_684' title='bbox 2939 4160 3067 4215; x_wconf 62' lang='lat' dir='ltr'>quas</span> <span class='ocrx_word' id='word_1_685' title='bbox 3106 4146 3239 4198; x_wconf 90' lang='lat' dir='ltr'>sunt</span> <span class='ocrx_word' id='word_1_686' title='bbox 3264 4144 3319 4199; x_wconf 91' lang='lat' dir='ltr'>in</span> <span class='ocrx_word' id='word_1_687' title='bbox 3345 4146 3419 4213; x_wconf 91' lang='lat' dir='ltr'>te,</span> <span class='ocrx_word' id='word_1_688' title='bbox 3455 4144 3565 4199; x_wconf 90' lang='lat' dir='ltr'>im-</span> 
     </span>
    </p>
   </div>
   <div class='ocr_carea' id='block_1_91' title="bbox 1960 4218 3572 4306">
    <p class='ocr_par' dir='ltr' id='par_1_91' title="bbox 1960 4218 3572 4306">
     <span class='ocr_line' id='line_1_91' title="bbox 1960 4218 3572 4306; baseline 0.001 -19"><span class='ocrx_word' id='word_1_689' title='bbox 1960 4232 2380 4288; x_wconf 90' lang='lat' dir='ltr'>mortalitatem</span> <span class='ocrx_word' id='word_1_690' title='bbox 2407 4235 2465 4286; x_wconf 91' lang='lat' dir='ltr'>et</span> <span class='ocrx_word' id='word_1_691' title='bbox 2490 4232 3033 4306; x_wconf 85' lang='lat' dir='ltr'>impassibilitatem.</span> <span class='ocrx_word' id='word_1_692' title='bbox 3066 4234 3214 4305; x_wconf 87' lang='lat' dir='ltr'>Ergo</span> <span class='ocrx_word' id='word_1_693' title='bbox 3466 4251 3572 4288; x_wconf 85' lang='lat' dir='ltr'>non</span> 
     </span>
    </p>
   </div>
   <div class='ocr_carea' id='block_1_92' title="bbox 252 4320 3569 4395">
    <p class='ocr_par' dir='ltr' id='par_1_92' title="bbox 252 4320 3569 4395">
     <span class='ocr_line' id='line_1_92' title="bbox 252 4320 3569 4395; baseline -0.001 -18"><span class='ocrx_word' id='word_1_694' title='bbox 252 4338 355 4395; x_wconf 91' lang='lat' dir='ltr'>per</span> <span class='ocrx_word' id='word_1_695' title='bbox 394 4322 744 4378; x_wconf 88' lang='lat' dir='ltr'>remittendo</span> <span class='ocrx_word' id='word_1_696' title='bbox 766 4324 880 4378; x_wconf 90' lang='lat' dir='ltr'>suis</span> <span class='ocrx_word' id='word_1_697' title='bbox 904 4328 1159 4395; x_wconf 90' lang='lat' dir='ltr'>peccata,</span> <span class='ocrx_word' id='word_1_698' title='bbox 1183 4327 1241 4378; x_wconf 89' lang='lat' dir='ltr'>et</span> <span class='ocrx_word' id='word_1_699' title='bbox 1265 4324 1634 4395; x_wconf 86' lang='lat' dir='ltr'>justificando</span> <span class='ocrx_word' id='word_1_700' title='bbox 1659 4342 1757 4380; x_wconf 90' lang='lat' dir='ltr'>eos</span> <span class='ocrx_word' id='word_1_701' title='bbox 1788 4327 1859 4381; x_wconf 89' lang='lat' dir='ltr'>de</span> <span class='ocrx_word' id='word_1_702' title='bbox 1884 4325 1937 4383; x_wconf 92' lang='lat' dir='ltr'>D</span> <span class='ocrx_word' id='word_1_703' title='bbox 1961 4320 2271 4390; x_wconf 84' lang='lat' dir='ltr'>con/undar</span> <span class='ocrx_word' id='word_1_704' title='bbox 2302 4323 2359 4375; x_wconf 90' lang='lat' dir='ltr'>in</span> <span class='ocrx_word' id='word_1_705' title='bbox 2378 4321 2775 4392; x_wconf 57' lang='lat' dir='ltr'>auternum,etsi</span> <span class='ocrx_word' id='word_1_706' title='bbox 2789 4322 2862 4375; x_wconf 91' lang='lat' dir='ltr'>ad</span> <span class='ocrx_word' id='word_1_707' title='bbox 2888 4322 3117 4391; x_wconf 88' lang='lat' dir='ltr'>tempus</span> <span class='ocrx_word' id='word_1_708' title='bbox 3137 4322 3334 4376; x_wconf 86' lang='lat' dir='ltr'>videar</span> <span class='ocrx_word' id='word_1_709' title='bbox 3355 4322 3569 4377; x_wconf 67' lang='lat' dir='ltr'>Judmis</span> 
     </span>
    </p>
   </div>
   <div class='ocr_carea' id='block_1_93' title="bbox 252 4410 1861 4484">
    <p class='ocr_par' dir='ltr' id='par_1_93' title="bbox 252 4410 1861 4484">
     <span class='ocr_line' id='line_1_93' title="bbox 252 4410 1861 4484; baseline 0.002 -20"><span class='ocrx_word' id='word_1_710' title='bbox 252 4410 630 4482; x_wconf 82' lang='lat' dir='ltr'>generatione</span> <span class='ocrx_word' id='word_1_711' title='bbox 693 4410 752 4465; x_wconf 90' lang='lat' dir='ltr'>in</span> <span class='ocrx_word' id='word_1_712' title='bbox 817 4412 1278 4483; x_wconf 82' lang='lat' dir='ltr'>generationem,</span> <span class='ocrx_word' id='word_1_713' title='bbox 1344 4429 1524 4484; x_wconf 89' lang='lat' dir='ltr'>usque</span> <span class='ocrx_word' id='word_1_714' title='bbox 1572 4413 1633 4466; x_wconf 90' lang='lat' dir='ltr'>in</span> <span class='ocrx_word' id='word_1_715' title='bbox 1683 4414 1861 4468; x_wconf 85' lang='lat' dir='ltr'>finem</span> 
     </span>
    </p>
   </div>
   <div class='ocr_carea' id='block_1_94' title="bbox 254 4497 1865 4573">
    <p class='ocr_par' dir='ltr' id='par_1_94' title="bbox 254 4497 1865 4573">
     <span class='ocr_line' id='line_1_94' title="bbox 254 4497 1865 4573; baseline 0.002 -21"><span class='ocrx_word' id='word_1_716' title='bbox 254 4498 477 4564; x_wconf 90' lang='lat' dir='ltr'>mundi,</span> <span class='ocrx_word' id='word_1_717' title='bbox 497 4500 556 4552; x_wconf 93' lang='lat' dir='ltr'>et</span> <span class='ocrx_word' id='word_1_718' title='bbox 578 4497 639 4552; x_wconf 90' lang='lat' dir='ltr'>in</span> <span class='ocrx_word' id='word_1_719' title='bbox 654 4499 847 4555; x_wconf 90' lang='lat' dir='ltr'>futuro</span> <span class='ocrx_word' id='word_1_720' title='bbox 864 4499 1235 4573; x_wconf 82' lang='lat' dir='ltr'>magniﬁcewr</span> <span class='ocrx_word' id='word_1_721' title='bbox 1252 4516 1355 4573; x_wconf 89' lang='lat' dir='ltr'>per</span> <span class='ocrx_word' id='word_1_722' title='bbox 1382 4517 1614 4555; x_wconf 90' lang='lat' dir='ltr'>suorum</span> <span class='ocrx_word' id='word_1_723' title='bbox 1648 4500 1865 4573; x_wconf 89' lang='lat' dir='ltr'>perfec-</span> 
     </span>
    </p>
   </div>
   <div class='ocr_carea' id='block_1_95' title="bbox 250 4585 1864 4657">
    <p class='ocr_par' dir='ltr' id='par_1_95' title="bbox 250 4585 1864 4657">
     <span class='ocr_line' id='line_1_95' title="bbox 250 4585 1864 4657; baseline 0.002 -17"><span class='ocrx_word' id='word_1_724' title='bbox 250 4592 372 4640; x_wconf 90' lang='lat' dir='ltr'>tam</span> <span class='ocrx_word' id='word_1_725' title='bbox 397 4585 905 4657; x_wconf 85' lang='lat' dir='ltr'>gloriﬁcationem,</span> <span class='ocrx_word' id='word_1_726' title='bbox 936 4588 1070 4643; x_wconf 94' lang='lat' dir='ltr'>Dico</span> <span class='ocrx_word' id='word_1_727' title='bbox 1102 4591 1164 4643; x_wconf 91' lang='lat' dir='ltr'>ut</span> <span class='ocrx_word' id='word_1_728' title='bbox 1192 4589 1262 4644; x_wconf 88' lang='lat' dir='ltr'>de</span> <span class='ocrx_word' id='word_1_729' title='bbox 1292 4606 1387 4644; x_wconf 91' lang='lat' dir='ltr'>me</span> <span class='ocrx_word' id='word_1_730' title='bbox 1400 4591 1517 4645; x_wconf 92' lang='lat' dir='ltr'>Deo</span> <span class='ocrx_word' id='word_1_731' title='bbox 1532 4589 1727 4644; x_wconf 90' lang='lat' dir='ltr'>dicant</span> <span class='ocrx_word' id='word_1_732' title='bbox 1751 4607 1864 4643; x_wconf 89' lang='lat' dir='ltr'>ma-</span> 
     </span>
    </p>
   </div>
   <div class='ocr_carea' id='block_1_96' title="bbox 248 4672 1863 4749">
    <p class='ocr_par' dir='ltr' id='par_1_96' title="bbox 248 4672 1863 4749">
     <span class='ocr_line' id='line_1_96' title="bbox 248 4672 1863 4749; baseline 0.004 -23"><span class='ocrx_word' id='word_1_733' title='bbox 248 4672 532 4745; x_wconf 80' lang='lat' dir='ltr'>gni/icetur</span> <span class='ocrx_word' id='word_1_734' title='bbox 555 4676 721 4730; x_wconf 83' lang='lat' dir='ltr'>Deus.</span> <span class='ocrx_word' id='word_1_735' title='bbox 753 4677 833 4730; x_wconf 86' lang='lat' dir='ltr'>De</span> <span class='ocrx_word' id='word_1_736' title='bbox 872 4692 931 4731; x_wconf 90' lang='lat' dir='ltr'>se</span> <span class='ocrx_word' id='word_1_737' title='bbox 961 4693 1093 4731; x_wconf 87' lang='lat' dir='ltr'>vero</span> <span class='ocrx_word' id='word_1_738' title='bbox 1125 4676 1337 4745; x_wconf 90' lang='lat' dir='ltr'>dicant,</span> <span class='ocrx_word' id='word_1_739' title='bbox 1387 4695 1417 4732; x_wconf 90' lang='grc' dir='ltr'><em>ο</em></span> <span class='ocrx_word' id='word_1_740' title='bbox 1460 4677 1624 4745; x_wconf 86' lang='lat' dir='ltr'>Deus,</span> <span class='ocrx_word' id='word_1_741' title='bbox 1661 4678 1863 4749; x_wconf 85' lang='lat' dir='ltr'>adjuva</span> 
     </span>
    </p>
   </div>
   <div class='ocr_carea' id='block_1_97' title="bbox 250 4763 1858 4837">
    <p class='ocr_par' dir='ltr' id='par_1_97' title="bbox 250 4763 1858 4837">
     <span class='ocr_line' id='line_1_97' title="bbox 250 4763 1858 4837; baseline 0.004 -21"><span class='ocrx_word' id='word_1_742' title='bbox 250 4779 352 4829; x_wconf 87' lang='lat' dir='ltr'>me,</span> <span class='ocrx_word' id='word_1_743' title='bbox 382 4763 553 4831; x_wconf 90' lang='lat' dir='ltr'>bene,</span> <span class='ocrx_word' id='word_1_744' title='bbox 586 4764 953 4835; x_wconf 89' lang='lat' dir='ltr'>cooperando</span> <span class='ocrx_word' id='word_1_745' title='bbox 1001 4768 1060 4819; x_wconf 91' lang='lat' dir='ltr'>et</span> <span class='ocrx_word' id='word_1_746' title='bbox 1089 4781 1183 4819; x_wconf 89' lang='lat' dir='ltr'>me</span> <span class='ocrx_word' id='word_1_747' title='bbox 1219 4782 1252 4820; x_wconf 89' lang='lat' dir='ltr'>a</span> <span class='ocrx_word' id='word_1_748' title='bbox 1270 4766 1519 4836; x_wconf 87' lang='lat' dir='ltr'>peccatis</span> <span class='ocrx_word' id='word_1_749' title='bbox 1538 4766 1858 4837; x_wconf 88' lang='lat' dir='ltr'>eripiendo.</span> 
     </span>
    </p>
   </div>
   <div class='ocr_carea' id='block_1_98' title="bbox 247 4848 1864 4926">
    <p class='ocr_par' dir='ltr' id='par_1_98' title="bbox 247 4848 1864 4926">
     <span class='ocr_line' id='line_1_98' title="bbox 247 4848 1864 4926; baseline 0.002 -21"><span class='ocrx_word' id='word_1_750' title='bbox 247 4848 397 4905; x_wconf 89' lang='lat' dir='ltr'>Nam</span> <span class='ocrx_word' id='word_1_751' title='bbox 418 4868 528 4923; x_wconf 85' lang='lat' dir='ltr'>ego</span> <span class='ocrx_word' id='word_1_752' title='bbox 555 4868 747 4920; x_wconf 78' lang='lat' dir='ltr'>egenus</span> <span class='ocrx_word' id='word_1_753' title='bbox 776 4868 914 4919; x_wconf 85' lang='lat' dir='ltr'>sum,</span> <span class='ocrx_word' id='word_1_754' title='bbox 946 4851 1005 4906; x_wconf 94' lang='lat' dir='ltr'>id</span> <span class='ocrx_word' id='word_1_755' title='bbox 1036 4856 1124 4907; x_wconf 89' lang='lat' dir='ltr'>est</span> <span class='ocrx_word' id='word_1_756' title='bbox 1147 4854 1358 4908; x_wconf 90' lang='lat' dir='ltr'>nullius</span> <span class='ocrx_word' id='word_1_757' title='bbox 1378 4854 1610 4910; x_wconf 89' lang='lat' dir='ltr'>alterius</span> <span class='ocrx_word' id='word_1_758' title='bbox 1632 4871 1742 4926; x_wconf 90' lang='lat' dir='ltr'>ope</span> <span class='ocrx_word' id='word_1_759' title='bbox 1763 4870 1864 4926; x_wconf 87' lang='lat' dir='ltr'>po-</span> 
     </span>
    </p>
   </div>
   <div class='ocr_carea' id='block_1_99' title="bbox 251 4939 1863 5013">
    <p class='ocr_par' dir='ltr' id='par_1_99' title="bbox 251 4939 1863 5013">
     <span class='ocr_line' id='line_1_99' title="bbox 251 4939 1863 5013; baseline 0.002 -21"><span class='ocrx_word' id='word_1_760' title='bbox 251 4940 380 4993; x_wconf 89' lang='lat' dir='ltr'>tens</span> <span class='ocrx_word' id='word_1_761' title='bbox 405 4939 630 5002; x_wconf 89' lang='lat' dir='ltr'>salvari,</span> <span class='ocrx_word' id='word_1_762' title='bbox 661 4939 770 4994; x_wconf 87' lang='lat' dir='ltr'>nisi</span> <span class='ocrx_word' id='word_1_763' title='bbox 796 4943 915 4995; x_wconf 86' lang='lat' dir='ltr'>tua.</span> <span class='ocrx_word' id='word_1_764' title='bbox 948 4940 1026 4994; x_wconf 86' lang='lat' dir='ltr'>Et</span> <span class='ocrx_word' id='word_1_765' title='bbox 1046 4959 1274 5012; x_wconf 81' lang='lat' dir='ltr'>pauper,</span> <span class='ocrx_word' id='word_1_766' title='bbox 1324 4942 1383 4996; x_wconf 93' lang='lat' dir='ltr'>id</span> <span class='ocrx_word' id='word_1_767' title='bbox 1436 4945 1523 4997; x_wconf 89' lang='lat' dir='ltr'>est</span> <span class='ocrx_word' id='word_1_768' title='bbox 1575 4958 1684 5013; x_wconf 89' lang='lat' dir='ltr'>ope</span> <span class='ocrx_word' id='word_1_769' title='bbox 1727 4959 1863 4996; x_wconf 89' lang='lat' dir='ltr'>mea</span> 
     </span>
    </p>
   </div>
   <div class='ocr_carea' id='block_1_100' title="bbox 252 5026 1861 5099">
    <p class='ocr_par' dir='ltr' id='par_1_100' title="bbox 252 5026 1861 5099">
     <span class='ocr_line' id='line_1_100' title="bbox 252 5026 1861 5099; baseline 0.002 -18"><span class='ocrx_word' id='word_1_770' title='bbox 252 5026 455 5082; x_wconf 90' lang='lat' dir='ltr'>salvari</span> <span class='ocrx_word' id='word_1_771' title='bbox 480 5027 788 5099; x_wconf 88' lang='lat' dir='ltr'>impotens.</span> <span class='ocrx_word' id='word_1_772' title='bbox 833 5028 968 5084; x_wconf 89' lang='lat' dir='ltr'>Dico</span> <span class='ocrx_word' id='word_1_773' title='bbox 992 5029 1192 5098; x_wconf 89' lang='lat' dir='ltr'>adjuva</span> <span class='ocrx_word' id='word_1_774' title='bbox 1218 5047 1318 5099; x_wconf 90' lang='lat' dir='ltr'>me,</span> <span class='ocrx_word' id='word_1_775' title='bbox 1344 5033 1400 5084; x_wconf 89' lang='lat' dir='ltr'>et</span> <span class='ocrx_word' id='word_1_776' title='bbox 1422 5033 1502 5096; x_wconf 92' lang='lat' dir='ltr'>tu,</span> <span class='ocrx_word' id='word_1_777' title='bbox 1520 5029 1772 5096; x_wconf 76' lang='lat' dir='ltr'>Domine,</span> <span class='ocrx_word' id='word_1_778' title='bbox 1796 5048 1861 5084; x_wconf 87' lang='lat' dir='ltr'>ne</span> 
     </span>
    </p>
   </div>
   <div class='ocr_carea' id='block_1_101' title="bbox 254 5116 1863 5188">
    <p class='ocr_par' dir='ltr' id='par_1_101' title="bbox 254 5116 1863 5188">
     <span class='ocr_line' id='line_1_101' title="bbox 254 5116 1863 5188; baseline 0.002 -18"><span class='ocrx_word' id='word_1_779' title='bbox 254 5117 492 5183; x_wconf 84' lang='lat' dir='ltr'>moreris,</span> <span class='ocrx_word' id='word_1_780' title='bbox 521 5116 579 5170; x_wconf 90' lang='lat' dir='ltr'>id</span> <span class='ocrx_word' id='word_1_781' title='bbox 602 5119 687 5171; x_wconf 86' lang='lat' dir='ltr'>est</span> <span class='ocrx_word' id='word_1_782' title='bbox 708 5133 824 5171; x_wconf 90' lang='lat' dir='ltr'>non</span> <span class='ocrx_word' id='word_1_783' title='bbox 849 5117 924 5171; x_wconf 90' lang='lat' dir='ltr'>sis</span> <span class='ocrx_word' id='word_1_784' title='bbox 954 5117 1152 5172; x_wconf 90' lang='lat' dir='ltr'>tardus</span> <span class='ocrx_word' id='word_1_785' title='bbox 1179 5118 1251 5172; x_wconf 91' lang='lat' dir='ltr'>ad</span> <span class='ocrx_word' id='word_1_786' title='bbox 1267 5117 1617 5188; x_wconf 83' lang='lat' dir='ltr'>adjutorium</span> <span class='ocrx_word' id='word_1_787' title='bbox 1641 5121 1698 5173; x_wconf 89' lang='lat' dir='ltr'>et</span> <span class='ocrx_word' id='word_1_788' title='bbox 1723 5118 1863 5173; x_wconf 89' lang='lat' dir='ltr'>libe-</span> 
     </span>
    </p>
   </div>
   <div class='ocr_carea' id='block_1_102' title="bbox 255 5203 1863 5274">
    <p class='ocr_par' dir='ltr' id='par_1_102' title="bbox 255 5203 1863 5274">
     <span class='ocr_line' id='line_1_102' title="bbox 255 5203 1863 5274; baseline 0.002 -15"><span class='ocrx_word' id='word_1_789' title='bbox 255 5203 545 5259; x_wconf 86' lang='lat' dir='ltr'>rationem</span> <span class='ocrx_word' id='word_1_790' title='bbox 575 5220 790 5259; x_wconf 91' lang='lat' dir='ltr'>meam.</span> <span class='ocrx_word' id='word_1_791' title='bbox 841 5205 986 5258; x_wconf 87' lang='lat' dir='ltr'>Nam</span> <span class='ocrx_word' id='word_1_792' title='bbox 1016 5208 1079 5258; x_wconf 89' lang='lat' dir='ltr'>tu</span> <span class='ocrx_word' id='word_1_793' title='bbox 1108 5206 1259 5259; x_wconf 91' lang='lat' dir='ltr'>solus</span> <span class='ocrx_word' id='word_1_794' title='bbox 1284 5221 1343 5259; x_wconf 89' lang='lat' dir='ltr'>es</span> <span class='ocrx_word' id='word_1_795' title='bbox 1371 5204 1586 5274; x_wconf 85' lang='lat' dir='ltr'>adjutor</span> <span class='ocrx_word' id='word_1_796' title='bbox 1614 5224 1759 5261; x_wconf 83' lang='lat' dir='ltr'>meus</span> <span class='ocrx_word' id='word_1_797' title='bbox 1789 5206 1863 5262; x_wconf 91' lang='lat' dir='ltr'>ad</span> 
     </span>
    </p>
   </div>
   <div class='ocr_carea' id='block_1_103' title="bbox 255 5291 1865 5362">
    <p class='ocr_par' dir='ltr' id='par_1_103' title="bbox 255 5291 1865 5362">
     <span class='ocr_line' id='line_1_103' title="bbox 255 5291 1865 5362; baseline 0.001 -14"><span class='ocrx_word' id='word_1_798' title='bbox 255 5292 402 5348; x_wconf 81' lang='lat' dir='ltr'>bene</span> <span class='ocrx_word' id='word_1_799' title='bbox 434 5292 818 5362; x_wconf 87' lang='lat' dir='ltr'>operandum,</span> <span class='ocrx_word' id='word_1_800' title='bbox 848 5298 898 5346; x_wconf 82' lang='lat' dir='ltr'>et</span> <span class='ocrx_word' id='word_1_801' title='bbox 930 5292 1184 5346; x_wconf 72' lang='lat' dir='ltr'>liberator</span> <span class='ocrx_word' id='word_1_802' title='bbox 1214 5308 1248 5346; x_wconf 91' lang='lat' dir='ltr'>a</span> <span class='ocrx_word' id='word_1_803' title='bbox 1277 5291 1443 5346; x_wconf 90' lang='lat' dir='ltr'>vitiis.</span> <span class='ocrx_word' id='word_1_804' title='bbox 1470 5292 1633 5357; x_wconf 92' lang='lat' dir='ltr'>Quod</span> <span class='ocrx_word' id='word_1_805' title='bbox 1663 5298 1750 5349; x_wconf 89' lang='lat' dir='ltr'>est</span> <span class='ocrx_word' id='word_1_806' title='bbox 1784 5295 1865 5349; x_wconf 88' lang='lat' dir='ltr'>di-</span> 
     </span>
    </p>
   </div>
   <div class='ocr_carea' id='block_1_104' title="bbox 257 5379 1718 5450">
    <p class='ocr_par' dir='ltr' id='par_1_104' title="bbox 257 5379 1718 5450">
     <span class='ocr_line' id='line_1_104' title="bbox 257 5379 1718 5450; baseline 0.001 -15"><span class='ocrx_word' id='word_1_807' title='bbox 257 5396 386 5435; x_wconf 88' lang='lat' dir='ltr'>cere</span> <span class='ocrx_word' id='word_1_808' title='bbox 419 5397 431 5435; x_wconf 93' lang='lat'><strong>:</strong></span> <span class='ocrx_word' id='word_1_809' title='bbox 462 5380 545 5434; x_wconf 92' lang='lat' dir='ltr'>Tu</span> <span class='ocrx_word' id='word_1_810' title='bbox 575 5381 727 5435; x_wconf 89' lang='lat' dir='ltr'>solus</span> <span class='ocrx_word' id='word_1_811' title='bbox 759 5379 1035 5450; x_wconf 85' lang='lat' dir='ltr'>adjuvare</span> <span class='ocrx_word' id='word_1_812' title='bbox 1061 5396 1155 5434; x_wconf 92' lang='lat' dir='ltr'>me</span> <span class='ocrx_word' id='word_1_813' title='bbox 1182 5383 1344 5450; x_wconf 89' lang='lat' dir='ltr'>potes</span> <span class='ocrx_word' id='word_1_814' title='bbox 1370 5384 1427 5435; x_wconf 91' lang='lat' dir='ltr'>et</span> <span class='ocrx_word' id='word_1_815' title='bbox 1450 5381 1718 5437; x_wconf 88' lang='lat' dir='ltr'>liberare.</span> 
     </span>
    </p>
   </div>
   <div class='ocr_carea' id='block_1_105' title="bbox 780 5467 1367 5524">
    <p class='ocr_par' dir='ltr' id='par_1_105' title="bbox 780 5467 1367 5524">
     <span class='ocr_line' id='line_1_105' title="bbox 780 5467 1367 5524; baseline 0 -3"><span class='ocrx_word' id='word_1_816' title='bbox 780 5469 848 5522; x_wconf 83' lang='lat' dir='ltr'><strong>IN</strong></span> <span class='ocrx_word' id='word_1_817' title='bbox 877 5468 1203 5524; x_wconf 85' lang='lat' dir='ltr'>PSALMUM</span> <span class='ocrx_word' id='word_1_818' title='bbox 1225 5467 1367 5522; x_wconf 86' lang='lat' dir='ltr'>LXX.</span> 
     </span>
    </p>
   </div>
   <div class='ocr_carea' id='block_1_106' title="bbox 326 5555 1868 5631">
    <p class='ocr_par' dir='ltr' id='par_1_106' title="bbox 326 5555 1868 5631">
     <span class='ocr_line' id='line_1_106' title="bbox 326 5555 1868 5631; baseline -0.001 -16"><span class='ocrx_word' id='word_1_819' title='bbox 326 5556 545 5615; x_wconf 89' lang='lat' dir='ltr'>Titulus</span> <span class='ocrx_word' id='word_1_820' title='bbox 598 5556 1011 5631; x_wconf 82' lang='lat' dir='ltr'>septuagesimi</span> <span class='ocrx_word' id='word_1_821' title='bbox 1046 5573 1060 5614; x_wconf 90' lang='lat'><strong>:</strong></span> <span class='ocrx_word' id='word_1_822' title='bbox 1102 5556 1354 5616; x_wconf 78' lang='lat' dir='ltr'>Psalmus</span> <span class='ocrx_word' id='word_1_823' title='bbox 1398 5555 1579 5612; x_wconf 81' lang='lat' dir='ltr'>David</span> <span class='ocrx_word' id='word_1_824' title='bbox 1624 5556 1868 5631; x_wconf 81' lang='lat' dir='ltr'>ﬁliorum</span> 
     </span>
    </p>
   </div>
   <div class='ocr_carea' id='block_1_107' title="bbox 1963 4409 3572 4482">
    <p class='ocr_par' dir='ltr' id='par_1_107' title="bbox 1963 4409 3572 4482">
     <span class='ocr_line' id='line_1_107' title="bbox 1963 4409 3572 4482; baseline -0.001 -17"><span class='ocrx_word' id='word_1_825' title='bbox 1963 4411 2249 4467; x_wconf 86' lang='lat' dir='ltr'>confusus.</span> <span class='ocrx_word' id='word_1_826' title='bbox 2272 4411 2427 4465; x_wconf 88' lang='lat' dir='ltr'>Tunc</span> <span class='ocrx_word' id='word_1_827' title='bbox 2443 4414 2635 4465; x_wconf 91' lang='lat' dir='ltr'>autem</span> <span class='ocrx_word' id='word_1_828' title='bbox 2659 4409 3066 4475; x_wconf 88' lang='lat' dir='ltr'>confunderer,</span> <span class='ocrx_word' id='word_1_829' title='bbox 3111 4409 3155 4463; x_wconf 89' lang='lat' dir='ltr'>si</span> <span class='ocrx_word' id='word_1_830' title='bbox 3177 4410 3331 4480; x_wconf 90' lang='lat' dir='ltr'>quod</span> <span class='ocrx_word' id='word_1_831' title='bbox 3360 4412 3572 4482; x_wconf 79' lang='lat' dir='ltr'>speravi</span> 
     </span>
    </p>
   </div>
   <div class='ocr_carea' id='block_1_108' title="bbox 1962 4496 3563 4571">
    <p class='ocr_par' dir='ltr' id='par_1_108' title="bbox 1962 4496 3563 4571">
     <span class='ocr_line' id='line_1_108' title="bbox 1962 4496 3563 4571; baseline 0 -18"><span class='ocrx_word' id='word_1_832' title='bbox 1962 4515 2081 4553; x_wconf 91' lang='lat' dir='ltr'>non</span> <span class='ocrx_word' id='word_1_833' title='bbox 2112 4498 2474 4570; x_wconf 88' lang='lat' dir='ltr'>adipiscerer.</span> <span class='ocrx_word' id='word_1_834' title='bbox 2502 4498 2636 4552; x_wconf 91' lang='lat' dir='ltr'>Dico</span> <span class='ocrx_word' id='word_1_835' title='bbox 2668 4514 2786 4552; x_wconf 88' lang='lat' dir='ltr'>non</span> <span class='ocrx_word' id='word_1_836' title='bbox 2823 4496 3098 4551; x_wconf 88' lang='lat' dir='ltr'>confundi</span> <span class='ocrx_word' id='word_1_837' title='bbox 3127 4515 3220 4552; x_wconf 91' lang='lat' dir='ltr'>me</span> <span class='ocrx_word' id='word_1_838' title='bbox 3242 4499 3563 4571; x_wconf 89' lang='lat' dir='ltr'>permittas,</span> 
     </span>
    </p>
   </div>
   <div class='ocr_carea' id='block_1_109' title="bbox 1962 4585 3568 4660">
    <p class='ocr_par' dir='ltr' id='par_1_109' title="bbox 1962 4585 3568 4660">
     <span class='ocr_line' id='line_1_109' title="bbox 1962 4585 3568 4660; baseline 0.002 -19"><span class='ocrx_word' id='word_1_839' title='bbox 1962 4587 2063 4641; x_wconf 91' lang='lat' dir='ltr'>sed</span> <span class='ocrx_word' id='word_1_840' title='bbox 2102 4587 2265 4641; x_wconf 82' lang='lat' dir='ltr'>libera</span> <span class='ocrx_word' id='word_1_841' title='bbox 2290 4603 2372 4640; x_wconf 89' lang='lat' dir='ltr'>me</span> <span class='ocrx_word' id='word_1_842' title='bbox 2405 4588 2461 4639; x_wconf 85' lang='lat' dir='ltr'>in</span> <span class='ocrx_word' id='word_1_843' title='bbox 2480 4586 2696 4656; x_wconf 80' lang='lat' dir='ltr'>justitia</span> <span class='ocrx_word' id='word_1_844' title='bbox 2724 4591 2837 4652; x_wconf 86' lang='lat' dir='ltr'>tua,</span> <span class='ocrx_word' id='word_1_845' title='bbox 2868 4585 2926 4639; x_wconf 95' lang='lat' dir='ltr'>id</span> <span class='ocrx_word' id='word_1_846' title='bbox 2948 4588 3034 4640; x_wconf 90' lang='lat' dir='ltr'>est</span> <span class='ocrx_word' id='word_1_847' title='bbox 3063 4586 3379 4641; x_wconf 89' lang='lat' dir='ltr'>secundum</span> <span class='ocrx_word' id='word_1_848' title='bbox 3410 4589 3568 4660; x_wconf 92' lang='lat' dir='ltr'>quod</span> 
     </span>
    </p>
   </div>
   <div class='ocr_carea' id='block_1_110' title="bbox 1949 4673 3567 4747">
    <p class='ocr_par' dir='ltr' id='par_1_110' title="bbox 1949 4673 3567 4747">
     <span class='ocr_line' id='line_1_110' title="bbox 1949 4673 3567 4747; baseline 0.001 -18"><span class='ocrx_word' id='word_1_849' title='bbox 1949 4673 2174 4746; x_wconf 89' lang='lat' dir='ltr'>justitia</span> <span class='ocrx_word' id='word_1_850' title='bbox 2208 4676 2307 4728; x_wconf 90' lang='lat' dir='ltr'>tua</span> <span class='ocrx_word' id='word_1_851' title='bbox 2347 4673 2539 4745; x_wconf 86' lang='lat' dir='ltr'>exigit.</span> <span class='ocrx_word' id='word_1_852' title='bbox 2572 4674 2795 4728; x_wconf 87' lang='lat' dir='ltr'>Justum</span> <span class='ocrx_word' id='word_1_853' title='bbox 2841 4673 2999 4728; x_wconf 90' lang='lat' dir='ltr'>enim</span> <span class='ocrx_word' id='word_1_854' title='bbox 3031 4677 3118 4728; x_wconf 91' lang='lat' dir='ltr'>est</span> <span class='ocrx_word' id='word_1_855' title='bbox 3147 4675 3310 4747; x_wconf 78' lang='lat' dir='ltr'>utin</span> <span class='ocrx_word' id='word_1_856' title='bbox 3345 4677 3400 4730; x_wconf 84' lang='lat' dir='ltr'>te</span> <span class='ocrx_word' id='word_1_857' title='bbox 3442 4693 3567 4747; x_wconf 90' lang='lat' dir='ltr'>spe-</span> 
     </span>
    </p>
   </div>
   <div class='ocr_carea' id='block_1_111' title="bbox 1962 4744 3566 4832">
    <p class='ocr_par' dir='ltr' id='par_1_111' title="bbox 1962 4744 3566 4832">
     <span class='ocr_line' id='line_1_111' title="bbox 1962 4744 3566 4832; baseline 0 -14"><span class='ocrx_word' id='word_1_858' title='bbox 1962 4766 2191 4818; x_wconf 88' lang='lat' dir='ltr'>rantem</span> <span class='ocrx_word' id='word_1_859' title='bbox 2214 4762 2441 4832; x_wconf 90' lang='lat' dir='ltr'>liberes,</span> <span class='ocrx_word' id='word_1_860' title='bbox 2470 4768 2519 4816; x_wconf 92' lang='lat' dir='ltr'>et</span> <span class='ocrx_word' id='word_1_861' title='bbox 2540 4779 2657 4817; x_wconf 89' lang='lat' dir='ltr'>non</span> <span class='ocrx_word' id='word_1_862' title='bbox 2683 4762 2849 4815; x_wconf 81' lang='lat' dir='ltr'>libera</span> <span class='ocrx_word' id='word_1_863' title='bbox 2874 4779 2955 4815; x_wconf 89' lang='lat' dir='ltr'>me</span> <span class='ocrx_word' id='word_1_864' title='bbox 2983 4762 3039 4816; x_wconf 91' lang='lat' dir='ltr'>in</span> <span class='ocrx_word' id='word_1_865' title='bbox 3065 4744 3432 4829; x_wconf 70' lang='lat' dir='ltr'>abscondito,</span> <span class='ocrx_word' id='word_1_866' title='bbox 3464 4764 3566 4818; x_wconf 88' lang='lat' dir='ltr'>sed</span> 
     </span>
    </p>
   </div>
   <div class='ocr_carea' id='block_1_112' title="bbox 1962 4849 3567 4922">
    <p class='ocr_par' dir='ltr' id='par_1_112' title="bbox 1962 4849 3567 4922">
     <span class='ocr_line' id='line_1_112' title="bbox 1962 4849 3567 4922; baseline -0.001 -18"><span class='ocrx_word' id='word_1_867' title='bbox 1962 4850 2192 4922; x_wconf 76' lang='lat' dir='ltr'>eripe,id</span> <span class='ocrx_word' id='word_1_868' title='bbox 2211 4851 2296 4904; x_wconf 91' lang='lat' dir='ltr'>est</span> <span class='ocrx_word' id='word_1_869' title='bbox 2307 4849 2470 4903; x_wconf 77' lang='lat' dir='ltr'>libera</span> <span class='ocrx_word' id='word_1_870' title='bbox 2488 4849 2869 4909; x_wconf 86' lang='lat' dir='ltr'>manifeste.vi</span> <span class='ocrx_word' id='word_1_871' title='bbox 2889 4867 2969 4903; x_wconf 91' lang='lat' dir='ltr'>me</span> <span class='ocrx_word' id='word_1_872' title='bbox 2982 4850 3061 4904; x_wconf 92' lang='lat' dir='ltr'>eri</span> <span class='ocrx_word' id='word_1_873' title='bbox 3070 4850 3302 4920; x_wconf 85' lang='lat' dir='ltr'>piendo,</span> <span class='ocrx_word' id='word_1_874' title='bbox 3338 4853 3396 4904; x_wconf 72' lang='lat' dir='ltr'>et</span> <span class='ocrx_word' id='word_1_875' title='bbox 3416 4849 3567 4903; x_wconf 81' lang='lat' dir='ltr'>incli-</span> 
     </span>
    </p>
   </div>
   <div class='ocr_carea' id='block_1_113' title="bbox 1962 4936 3568 4994">
    <p class='ocr_par' dir='ltr' id='par_1_113' title="bbox 1962 4936 3568 4994">
     <span class='ocr_line' id='line_1_113' title="bbox 1962 4936 3568 4994; baseline -0.001 -1"><span class='ocrx_word' id='word_1_876' title='bbox 1962 4957 2033 4993; x_wconf 90' lang='lat' dir='ltr'>na</span> <span class='ocrx_word' id='word_1_877' title='bbox 2063 4956 2193 4993; x_wconf 91' lang='lat' dir='ltr'>cum</span> <span class='ocrx_word' id='word_1_878' title='bbox 2220 4938 2294 4993; x_wconf 90' lang='lat' dir='ltr'>sis</span> <span class='ocrx_word' id='word_1_879' title='bbox 2311 4938 2572 4994; x_wconf 91' lang='lat' dir='ltr'>sublimis</span> <span class='ocrx_word' id='word_1_880' title='bbox 2587 4938 2660 4993; x_wconf 82' lang='lat' dir='ltr'>ad</span> <span class='ocrx_word' id='word_1_881' title='bbox 2682 4956 2763 4992; x_wconf 89' lang='lat' dir='ltr'>me</span> <span class='ocrx_word' id='word_1_882' title='bbox 2785 4938 3081 4992; x_wconf 88' lang='lat' dir='ltr'>infirmum</span> <span class='ocrx_word' id='word_1_883' title='bbox 3110 4941 3168 4991; x_wconf 90' lang='lat' dir='ltr'>et</span> <span class='ocrx_word' id='word_1_884' title='bbox 3186 4936 3467 4991; x_wconf 90' lang='lat' dir='ltr'>humilem</span> <span class='ocrx_word' id='word_1_885' title='bbox 3485 4953 3568 4992; x_wconf 88' lang='lat' dir='ltr'>se-</span> 
     </span>
    </p>
   </div>
   <div class='ocr_carea' id='block_1_114' title="bbox 1963 5024 3563 5096">
    <p class='ocr_par' dir='ltr' id='par_1_114' title="bbox 1963 5024 3563 5096">
     <span class='ocr_line' id='line_1_114' title="bbox 1963 5024 3563 5096; baseline -0.002 -13"><span class='ocrx_word' id='word_1_886' title='bbox 1963 5028 2218 5083; x_wconf 89' lang='lat' dir='ltr'>cundum</span> <span class='ocrx_word' id='word_1_887' title='bbox 2250 5028 2695 5095; x_wconf 86' lang='lat' dir='ltr'>humanitatem,</span> <span class='ocrx_word' id='word_1_888' title='bbox 2747 5043 2931 5079; x_wconf 87' lang='lat' dir='ltr'>aurem</span> <span class='ocrx_word' id='word_1_889' title='bbox 2963 5032 3132 5091; x_wconf 87' lang='lat' dir='ltr'>tuam,</span> <span class='ocrx_word' id='word_1_890' title='bbox 3167 5024 3224 5079; x_wconf 93' lang='lat' dir='ltr'>id</span> <span class='ocrx_word' id='word_1_891' title='bbox 3246 5028 3332 5079; x_wconf 88' lang='lat' dir='ltr'>est</span> <span class='ocrx_word' id='word_1_892' title='bbox 3358 5028 3563 5096; x_wconf 85' lang='lat' dir='ltr'>poten-</span> 
     </span>
    </p>
   </div>
   <div class='ocr_carea' id='block_1_115' title="bbox 1961 5114 3565 5187">
    <p class='ocr_par' dir='ltr' id='par_1_115' title="bbox 1961 5114 3565 5187">
     <span class='ocr_line' id='line_1_115' title="bbox 1961 5114 3565 5187; baseline -0.002 -15"><span class='ocrx_word' id='word_1_893' title='bbox 1961 5117 2105 5173; x_wconf 89' lang='lat' dir='ltr'>tiam</span> <span class='ocrx_word' id='word_1_894' title='bbox 2136 5116 2544 5171; x_wconf 67' lang='lat' dir='ltr'>misericordite</span> <span class='ocrx_word' id='word_1_895' title='bbox 2574 5119 2686 5170; x_wconf 71' lang='lat' dir='ltr'>tuas</span> <span class='ocrx_word' id='word_1_896' title='bbox 2719 5132 2831 5187; x_wconf 91' lang='lat' dir='ltr'>qua</span> <span class='ocrx_word' id='word_1_897' title='bbox 2858 5114 3176 5169; x_wconf 88' lang='lat' dir='ltr'>clamantes</span> <span class='ocrx_word' id='word_1_898' title='bbox 3213 5114 3286 5168; x_wconf 89' lang='lat' dir='ltr'>ad</span> <span class='ocrx_word' id='word_1_899' title='bbox 3314 5116 3368 5168; x_wconf 91' lang='lat' dir='ltr'>te</span> <span class='ocrx_word' id='word_1_900' title='bbox 3396 5131 3565 5170; x_wconf 85' lang='lat' dir='ltr'>exau-</span> 
     </span>
    </p>
   </div>
   <div class='ocr_carea' id='block_1_116' title="bbox 1964 5201 3565 5276">
    <p class='ocr_par' dir='ltr' id='par_1_116' title="bbox 1964 5201 3565 5276">
     <span class='ocr_line' id='line_1_116' title="bbox 1964 5201 3565 5276; baseline -0.002 -15"><span class='ocrx_word' id='word_1_901' title='bbox 1964 5206 2070 5274; x_wconf 90' lang='lat' dir='ltr'>dis,</span> <span class='ocrx_word' id='word_1_902' title='bbox 2093 5206 2336 5276; x_wconf 90' lang='lat' dir='ltr'>ideoque</span> <span class='ocrx_word' id='word_1_903' title='bbox 2367 5204 2520 5259; x_wconf 87' lang='lat' dir='ltr'>auris</span> <span class='ocrx_word' id='word_1_904' title='bbox 2549 5203 2774 5258; x_wconf 89' lang='lat' dir='ltr'>dicitur.</span> <span class='ocrx_word' id='word_1_905' title='bbox 2809 5201 2974 5266; x_wconf 89' lang='lat' dir='ltr'>Quod</span> <span class='ocrx_word' id='word_1_906' title='bbox 3005 5205 3089 5257; x_wconf 86' lang='lat' dir='ltr'>est</span> <span class='ocrx_word' id='word_1_907' title='bbox 3147 5202 3336 5258; x_wconf 89' lang='lat' dir='ltr'>dicere</span> <span class='ocrx_word' id='word_1_908' title='bbox 3369 5219 3383 5257; x_wconf 75' lang='grc' dir='ltr'>ε</span> <span class='ocrx_word' id='word_1_909' title='bbox 3415 5204 3565 5258; x_wconf 86' lang='lat' dir='ltr'>Con-</span> 
     </span>
    </p>
   </div>
   <div class='ocr_carea' id='block_1_117' title="bbox 1966 5289 3571 5362">
    <p class='ocr_par' dir='ltr' id='par_1_117' title="bbox 1966 5289 3571 5362">
     <span class='ocr_line' id='line_1_117' title="bbox 1966 5289 3571 5362; baseline -0.002 -13"><span class='ocrx_word' id='word_1_910' title='bbox 1966 5294 2312 5349; x_wconf 90' lang='lat' dir='ltr'>descendere</span> <span class='ocrx_word' id='word_1_911' title='bbox 2342 5293 2432 5346; x_wconf 88' lang='lat' dir='ltr'>fac</span> <span class='ocrx_word' id='word_1_912' title='bbox 2473 5291 2781 5346; x_wconf 91' lang='lat' dir='ltr'>sublimem</span> <span class='ocrx_word' id='word_1_913' title='bbox 2824 5290 3148 5362; x_wconf 87' lang='lat' dir='ltr'>potentiam</span> <span class='ocrx_word' id='word_1_914' title='bbox 3191 5294 3351 5345; x_wconf 89' lang='lat' dir='ltr'>tuam</span> <span class='ocrx_word' id='word_1_915' title='bbox 3390 5289 3571 5362; x_wconf 75' lang='lat' dir='ltr'>preci-</span> 
     </span>
    </p>
   </div>
   <div class='ocr_carea' id='block_1_118' title="bbox 1964 5378 3571 5447">
    <p class='ocr_par' dir='ltr' id='par_1_118' title="bbox 1964 5378 3571 5447">
     <span class='ocr_line' id='line_1_118' title="bbox 1964 5378 3571 5447; baseline -0.002 -9"><span class='ocrx_word' id='word_1_916' title='bbox 1964 5382 2073 5438; x_wconf 87' lang='lat' dir='ltr'>bus</span> <span class='ocrx_word' id='word_1_917' title='bbox 2103 5381 2246 5437; x_wconf 89' lang='lat' dir='ltr'>meis</span> <span class='ocrx_word' id='word_1_918' title='bbox 2275 5380 2490 5436; x_wconf 84' lang='lat' dir='ltr'>inﬁrmi</span> <span class='ocrx_word' id='word_1_919' title='bbox 2521 5383 2580 5434; x_wconf 91' lang='lat' dir='ltr'>et</span> <span class='ocrx_word' id='word_1_920' title='bbox 2607 5378 2860 5446; x_wconf 88' lang='lat' dir='ltr'>humilis,</span> <span class='ocrx_word' id='word_1_921' title='bbox 2889 5379 3026 5433; x_wconf 88' lang='lat' dir='ltr'>etsic</span> <span class='ocrx_word' id='word_1_922' title='bbox 3045 5379 3191 5434; x_wconf 82' lang='lat' dir='ltr'>salva</span> <span class='ocrx_word' id='word_1_923' title='bbox 3213 5396 3317 5447; x_wconf 90' lang='lat' dir='ltr'>me,</span> <span class='ocrx_word' id='word_1_924' title='bbox 3352 5382 3410 5435; x_wconf 91' lang='lat' dir='ltr'>et</span> <span class='ocrx_word' id='word_1_925' title='bbox 3434 5379 3571 5435; x_wconf 78' lang='lat' dir='ltr'>libe—</span> 
     </span>
    </p>
   </div>
   <div class='ocr_carea' id='block_1_119' title="bbox 1968 5466 3573 5540">
    <p class='ocr_par' dir='ltr' id='par_1_119' title="bbox 1968 5466 3573 5540">
     <span class='ocr_line' id='line_1_119' title="bbox 1968 5466 3573 5540; baseline -0.001 -15"><span class='ocrx_word' id='word_1_926' title='bbox 1968 5471 2245 5537; x_wconf 89' lang='lat' dir='ltr'>rando,ut</span> <span class='ocrx_word' id='word_1_927' title='bbox 2261 5467 2519 5540; x_wconf 89' lang='lat' dir='ltr'>superius</span> <span class='ocrx_word' id='word_1_928' title='bbox 2534 5466 2732 5534; x_wconf 84' lang='lat' dir='ltr'>dixi,et</span> <span class='ocrx_word' id='word_1_929' title='bbox 2757 5466 3074 5539; x_wconf 75' lang='lat' dir='ltr'>gloriosum</span> <span class='ocrx_word' id='word_1_930' title='bbox 3096 5471 3154 5522; x_wconf 91' lang='lat' dir='ltr'>et</span> <span class='ocrx_word' id='word_1_931' title='bbox 3173 5469 3573 5525; x_wconf 87' lang='lat' dir='ltr'>immortalem</span> 
     </span>
    </p>
   </div>
   <div class='ocr_carea' id='block_1_120' title="bbox 1974 5554 3579 5631">
    <p class='ocr_par' dir='ltr' id='par_1_120' title="bbox 1974 5554 3579 5631">
     <span class='ocr_line' id='line_1_120' title="bbox 1974 5554 3579 5631; baseline 0.001 -17"><span class='ocrx_word' id='word_1_932' title='bbox 1974 5560 2033 5614; x_wconf 88' lang='lat' dir='ltr'>et</span> <span class='ocrx_word' id='word_1_933' title='bbox 2044 5557 2123 5613; x_wconf 87' lang='lat' dir='ltr'>im</span> <span class='ocrx_word' id='word_1_934' title='bbox 2131 5557 2455 5631; x_wconf 87' lang='lat' dir='ltr'>passibilem</span> <span class='ocrx_word' id='word_1_935' title='bbox 2474 5555 2862 5631; x_wconf 84' lang='lat' dir='ltr'>faciendo,qui</span> <span class='ocrx_word' id='word_1_936' title='bbox 2874 5555 2968 5613; x_wconf 89' lang='lat' dir='ltr'>hic</span> <span class='ocrx_word' id='word_1_937' title='bbox 2979 5555 3244 5613; x_wconf 83' lang='lat' dir='ltr'>infirmor</span> <span class='ocrx_word' id='word_1_938' title='bbox 3259 5554 3579 5615; x_wconf 85' lang='lat' dir='ltr'>secundum</span> 
     </span>
    </p>
   </div>
  </div>
