3970 6040
477 295 583 362 983

1091 296 1152 354 s.
1192 278 1536 354 BRUNONIS
1577 279 2207 358 CARTHUSIANORUM
2243 275 2711 350 INSTITUTOBIS
2751 287 2906 346 OPP.
2947 282 3125 346 PARS
3162 273 3184 343 ι

3732 282 3852 342 984

482 419 904 480 mortalitatem
930 420 988 474 et
1013 419 1470 490 passibilitatem.
1499 421 1567 476 Et
1594 422 1679 476 est
1709 419 1924 474 dictum
1958 435 1992 472 a
2016 416 2088 472 si-
2111 415 2394 480 Atieuter
2422 413 2716 468 sufferam.
2744 411 2812 465 Et
2843 411 2972 466 ideo
3007 411 3194 465 adhuc
3249 425 3314 464 ne
3347 408 3658 480 proficias,
3692 424 3850 480 quo-

483 510 814 567 militudine
875 507 1106 576 medici,
1157 509 1254 580 qui
1308 509 1561 576 inﬁrmo,
1627 525 1922 580 assurgere
1985 519 2128 562 ne-'

485 598 747 672 queunti,
779 615 978 652 aurem
1007 599 1324 652 clementer
1364 597 1622 664 inclinat,
1665 601 1722 652 et
1771 614 1902 652 eum
1935 595 2086 650 sani-

484 689 638 742 ﬁcat.
669 687 804 742 Dico
834 687 1000 752 salva,
1059 688 1116 740 et
1168 693 1227 738 ut
1262 703 1344 740 me
1406 691 1603 758 postea
1639 686 1840 740 salvum
1895 685 2087 751 facias,

487 776 647 848 prius
676 782 782 828 esto
803 775 937 828 mihi
960 777 1013 827 in
1029 773 1203 828 Deum
1224 781 1592 844 protectorem,
1611 775 1667 828 id
1694 779 1780 829 est
1819 791 1950 829 cum
1981 773 2089 828 mi-

485 864 547 918 hi
575 865 722 918 Deus
747 865 992 927 creator,
1025 861 1235 916 scilicet
1257 879 1321 916 ex
1349 865 1465 917 Deo
1498 862 1570 917 sis
1601 863 1742 917 mihi
1772 861 2092 917 tendensin

489 952 672 1006 Deum
703 953 1116 1021 protectorem,
1147 950 1244 1020 qui
1277 966 1369 1004 me
1411 949 1468 1004 in
1497 951 1758 1022 passione
1801 954 2092 1022 protegas,

491 1055 565 1092 ne
593 1037 798 1091 timore
821 1053 1006 1107 paena:
1037 1035 1325 1092 deﬁciam.
1357 1037 1434 1090 Et
1472 1042 1592 1093 esto
1639 1039 1781 1093 mihi
1841 1041 1896 1092 in
1927 1039 2094 1092 locum

490 1127 778 1189 munitum,
811 1124 868 1179 id
900 1127 984 1178 est
1015 1124 1073 1178 in
1106 1125 1496 1192 securitatem,
1555 1129 1616 1180 ut
1647 1143 1751 1181 nec
1799 1126 1974 1181 etiam
2022 1126 2094 1180 ti-

491 1229 682 1267 meam
714 1212 858 1266 sicut
888 1213 1044 1266 locus
1079 1214 1334 1268 munitus
1365 1213 1638 1268 securitas
1666 1217 1751 1269 est
1803 1215 1876 1269 ad
1925 1231 1982 1268 se
2015 1213 2098 1268 fu-

490 1300 796 1370 gientibus.
833 1299 988 1354 Multi
1025 1300 1237 1372 quippe
1291 1306 1698 1373 proteguntur,
1757 1303 1855 1375 qui
1913 1303 2095 1358 securi

491 1403 609 1440 non
636 1390 788 1454 sunt,
833 1387 1076 1459 ideoque
1107 1390 1394 1460 superflue
1426 1407 1540 1444 non
1566 1391 1871 1446 additurin
1903 1392 2094 1446 locum

492 1474 802 1528 munitum.
839 1476 904 1528 Et
935 1476 1144 1530 amodo
1178 1493 1298 1531 esse
1331 1477 1504 1532 debes
1525 1481 1816 1549 protector
1851 1481 1908 1533 et
1939 1481 2094 1534 locus

493 1562 769 1624 munitus,
824 1565 1083 1633 quoniam
1140 1564 1431 1636 hucusque
1493 1585 1544 1620 es
1585 1574 1642 1620 tu
1697 1567 2095 1636 ﬁrmamentum

489 1665 686 1716 meum,
709 1649 770 1704 id
801 1654 884 1704 est
914 1651 1118 1705 ﬁrmus
1159 1654 1450 1724 protector
1503 1671 1664 1708 meus
1723 1663 1772 1709 et
1823 1656 2094 1726 refugium

493 1753 686 1804 meum,
711 1736 768 1791 id
799 1740 885 1791 est
913 1737 1204 1792 securitas.

561 1827 638 1879 Ac
668 1825 712 1878 si
745 1823 923 1879 dicat:
951 1826 1092 1880 Cum
1107 1827 1394 1900 hucusque
1414 1829 1850 1888 ﬁrmamentum
1871 1833 2092 1888 etrefu-

493 1909 656 1983 gium
688 1928 885 1968 meum
939 1913 1236 1982 exstiteris,
1269 1933 1340 1970 ne
1391 1916 1447 1970 in
1507 1919 1700 1991 aliquo
1761 1921 2091 1988 defecerim,

493 2000 762 2072 deinceps
787 2001 1076 2071 refugium
1099 2006 1156 2056 et
1185 2004 1620 2061 ﬁrmamentum
1645 2026 1840 2064 meum
1867 2027 1987 2064 esse
2002 2009 2098 2063 de-

492 2087 612 2155 bes,
645 2105 718 2142 ne
744 2087 801 2142 in
822 2089 1012 2144 futuro
1046 2090 1330 2146 deﬁciam.
1357 2093 1456 2147 Vel
1489 2094 1566 2148 sic
1595 2113 1607 2150 :
1641 2097 1774 2150 Ideo
1802 2113 1902 2152 oro
1926 2104 1985 2150 ut
2015 2115 2098 2150 me

491 2175 696 2228 salvum
724 2177 922 2245 facias,
957 2178 1234 2248 quoniam
1281 2186 1338 2232 tu
1387 2182 1539 2235 solus
1593 2201 1644 2237 es
1700 2185 2116 2252 ﬁrmamentum‘

491 2278 685 2330 meum,
708 2269 758 2316 et
784 2265 1054 2333 refugium
1096 2283 1289 2332 meum,
1333 2267 1388 2322 id
1423 2272 1506 2323 est
1535 2271 1667 2341 quia
1710 2275 1770 2325 tu
1798 2273 1948 2327 solus
1997 2288 2095 2344 po-

490 2351 576 2404 tes
599 2366 694 2406 me
726 2355 1030 2422 protegere
1063 2357 1120 2408 et
1161 2372 1424 2410 securum
1466 2357 1674 2418 facere.
1720 2361 1962 2433 Exponit
1992 2379 2092 2416 au-

491 2441 612 2492 tem
644 2439 800 2510 quod
831 2441 1090 2510 superius
1113 2441 1253 2496 dixit
1271 2445 1483 2515 eripe,a
1512 2447 1718 2516 quibus
1748 2451 1805 2502 te
1833 2452 1959 2503 oret
1981 2449 2092 2504 eri-

491 2523 571 2594 pi,
595 2525 700 2580 sic:
726 2527 846 2581 Dixi
869 2534 975 2581 esto
997 2530 1132 2582 milii
1155 2533 1209 2584 in
1235 2538 1602 2601 protectorem,
1635 2538 1742 2589 etc.

562 2614 629 2668 Et
659 2615 715 2668 tu
744 2613 918 2668 etiam
941 2615 1084 2670 Deus
1114 2634 1262 2674 meus
1291 2619 1518 2689 speciali
1547 2623 1797 2692 quadam
1817 2624 2091 2680 obedien-

489 2699 570 2755 tia
601 2717 750 2769 mea,
783 2705 924 2774 eripe
947 2706 1336 2761 resuscitando
1367 2708 1430 2761 de
1461 2725 1648 2778 manu,
1695 2711 1752 2765 id
1778 2715 1862 2766 est
1893 2713 1962 2767 de
1987 2730 2090 2784 po-

490 2793 693 2845 testate
713 2795 1027 2861 peccatoris,
1069 2810 1142 2847 ne
1166 2795 1401 2849 ulterius
1416 2814 1508 2852 me
1541 2798 1836 2871 afﬂigendi
1867 2801 2090 2857 licitum

487 2877 715 2932 habeat.
753 2879 994 2950 Exponit
1025 2897 1156 2936 vero
1189 2898 1294 2952 per
1309 2887 1500 2954 partes
1525 2887 1587 2940 tle
1607 2905 1769 2942 manu
1795 2890 2094 2962 cujuspec-

477 2965 698 3020 'catoris
723 2971 848 3021 oret
877 2984 934 3021 se
957 2968 1122 3040 eripi,
1154 2986 1284 3024 cum
1334 2971 1470 3026 dicit
1525 2973 1738 3029 scilicet
1772 2993 1784 3030 :
1816 2980 1956 3049 eripe
2009 2996 2093 3033 me

487 3053 549 3106 tle
579 3069 744 3108 manu
783 3062 964 3109 contra
991 3057 1155 3126 legem
1209 3062 1434 3129 agentis,
1479 3062 1695 3118 Judaici
1755 3065 1972 3136 populi,
2030 3066 2090 3122 in

487 3142 595 3194 hoc
622 3143 774 3212 quod
803 3143 944 3197 mihi
979 3145 1219 3216 negligit
1235 3147 1490 3214 obedire,
1519 3167 1651 3205 cum
1677 3151 1786 3222 ipsi
1816 3153 1887 3206 sit
1913 3155 2090 3225 alege

487 3233 863 3300 praeceptum.
891 3231 1056 3286 Juxta
1103 3234 1258 3304 quod
1309 3235 1526 3306 Moyses
1559 3238 1694 3292 dicit
1727 3257 1738 3293 :
1779 3262 1805 3289 ‹‹
1835 3241 2090 3313 Prophe-

489 3319 610 3370 tam
641 3331 707 3370 ex
746 3317 1015 3372 fratribus
1041 3321 1241 3375 vestris
1261 3323 1552 3378 suscitabil
1599 3326 1758 3380 vobis
1816 3328 2094 3383 Dominus

489 3404 640 3458 Deus
670 3408 1142 3478 vestertanquam
1179 3427 1295 3472 me,
1329 3410 1516 3481 ipsum
1548 3413 1810 3483 audietis,
1865 3421 1922 3470 et
1971 3434 2095 3472 om-

493 3489 582 3544 nis
612 3491 708 3561 qui
739 3509 854 3546 non
879 3495 1198 3550 exaudicrit
1221 3499 1568 3569 prophetam
1602 3501 1784 3568 illum,
1824 3505 2096 3559 extermi-

491 3579 724 3634 nabitur
749 3581 818 3634 de
850 3585 1064 3654 populo
1089 3601 1219 3641 meo
1291 3586 1472 3657 (Deut.
1518 3606 1672 3657 xvm,
1720 3594 1820 3659 i3;
1875 3592 2092 3661 Actm,

491 3671 578 3738 22,
611 3671 720 3741 23).
749 3693 776 3720 ››
805 3672 871 3725 Et
895 3674 1033 3743 eripe
1061 3689 1144 3729 me
1171 3675 1234 3728 de
1272 3693 1434 3730 manu
1468 3679 1641 3750 iniqui
1659 3679 1886 3750 gentilis
1919 3699 2097 3755 popu-

489 3760 550 3825 li,
579 3759 674 3832 qui
700 3776 794 3815 me
819 3762 1130 3834 cruciﬁget,
1165 3767 1224 3818 et
1254 3763 1310 3818 in
1343 3768 1602 3836 sepulcro
1635 3768 1936 3824 custodiet.
1964 3770 2091 3839 Qui,

492 3865 619 3903 cum
648 3865 764 3904 non
797 3849 1090 3905 sitcontra
1121 3853 1308 3924 legem
1338 3871 1513 3926 quam
1547 3872 1664 3910 non
1728 3857 1921 3924 habet,
1983 3861 2090 3913 sal-

487 3940 607 3991 tem
630 3937 860 4008 iniquus
887 3941 990 4005 est,
1025 3938 1082 3994 id
1109 3945 1193 3994 est
1221 3940 1464 3996 inﬁdelis
1485 3932 1558 3998 ὀι
1608 3945 1759 3998 male
1821 3961 2092 4016 operans.

487 4024 717 4096 Repetit
743 4029 936 4080 autem
965 4027 1119 4097 quod
1143 4029 1349 4096 oravit,
1379 4037 1482 4083 esto
1514 4031 1649 4084 milii
1669 4035 1725 4086 in
1762 4032 1948 4098 Deum,
1979 4037 2093 4088 etc.

492 4111 636 4166 Cum
657 4110 794 4164 dicit
823 4129 886 4164 ne
904 4114 1181 4184 projicias,
1215 4119 1348 4176 etc.,
1368 4134 1544 4188 usque
1567 4119 1640 4174 ad
1669 4122 1795 4191 quia
1823 4119 2094 4188 dixerunt,

489 4201 552 4252 ut
577 4203 876 4270 prmponat
901 4216 1098 4254 causas
1129 4219 1269 4272 quas
1297 4205 1554 4276 superius
1581 4223 1698 4261 non
1726 4207 1937 4279 posuit,
1963 4226 2096 4280 qua:

488 4300 669 4340 causm
699 4286 1072 4342 continentur
1101 4289 1172 4343 ab
1205 4289 1299 4346 illo
1325 4308 1508 4348 versu.

559 4373 822 4440 Quoniam
853 4381 909 4428 tu
939 4393 990 4430 es
1007 4379 1279 4447 patientia
1311 4398 1446 4449 mea,
1507 4386 1641 4451 etc.,
1695 4401 1872 4455 usque
1907 4386 1980 4441 ad
2032 4404 2098 4441 ne

480 4461 749 4532 proficias.
785 4462 921 4527 Quae
951 4463 1030 4518 sic
1047 4466 1318 4538 leguntur
1349 4472 1407 4522 et
1437 4474 1848 4527 construuntur
1877 4489 1891 4528 ε
1926 4473 2095 4529 Oravi

488 4549 768 4621 uteripias
778 4567 858 4604 me
876 4551 939 4604 de
959 4569 1082 4606 man
1090 4572 1122 4606 u
1125 4559 1439 4625 peccatoris.
1450 4558 1560 4613 Oro
1576 4559 1751 4614 etiam
1769 4563 2098 4633 neprojieias

485 4635 545 4691 id
567 4641 652 4692 est
677 4654 749 4692 ne
780 4638 1054 4710 despicias
1074 4659 1156 4698 me
1186 4644 1326 4716 quin
1355 4650 1624 4719 protegas
1653 4649 1716 4703 in
1759 4656 1986 4720 tempore
2007 4668 2092 4706 se-

483 4727 704 4780 nectutis
777 4726 1050 4798 positum,
1132 4735 1264 4786 ante
1312 4735 1797 4792 resurrectionem
1852 4738 2088 4808 scilicet,

481 4813 734 4886 quandiu
757 4815 1094 4886 temporalis
1122 4821 1906 4881 sum.Postresurrectionem
1927 4844 2090 4883 nam-

478 4919 588 4974 que
618 4906 868 4958 aaternus
892 4919 990 4958 ero
1017 4905 1075 4958 et
1103 4904 1228 4960 sine
1259 4909 1543 4980 tempore.
1567 4911 1630 4964 In
1657 4913 1924 4986 tempore
1956 4915 2083 4972 dico

475 4991 800 5056 senectutis,
821 4989 878 5044 id
905 4994 988 5045 est
1009 4993 1322 5058 vetustatis,
1355 4994 1414 5049 in
1447 5013 1560 5066 quo
1593 4999 1807 5055 scilicet
1830 5005 2081 5058 vetusta-

469 5080 591 5134 tem
619 5079 755 5133 Adte
787 5079 1028 5146 retineo,
1062 5097 1180 5135 non
1230 5083 1544 5139 secundum
1598 5091 1918 5156 peccatum,
1979 5093 2081 5147 sed

467 5167 783 5222 secundum
807 5183 1036 5238 pmnam
1071 5169 1310 5238 peccati,
1337 5171 1394 5224 id
1413 5175 1496 5226 est
1519 5173 1576 5227 in
1600 5191 1713 5245 quo
1739 5178 2000 5233 mortalis
2023 5183 2080 5234 et

464 5253 744 5326 passibilis
761 5254 960 5320 existo,
995 5256 1149 5326 quod
1169 5260 1254 5310 est
1265 5274 1434 5328 paena
1451 5262 1667 5331 peccati
1688 5264 1894 5318 veteris
1913 5267 2072 5323 Adin.

461 5343 532 5396 Et
559 5341 688 5396 ideo
720 5358 835 5394 nou
867 5342 1518 5414 projicias.Quoniamtu,
1541 5349 2072 5422 Domine,espatien-

462 5431 539 5484 tia
581 5444 719 5488 mea.
771 5427 830 5482 id
881 5433 984 5498 est,
1016 5432 1079 5484 tu
1124 5446 1293 5488 causa
1337 5451 1398 5489 es
1427 5435 1720 5508 patientiae
1772 5456 1960 5510 meas;
2007 5446 2076 5498 ut.

460 5512 720 5589 enim_tui
732 5515 1204 5578 conformime
1215 5519 1794 5597 ohtineam,tribulati
1800 5543 1943 5590 ones
1957 5545 2079 5606 pax

2113 3026 2161 3086 C

2190 504 2349 559 niam
2382 507 2441 558 tu
2463 503 2710 568 Domine,
2741 517 2799 554 es
2819 517 2929 570 spes
2954 516 3090 566 mea,
3123 497 3182 553 id
3212 501 3296 553 est
3325 497 3383 553 in
3403 501 3460 554 te
3496 514 3686 571 spem
3731 497 3844 551 ha-

2189 593 2298 647 beo
2331 588 2836 654 remunerationis,
2867 604 2993 660 quze
3026 604 3156 660 spes
3177 587 3437 658 procedit
3466 605 3501 640 α
3520 587 3846 658 juventute

2191 698 2329 746 mea,
2363 681 2420 735 id
2451 682 2536 734 est
2561 695 2595 733 a
2625 677 2864 749 provido
2897 675 3134 730 consilio
3187 679 3245 730 et
3273 675 3634 730 strenuitate
3671 691 3841 728 mea.

2193 768 2358 833 Quod
2373 771 2457 822 est
2475 765 2843 822 dicerezldeo
2871 779 3032 834 spem
3060 763 3246 818 habeo
3281 763 3338 817 in
3373 765 3448 830 te,
3479 763 3583 834 qui
3623 762 3842 833 provi-

2194 856 2298 910 dus
2321 873 2448 911 sum
2470 855 2531 909 in
2555 851 2813 920 consilio,
2849 854 2908 912 et
2934 855 3200 906 strenuus
3217 851 3273 905 in
3291 853 3419 906 actu
3450 849 3836 906 obedienlize

2415 947 2548 998 tuas.
2567 939 2834 1013 Alioquin
2859 939 3015 994 enim
3047 956 3174 1012 spes
3205 955 3336 994 mea
3351 941 3503 993 esset
3525 938 3840 992 irritaJu-

2195 1035 2492 1087 ventutem
2521 1029 2734 1102 quippe
2761 1045 2864 1102 pro
2879 1028 3118 1101 provido
3132 1026 3368 1082 consilio
3381 1029 3440 1082 et
3464 1026 3838 1082 strenuitate

2194 1120 2378 1193 ponit,
2410 1119 2546 1192 quia
2567 1119 2848 1191 juvenum
2882 1119 2966 1171 est
2995 1116 3234 1189 provido
3255 1115 3338 1170 uti
3364 1115 3648 1182 consilio,
3673 1118 3736 1169 et
3776 1115 3836 1168 in

2195 1211 2324 1264 actu
2351 1224 2472 1263 esse
2503 1211 2785 1262 strenuos.
2821 1207 2890 1259 Et
2927 1205 3056 1259 ideo
3104 1204 3290 1260 adhuc
3319 1222 3384 1258 ne
3408 1205 3690 1276 proficias
3729 1221 3832 1270 me,

2195 1297 2329 1369 quia
2355 1298 2409 1350 in
2437 1301 2486 1350 te
2515 1295 2760 1350 existens
2815 1295 3158 1363 conﬁrmatus
3201 1311 3343 1360 sum,
3379 1293 3439 1348 id
3471 1295 3585 1356 est,
3619 1293 3835 1347 ﬁrmus

2193 1385 2376 1438 factus
2391 1396 2540 1451 sum,
2573 1400 2636 1436 ex
2656 1390 2826 1450 utero,
2860 1381 2917 1436 id
2952 1385 3036 1436 est
3054 1398 3120 1436 ex
3133 1383 3396 1451 tempore
3412 1380 3834 1452 conceptionis

2197 1488 2370 1539 mea},
2396 1488 2512 1526 non
2545 1487 2672 1524 sum
2705 1469 3030 1524 inﬁrmatus
3080 1468 3140 1522 in
3179 1468 3364 1523 Adam
3390 1485 3498 1541 per
3531 1468 3832 1540 originale

2195 1557 2666 1632 peccatum,sicut
2679 1556 2870 1612 cmteri
2885 1556 3304 1628 bomines,qui,
3323 1556 3461 1611 dum
3477 1557 3833 1627 concipiun-

2195 1651 2288 1703 tur
2308 1647 2626 1702 secundum
2649 1647 2842 1718 legem
2867 1644 3362 1719 concupiscentia},
3391 1661 3522 1716 qua:
3547 1649 3832 1716 pcenaat

2115 1740 2166 1798 B
2195 1735 2488 1807 originalis
2519 1735 2757 1806 peccati,
2780 1734 2926 1788 ﬁuut
2954 1736 3010 1788 et
3039 1731 3147 1804 ipsi
3171 1733 3467 1804 originalis
3491 1734 3729 1804 peccati
3747 1732 3832 1786 rei

2196 1823 2698 1888 Quodestdicere:
2731 1822 2815 1878 Me
2847 1823 3192 1892 conceptum
3236 1821 3449 1893 absque
3505 1823 3646 1893 lege
3699 1839 3839 1876 con-

2194 1911 2582 1982 cupiscentiae,
2606 1910 2962 1966 conﬁrmasti
2981 1927 3015 1964 a
3030 1913 3296 1981 tempore
3317 1926 3462 1964 mea:
3477 1910 3834 1982 conceptio-

2197 2000 2284 2054 nis
2303 1999 2360 2054 in
2393 1999 2475 2054 tui
2503 1999 2998 2064 conformitatem,
3039 1997 3253 2052 scilicet
3284 2001 3404 2052 uta
3432 2003 3686 2070 peccato
3719 1999 3836 2054 im-

2195 2088 2386 2142 munis
2412 2104 2618 2155 essem,
2639 2087 2784 2142 sicut
2810 2090 2894 2144 tu.
2922 2087 3020 2140 Vel
3045 2086 3124 2140 sic
3159 2103 3172 2140 :
3207 2089 3261 2140 in
3293 2093 3360 2154 te,
3405 2085 3462 2141 id
3496 2089 3583 2140 est
3637 2088 3706 2142 in
3751 2089 3838 2142 tui

2195 2175 2600 2231 conformitate
2618 2176 2966 2244 conﬁrmatus
2998 2191 3114 2228 sum
3132 2192 3194 2228 ea:
3211 2181 3378 2242 utero,
3407 2174 3462 2228 id
3496 2177 3581 2230 est
3615 2193 3834 2230 secun-

2197 2264 2335 2318 dum
2365 2264 2789 2318 humanitatem
2812 2280 2987 2335 quam
3002 2262 3194 2335 accepi
3215 2263 3273 2317 in
3290 2263 3834 2319 utero.Secundum

2197 2351 2470 2407 deitatem
2492 2351 2649 2406 enim
2690 2351 2748 2406 in
2780 2367 2894 2422 qua
2923 2352 3022 2406 tibi
3037 2367 3141 2421 par
3168 2351 3346 2406 existo
3364 2351 3833 2408 conﬁrmatione

2197 2455 2314 2494 non
2329 2439 2460 2510 egui
2505 2457 2518 2494 :
2561 2443 2618 2494 et
2659 2439 2788 2497 ideo
2815 2440 3000 2494 adhuc
3025 2457 3092 2494 ne
3129 2435 3400 2510 proﬁcias
3415 2458 3519 2506 me,
3539 2441 3760 2512 quiatu
3783 2460 3833 2496 es

2185 2534 2454 2598 protector
2465 2543 2629 2596 meus,
2659 2545 2730 2583 ne
2747 2529 2803 2582 in
2825 2527 3016 2600 aliquo
3031 2528 3298 2582 caderem
3316 2545 3330 2582 :
3356 2528 3422 2582 de
3431 2535 3619 2584 ventre
3633 2533 3833 2584 matris

2195 2634 2345 2684 metr,
2376 2616 2435 2670 id
2471 2619 2555 2670 est
2569 2633 2798 2689 semper
2820 2633 2914 2670 me
2927 2615 3222 2688 protexisti
3247 2633 3312 2671 ex
3327 2615 3424 2672 illo
3446 2619 3730 2690 tempore
3761 2637 3829 2673 ex

2197 2721 2309 2776 quo
2341 2705 2587 2776 processi
2617 2705 2687 2760 de
2711 2707 2911 2760 ventre
2947 2704 3149 2760 matris
3171 2721 3338 2759 meae.
3369 2705 3466 2760 Vel
3486 2707 3828 2761 sic:Prate-

2195 2800 2308 2846 ctor
2336 2809 2480 2846 meus
2500 2810 2550 2848 es
2581 2799 2658 2859 tu,
2679 2792 2994 2848 secundum
3035 2793 3192 2848 illam
3223 2795 3490 2848 naturam
3524 2811 3649 2866 qua
3686 2812 3827 2866 pro-

2195 2881 2335 2936 cessi
2389 2882 2454 2934 de
2477 2887 2680 2947 ventre,
2725 2881 2938 2936 scilicet
2985 2881 3302 2936 secundum
3355 2882 3824 2939 humanitatem.

2197 2968 2368 3033 Quasi
2411 2969 2564 3024 dicat
2587 2985 2600 3023 :
2623 2967 2768 3034 Quia
2789 2970 3082 3042 hucusque
3121 2972 3412 3042 protector
3440 2987 3612 3026 meus
3641 2972 3820 3041 fuisti,

2195 3074 2298 3112 oro
2313 3058 2582 3128 deinceps
2597 3075 2669 3112 ne
2690 3073 2783 3111 me
2804 3057 3157 3129 projicias,et
3174 3057 3303 3113 ideo
3337 3059 3528 3113 adhuc
3557 3063 3820 3132 neproji-

2195 3145 2465 3217 cias,quia
2491 3147 2545 3198 in
2565 3151 2614 3199 te
2645 3149 2730 3200 est
2761 3163 2962 3216 semper
2992 3149 3226 3200 cantatio
3283 3164 3399 3200 mea
3433 3147 3712 3208 fundata.
3771 3149 3826 3203 id

2197 3236 2285 3287 est
2315 3233 2573 3303 jucunda
2606 3234 2724 3288 laus
2754 3250 2903 3299 mea,
2961 3233 3020 3288 id
3055 3233 3298 3306 estquia
3339 3237 3398 3289 te
3441 3252 3687 3307 semper
3729 3237 3823 3310 ju-

2199 3321 2388 3376 cunde
2419 3321 2614 3389 laudo,
2647 3324 2706 3376 et
2737 3321 3042 3376 affectione
3072 3325 3128 3376 et
3162 3322 3520 3394 operatione.

2270 3409 2368 3462 Vel
2407 3411 2636 3464 cantatio
2652 3426 2767 3464 mea
2786 3413 2872 3464 est
2898 3413 2956 3463 in
2985 3417 3052 3476 te,
3081 3409 3139 3464 id
3167 3413 3252 3464 est
3282 3411 3473 3466 omnis
3505 3412 3822 3470 delectatio

2203 3513 2354 3562 mea,
2389 3499 2446 3550 et
2471 3497 2604 3568 quia
2635 3497 2879 3552 terrenis
2905 3499 3175 3553 omnibus
3207 3499 3502 3570 neglectis,
3525 3500 3584 3554 in
3619 3503 3709 3558 tui
3733 3520 3825 3558 so-

2202 3584 2503 3638 lummodo
2534 3585 2702 3640 laude
2717 3586 2890 3652 nitor,
2925 3585 2983 3640 in
3017 3588 3073 3640 te
3101 3586 3374 3654 delector,
3409 3593 3678 3660 tanquam
3692 3609 3821 3662 pro-

2201 3672 2408 3741 digium
2430 3672 2610 3742 factus
2630 3691 2748 3727 sum
2796 3673 2997 3740 multis,
3031 3674 3091 3729 id
3121 3677 3206 3729 est
3247 3674 3444 3748 impiis
3493 3677 3596 3748 qui
3655 3680 3821 3734 multi

2203 3763 2336 3814 sunt
2349 3760 2421 3814 ad
2433 3761 2932 3832 comparationem
2946 3763 3514 3836 bonorum,quorum
3539 3781 3821 3822 numerus

2201 3865 2411 3919 parvus
2427 3852 2511 3903 est
2535 3866 2546 3903 :
2568 3850 2752 3904 factus
2777 3867 2904 3904 sum
2933 3854 3211 3921 tanquam
3242 3855 3598 3920 monstrum,
3636 3858 3705 3908 ut
3727 3871 3818 3909 me

2203 3936 2444 3992 omnino
2465 3941 2740 4008 respuant
2765 3941 2823 3992 et
2849 3938 3219 4002 abhorreant,
3265 3939 3426 4012 quasi
3481 3947 3816 3997 monstrum

2203 4040 2384 4078 essem
2405 4042 2419 4092 ;
2457 4028 2516 4078 et
2535 4025 2664 4080 ideo
2683 4025 2869 4080 adhuc
2887 4043 2950 4080 ne
2973 4027 3254 4098 projicias,
3295 4028 3432 4100 quia
3449 4033 3506 4083 tu
3524 4045 3586 4083 es
3601 4030 3817 4101 adjutor

2199 4112 2359 4182 fortis
2379 4112 2452 4167 ad
2473 4113 2621 4167 bene
2634 4113 3124 4184 operandam.Vel
3141 4115 3218 4169 sic
3255 4133 3267 4170 :
3301 4116 3439 4172 Dico
3460 4116 3623 4188 quod
3640 4119 3816 4188 factas

2199 4216 2317 4253 sum
2328 4199 2639 4271 prodigium
2669 4201 2870 4269 multis,
2902 4209 2950 4256 et
2982 4208 3039 4256 tu
3063 4205 3260 4258 tamen
3291 4219 3350 4258 es
3395 4203 3616 4274 adjutor
3639 4207 3816 4275 fortis,

2119 4305 2172 4366 D
2199 4305 2276 4342 ne
2305 4289 2505 4343 cedam
2539 4289 2674 4362 ipsis
2707 4289 2922 4346 multis.
2954 4290 3092 4346 Orat
3121 4295 3318 4346 autem
3369 4294 3432 4346 ut
3467 4293 3624 4348 Deus
3649 4294 3820 4348 faciat

2199 4393 2337 4432 eum
2362 4376 2422 4431 in
2447 4377 2616 4432 laude
2645 4377 2768 4448 ejus
2792 4394 3184 4448 perseverare,
3217 4379 3298 4434 sic
3331 4397 3344 4434 :
3375 4378 3521 4444 Quia
3547 4383 3609 4435 tu
3629 4397 3694 4436 es
3711 4401 3817 4454 spes

2201 4481 2340 4533 mea,
2372 4467 2430 4519 et
2455 4481 2558 4536 per
2591 4469 2646 4520 te
2677 4467 3026 4536 conﬁrmatus
3043 4484 3163 4521 sum
3197 4483 3210 4520 :
3240 4467 3534 4539 Repleatur
3563 4486 3621 4523 os
3643 4487 3817 4526 meum

2201 4552 2380 4616 laude,
2403 4553 2462 4606 id
2491 4556 2575 4608 est
2599 4570 2730 4608 cum
2783 4557 2840 4608 te
2863 4555 2990 4625 jam
3021 4555 3374 4611 laudaverim
3407 4556 3478 4610 de
3517 4556 3606 4611 his
3639 4558 3816 4614 bene-

2199 4640 2343 4696 ﬁciis
2373 4641 2611 4708 collatis,
2639 4641 2728 4696 fac
2761 4643 3000 4698 omnino
3033 4643 3246 4715 repleri
3270 4661 3327 4699 es
3356 4661 3532 4699 meum
3559 4645 3740 4714 laude,
3762 4647 3820 4703 id

2199 4731 2287 4785 est
2315 4729 2403 4784 fac
2434 4747 2530 4785 me
2561 4729 2619 4784 in
2651 4731 2819 4786 laude
2850 4734 2950 4786 tua
2979 4747 3370 4802 perseverare,
3397 4734 3689 4790 utseilicet
3708 4753 3814 4808 ego

2199 4817 2424 4886 totadie,
2450 4818 2508 4872 id
2538 4821 2622 4872 est
2635 4819 2856 4889 jugiter
2881 4819 3110 4890 gloriam
3162 4829 3370 4876 cantem
3407 4829 3558 4876 tuam
3587 4830 3641 4877 et
3673 4842 3816 4893 mag-

2196 4907 2493 4960 nitudinem
2517 4912 2686 4974 tuam,
2718 4906 2778 4961 id
2809 4910 2914 4976 est,
2938 4910 3000 4962 ut
3020 4925 3128 4978 ego
3147 4910 3414 4965 ltetanter
3443 4910 3730 4967 ascribam
3750 4914 3812 4968 ti-

2194 4993 2252 5048 bi
2284 4995 2531 5066 gloriam
2561 5012 2756 5050 meam
2801 4998 2860 5051 et
2883 4997 3352 5068 magnitudinem
3383 5013 3600 5053 meam.
3646 4999 3808 5064 Quod

2195 5087 2281 5139 est
2300 5085 2488 5140 dicere
2512 5101 2526 5140 :
2549 5087 2619 5141 Ut
2635 5086 2925 5158 reputem,
2947 5085 3103 5158 quod
3135 5100 3263 5140 sum
3286 5085 3572 5157 gloriosus
3601 5090 3659 5142 et
3685 5105 3806 5143 ma-

2191 5189 2362 5244 gnus,
2405 5174 2516 5228 hoc
2559 5191 2679 5228 esse
2715 5190 2782 5228 ex
2807 5176 2884 5228 te.
2948 5173 3045 5228 Vel
3096 5170 3208 5228 sic:
3245 5173 3319 5230 Ut
3347 5181 3555 5228 cantem
3571 5174 3802 5243 glorias:

2190 5269 2340 5314 tuam
2355 5269 2402 5315 et
2423 5261 2855 5330 magnitudinem
2869 5261 3106 5330 tuam,id
3127 5265 3214 5317 est
3225 5265 3286 5316 tu
3302 5263 3570 5318 lintanter
3598 5264 3701 5320 tibi
3717 5283 3799 5320 as-

2187 5351 2406 5405 eribam
2433 5350 2761 5421 supradicta
2787 5350 3067 5405 beneﬁcia
3095 5367 3246 5418 mea,
3266 5369 3394 5424 qua:
3415 5355 3591 5406 erunt
3619 5355 3799 5425 gloria

2183 5441 2286 5496 tua
2309 5442 2367 5494 et
2395 5439 2846 5511 magniﬁcentia,
2889 5438 2948 5495 id
2974 5441 3059 5496 est
3087 5455 3257 5496 causa
3296 5442 3468 5496 erunt
3490 5440 3652 5513 quod
3677 5443 3796 5517 glo-

2181 5527 2369 5588 riosus
2397 5527 2646 5588 videaris
2687 5527 3024 5590 hominibus
3066 5530 3127 5590 et
3181 5527 3556 5606 magniﬁcus,
3597 5529 3668 5591 id
3711 5549 3772 5593 es
