4004 6052
297 328 402 385 985

1288 310 1642 378 EXPOSITIO
1675 318 1746 376 IN
1785 318 2122 378 PSALMOS.
2161 348 2233 366 --
2269 316 2464 378 PSAL.
2507 318 2630 376 LXX

3507 330 3610 388 986

299 452 534 523 potens.
564 449 633 504 Et
655 447 766 505 hoc
812 446 1002 503 totum
1033 445 1119 501 est
1142 459 1208 499 ac
1239 444 1283 499 si
1336 445 1489 500 dicat
1526 462 1543 499 :
1587 444 1695 500 Fac
1725 461 1820 500 me
1850 444 1907 500 in
1931 447 1988 507 Α
2012 445 2288 515 operitur.
2314 444 2479 510 Quod
2507 447 2591 499 est
2617 443 2808 500 dicere
2832 460 2846 499 :
2869 444 3192 503 Plenariam
3205 446 3459 511 habeant
3473 468 3612 508 con-

301 538 473 595 laude
504 537 586 593 tui
618 551 1007 610 perseverare,
1038 534 1147 589 hoc
1174 532 1348 588 modo
1380 533 1611 600 scilicet,
1631 538 1695 588 ut
1716 533 1914 588 omnia

302 628 426 682 haec
456 624 740 681 beneﬁcia
765 622 1091 695 supradicta
1116 621 1218 677 tibi
1249 622 1552 689 ascribam,
1586 639 1702 677 non
1747 621 1909 675 mihi.

376 714 626 771 Ostensis
654 711 839 769 causis
868 711 1146 782 pluribus,
1191 714 1248 765 et
1290 710 1613 765 incidentcr
1652 709 1913 765 oratione

300 804 663 875 interposita,
704 802 780 858 ad
810 801 1083 856 ultimum
1134 799 1275 856 illud
1294 800 1479 872 ponit,
1502 800 1661 871 cujus
1681 798 1763 854 rei
1782 816 1911 871 gra-

302 893 385 950 tia
422 908 620 948 causas
665 889 951 963 apposuit,
997 888 1076 944 sic
1109 905 1123 944 :
1154 888 1303 953 Quia
1335 891 1423 943 tot
1462 892 1519 943 et
1562 890 1725 943 tanta
1770 886 1914 943 mihi

303 978 593 1037 contulisti
615 976 919 1044 beneﬁcia,
950 976 1163 1031 scilicet
1183 979 1245 1030 ut
1265 992 1413 1031 esses
1434 976 1731 1048 patientia,
1764 992 1910 1047 spes,

303 1066 688 1133 conﬁrmatio,
746 1069 804 1120 et
853 1064 1104 1120 cantatio
1149 1080 1303 1131 mea,
1345 1081 1409 1118 ne
1435 1064 1693 1135 projicias
1745 1081 1826 1117 me
1853 1065 1915 1120 in

308 1163 535 1227 tempore
557 1154 853 1220 senectutis,
886 1154 944 1207 et
984 1151 1192 1224 repetit
1239 1151 1392 1235 illud.
1435 1152 1588 1206 idem
1644 1151 1916 1223 aequipol-

302 1244 446 1300 lenti
494 1259 631 1298 voce
676 1241 1021 1314 apponendo
1062 1240 1233 1294 aliam
1277 1256 1531 1306 causam,
1564 1256 1694 1294 cum
1728 1240 1909 1294 dicit:

304 1332 393 1387 Ne
420 1331 777 1403 derelinquas,
810 1329 1089 1401 inquiam,
1120 1344 1223 1393 me,
1264 1327 1322 1382 id
1354 1331 1439 1383 est
1477 1345 1540 1382 ne
1565 1328 1828 1398 proficias
1858 1330 1912 1381 in

307 1429 537 1492 tempore
565 1419 868 1486 senectutis,
896 1434 1016 1471 cum
1044 1417 1153 1471 hoc
1183 1416 1255 1471 sit
1284 1416 1439 1488 quod
1466 1416 1715 1487 defecerit
1746 1419 1913 1471 virtus

306 1528 444 1565 mea.
479 1507 783 1573 Defecerit,
821 1506 913 1561 hic
962 1504 1319 1577 prmteritum
1360 1508 1465 1572 est,
1515 1522 1579 1560 ac
1628 1505 1673 1559 si
1713 1505 1863 1560 dicat
1896 1522 1908 1560 :

307 1599 434 1653 Non
457 1598 632 1653 debes
658 1596 1007 1666 relinquere,
1029 1593 1164 1666 quia
1184 1592 1360 1648 virtus
1376 1593 1568 1649 omnis
1588 1611 1715 1665 quae
1736 1593 1793 1648 in
1819 1610 1913 1648 me

310 1690 413 1754 est,
445 1685 522 1741 sic
554 1684 780 1752 defecit,
810 1687 873 1738 ut
890 1698 1010 1737 non
1032 1682 1103 1737 sit
1130 1698 1262 1737 mea
1282 1685 1565 1753 reputata,
1592 1683 1648 1737 id
1675 1685 1759 1736 est
1796 1699 1913 1736 non

2011 533 2296 588 fusionem
2330 538 2389 587 et
2417 533 2700 605 pudorem
2749 533 2828 587 illi
2862 536 2959 606 qui
2989 545 3237 605 quarunt
3282 541 3426 595 mala
3454 543 3611 606 mihi,

2011 619 2223 674 scilicet
2253 623 2315 675 ut
2343 619 2693 675 interﬁciant
2717 624 2774 675 et
2803 621 2863 675 in
2898 626 3086 677 morte
3120 624 3436 682 detineant.
3460 630 3538 683 Ac
3567 628 3615 683 si

2014 707 2165 763 dicat
2200 725 2212 763 :
2243 706 2368 763 Non
2399 710 2583 764 solum
2605 710 2858 764 habeant
2888 710 3286 767 confusionem
3313 718 3369 769 et
3390 718 3616 771 erubes-

2014 796 2287 866 centiam,
2311 797 2447 870 quia
2469 798 2609 852 mihi
2629 798 2958 866 detrahunt,
2990 800 3090 854 sed
3121 801 3257 873 quia
3281 803 3455 858 etiam
3471 806 3616 860 mala

2012 885 2153 938 mihi
2179 892 2440 957 quarunt.
2491 884 2900 940 Confusionem
2948 889 3207 961 superius
3252 892 3470 962 accepit
3511 910 3615 964 pro

2014 972 2429 1028 erubescentia.
2454 974 2523 1028 Et
2551 974 2841 1029 defectum
2873 992 2978 1046 pro
3001 976 3388 1034 destructione
3417 980 3513 1034 ubi
3531 980 3616 1034 di-

2012 1059 2113 1129 xit,
2147 1062 2545 1131 confundantur
2589 1070 2639 1115 et
2668 1063 2935 1131 deﬁciant.
2970 1064 3067 1119 Hic
3101 1069 3295 1121 autem
3327 1067 3615 1124 confusio-

2015 1166 2149 1203 nem
2181 1166 2285 1220 pro
2310 1150 2697 1205 destructione
2720 1152 2905 1223 ponit,
2941 1156 2998 1207 et
3025 1155 3309 1225 pudorem
3351 1173 3455 1228 pro
3486 1174 3615 1211 eru-

2013 1236 2323 1295 bescentia.
2357 1240 2436 1292 De
2468 1256 2567 1310 spe
2597 1256 2731 1294 vero
2754 1256 3009 1308 suorum,
3032 1246 3090 1296 et
3114 1244 3281 1298 laude
3302 1261 3477 1315 quam
3500 1247 3616 1299 Deo

2012 1323 2245 1393 facient,
2280 1326 2396 1398 agit
2434 1326 2512 1381 sic
2547 1344 2559 1381 :
2594 1328 2727 1382 Dico
2751 1328 3139 1399 quodinimici
3165 1332 3613 1387 confundantur.

2012 1411 2132 1481 Ego
2157 1421 2334 1468 autem
2359 1432 2557 1485 semper
2589 1417 2825 1485 sperabo,
2863 1416 2921 1470 id
2952 1421 3037 1471 est
3066 1419 3181 1472 mei
3228 1436 3457 1491 semper
3494 1437 3616 1492 spe-

2012 1501 2223 1555 rabunt
2249 1502 2307 1556 in
2330 1504 2385 1556 te
2411 1502 2727 1572 perfectam
2742 1503 2800 1557 in
2830 1503 3017 1559 futuro
3034 1506 3412 1562 salvationem
3428 1524 3617 1562 exem-

2012 1590 2108 1661 plo
2145 1590 2470 1645 salvationis
2500 1608 2666 1657 meae,
2699 1598 2746 1645 et
2776 1592 3030 1662 adjiciam
3059 1611 3213 1664 super
3252 1612 3458 1649 omnem
3505 1597 3618 1651 lau-

2012 1677 2129 1733 dem
2159 1685 2330 1745 tuam,
2352 1679 2411 1733 id
2442 1682 2526 1732 est
2551 1680 2824 1750 adjicient
2853 1682 3084 1735 laudem
3132 1683 3232 1737 tibi
3271 1684 3614 1741 existentem

307 1778 514 1848 reputo
545 1774 811 1828 virtutem
841 1789 1017 1843 quam
1038 1771 1249 1837 habeo,
1275 1788 1341 1826 ex
1359 1788 1452 1826 me
1470 1771 1707 1839 habere,
1728 1771 1827 1825 sed
1848 1788 1915 1825 ex
1936 1757 1989 1817 Β
2010 1785 2165 1838 super
2193 1784 2398 1822 omnem
2431 1766 2639 1821 laudem
2666 1773 2835 1835 tuam,
2866 1786 2899 1823 a
2929 1770 3104 1839 priori
3148 1773 3358 1844 p0pulo
3390 1772 3610 1828 datam.

307 1867 386 1918 te.
409 1863 504 1917 Vel
520 1864 839 1932 potestesse
866 1858 1385 1927 determinatio,sic
1402 1876 1415 1914 :
1431 1859 1509 1913 Ne
1528 1858 1911 1930 derelinquas,

305 1948 573 2023 inquam,
596 1966 728 2004 cum
756 1947 983 2003 deﬁciet
1010 1947 1185 2003 virtus
1209 1964 1360 2013 mea,
1395 1947 1453 2002 id
1479 1950 1563 2002 est
1588 1963 1720 2001 cum
1750 1964 1915 2019 repu-

304 2039 520 2094 tabitur
542 2036 800 2110 potentia
831 2052 964 2091 mea
1003 2035 1299 2097 defecisse,
1348 2036 1405 2089 in
1456 2040 1644 2091 morte
1675 2036 1907 2090 scilicet.

362 2127 460 2181 Vel
475 2128 665 2196 potest
680 2124 737 2179 in
751 2125 858 2178 hac
872 2123 1157 2178 sententia
1175 2122 1285 2194 legi
1304 2122 1627 2192 defecerit,si
1641 2140 1756 2179 non
1770 2140 1912 2195 prte-

2014 1855 2178 1919 Quod
2209 1860 2294 1911 est
2324 1856 2512 1911 dicere
2542 1873 2555 1910 :
2597 1857 2935 1912 Laudabunt
2978 1861 3032 1912 te
3082 1860 3420 1915 omnimoda
3445 1862 3614 1916 laude

2012 1961 2140 2015 qua:
2172 1944 2481 2016 perfectior
2510 1944 2620 1998 erit
2668 1945 2837 1999 laude
2877 1946 3074 2017 populi
3123 1946 3347 2018 prioris,
3399 1965 3529 2003 cum
3556 1952 3613 2003 et

2010 2032 2118 2104 ipsi
2154 2033 2525 2104 perfectiores
2553 2033 2668 2087 sint
2686 2034 2882 2088 futuri.
2912 2035 2977 2087 Et
3008 2035 3331 2089 notandum
3355 2052 3469 2091 non
3504 2036 3615 2091 dici

2007 2121 2415 2192 perfectiorem
2460 2121 2691 2175 laudem
2733 2123 3145 2193 apostolorum,
3178 2126 3235 2177 et
3271 2126 3614 2179 cmterorum

304 2213 476 2270 terite
503 2212 831 2285 accipiatur.
856 2211 1083 2283 Repetit
1111 2213 1303 2266 autem
1334 2211 1488 2283 quod
1504 2212 1759 2283 superius
1772 2212 1919 2266 dixit
2008 2208 2068 2263 in
2110 2225 2263 2264 nova
2286 2210 2413 2281 lege
2443 2209 2833 2277 existentium,
2858 2210 3026 2265 laude
3057 2212 3466 2282 quorumdam,
3493 2213 3610 2283 qui,

308 2305 448 2375 eripe
468 2320 550 2356 me
569 2302 632 2358 de
654 2319 817 2355 manu
834 2301 1147 2372 peccatoris,
1175 2299 1675 2371 aaquipollentibus
1701 2300 1905 2365 verbis,

308 2408 442 2446 cum
473 2390 639 2445 dicit:
656 2390 820 2457 Deus,
843 2406 907 2443 ne
927 2389 1182 2459 elongeris
1198 2406 1229 2441 a
1250 2404 1353 2455 me,
1367 2391 1499 2456 etc.,
1515 2388 1907 2459 praeponenda

306 2497 506 2535 causas
525 2479 663 2534 alias
680 2495 822 2550 quas
854 2494 971 2532 non
1004 2479 1427 2548 posuerat,quaa
1453 2477 1819 2531 continentur
1835 2478 1907 2532 ab

302 2567 402 2622 illo
419 2568 541 2621 loco
557 2565 652 2621 ubi
664 2565 925 2621 habetur:
935 2563 1073 2631 Quia
1085 2565 1470 2626 dixerunt,etc.
1482 2581 1678 2637 ,usque
1692 2564 1908 2619 adDeus

304 2673 371 2709 ne
625 2654 894 2725 elongeris.
927 2653 1090 2718 Quod
1107 2652 1184 2707 sic
1208 2652 1445 2725 legitur:
1464 2653 1588 2707 Non
1604 2654 1789 2708 solum
1805 2670 1907 2709 oro

302 2759 367 2798 ne
397 2760 479 2797 me
495 2742 755 2814 proficias
793 2742 849 2796 in
880 2741 1166 2814 passione,
1193 2741 1294 2795 sed
1324 2757 1426 2796 oro
1459 2741 1656 2809 etiam,
1681 2758 1714 2796 0
1742 2742 1907 2810 Deus,

307 2848 373 2886 ne
402 2830 657 2901 elongeris
680 2850 712 2884 a
732 2848 835 2897 me,
867 2833 928 2884 ut
958 2829 1186 2885 differas
1211 2829 1693 2885 resurrectionem
1715 2847 1909 2885 meam

303 2936 482 2991 usque
512 2919 569 2973 in
600 2920 879 2974 futurum.
904 2918 1016 2973 Sed
1042 2923 1101 2973 tu
1121 2917 1216 2990 qui
1248 2918 1382 2973 Deus
1400 2936 1545 2973 meus
1564 2936 1642 2986 es,
1666 2919 1753 2973 cui
1781 2935 1907 2991 spe-

2009 2296 2113 2352 etsi
2145 2298 2246 2353 sub
2276 2298 2404 2369 lege
2434 2298 2612 2353 veteri
2652 2301 2861 2365 essent,
2893 2298 2999 2353 viri
3048 2301 3247 2353 tamen
3285 2304 3451 2355 erant
3474 2301 3614 2363 Novi

2004 2384 2357 2441 Tcstamenti
2388 2403 2492 2458 per
2516 2387 2714 2455 ﬁdem,
2747 2390 2810 2441 ut
2838 2387 2946 2441 fuit
2987 2387 3135 2442 Elias
3168 2392 3226 2442 et
3266 2389 3459 2443 caeteri
3489 2406 3616 2461 per-

2006 2473 2327 2542 fectissimi,
2357 2475 2455 2547 qui
2484 2476 2769 2530 mundum
2816 2475 3056 2531 omnino
3111 2481 3463 2549 spreverunt.
3500 2478 3613 2533 Sed

2004 2562 2239 2618 laudem
2273 2581 2555 2619 novorum
2583 2564 2719 2618 dicit
2748 2564 3151 2636 perfectiorem
3184 2567 3353 2621 laude
3381 2567 3612 2623 illorum

2008 2655 2293 2720 veterum,
2321 2652 2418 2724 qui
2446 2669 2560 2707 non
2611 2652 2756 2707 adeo
2795 2653 3033 2724 perfecti
3073 2654 3430 2722 exstiterunt,
3467 2673 3613 2728 quo-

2008 2758 2139 2795 rum
2162 2742 2376 2797 multus
2401 2758 2676 2796 numerus
2701 2740 2826 2795 fuit.
2859 2742 2954 2796 Vel
2986 2742 3257 2813 adjicient
3286 2743 3493 2797 laudem
3521 2763 3611 2799 su-

1997 2846 2099 2900 per
2118 2846 2321 2882 omnem
2375 2829 2583 2881 Iaudem
2625 2836 2794 2897 tuam,
2829 2829 2900 2883 de
2940 2846 3135 2884 rerum
3176 2831 3468 2887 creatione
3508 2832 3611 2889 tibi

2010 2917 2298 2984 collatam,
2333 2916 2544 2971 scilicet
2571 2919 2635 2971 ut
2663 2934 2794 2971 cum
2825 2917 3073 2973 lauderis
3115 2918 3187 2973 de
3219 2920 3421 2974 mundi
3452 2936 3611 2975 erea-

303 3008 525 3063 cialiter
555 3008 786 3075 obedio,
819 3009 1011 3078 respice
1042 3009 1095 3060 in
1117 3007 1381 3062 aua'ilium
1402 3025 1596 3070 meum,
1620 3011 1683 3062 ut
1699 3008 1911 3061 scilicet
1938 3035 1986 3096 α
2010 3005 2188 3072 tione,
2219 3006 2398 3060 multo
2418 3005 2602 3077 magis
2619 3007 2676 3059 te
2692 3005 3012 3060 laudabunt
3037 3006 3106 3061 de
3128 3007 3356 3077 generis
3371 3007 3611 3063 humani

301 3100 433 3169 post
462 3101 580 3150 tres
610 3096 729 3151 dies
760 3112 855 3151 me
884 3094 1203 3150 resuscites.
1235 3096 1304 3149 Et
1328 3095 1435 3149 hoc
1458 3094 1586 3150 ideo
1620 3112 1742 3162 oro,
1776 3094 1909 3167 quia
1951 3093 1974 3096 ⁷
2008 3094 2395 3166 reparatione.
2432 3094 2567 3165 Dico
2602 3094 2757 3165 quod
2782 3093 3041 3164 adjicient
3066 3095 3373 3162 laudem,id
3389 3098 3474 3150 est
3489 3097 3610 3151 lau-

302 3187 508 3240 mimici
525 3185 633 3239 mei
655 3184 835 3239 Judaei
863 3182 1131 3250 dicarunt,
1148 3182 1206 3238 id
1223 3186 1307 3238 est
1329 3183 1522 3238 dicent
1545 3184 1618 3239 ad
1638 3183 1906 3252 invicem,

274 3276 364 3349 “et
392 3274 503 3329 hoc
534 3273 670 3328 mihi
698 3272 753 3327 id
777 3276 862 3327 est
877 3272 949 3327 ad
970 3271 1271 3327 dammum
1300 3288 1518 3326 meum.
1551 3273 1911 3328 Determinat

304 3380 439 3418 vero
460 3380 603 3435 quos
628 3365 789 3417 vocet
806 3360 1089 3428 inimicos,
1108 3376 1240 3416 cum
1262 3361 1422 3416 addit
1444 3378 1457 3416 :
1482 3362 1651 3416 Etilli
1670 3361 1908 3429 inimici,

306 3450 570 3524 inquam,
598 3453 694 3523 qui
730 3450 1094 3506 custodiebant
1123 3451 1361 3503 animam
1391 3466 1584 3517 meam,
1614 3450 1672 3505 id
1703 3454 1787 3504 est
1811 3450 1908 3522 qui

302 3538 727 3594 insidiabantur
751 3538 962 3594 animae
995 3555 1161 3605 meae,
1190 3538 1234 3592 si
1264 3538 1412 3592 forte
1426 3537 1642 3609 aliquid
1665 3537 1908 3611 dignum

278 3626 1044 3699 _reprehensionisviderent
1060 3626 1118 3680 in
1144 3643 1231 3693 ea,
1244 3626 1505 3697 fecerunt,
1530 3626 1589 3681 id
1603 3630 1687 3681 est
1697 3627 1910 3683 facient

304 3715 585 3770 consilium
611 3717 665 3769 in
690 3733 857 3769 unum
870 3714 1105 3769 malitia:
1123 3714 1331 3768 eundo.
1354 3715 1415 3768 In
1433 3714 1543 3769 hoc
1556 3717 1748 3770 autem
1771 3716 1909 3787 quid

308 3803 540 3875 gravius
575 3807 759 3871 notat,
788 3820 920 3859 cum
952 3802 1090 3858 dicit
1129 3802 1411 3857 concilium
1444 3803 1706 3873 fecerunt.
1741 3805 1909 3875 Pejus

306 3891 462 3947 enim
495 3894 580 3946 est
609 3892 679 3947 de
711 3893 866 3947 malo
898 3908 1069 3963 agere
1100 3891 1517 3963 perconsilium
1540 3909 1716 3963 quam
1734 3895 1911 3947 teme-

309 3979 483 4035 rarie.
520 3979 654 4035 Dico
686 3979 843 4051 quod
888 3979 1167 4035 consilium
1210 3980 1471 4049 fecerunt,
1506 3980 1732 4035 dicentes
1764 3998 1909 4035 unus

302 4069 373 4123 ad
408 4066 584 4123 alium
620 4085 634 4123 :
664 4067 1064 4139 Persequimini
1086 4085 1205 4121 eum
1234 4067 1733 4138 tribulationibus;
1769 4086 1907 4124 nam

299 4154 471 4225 Deus,
503 4156 663 4226 cuius
688 4155 892 4210 Filium
918 4172 977 4209 se
1008 4154 1225 4221 asserit,
1256 4155 1535 4226 dereliquit
1563 4174 1702 4223 eum,
1735 4156 1792 4211 id
1822 4160 1908 4212 est

302 4243 675 4315 contempsit.
705 4243 774 4297 Et
796 4260 914 4299 non
932 4244 1117 4297 solum
1136 4242 1569 4315 persequimini,
1592 4244 1689 4299 sed
1707 4251 1757 4298 et
1770 4262 1908 4299 com-

2011 3182 2231 3237 dabunt
2261 3186 2316 3237 te
2347 3182 2678 3237 innocentia
2707 3185 2765 3237 et
2782 3173 3004 3253 justitia
3027 3200 3347 3256 sua,-quam
3379 3201 3496 3240 non
3526 3201 3613 3240 re-

2008 3271 2293 3343 putabunt
2322 3287 2488 3325 suum
2518 3288 2640 3326 esse
2674 3288 2687 3325 :
2722 3270 2835 3325 Sed
2861 3286 2919 3327 os
2936 3289 3129 3341 meum,
3151 3272 3209 3342 id
3235 3276 3319 3327 est
3344 3289 3611 3329 meorum

2010 3359 2351 3413 annuntiabit
2364 3359 2644 3429 justitiam
2672 3366 2842 3427 tuam,
2874 3360 2933 3415 id
2955 3364 3039 3415 est
3068 3378 3305 3416 omnem
3326 3361 3611 3432 justitiam

2010 3464 2172 3502 suam
2207 3451 2317 3502 ate
2348 3465 2489 3515 esse,
2519 3451 2577 3503 et
2604 3454 2713 3502 tota
2732 3448 2843 3516 die,
2870 3448 2927 3503 id
2954 3452 3039 3504 est
3060 3450 3280 3521 jugiter
3310 3450 3616 3505 annuntia-

2007 3534 2093 3589 bit
2120 3534 2358 3591 salutare
2382 3542 2555 3604 tuum,
2588 3536 2647 3590 id
2674 3540 2759 3591 est
2784 3537 3156 3592 salvationem
3198 3538 3531 3615 futuram.a
3554 3540 3610 3594 te

2008 3621 2155 3689 fore,
2187 3640 2304 3679 non
2330 3640 2365 3678 a
2392 3624 2612 3678 meritis
2642 3625 2773 3679 suis.
2816 3624 2915 3679 Vel
2956 3624 3035 3678 sic
3083 3641 3096 3678 :
3141 3625 3274 3680 Dico
3308 3626 3462 3697 quod
3495 3624 3613 3680 mei

2010 3711 2322 3783 sperabunt
2351 3710 2412 3765 in
2444 3716 2499 3766 te
2535 3729 2783 3784 semper,
2821 3714 2879 3767 et
2914 3712 3022 3766 hoc
3065 3712 3191 3767 dico
3240 3714 3608 3784 generaliter.

2012 3800 2083 3855 0s
2109 3803 2304 3855 autem
2330 3816 2527 3863 meum,
2578 3800 2637 3854 id
2677 3803 2762 3854 est
2789 3800 3218 3871 praedicatores,
3254 3800 3351 3873 qui
3383 3802 3612 3857 dicendi

2009 3892 2140 3943 sunt
2162 3904 2225 3942 os
2254 3887 2309 3941 in
2344 3904 2586 3960 corpore
2613 3905 2765 3954 meo,
2798 3888 2857 3942 id
2888 3892 2973 3943 est
3002 3888 3269 3956 Ecclesia,
3314 3891 3613 3944 annuntia-

2010 3976 2138 4030 bunt
2172 3976 2449 4046 justitiam
2502 3992 2740 4031 omnem
2782 3983 2927 4030 tuam
2963 3994 3105 4045 esse,
3139 3976 3196 4032 id
3237 3980 3322 4032 est
3366 3995 3399 4033 a
3442 3980 3522 4043 te,
3553 3981 3613 4032 et

2007 4069 2119 4119 tota
2149 4065 2232 4120 die
2259 4065 2491 4119 salutare
2519 4071 2689 4119 tuum.
2722 4065 2852 4120 Haec
2885 4082 3002 4121 non
3031 4068 3348 4121 mutantur.
3384 4066 3452 4120 Et
3478 4065 3608 4120 ideo

2005 4152 2435 4207 annuntiabunt
2462 4153 2579 4207 mei
2597 4153 2883 4225 justitiam
2916 4170 3157 4209 omnem
3182 4171 3216 4208 a
3244 4158 3300 4209 te
3331 4171 3471 4209 esse.

2079 4240 2343 4307 Quoniam
2373 4258 2481 4295 non
2510 4244 2735 4312 cognovi
2762 4243 2991 4297 litteram
3018 4260 3138 4298 esse
3171 4243 3605 4314 justiﬁcantem,

293 4331 606 4402 prehendite
635 4348 789 4399 eum,
818 4347 892 4386 ne
934 4331 1157 4397 evadat,
1190 4330 1248 4385 id
1288 4333 1372 4385 est
1414 4330 1740 4400 interﬁcite,
1779 4336 1906 4405 quia
1928 4319 1981 4379 D
2006 4329 2066 4385 id
2091 4330 2734 4405 est,Am_ei_cognoscent
2773 4331 3023 4386 litteram
3060 4332 3206 4403 legis
3241 4332 3450 4387 veteris
3488 4350 3607 4389 non

300 4436 405 4473 non
456 4426 532 4474 est
569 4423 663 4491 qui
705 4420 924 4492 eripiat.
976 4420 1055 4473 Ac
1086 4417 1131 4473 si
1184 4418 1336 4493 dicat
1370 4436 1382 4473 :
1414 4420 1538 4490 Ipse
1589 4420 1725 4475 dicit
1772 4402 1906 4492 quia
2005 4435 2170 4492 posse
2409 4420 2660 4492 aliquem
2679 4420 3014 4491 justiﬁcare.
3048 4443 3076 4471 ‹‹
3106 4402 3319 4477 Littera
3338 4422 3496 4477 enim
3514 4440 3610 4478 oc-

297 4507 447 4562 Deus
478 4507 683 4581 eripiet
713 4524 847 4563 eum
878 4525 912 4563 a
936 4510 1124 4562 morte
1170 4509 1300 4579 post
1339 4510 1455 4561 tres
1493 4506 1632 4575 dies,
1678 4508 1778 4563 sed
1807 4509 1903 4563 ille
2005 4506 2142 4561 cidit
2186 4506 2274 4577 (II
2308 4506 2434 4562 Cor.
2474 4525 2555 4575 Ill,
2598 4510 2695 4573 v1).
2729 4528 2757 4557 »
2806 4507 2971 4571 Quod
3001 4510 3087 4562 est
3116 4508 3343 4566 dicere:
3378 4510 3605 4582 Cogno-

299 4611 418 4650 non
441 4596 669 4667 eripiet.
692 4596 753 4651 Id
779 4596 927 4652 circo
951 4594 1371 4667 comprehendite
1395 4613 1513 4649 eum
1530 4599 1738 4651 morte.
1770 4596 1905 4668 Agit

294 4686 492 4738 autem
518 4684 840 4739 concessive
882 4683 953 4738 de
980 4683 1351 4738 inimicorum
1383 4683 1741 4752 confusione,
1776 4683 1851 4740 sic
1885 4702 1898 4739 :

364 4770 487 4826 Dixi
518 4775 581 4827 ut
611 4771 883 4845 respicias
913 4770 970 4826 in
995 4771 1270 4826 auxilium
1293 4788 1514 4840 meum,
1543 4775 1601 4826 et
1629 4788 1696 4827 ex
1726 4789 1903 4844 oppo-

291 4857 399 4915 sito
431 4860 834 4931 confundantur
854 4860 914 4914 in
946 4862 1123 4928 malo,
1146 4859 1205 4915 id
1236 4864 1321 4915 est
1342 4860 1681 4916 erubescant
1701 4866 1749 4914 et
1776 4861 1902 4929 defi-

291 4949 440 5003 ciant
471 4948 543 5004 ab
591 4949 751 5004 omni
789 4948 1170 5021 prosperitate
1215 4948 1538 5016 mundana,
1571 4948 1898 5004 detrahentes

290 5038 487 5091 animae
534 5054 663 5092 mea,
711 5036 950 5091 virtutes
999 5054 1148 5104 suas,
1197 5036 1257 5091 id
1302 5041 1387 5091 est
1414 5036 1596 5092 Judaei
1626 5037 1720 5110 qui
1755 5038 1897 5093 mihi

292 5123 565 5178 auferunt
595 5124 829 5179 virtutes
864 5141 1043 5192 meas,
1068 5126 1351 5196 quantum
1380 5124 1453 5179 ad
1473 5141 1635 5179 suam
1664 5128 1895 5198 reputa-

290 5212 532 5281 tionem,
567 5212 812 5268 dicendo
844 5230 939 5267 me
972 5229 1091 5269 esse
1122 5213 1486 5269 seductorem
1514 5217 1571 5268 et
1616 5214 1757 5285 legis
1796 5214 1895 5268 de-

287 5302 653 5367 structorem,
686 5304 741 5355 et
763 5317 879 5356 non
898 5316 1103 5371 parum
1130 5302 1533 5369 confundantur
1549 5308 1599 5358 et
1623 5301 1891 5371 deﬁciant,

288 5389 389 5443 sed
416 5391 721 5459 aperiantur
763 5390 1072 5459 confusione
1095 5393 1144 5443 et
1166 5389 1394 5460 pudore,
1427 5389 1485 5444 id
1521 5395 1605 5445 est
1649 5390 1895 5445 circum-

286 5477 571 5535 vallentur
599 5477 998 5534 erubescentia
1022 5480 1079 5533 et
1108 5477 1393 5549 corporali
1419 5477 1829 5536 destructione.
1848 5481 1897 5537 Α

289 5563 665 5627 similitudine
688 5565 967 5640 corporis,
999 5564 1158 5641 quod
1185 5564 1348 5623 omni
1363 5568 1530 5640 parte
1543 5565 1901 5629 vestimentis

2001 4598 2163 4650 scent
2182 4595 2321 4650 illud
2350 4612 2469 4650 esse
2483 4596 2715 4660 falsum,
2736 4596 2892 4668 quod
2911 4597 3092 4652 Judazi
3112 4599 3486 4655 afﬁrmabant
3503 4600 3606 4655 ali-

2003 4700 2176 4755 quem
2194 4700 2258 4738 ex
2273 4684 2401 4755 lege
2410 4683 2710 4755 justiﬁcari
2730 4700 2915 4756 posse.
2933 4685 3042 4741 Lex
3064 4687 3223 4742 enim
3237 4689 3605 4744 solummodo

1999 4774 2301 4842 peccatum
2331 4771 2565 4826 indicat.
2587 4773 2712 4827 Non
2738 4772 2912 4828 etiam
2934 4774 3006 4830 ad
3024 4775 3430 4831 abstinendum
3448 4777 3609 4847 adiu-

1999 4861 2113 4913 vat.
2147 4860 2214 4914 Et
2238 4859 2642 4931 cognoscendo
2669 4876 2773 4932 per
2803 4861 3057 4918 litteram
3083 4880 3199 4919 non
3225 4879 3388 4933 posse
3403 4863 3607 4933 justiﬁ-

1998 4948 2136 5016 cari,
2160 4948 2415 5015 Introibo,
2449 4948 2507 5003 id
2539 4952 2624 5005 est
2645 4950 2760 5005 mei
2790 4950 3112 5007 introibunt
3138 4950 3469 5022 injpotentias
3487 4951 3601 5006 Do-

1996 5038 2150 5092 mini.
2186 5036 2350 5102 Quod
2384 5039 2469 5091 est
2502 5037 2693 5093 dicere
2728 5056 2740 5093 :
2776 5038 2881 5103 Qui
2913 5039 3070 5110 prius
3100 5056 3160 5093 se
3190 5042 3458 5111 potentes
3484 5039 3601 5095 exi-

1996 5126 2311 5182 stimabant
2340 5126 2413 5181 ad
2451 5126 2599 5182 bene
2651 5127 3011 5198 operandum
3046 5144 3149 5199 per
3178 5128 3425 5182 liberum
3454 5128 3603 5184 arbi-

1998 5215 2170 5269 trium
2201 5218 2258 5269 et
2287 5231 2391 5286 per
2419 5216 2630 5286 legem,
2659 5231 2718 5269 se
2749 5231 2853 5284 per
2873 5217 2980 5270 hoc
3002 5215 3479 5272 insufﬁcientibus
3504 5234 3599 5273 co-

1996 5304 2168 5374 gnitis
2194 5303 2267 5358 ad
2293 5303 2439 5357 bene
2471 5301 2855 5372 operandum,
2889 5302 3211 5358 introibunt
3254 5308 3309 5359 in
3334 5306 3603 5377 potentias

1992 5392 2235 5458 Domini,
2268 5390 2327 5445 id
2360 5392 2445 5444 est
2474 5388 2547 5444 ad
2581 5389 2689 5443 hoc
2728 5389 2922 5444 divina
2947 5391 3136 5462 gratia
3160 5392 3476 5465 inspirante
3506 5395 3596 5449 in-

1995 5478 2353 5552 gredientur,
2377 5481 2440 5533 ut
2467 5495 2527 5533 se
2559 5479 3291 5551 reputentpotentiasbene
3318 5481 3602 5556 operandi

1995 5570 2057 5627 et
2082 5584 2120 5625 a
2139 5565 2295 5625 vitiis
2318 5564 2645 5624 abstinendi
2670 5581 2791 5625 non
2820 5583 2856 5625 θ.
2881 5567 3031 5644 lege,
3047 5568 3150 5627 sed
3168 5586 3204 5628 a
3225 5571 3472 5630 Domino
3491 5573 3602 5635 ha.
