3970 6040
293 341 399 395 989
1273 336 1630 395 EXPOSITIO
1667 336 1738 394 IN
1775 333 2109 395 PSALMOS.
2133 367 2203 379 —
2236 334 2431 394 PSAL.
2473 334 2621 393 LXXI
3490 341 3596 396 990

290 455 516 512 ratione
544 445 664 527 per"
690 469 786 510 me
828 455 1118 526 completa
1157 458 1216 511 et
1253 457 1324 511 de
1364 458 1556 513 futura
1586 457 1896 512 salvatione
1918 456 2209 529 Apopuli,
2241 460 2299 511 et
2351 456 2395 511 si
2442 474 2555 529 qua
2584 460 2792 512 caetera
2835 457 2974 512 talia
3016 459 3167 527 sunt,
3212 474 3343 513 cum
3388 461 3589 513 tamen

290 544 656 616 complenda.
684 543 821 599 Dico
843 544 998 616 quod
1020 544 1137 599 mei
1164 546 1591 601 conﬁtebuntur
1622 546 1741 600 tibi.
1762 546 1886 612 Mei,
1993 546 2258 616 quaedam
2290 546 2499 600 habeat
2542 563 2669 617 quae
2710 546 3033 600 nullatenus
3075 547 3262 601 eidem
3299 545 3598 601 Salomoni

291 633 438 699 dico,
472 632 709 704 quidam
756 631 1060 687 existentes
1098 635 1155 686 in
1194 635 1337 689 vasis
1365 634 1584 705 psalmi,
1620 634 1680 687 id
1717 637 1801 688 est
1831 633 1889 687 in
1992 634 2368 704 contigerint:
2390 634 2724 689 ubiscilicet
2759 634 2896 689 dicit
2931 651 2942 688 :
2982 635 3324 689 Permaaebit
3350 653 3470 689 cum
3495 634 3601 688 sole

288 720 580 794 psalterio,
610 719 765 792 quod
794 720 1002 775 dicitur
1030 738 1128 775 vas
1155 722 1383 793 psalmi,
1413 739 1481 778 eo
1514 721 1669 793 quod
1702 722 1802 775 ﬁat
1832 721 1890 775 in
1992 729 2042 775 et
2077 725 2220 775 anite
2241 722 2441 789 lunam,
2480 730 2531 777 et
2550 723 2850 776 adorabunt
2878 740 2996 776 eum
3009 739 3185 777 omnes
3216 740 3375 791 reges,
3408 726 3465 777 et
3489 739 3600 778 ete-

288 824 357 863 eo
368 809 645 880 psalmus,
672 807 886 863 scilicet
911 807 969 862 in
987 808 1480 880 contemplatione
1499 809 1788 864 bonorum
1805 825 1893 861 su-

286 911 627 968 pernorum,
657 913 761 968 per
798 913 974 969 quam
1010 897 1068 951 in
1097 898 1198 952 Dei
1228 898 1399 952 laude
1432 897 1788 952 resonabunt
1819 896 1893 951 ad

285 984 529 1039 modum
555 984 808 1055 psalterii
843 985 997 1055 quod
1035 1001 1101 1039 ex
1128 985 1406 1057 superiori
1437 988 1686 1040 resonat.
1735 984 1894 1038 Vasis

284 1074 584 1146 pluraliter
612 1074 775 1145 ponit
800 1077 1083 1145 quantum
1106 1075 1179 1129 ad
1209 1076 1402 1146 plures
1425 1075 1639 1129 ﬁdeles.
1662 1073 1891 1144 Etpsal-

285 1163 393 1217 lam
426 1164 543 1226 tibi,
575 1163 629 1217 id
667 1166 753 1217 est
783 1163 1017 1235 quidam
1049 1165 1481 1218 meorumbono
1497 1180 1669 1235 Opere
1693 1166 1748 1217 te
1769 1164 1889 1217 lau-

285 1251 527 1319 dabunt,
560 1251 853 1306 existendo
885 1254 942 1306 in
967 1253 1197 1319 cithara,
1229 1252 1290 1305 id
1321 1255 1406 1306 est
1441 1252 1500 1305 in
1542 1252 1723 1306 activa
1752 1250 1886 1305 vita.

286 1339 423 1404 Quae
450 1355 555 1412 per
584 1339 865 1393 citharam
885 1338 1615 1393 exiul‘erioriresonantem
1633 1354 1889 1409 congrue

285 1428 615 1495 denotatur,
648 1444 717 1482 eo
759 1427 913 1499 quod
966 1427 1207 1482 inferior
1254 1427 1327 1481 sit
1371 1425 1885 1497 contemplatione.

283 1517 420 1572 Dico
447 1517 603 1589 quod
630 1516 734 1571 tibi
765 1518 1010 1589 psallent
1038 1520 1096 1571 et
1132 1516 1576 1571 conﬁtebuntur.
1607 1515 1725 1569 Tibi
1762 1514 1886 1569 dico

283 1605 383 1676 qui
411 1614 628 1661 sanctus
660 1623 718 1661 es
745 1605 933 1673 Israel,
956 1606 1014 1660 id
1044 1608 1129 1660 est
1159 1605 1304 1660 adeo
1334 1608 1561 1660 sanctus
1590 1608 1653 1659 ut
1683 1606 1889 1676 potens

282 1694 360 1748 sis
379 1694 756 1761 sanctiﬁcare,
777 1711 982 1749 omnes
1001 1695 1199 1749 ﬁdeles
1210 1711 1353 1767 quos
1367 1694 1505 1749 facis
1521 1695 1686 1748 Israel
1699 1693 1890 1764 .Cujus

1989 813 2117 864 tera
2144 810 2543 876 similia,totus
2568 812 2966 882 competenter
2986 811 3043 865 iu
3077 810 3364 865 Christum
3393 826 3595 864 verum

1993 898 2823 969 etsigniﬁcatumSalomonem
2839 903 2923 953 est
2941 898 3597 953 referendus.Contuens

1994 1002 2253 1057 namque
2286 987 2511 1053 Esdras,
2535 987 2789 1057 psalterii
2816 988 3120 1043 titulorum
3144 987 3468 1058 impositor,
3498 987 3596 1057 qui

1992 1075 2164 1144 longe
2193 1078 2321 1146 post
2351 1075 2725 1130 Salomonem
2765 1093 2966 1147 regem
2998 1077 3169 1130 Israel
3198 1074 3597 1147 temporaliter

1991 1163 2220 1230 exstitit,
2249 1164 2320 1217 ab
2346 1164 2554 1218 eodem
2571 1164 2878 1219 Salomone
2893 1164 3175 1219 Christum
3209 1164 3594 1235 signiﬁcatum

1989 1250 2183 1317 fuisse,
2219 1255 2274 1305 et
2303 1253 2619 1307 secundum
2648 1254 2901 1308 nominis
2946 1253 3512 1323 interpretationem,
3539 1254 3596 1306 et

1989 1340 2306 1393 secundum
2336 1340 2420 1394 rei
2450 1341 2795 1411 gestiouem,
2828 1343 3119 1396 Psalmum
3156 1341 3352 1405 istum,
3386 1340 3481 1411 qui
3522 1340 3593 1393 de

1990 1427 2499 1499 Christolegendus
2519 1433 2623 1496 est,
2648 1429 2975 1484 Salomonis
2997 1429 3233 1483 nomine
3260 1428 3592 1482 titulavit.ln

1989 1516 2316 1571 Salomonis
2338 1534 2592 1588 namque
2615 1520 2873 1589 tempore
2892 1517 3114 1588 justitia
3140 1520 3196 1571 et
3217 1533 3322 1587 pax
3340 1515 3594 1570 maxima

1988 1604 2095 1659 fuit
2124 1604 2183 1658 in
2212 1606 2401 1660 Israel.
2432 1606 2592 1659 Unde
2623 1605 2798 1659 etiam
2817 1605 2971 1659 idem
2986 1606 3244 1675 paciﬁcus
3273 1604 3498 1658 dicitur.
3528 1604 3598 1658 Et

1992 1693 2293 1747 dilatatum
2320 1693 2427 1747 fuit
2447 1710 2693 1765 regnum
2714 1694 2835 1763 ejus
2860 1694 3041 1747 valde.
3068 1694 3263 1765 Etipse
3294 1692 3592 1762 sapientis-

280 1781 367 1836 rei
397 1782 679 1838 desiderio
706 1782 808 1837 tibi
838 1784 1088 1855 psallunt
1118 1786 1176 1838 et
1201 1783 1566 1839 conﬁtentur.
1587 1784 1655 1836 Et
1679 1782 1788 1837 hoc
1807 1782 1892 1835 est
1917 1770 1969 1829 Β
1992 1780 2167 1836 simus
2220 1782 2448 1847 exstitit,
2487 1781 2565 1835 sic
2604 1782 2779 1836 etiam
2829 1785 2891 1835 ut
2936 1781 3139 1853 regina
3170 1780 3345 1835 austri
3375 1780 3594 1835 venisse

282 1887 348 1925 ac
376 1871 425 1925 si
451 1870 603 1925 dicat
632 1887 645 1925 :
678 1873 739 1925 In
770 1872 878 1925 hoc
906 1872 1118 1942 poterit
1148 1871 1325 1925 videri
1349 1874 1407 1925 te
1438 1888 1535 1925 eos
1558 1870 1886 1936 viviﬁcasse,

281 1958 418 2031 quia
436 1958 537 2012 tibi
557 1959 801 2030 psallent
821 1963 878 2013 et
892 1959 1323 2014 conﬁtebuntur
1347 1977 1359 2013 :
1394 1959 1550 2031 quod
1575 1960 1741 2013 aliter
1771 1976 1890 2013 non

282 2049 449 2101 esset.
474 2047 540 2101 Et
565 2064 687 2101 cum
723 2054 1006 2102 cantavero
1034 2048 1155 2115 tibi,
1188 2048 1247 2103 id
1278 2052 1361 2103 est
1389 2065 1522 2103 cum
1554 2048 1669 2103 mei
1697 2048 1893 2103 lauda-

280 2133 429 2189 bunt
466 2138 545 2202 te,
601 2135 910 2190 exultabant
942 2136 1083 2190 labia
1121 2154 1257 2203 mea,
1290 2136 1348 2191 id
1379 2140 1464 2191 est
1511 2153 1777 2191 meorum
1828 2135 1889 2190 in

278 2222 404 2295 ipsa
415 2223 604 2278 laude.
619 2224 706 2291 Et,
722 2241 795 2279 ne
822 2224 1080 2296 accipere
1090 2241 1216 2279 mus
1229 2224 1380 2279 labia
1392 2224 1884 2291 exteriora,addit:

277 2310 353 2365 Et
375 2312 485 2366 hoc
520 2312 696 2368 modo
740 2311 955 2367 scilicet
978 2314 1160 2366 anima
1188 2330 1324 2380 mea,
1372 2312 1431 2367 id
1473 2315 1559 2367 est
1597 2328 1883 2378 meorum,

277 2416 442 2472 quam
463 2400 743 2467 redemisti,
771 2400 827 2453 id
859 2403 945 2455 est
971 2400 1086 2454 mei
1115 2401 1476 2456 exsultabunt
1514 2399 1803 2454 laudando
1829 2403 1885 2454 te

279 2486 678 2542 affectionibus
708 2486 919 2541 animae
951 2503 1097 2555 suae;
1131 2487 1262 2542 ideo
1305 2488 1440 2558 quia
1474 2504 1604 2542 eam
1634 2487 1886 2542 redimes

279 2592 383 2649 per
409 2592 523 2630 me.
552 2574 898 2629 Aﬁ'ectiones
913 2579 1111 2630 autem
1141 2574 1292 2630 labia
1319 2574 1607 2643 dicuntur,
1636 2592 1704 2629 eo
1731 2576 1887 2649 quod

278 2648 384 2736 per
408 2680 503 2719 eas
541 2664 736 2718 anima
777 2663 884 2718 sibi
923 2662 1164 2718 interius
1192 2664 1478 2734 loquatur.
1525 2664 1651 2718 Non

277 2753 465 2807 solum
493 2755 686 2807 autem
709 2751 907 2806 anima
925 2768 1193 2807 meorum
1208 2751 1267 2805 in
1288 2751 1367 2805 tui
1380 2752 1547 2807 laude
1560 2753 1883 2822 exsultabit,

276 2841 373 2895 sed
391 2848 441 2894 et
458 2841 637 2911 lingua
667 2858 785 2894 mea
817 2840 879 2895 id
921 2844 1008 2895 est
1050 2856 1340 2903 meorum,
1358 2841 1698 2894 meditabitur
1716 2842 1885 2911 justi-

278 2931 411 2983 tiam
431 2934 601 2992 luam,
618 2929 676 2984 id
706 2929 868 2984 estin
884 2928 967 2984 tui
987 2930 1155 2984 laude
1186 2944 1319 2984 cum
1354 2929 1734 2984 meditatione
1764 2947 1882 2985 non

275 3020 498 3073 temere
520 3017 951 3072 annuntiabunt
981 3034 1221 3072 omnem
1245 3018 1529 3089 justitiam
1556 3035 1677 3073 esse
1700 3022 1881 3088 tuam,
1915 3046 1963 3107 ο

1991 1872 2217 1941 legatur
2244 1886 2277 1923 a
2307 1869 2517 1923 ﬁnibus
2545 1872 2715 1923 terrae
2747 1870 2943 1923 audire
2972 1868 3313 1939 sapientiam
3346 1867 3594 1939 ejus(]Il

1990 1958 2123 2028 Reg.
2154 1975 2207 2024 x,
2245 1958 2314 2026 l).
2349 1956 2437 2010 Sic
2468 1960 2523 2011 et
2552 1957 2804 2011 Christus
2847 1957 2944 2028 qui
2975 1973 3139 2010 verus
3167 1955 3435 2026 paciﬁcus
3465 1955 3591 2022 fuit,

1991 2047 2275 2101 mundum
2299 2045 2638 2116 justiﬁcavit
2669 2047 2725 2099 et
2757 2047 2872 2099 Deo
2901 2044 3235 2114 paciﬁcavit.
3269 2044 3336 2096 Et
3365 2042 3592 2113 sapien-

1991 2135 2238 2190 tissimus
2263 2135 2507 2189 existens
2528 2133 2793 2204 reginam
2814 2149 2848 2186 a
2869 2132 3076 2186 ﬁnibus
3088 2131 3595 2199 terras,Ecclesiam

1988 2224 2219 2292 scilicet,
2247 2240 2420 2296 quam
2437 2240 2503 2278 ex
2533 2221 2755 2293 captiva
2781 2221 3047 2293 reginam
3063 2224 3121 2274 et
3140 2235 3409 2291 sponsam
3428 2236 3592 2274 suam

1985 2312 2141 2375 fecit,
2175 2329 2278 2383 per
2295 2311 2701 2384 prmdicatores
2725 2310 2798 2365 ad
2814 2327 2873 2364 se
2889 2309 3137 2378 vocavit;
3166 2312 3225 2364 et
3248 2308 3594 2381 sapientiam

1986 2404 2410 2472 praeceptorum
2438 2399 2560 2470 ejus
2589 2415 2720 2453 eam
2752 2397 2950 2453 audire
2968 2397 3122 2453 fecit.
3149 2399 3228 2453 De
3256 2396 3593 2451 dilatatione

1986 2489 2151 2561 regni
2183 2489 2305 2559 ejus
2332 2487 2558 2555 Christi,
2574 2491 2631 2541 et
2652 2487 2723 2542 de
2744 2487 2965 2558 justitia
2986 2489 3044 2540 et
3061 2502 3200 2558 pace
3230 2485 3289 2539 in
3309 2486 3435 2556 ejus
3452 2487 3599 2539 tem-

1985 2593 2127 2647 pore
2147 2577 2361 2644 futura,
2382 2578 2439 2630 et
2456 2576 2525 2630 de
2543 2576 2665 2646 ejus
2696 2575 3040 2642 aeternitate,
3074 2578 3132 2628 et
3158 2573 3451 2645 quomodo
3483 2571 3594 2626 sibi

1986 2681 2235 2735 regnum
2267 2663 2546 2736 acquirat,
2579 2667 2636 2718 et
2662 2662 2759 2735 qui
2788 2663 2846 2717 in
2875 2679 3057 2734 regno
3088 2662 3208 2732 ejus
3240 2664 3505 2729 erunt,et
3521 2661 3592 2715 de

1986 2752 2108 2822 ejus
2123 2752 2288 2824 regni
2305 2752 2710 2807 benedictione
2734 2754 2789 2805 et
2803 2752 3116 2806 salvatione
3130 2751 3417 2820 Propheta
3447 2750 3588 2820 agit,

1983 2841 2042 2895 in
2064 2841 2237 2911 ipsius
2265 2841 2432 2895 laude
2463 2840 2600 2895 satis
2631 2840 2821 2909 ample
2852 2837 3239 2893 immoraudo.
3258 2838 3366 2892 Pro
3394 2837 3591 2909 quoin

1984 2929 2263 3001 principio
2276 2928 2482 2999 psalmi
2496 2931 2624 2982 orat
2642 2931 2703 2982 ut
2719 2928 2767 2982 ei
2788 2929 2935 2982 Deus
2948 2928 3117 2981 Pater
3129 2926 3412 2997 judicium
3426 2928 3483 2979 et
3497 2926 3590 2980 hic

1985 3022 2043 3074 et
2072 3019 2131 3073 in
2166 3019 2359 3072 futuro
2390 3017 2462 3071 ad
2499 3017 2806 3072 utilitatem
2846 3016 3041 3088 populi
3070 3015 3155 3069 sui
3186 3015 3419 3069 tribuat.
3454 3014 3592 3068 Orat

274 3105 337 3159 id
367 3108 452 3159 est
477 3122 512 3159 a
535 3108 613 3160 te.
644 3105 759 3160 Hoc
775 3108 969 3160 autem
992 3106 1252 3178 superius
1271 3106 1546 3178 positum,
1565 3106 1664 3163 ubi
1694 3108 1885 3179 posuit
1926 3102 1962 3107 ⁷
1986 3123 2214 3179 quoque
2245 3109 2308 3160 ut
2334 3108 2561 3161 montes
2578 3109 2636 3160 et
2652 3106 2824 3160 colles
2839 3120 3043 3177 pacem
3061 3121 3095 3158 a
3116 3105 3233 3158 Deo
3256 3102 3586 3172 suscipiant,

276 3210 332 3248 os
353 3211 549 3262 meum,
579 3196 686 3248 etc.
726 3194 860 3249 Ideo
900 3194 1108 3267 repetit
1136 3197 1200 3249 ut
1224 3195 1401 3250 addat
1432 3212 1445 3250 :
1479 3196 1596 3251 Hoc
1624 3198 1884 3253 contuitu
1987 3212 2162 3267 quam
2193 3197 2514 3267 susceptam
2554 3194 2769 3266 pepulo
2813 3194 3143 3264 suggerant.
3188 3193 3249 3246 In
3297 3191 3413 3245 ﬁne
3452 3206 3588 3245 vero

276 3282 727 3337 annuntiabunt.
762 3280 905 3337 Cum
938 3283 1049 3338 hoc
1078 3283 1189 3338 erit
1217 3284 1373 3355 quod
1404 3283 1483 3338 illi
1513 3286 1607 3357 qui
1636 3294 1885 3357 quarunt
1984 3272 2190 3357 psalmi
2205 3282 2527 3354 eidemregi
2541 3277 3594 3349 benedicendo,nobiseibenedicendi

274 3369 421 3424 mala
443 3369 596 3437 mihi,
626 3370 808 3425 Judaei
838 3369 1070 3439 scilicet,
1093 3371 1381 3441 confusiin
1406 3373 1559 3427 malo
1591 3380 1641 3426 et
1665 3376 1886 3431 reveriti
1985 3374 2084 3428 dat
2112 3374 2458 3443 exemplum.

274 3458 500 3529 fuerint,
532 3458 592 3512 id
624 3460 709 3513 est
738 3458 1140 3513 erubescentes
1171 3458 1242 3513 de
1272 3460 1691 3516 resurrectione
1722 3479 1882 3532 mea;

279 3549 338 3601 et
364 3546 635 3601 timentes
664 3546 725 3600 in
749 3546 1557 3619 persecutioneVespasianiet
1573 3550 1695 3606 Titi.
1722 3550 1888 3615 Quod

277 3637 364 3689 est
389 3634 576 3689 dicere
601 3651 613 3688 :
640 3634 783 3689 Cum
807 3635 1055 3690 viderint
1070 3635 1225 3706 justo
1251 3636 1467 3706 judicio
1494 3640 1593 3693 tuo
1626 3638 1750 3694 illos
1766 3656 1887 3694 esse

276 3722 461 3777 factos
475 3723 875 3777 erubescentes
897 3726 953 3777 et
978 3723 1232 3791 timidos,
1249 3725 1399 3779 hanc
1413 3726 1694 3796 justitiam
1726 3731 1888 3782 tuam

280 3810 405 3865 aliis
434 3810 880 3879 annuntiahunt,
899 3814 961 3865 ut
976 3811 1048 3865 ab
1066 3828 1270 3866 eorum
1288 3813 1693 3870 conformitate
1711 3819 1890 3871 retra-

279 3899 514 3953 bantur.
530 3898 627 3952 Vel
658 3898 736 3952 sic
762 3915 775 3952 :
798 3898 1017 3970 Lingua
1044 3916 1312 3955 meorum
1338 3901 1690 3959 meditanter
1702 3906 1890 3977 profe-

280 3990 374 4041 ret
395 3986 678 4058 justitiam
704 3989 887 4054 tuam,
918 3987 978 4041 id
1000 3990 1085 4042 est
1113 3987 1331 4043 dicette
1347 4004 1468 4044 esse
1490 3990 1713 4061 justum
1732 3994 1887 4064 judi-

285 4091 434 4142 cem,
467 4090 600 4129 cum
629 4075 850 4129 confusi
896 4076 954 4129 et
993 4076 1227 4130 reveriti
1275 4076 1495 4133 fuerint
1522 4082 1617 4151 qui
1642 4088 1891 4151 quaerunt

284 4163 433 4218 mala
461 4163 610 4228 mihi,
643 4163 702 4217 id
731 4166 817 4217 est
839 4179 972 4218 cum
1008 4164 1380 4234 praeviderint
1409 4168 1565 4237 quod
1602 4168 1891 4224 timebunt

284 4254 345 4305 et
372 4250 799 4306 confundentur
825 4251 885 4307 in
914 4252 1108 4307 futuro
1147 4253 1488 4308 omnimoda
1529 4256 1884 4312 confusione.

282 4339 367 4394 Illi
396 4339 493 4410 qui
524 4342 792 4410 quaerunt
816 4341 973 4394 mala
1001 4341 1167 4409 meis,
1200 4341 1298 4412 qui
1326 4341 1420 4396 hic
1460 4359 1577 4398 non
1618 4344 1886 4399 videntur
1909 4328 1963 4387 D
1990 4344 2145 4398 Licet
2195 4345 2304 4399 hoc
2345 4360 2379 4397 a

282 4429 631 4493 reverentes,
657 4427 757 4481 sed
773 4428 986 4497 securi;
1007 4445 1114 4483 nec
1134 4429 1377 4496 confusi,
1395 4431 1494 4485 sed
1524 4432 1697 4487 beati.
1721 4433 1885 4497 Quod

282 4518 368 4570 est
396 4514 621 4570 dicere:
643 4516 705 4570 In
718 4516 827 4571 hoc
840 4519 896 4570 te
915 4517 1138 4587 justum
1155 4517 1413 4589 judicem
1440 4535 1560 4572 esse
1582 4521 1885 4576 annuntia-

281 4603 446 4668 buut,
461 4604 617 4675 quod
648 4604 1043 4674 prmvidebunt
1068 4605 1334 4661 inimicos
1352 4623 1483 4662 suos
1493 4607 1648 4677 justo
1663 4608 1881 4680 judicio

282 4695 378 4747 tuo
407 4691 632 4747 futuros
649 4708 771 4746 esse
801 4692 1071 4748 confusos
1101 4696 1160 4748 et
1178 4698 1526 4750 reverentes.

784 4781 853 4835 IN
888 4780 1210 4837 PSALMUM
1240 4784 1387 4838 LXXI

346 4868 563 4923 Titulus
580 4869 986 4941 septuagesimi
1006 4870 1180 4942 primi
1196 4888 1208 4924 :
1224 4870 1474 4925 Psalmus
1494 4870 1673 4927 David
1698 4875 1753 4927 in
1780 4872 1884 4929 Sa-

277 4955 555 5012 lomonem.
612 4958 778 5023 Quod
825 4957 903 5013 sic
947 4958 1301 5029 exponitur:
1336 4960 1584 5017 Psalmus
1636 4962 1740 5016 iste
1797 4966 1883 5018 est

273 5043 456 5098 David
474 5047 771 5117 propheta:
801 5048 857 5101 in
885 5043 1236 5101 Salamonem
1247 5048 1619 5120 respicientis,
1638 5050 1698 5104 id
1719 5053 1804 5105 est
1820 5050 1880 5105 in

274 5150 478 5189 verum
507 5134 792 5189 Christum
825 5133 1221 5203 Salomonem,
1247 5136 1307 5190 id
1337 5140 1424 5191 est
1449 5154 1650 5192 verum
1676 5137 1878 5210 paciﬁ-

271 5239 427 5290 cum,
461 5223 557 5294 qui
587 5223 722 5278 fecit
740 5225 984 5294 utraque
1014 5240 1216 5290 unum,
1233 5227 1291 5279 et
1316 5224 1414 5296 qui
1443 5229 1529 5280 est
1551 5243 1659 5299 pax
1683 5229 1879 5281 nostra

272 5309 515 5381 (Ep/tes.)
545 5327 603 5378 ιι,
636 5311 742 5382 14).
782 5310 879 5364 llic
927 5314 1121 5365 autem
1168 5313 1423 5380 psalmus
1465 5313 1571 5367 etsi
1619 5313 1879 5369 videatur

272 5397 543 5469 quaedam
569 5399 783 5453 habere
814 5415 942 5471 quae
973 5398 1269 5454 Salomoni
1284 5400 1403 5455 ﬁlio
1417 5400 1875 5473 Davidcoutigis-

271 5492 422 5554 sent,
440 5485 654 5541 scilicet
673 5503 806 5541 cum
833 5486 971 5541 dicit
997 5486 1173 5542 :Deus
1176 5487 1449 5557 judicium
1474 5495 1628 5542 tuum
1651 5493 1765 5558 regi
1781 5490 1874 5555 da,

269 5582 321 5634 et
338 5575 612 5649 justitiam
642 5583 791 5632 tuam
819 5575 937 5648 ﬁlio
971 5579 1135 5648 regis.
1178 5576 1247 5633 Et
1276 5576 1560 5650 judicabit
1587 5593 1878 5652 pauperes

2055 3460 2219 3529 Deus,
2232 3461 2499 3532 judicium
2520 3466 2673 3516 tuum
2694 3463 2807 3531 regi
2826 3460 2915 3527 da,
2946 3459 3004 3515 id
3025 3463 3109 3515 est
3130 3457 3415 3531 judicium
3436 3455 3594 3530 quod

1986 3553 2048 3605 tu
2079 3567 2210 3604 cum
2268 3553 2464 3605 sancto
2497 3549 2711 3620 Spiritu
2756 3550 2827 3604 de
2862 3549 3081 3604 mundo
3131 3563 3378 3613 exerces,
3425 3550 3484 3601 et
3525 3547 3587 3600 in

1987 3637 2179 3693 futuro
2211 3638 2462 3693 facturus
2479 3654 2559 3704 es,
2575 3637 2649 3691 da
2672 3636 2894 3692 Christo
2925 3637 3072 3707 regi,
3097 3635 3409 3690 secundum
3434 3634 3591 3706 quod

1986 3726 2164 3781 homo
2196 3728 2301 3790 est,
2329 3724 2486 3796 quod
2510 3724 2636 3794 jam
2667 3724 2860 3789 habet,
2892 3721 3210 3777 secundum
3239 3722 3395 3794 quod
3417 3723 3587 3776 Deus.

1988 3815 2058 3868 Et
2087 3812 2339 3868 ostendit
2389 3811 2542 3883 quod
2565 3810 2870 3882 judicium,
2912 3814 2969 3865 et
3010 3811 3101 3866 cui
3129 3811 3273 3882 regi,
3307 3825 3439 3864 cum
3487 3809 3588 3863 ad-

1989 3903 2074 3958 dit
2103 3922 2115 3957 :
2147 3901 2225 3955 Et
2243 3902 2521 3972 justitiam
2565 3907 2710 3954 tuam
2748 3900 2863 3969 ﬁlio
2912 3902 3064 3970 regis.
3111 3899 3211 3954 Hic
3261 3901 3455 3953 autem
3485 3913 3590 3969 per

1987 3990 2339 4061 hendiadyin
2374 3989 2529 4043 idem
2560 3992 2645 4043 est
2662 3988 2882 4060 justitio
2926 3988 3080 4060 quod
3105 3992 3162 4042 et
3177 3987 3480 4059 judicium.
3513 3987 3594 4041 Ac

1990 4079 2036 4134 si
2065 4078 2234 4145 dicat,
2259 4077 2470 4132 scilicet
2512 4077 2650 4133 Filio
2680 4078 2762 4132 tui
2792 4076 2965 4147 regis,
2998 4077 3242 4145 Christo,
3273 4076 3347 4130 da
3363 4075 3591 4145 justum

1984 4167 2267 4238 judicium
2317 4170 2502 4221 tuum.
2554 4167 2622 4220 Et
2670 4167 2820 4220 bene
2879 4165 3016 4219 dicit
3068 4172 3241 4228 tuum,
3298 4180 3430 4219 cum
3478 4163 3590 4218 hoc

1983 4255 2265 4326 judicium
2317 4255 2501 4310 Patris
2546 4255 2637 4322 sit,
2690 4258 2748 4309 et
2795 4253 2918 4308 Filii
2976 4256 3035 4307 et
3092 4254 3336 4325 Spiritus
3383 4251 3587 4308 sancti.

2421 4342 2766 4415 quibusdam
2819 4345 3125 4397 astruatur.
3170 4363 3198 4390 «
3240 4341 3365 4395 Non
3429 4340 3590 4394 enim

1985 4417 2355 4503 267Pater
2367 4431 2588 4502 judicat
2598 4447 2972 4502 quemquam,
2986 4430 3085 4484 sed
3118 4446 3292 4484 omne
3305 4428 3593 4500 judicium

1986 4521 2144 4575 dedit
2173 4520 2313 4575 Filio
2336 4520 2522 4593 (Joan.
2550 4523 2737 4586 v,22).
2754 4518 2954 4582 »Quod
2974 4517 3116 4572 nihil
3141 4517 3405 4589 impedit,
3431 4533 3587 4586 cum,

1983 4608 2062 4663 sic
2074 4608 2514 4679 intelligendum
2530 4607 2654 4661 sitzu
2663 4608 2831 4661 Pater
2846 4622 2963 4661 non
2969 4606 3189 4678 judicat
3199 4620 3549 4678 quemquam
3559 4626 3589 4654 »

1982 4696 2294 4762 visibiliter,
2313 4695 2449 4767 quia
2469 4695 2588 4766 ipse
2612 4694 2907 4749 invisibilis
2934 4698 3038 4763 est;
3074 4713 3106 4746 ς
3131 4694 3232 4749 sed
3244 4710 3420 4749 omne
3435 4694 3588 4764 judi-

1984 4786 2136 4841 cium
2164 4783 2323 4839 dedit
2350 4782 2510 4850 Filio,
2534 4803 2562 4831 ››
2578 4783 2895 4839 secundum
2931 4783 3084 4855 quod
3108 4783 3283 4837 homo
3307 4784 3412 4847 est,
3432 4797 3588 4849 cum,

1983 4872 2298 4929 secundum
2317 4872 2633 4944 quodDeus
2663 4875 2769 4939 est,
2786 4872 3021 4944 (aqualis
3045 4871 3097 4925 ei
3123 4869 3213 4936 sit,
3239 4872 3297 4923 et
3318 4868 3460 4923 nihil
3480 4868 3587 4938 ipsi

1983 4962 2055 5017 ab
2087 4978 2154 5016 eo
2185 4960 2535 5016 conferatur.
2555 4961 2645 5016 Sic
2670 4961 2881 5015 scilicet
2901 4959 3058 5013 dedit
3077 4957 3216 5010 Filio
3238 4972 3411 5011 omne
3431 4955 3589 5026 judi-

1982 5050 2157 5120 cium,
2174 5053 2238 5105 ut
2254 5051 2395 5122 ipse,
2419 5049 2653 5103 visibilis
2672 5064 2975 5119 apparens,
3007 5049 3195 5100 totum
3212 5045 3271 5099 in
3289 5045 3585 5115 futuroju-

1982 5139 2151 5207 dicet,
2176 5140 2523 5210 cooperante
2540 5134 3108 5201 tamenxinvisibiliter
3128 5134 3301 5189 totius
3325 5132 3587 5206 potentia

1976 5225 2363 5281 Trinitatis.Et
2382 5225 2619 5297 exponit
2639 5224 2829 5293 ipsum
2845 5222 3123 5294 judicium
3138 5239 3241 5294 per
3263 5220 3580 5294 partes,sic:

1978 5315 2133 5383 Dico,
2157 5315 2227 5368 cla
2247 5314 2359 5383 ﬁlio
2374 5313 2455 5367 tui
2479 5315 2614 5383 regis
2630 5310 2853 5366 Christo
2862 5311 3083 5382 justum
3099 5310 3381 5381 judicium
3391 5313 3579 5377 tuum,

1975 5402 2188 5457 scilicet
2217 5402 2291 5457 da
2320 5400 2371 5455 ei
2400 5401 2657 5472 judicare
2670 5399 2936 5468 populum
2962 5399 3126 5452 tuum
3169 5400 3232 5453 in
3267 5399 3502 5469 justitia,
3532 5403 3584 5453 et

1972 5507 2229 5562 pauperes
2268 5496 2383 5543 tuos
2417 5492 2472 5543 in
2499 5486 2731 5560 judicio.
2765 5485 2993 5544 Iustitia
3020 5490 3078 5541 et
3101 5486 3380 5558 judicium
3424 5484 3582 5539 idem

1976 5580 2084 5633 est.
2114 5577 2400 5648 Populum
2425 5578 2593 5634 vocat.
2623 5570 3206 5648 minores,pauperes
3230 5577 3426 5633 autem
3452 5587 3585 5628 sana
