4004 6052
408 300 503 357 991
1012 296 1076 387 S.
1111 294 1455 359 BRUNONIS
1498 294 2130 358 CARTHUSIANORUM
2167 290 2635 353 INSTITUTORIS
2675 292 2829 351 OPP.
2871 294 3047 351 PARS
3085 292 3108 350 Ι
3610 295 3732 350 992

397 419 755 491 ctiores,qui,
777 419 1059 475 mundum
1075 422 1312 489 omnino
1330 424 1687 492 spernentes,
1708 419 1994 475 Christum
2031 440 2083 500 Α
2117 417 2229 471 suis
2255 415 2589 482 calumnias,
2631 414 2690 469 id
2729 418 2811 469 est
2851 413 3120 469 scandala
3152 410 3344 479 infert,
3381 429 3452 467 ne
3480 413 3735 469 ulterius

398 508 538 563 nudi
565 512 622 562 et
647 508 847 579 inopes
864 513 1200 579 sequuntur.
1231 511 1293 563 Et
1318 513 1401 563 est
1430 526 1493 563 ac
1524 509 1567 564 si
1603 509 1753 562 dicat
1786 526 1797 561 :
1832 510 1915 562 Da
1945 508 1996 561 ei
2107 506 2301 561 locum
2331 507 2543 560 habeat
2564 505 2642 558 eis
2669 502 3080 558 calumniandi.

396 596 717 667 potentiam
736 595 793 648 in
814 596 1317 667 futurojudicandi
1341 599 1614 668 pepulum
1637 600 1819 662 tuum,
1839 595 1897 649 id
1915 597 2000 649 est
2170 595 2266 648 Vel
2287 593 2361 647 sic
2383 595 2572 665 potest
2589 591 2722 663 legi,
2751 591 3065 646 secundum
3084 592 3433 647 sententiam
3456 607 3633 663 quam
3658 590 3729 645 in

394 683 652 738 minores
668 684 884 752 ﬁdeles,
913 684 1011 755 qui
1040 687 1282 757 populus
1299 685 1584 755 dicuntur,
1613 702 1680 740 eo
1706 684 1859 755 quod
1881 700 1999 737 ma—
2098 682 2317 736 duobus
2347 680 2549 752 primis
2578 679 2828 757 [ensibus
2858 679 3235 750 sxposuimus,
3267 683 3328 735 ut
3357 678 3729 733 continuatio

396 771 873 827 ximamultitudo
901 752 1010 827 erit
1034 752 1257 841 eorum,
1277 774 1351 828 ad
1371 752 1861 844 computationem
1880 788 2000 826 ma-
2098 786 2215 825 non
2248 774 2501 824 mutetur
2530 785 2542 822 :
2798 768 3106 839 Postquam
3137 784 3340 840 pacem
3362 767 3731 838 susceperint.

395 860 607 916 lorum.
628 860 725 914 Vel
757 860 833 914 sic
859 860 916 914 hi
948 861 1059 916 duo
1082 879 1274 916 versus
1298 864 1566 933 leguntur
1599 879 1611 916 :
1640 861 1805 928 Deus,
1842 860 1996 931 judi-
2101 862 2349 925 montes,
2374 861 2432 913 et
2459 858 2727 922 co]les,et
2748 855 2965 928 populi,
2978 855 3253 926 judicabit
3272 855 3386 923 hic,
3418 855 3477 909 id
3510 858 3597 909 est
3612 871 3724 909 re-

396 948 543 1002 cium
574 954 723 1001 tuum
752 951 865 1017 regi
887 948 1047 1016 da,et
1073 950 1163 1003 hic
1183 951 1311 1004 etin
1331 951 1542 1018 futuro;
1569 954 1626 1005 et
1648 953 1706 1004 ut
1716 950 1999 1020 judicium
2102 947 2434 1002 munerabit
2452 946 2544 1000 hic
2562 962 2822 1016 pauperes
2837 945 3050 1015 pepuli,
3083 944 3334 1015 majores
3366 943 3604 1010 scilicet,
3633 947 3722 1010 ut,

395 1034 537 1089 illud
552 1036 733 1107 prosit
761 1039 972 1108 populo
995 1039 1419 1113 salvandprum,
1444 1039 1517 1093 da
1527 1040 1805 1109 justitiam
1832 1043 1999 1103 tuam,
2103 1053 2233 1090 cum
2254 1036 2390 1107 justi
2416 1036 2549 1101 sint,
2582 1035 2755 1089 faciat
2769 1050 2865 1088 eos
2886 1033 3187 1104 justiores.
3211 1033 3279 1086 Et
3291 1049 3393 1104 per
3417 1033 3568 1087 hanc
3592 1048 3726 1103 par-

397 1120 459 1177 id
491 1126 574 1177 est
604 1123 887 1194 justitiam
911 1142 1036 1196 quas
1072 1143 1138 1181 ex
1168 1131 1223 1181 te
1243 1131 1345 1191 est,
1371 1126 1484 1198 ﬁlio
1500 1126 1648 1180 illius
1678 1129 1832 1195 regis,
1854 1124 1999 1179 scili-
2104 1128 2225 1179 tem
2242 1124 2429 1179 innuit
2449 1124 2604 1195 quod
2625 1126 2682 1177 et
2699 1121 3113 1188 minores,licet
3132 1136 3249 1175 non
3272 1121 3417 1175 adeo
3438 1120 3722 1190 perfecte,

398 1213 489 1264 cet
514 1214 724 1282 pepulo
759 1212 1104 1276 Christiano,
1122 1215 1218 1279 qui
1244 1214 1392 1268 ﬁlius
1421 1215 1529 1268 erit
1561 1213 1833 1285 spiritalis
1853 1212 2004 1282 regis
2098 1212 2262 1283 juxta
2291 1215 2399 1268 hoc
2428 1216 2625 1266 tamen
2643 1211 3037 1283 quodjustitia
3060 1227 3260 1265 eorum
3286 1210 3497 1280 exiget,
3519 1225 3720 1263 remu-

395 1295 564 1355 illius.
599 1299 761 1362 Quod
789 1301 1083 1356 estdicere
1111 1319 1124 1356 :
1153 1303 1405 1356 Justiﬁca
1431 1303 1593 1356 illum
1624 1302 1774 1372 regis
1797 1300 2000 1366 ﬁlium,

397 1388 455 1439 et
472 1388 786 1441 secundum
805 1393 1172 1459 peccatorum
1187 1406 1247 1442 re
1257 1390 1671 1457 missionem,et
1688 1389 2002 1445 secundum

396 1473 674 1527 virtutum
693 1479 749 1529 et
766 1476 1051 1531 bonorum
1069 1493 1309 1548 Operum
1326 1478 1826 1548 perfectionem.Si
1843 1477 2003 1531 enim

398 1558 642 1630 injustus
663 1563 1499 1635 relinqueretur,justojudicio
1521 1566 1670 1637 regis
1694 1566 2003 1620 damnare-

399 1649 512 1701 tur.
548 1648 614 1702 Et
639 1650 1174 1720 exponitjudicium
1208 1670 1312 1724 per
1344 1657 1555 1723 partes,
1586 1654 1661 1707 sic
1696 1670 1709 1707 :
1747 1653 1902 1721 Dico,
1936 1654 2004 1707 da

2107 1301 2354 1367 nerabit,
2387 1308 2436 1354 et
2465 1301 2632 1354 salvos
2654 1301 2817 1370 faciet
2842 1299 2897 1353 in
2937 1299 3129 1353 futuro
3158 1298 3467 1353 salvatione
3497 1301 3720 1352 aeterna

2104 1392 2241 1460 ﬁlias
2252 1408 2576 1461 pauperum,
2603 1389 2659 1444 id
2684 1392 2770 1443 est
2793 1388 3062 1443 minores.
3088 1389 3155 1441 Et
3170 1404 3275 1458 per
3298 1388 3407 1442 hoc
3437 1387 3608 1441 datur
3629 1386 3720 1440 in-

2106 1479 2288 1549 telligi
2305 1479 2459 1550 quod
2478 1480 2660 1532 multo
2676 1477 2860 1547 magis
2874 1477 3024 1549 ipsos
3037 1491 3593 1547 pauperes,quorum
3616 1475 3721 1529 ﬁlii

2108 1567 2381 1630 erunt,sal
2394 1565 2565 1629 vabit;
2581 1569 2630 1619 et
2647 1564 2949 1617 Immitiabit
2971 1563 3407 1617 calumniatorem
3422 1563 3482 1617 in
3498 1562 3718 1617 futuro.

2108 1656 2222 1709 Hoc
2237 1671 2353 1709 non
2367 1657 2641 1709 mutatur.
2673 1653 2891 1708 Laudat
2919 1656 3114 1706 autem
3133 1669 3268 1706 eum
3290 1652 3360 1706 de
3390 1651 3720 1706 aeternitate

392 1734 676 1806 judicium,
705 1737 916 1791 scilicet
953 1738 1025 1792 da
1072 1740 1125 1794 ei
1155 1740 1405 1809 judicare
1431 1740 1519 1794 hic
1538 1741 1795 1811 pupulum
1831 1750 2001 1810 tuum,
2031 1753 2080 1811 Β
2108 1760 2227 1810 sua,
2274 1743 2350 1797 sic
2393 1761 2405 1799 :
2444 1742 2579 1797 Dico
2620 1742 2773 1813 quod
2815 1742 3123 1796 humiliabit
3157 1740 3622 1805 calumniatorem,
3672 1747 3719 1793 et

398 1838 571 1894 quem
591 1824 703 1878 dixi
721 1824 901 1879 ﬁlium
936 1826 1115 1898 regis;
1145 1829 1200 1880 in
1215 1830 1452 1898 justitia,
1487 1829 1545 1883 id
1573 1832 1654 1883 est
1686 1830 2001 1883 secundum

399 1913 553 1984 quod
571 1914 793 1984 justitia
822 1915 996 1987 ipsius
1023 1918 1218 1988 populi
1249 1918 1677 1988 promcrehitur
1707 1936 1740 1973 a
1764 1922 1817 1973 te
1850 1920 2000 1986 data,

396 2001 610 2057 scilicet
641 2005 719 2070 ut,
741 2019 871 2057 cum
903 2004 1059 2059 idem
1081 2008 1326 2077 populus
1352 2006 1408 2061 in
1436 2008 1544 2062 hoc
1575 2008 1793 2062 mundo
1820 2009 2005 2078 justus

396 2088 488 2158 sit,
522 2092 647 2161 plus
676 2093 747 2147 ab
774 2093 981 2147 eodem
1006 2111 1143 2165 rege
1161 2095 1527 2164 justiﬁcetur.

469 2181 537 2233 Et
567 2181 641 2235 da
669 2180 719 2235 ei
750 2182 873 2253 regi
909 2183 1156 2252 judicare
1185 2185 1241 2237 in
1276 2184 1470 2239 futuro
1518 2187 1572 2239 in
1604 2186 1812 2256 judicio
1851 2187 2005 2255 justo

387 2285 648 2342 pauperes
698 2278 834 2338 tuos,
867 2270 1064 2326 ﬁdeles
1108 2272 1321 2327 scilicet
1371 2274 1467 2345 qui
1517 2292 1635 2329 non
1677 2278 1836 2329 extra
1866 2277 2006 2329 velle

402 2361 535 2412 sunt
550 2375 828 2430 pauperes
850 2377 863 2426 ;
882 2361 982 2414 sed
1000 2360 1082 2414 tui
1117 2377 1420 2433 pauperes,
1445 2362 1503 2417 id
1533 2365 1641 2429 est,
1662 2379 1765 2434 pro
1793 2367 1869 2417 te.
1900 2365 2007 2418 Per

401 2446 650 2517 majores
671 2451 862 2503 autem
880 2448 1245 2521 ﬁdeles,quos
1260 2467 1541 2521 pauperes
1555 2451 1817 2520 dicit,dat
1830 2452 2007 2505 etiam

396 2530 720 2606 intelligere
740 2535 992 2592 minores
1017 2555 1031 2605 ;
1065 2538 1182 2610 qui,
1210 2538 1254 2592 si
1278 2555 1394 2593 non
1423 2539 1536 2593 sint
1565 2539 1849 2594 mundum
1882 2556 2005 2593 om-

397 2622 537 2677 nino
560 2623 969 2696 relinquentes,
1002 2626 1061 2680 in
1088 2626 1282 2680 futuro
1324 2629 1521 2682 tamen
1560 2628 1820 2681 salvandi
1851 2631 2004 2683 sunt.

400 2709 472 2765 Ut
496 2715 692 2767 autem
729 2713 1185 2785 istudjudieium
1222 2715 1321 2769 ﬁat
1360 2719 1418 2769 et
1453 2715 1544 2770 hic
1584 2717 1644 2770 in
1672 2716 1886 2785 futuro,
1917 2735 2007 2771 su-

396 2801 626 2871 scipiant
668 2808 867 2857 montes
902 2820 1091 2873 pacem
1128 2804 1327 2873 papulo
1373 2804 1782 2874 exhibendam,
1818 2805 1876 2859 id
1925 2808 2011 2860 est

398 2890 662 2960 apostoli,
687 2890 784 2962 qui
803 2891 899 2945 alti
922 2895 1053 2946 sunt
1072 2895 1135 2946 ut
1154 2896 1381 2947 montes
1409 2893 1480 2947 ad
1512 2894 2009 2965 comparationem

393 2978 651 3045 collium,
681 2979 989 3050 suscipiant
1011 2981 1083 3035 ab
1118 2980 1241 3051 ipso
1268 2997 1403 3051 rege
1430 2998 1653 3053 pacem,
1682 2981 1741 3036 id
1766 2985 1851 3036 est
1874 2982 2010 3036 dile-

398 3066 653 3121 ctionem
683 3067 785 3121 Dei
814 3071 872 3121 et
900 3068 1167 3139 proximi,
1192 3085 1295 3140 per
1328 3086 1501 3140 quam
1520 3086 1629 3140 pax
1655 3087 1794 3141 erga
1822 3072 2005 3125 Deum

396 3153 643 3209 habetur
659 3156 716 3209 et
735 3171 873 3227 erga
885 3157 1489 3229 proximum.ldeoque
1508 3175 1618 3229 pax
1629 3158 1760 3228 jure
1775 3159 2002 3227 dicitur,

399 3258 574 3312 quam
597 3244 831 3314 populo,
850 3243 909 3297 id
926 3246 1011 3297 est
1030 3244 1351 3298 minoribus
1383 3244 1834 3300 ann‘untient.Et
1861 3263 2005 3317 quo-

401 3328 562 3382 niam
581 3333 806 3384 montes
824 3347 941 3385 non
964 3331 1311 3397 sufﬁcerent,
1344 3331 1515 3399 colles,
1540 3332 1597 3386 id
1621 3336 1725 3400 est,
1752 3333 2005 3389 minores

400 3416 825 3488 praedicatores,
848 3419 943 3489 qui
961 3419 1228 3473 dicuntur
1245 3421 1417 3474 colles
1444 3438 1511 3475 eo
1529 3423 1684 3492 quod
1706 3422 2007 3479 inferiores

401 3507 570 3559 erunt
599 3504 660 3560 in
691 3506 1012 3573 sanctitate,
1032 3507 1104 3561 ad
1131 3508 1631 3579 comparationem
1653 3511 1885 3565 collium
1910 3512 2007 3582 qui

401 3594 695 3648 montibus
720 3596 852 3648 sunt
870 3594 1189 3662 inferiores,
1221 3598 1509 3667 suscipiant
1536 3599 1607 3652 ab
1636 3598 1768 3668 ipsis
1792 3600 2005 3654 monti-

400 3681 508 3737 bus
523 3682 808 3752 justitiam
827 3683 1025 3754 populo
1070 3686 1554 3740 annuntiandam.
1590 3687 1818 3741 Justitia
1849 3687 2005 3742 idem

402 3772 488 3825 est
518 3771 673 3842 quod
699 3789 828 3843 pax.
848 3773 915 3826 Et
932 3773 1080 3827 bene
1101 3773 1327 3828 dilectio
1361 3773 1459 3828 Dei
1490 3777 1547 3828 et
1571 3775 1815 3845 proximi
1836 3775 2003 3846 justi-

398 3857 480 3912 tia
507 3858 734 3927 dicitur,
762 3876 829 3915 eo
862 3862 1017 3931 quod
1047 3862 1239 3916 omnis
1283 3878 1413 3915 eam
1458 3862 1711 3931 perfecte
1762 3864 2003 3930 habens,

400 3946 650 4017 perfecte
661 3947 1023 4017 justiﬁcatur.
1041 3949 1315 4003 Enuntiat
1328 3954 1522 4003 autem
1542 3951 1693 4021 quod
1713 3951 1932 4005 orando
1947 3954 2005 4005 et

402 4034 657 4102 optando
702 4034 862 4100 dixit,
896 4035 991 4089 ubi
1040 4036 1231 4106 posuit
1264 4037 1514 4106 judicare
1552 4039 1836 4108 populum,
1868 4040 2001 4105 etc.,

400 4117 477 4173 sic
512 4136 525 4174 :
561 4120 719 4183 Dico,
749 4124 1037 4191 suscipiant
1073 4130 1273 4177 montes
1306 4142 1516 4193 pacem,
1559 4130 1607 4179 et
1639 4126 1795 4180 colles
1835 4126 2003 4196 justi-

403 4209 555 4275 tiam,
587 4210 800 4280 populo
832 4210 1236 4265 exhibendam.
1256 4212 1324 4265 Et
1353 4216 1659 4283 postquam
1690 4219 1918 4268 montes
1948 4217 2006 4269 et

2108 1832 2261 1886 idem
2295 1849 2389 1886 rex
2423 1832 2518 1903 qui
2541 1848 2675 1885 eum
2698 1829 3043 1896 humiliabit,
3072 1830 3405 1899 permanebit
3434 1830 3492 1883 in
3523 1829 3717 1883 futuro

2107 1939 2222 1975 cum
2246 1920 2437 1987 sole,id
2458 1923 2543 1975 est
2559 1936 2688 1974 cum
2723 1920 3028 1989 majestate
3049 1918 3570 1986 Patris,secundum
3595 1917 3716 1971 dei-

2106 2011 2286 2063 tatem
2307 2008 2359 2063 ei
2389 2007 2907 2061 consubstantialis.
2924 2008 3092 2060 Pater
3112 2009 3304 2060 autem
3324 2006 3457 2076 jure
3477 2006 3559 2060 sol
3584 2005 3722 2059 dici-

2105 2100 2219 2164 tur,
2257 2098 2415 2168 cujus
2458 2099 2678 2150 naturm
2718 2095 2949 2150 claritas
2973 2112 3006 2148 a
3035 2095 3191 2149 nullo
3238 2096 3428 2164 potest
3459 2093 3717 2164 perfecte

2109 2184 2510 2256 contemplari,
2559 2185 2703 2239 sicut
2757 2184 2889 2238 solis
2921 2184 3149 2238 claritas
3192 2184 3263 2239 ab
3308 2184 3565 2237 humano
3595 2182 3716 2236 visu

2108 2273 2360 2344 perfecte
2405 2273 2653 2343 conspici
2687 2273 2887 2344 nequit
2921 2279 2970 2326 et
3015 2272 3093 2327 sic
3137 2272 3506 2344 permanebit
3562 2271 3716 2343 quod

2112 2361 2223 2415 erit
2240 2368 2359 2414 ante
2378 2360 2580 2427 lunam,
2606 2360 2663 2415 id
2686 2365 2792 2427 est,
2811 2360 2869 2415 in
2893 2360 3203 2432 praesentia
3226 2361 3376 2415 lunae
3399 2360 3715 2414 secundum

2109 2432 2552 2504 humanitatem.
2579 2448 2906 2504 Secundum
2932 2442 3204 2504 deitatem
3225 2466 3476 2521 namque
3498 2464 3617 2503 non
3635 2451 3716 2501 est

2111 2539 2323 2603 localis,
2354 2538 2565 2593 scilicet
2588 2538 2646 2592 in
2683 2538 2992 2610 praesentia
3034 2538 3298 2593 Ecclesiae
3343 2555 3457 2592 sua:
3493 2537 3623 2603 erit,
3657 2539 3718 2590 ut

2111 2625 2185 2679 ad
2196 2642 2321 2679 cum
2333 2627 2485 2679 ulum
2503 2626 2874 2680 beatitudinis
2887 2626 3143 2696 ejusdem
3152 2626 3410 2681 Ecclesiae
3425 2626 3496 2680 ab
3511 2625 3716 2680 eadem

2104 2714 2322 2785 jugiter
2338 2713 2924 2785 conspiciatur.Osten
2933 2714 3015 2769 dit
3027 2731 3158 2769 vero
3173 2714 3328 2786 quod
3340 2716 3505 2769 vocet
3518 2714 3718 2767 lunam

2111 2818 2243 2855 cum
2291 2802 2496 2856 addit:
2530 2808 2600 2856 1η
2642 2805 2979 2872 generatione
3021 2803 3235 2857 scilicet
3289 2808 3339 2857 et
3382 2804 3724 2871 generatione

2113 2890 2242 2958 erit,
2270 2890 2329 2945 id
2349 2895 2434 2945 est
2464 2891 2523 2945 in
2555 2891 2860 2962 praesentia
2889 2890 3280 2963 generationis
3309 2894 3369 2945 et
3395 2890 3724 2961 generatio-

2122 2978 2233 3047 nis,
2268 2979 2325 3033 id
2357 2983 2441 3033 est
2462 2979 2653 3034 omnis
2692 2979 3081 3051 generationis
3112 2980 3423 3049 justorum.
3457 2979 3601 3033 Cum
3633 2978 3725 3033 bis

2111 3071 2290 3137 ponat
2299 3069 2708 3135 generationem,
2725 3068 2795 3121 de
2810 3067 3080 3122 omnibus
3092 3068 3108 3138 j
3120 3071 3377 3122 ustorum
3393 3066 3724 3138 generatio-

2109 3154 2276 3210 nibus
2304 3155 2405 3209 dat
2434 3156 2779 3227 intelligere.
2811 3156 3117 3210 Generatio
3145 3159 3203 3210 et
3232 3155 3531 3227 generatio
3559 3154 3718 3209 idem

2110 3244 2197 3296 est
2234 3244 2387 3315 quod
2418 3245 2576 3298 luna.
2599 3245 2818 3298 Lunam
2846 3245 3155 3299 Ecclesiam
3184 3244 3340 3311 dicit,
3375 3260 3445 3298 eo
3476 3243 3636 3315 quod
3659 3243 3721 3297 in

2108 3333 2375 3403 tempore
2414 3332 2828 3403 persecutionis
2872 3333 3161 3387 decrescat
3187 3347 3290 3403 per
3324 3331 3719 3402 imperfectio-

2110 3437 2244 3474 nem
2268 3419 2520 3475 ﬁliorum
2531 3424 2613 3488 ,ut
2627 3422 2852 3487 luna,et
2866 3421 2927 3474 in
2945 3424 3207 3491 tempore
3221 3420 3376 3490 pacis
3388 3423 3604 3473 crescat
3617 3435 3724 3489 per

2109 3509 2361 3563 ﬁliorum
2401 3509 2862 3580 regenerationis
2885 3512 3290 3579 augmentum.
3311 3508 3408 3562 Vel
3437 3507 3519 3561 sic
3545 3523 3558 3561 :
3587 3507 3724 3561 Per-

2111 3597 2345 3652 Manebit
2366 3613 2488 3653 cum
2517 3598 2641 3659 sole,
2659 3596 2719 3651 id
2741 3601 2825 3651 est
2854 3596 3110 3667 quandiu
3133 3598 3215 3651 sol
3240 3596 3490 3651 durabit.
3516 3596 3585 3648 Et
3610 3595 3721 3650 hoc

2109 3685 2345 3756 exponit
2385 3702 2517 3740 cum
2549 3685 2609 3739 in
2640 3685 3013 3757 sequentibus
3044 3685 3205 3739 addit
3238 3701 3250 3738 :
3288 3683 3513 3738 Scilicet
3538 3699 3719 3754 usque

2108 3773 2165 3827 in
2196 3773 2635 3843 generationem
2655 3774 2824 3843 hujus
2847 3772 3241 3844 generationis
3271 3771 3715 3839 subsecutivam,

2108 3865 2165 3917 et
2196 3862 2636 3934 generationem
2670 3863 2957 3919 ultimam.
2993 3862 3134 3917 Cum
3161 3862 3246 3917 bis
3273 3860 3717 3933 generationem

2105 3951 2290 4021 ponit,
2320 3951 2938 4022 omnesgenerationes
2969 3951 3069 4005 dat
3101 3949 3538 4019 intelligere.Ac
3559 3948 3606 4001 si
3627 3946 3714 4001 di-

2105 4043 2196 4093 cat
2229 4057 2241 4094 :
2270 4041 2493 4095 Tandiu
2537 4039 2923 4112 permanebit,
2961 4038 3214 4105 quandiu
3256 4036 3459 4091 mundi
3507 4052 3716 4091 omnes

2106 4127 2510 4197 generationes
2543 4128 2835 4182 duratura:
2862 4131 3014 4183 sunt.
3063 4127 3130 4180 Et
3163 4143 3235 4181 ne
3257 4128 3555 4197 putaretur
3585 4124 3717 4195 post

2107 4200 2287 4269 solem
2314 4219 2369 4269 et
2383 4214 2790 4286 generationes
2805 4231 2923 4273 non
2938 4230 3059 4269 esse
3073 4229 3507 4284 permansurus,
3527 4211 3710 4265 addit:

401 4297 574 4351 colles
601 4313 805 4369 pacem
818 4299 1029 4368 populo
1046 4300 1417 4370 susceperint,
1432 4301 1696 4371 judicabit
1718 4303 1811 4356 ille
1835 4302 2005 4357 rexin
2029 4285 2081 4344 D
2106 4301 2182 4357 Et
2195 4309 2316 4357 ante
2347 4285 2528 4359 lunam
2560 4306 2644 4358 est
2668 4302 2809 4375 ipse,
2842 4302 2899 4357 id
2926 4305 3011 4356 est
3045 4301 3276 4373 dignior
3306 4302 3364 4355 et
3395 4298 3717 4354 durabilior

402 4384 595 4440 futuro
634 4402 896 4458 pauperes
929 4388 1131 4458 populi,
1173 4387 1385 4443 scilicet
1427 4390 1824 4444 remunerabit
1847 4391 2004 4461 justo

396 4473 614 4545 judicio
639 4491 740 4530 suo
767 4475 1046 4548 illosquos
1066 4476 1179 4531 dixi
1202 4479 1430 4533 montes
1453 4482 1508 4533 et
1529 4480 1722 4547 colles,
1748 4480 1843 4551 qui
1866 4496 2005 4550 pau-

403 4576 570 4633 peres
598 4566 769 4616 erunt
797 4562 888 4617 hic
908 4563 965 4617 in
988 4567 1199 4636 populo
1220 4583 1344 4633 suo,
1368 4567 1652 4622 mundum
1683 4569 2011 4640 relinquen-

401 4651 509 4717 tes;
528 4656 575 4703 et
593 4650 762 4704 salvos
779 4651 940 4720 faciet
964 4655 1181 4707 {eterna
1198 4654 1511 4710 salvatione
1531 4656 1667 4725 filios
1684 4674 2008 4727 pauperum,

393 4738 684 4809 subjectos
704 4738 915 4793 scilicet
943 4739 1041 4812 qui
1075 4740 1175 4795 filii
1204 4746 1376 4797 erunt
1405 4743 1690 4815 spiritales
1720 4747 2008 4816 apostolo-

403 4842 537 4882 rum
558 4831 616 4882 et
642 4827 1109 4899 praedicatorum,
1137 4836 1185 4883 et
1225 4830 1531 4886 hmm’liabit
1552 4832 2005 4900 calumniatorem,

405 4915 699 4971 diabolum
727 4915 941 4971 scilicet
980 4916 1286 4988 deprimet,
1319 4937 1391 4974 ne
1425 4920 1659 4975 ulterius
1702 4922 1892 4976 locum
1915 4922 2012 4975 ha-

406 5001 542 5058 beat
562 5021 691 5059 suos
713 5006 973 5061 tentandi
991 5007 1075 5061 vel
1094 5008 1532 5073 accusandi.Qui
1562 5011 1817 5082 quandiu
1840 5027 2009 5065 mun-

404 5088 509 5145 dus
537 5090 642 5146 iste
669 5091 857 5160 durat,
900 5094 1283 5153 calumniator
1323 5098 1428 5164 est,
1461 5096 1520 5151 id
1558 5100 1645 5151 est
1690 5101 2006 5161 accusator,

405 5196 522 5237 non
549 5198 705 5249 voce,
735 5182 835 5237 sed
860 5185 1014 5237 mala
1043 5201 1144 5239 sua
1174 5185 1570 5256 conceptione.
1605 5187 1701 5239 Est
1730 5186 1905 5240 etiam
1924 5202 2011 5242 ca-

405 5269 739 5337 lumniator,
768 5270 828 5325 id
844 5274 928 5324 est
954 5271 1013 5325 in
1036 5276 1317 5343 quantum
1336 5276 1526 5344 potest
1545 5273 1718 5328 totius
1736 5272 1873 5328 boni
1896 5274 2009 5329 dis-

394 5356 688 5423 .turbator.
720 5358 886 5411 Illum
909 5358 1063 5414 enim
1098 5361 1366 5415 usualiter
1383 5361 1858 5415 calumniatorem
1878 5361 2012 5416 dici-

405 5458 537 5499 mus
548 5443 645 5515 qui
659 5445 879 5501 bonum
898 5448 1225 5504 disturbare
1239 5449 1507 5505 intendit.
1531 5449 1631 5504 Vel
1656 5449 2009 5505 calumniato-

2109 4392 2218 4446 erit
2245 4391 2605 4446 lunascilicet
2635 4391 2795 4446 omni
2823 4407 2886 4445 re
2917 4388 3336 4456 commutabili,
3355 4394 3483 4459 quae
3509 4403 3615 4458 per
3633 4387 3720 4441 lu-

2108 4497 2247 4535 nam
2278 4480 2407 4535 ideo
2439 4477 2940 4550 designatur,quia
2968 4479 3107 4532 luna
3128 4493 3280 4548 saepe
3301 4477 3718 4533 commutatur.

2108 4568 2201 4622 Vel
2233 4567 2307 4622 sic
2335 4584 2348 4621 :
2379 4568 2458 4621 Ne
2493 4567 2780 4621 videretur
2803 4582 2918 4620 non
2934 4565 3108 4619 fuisse
3138 4567 3272 4619 ante
3304 4563 3591 4618 mundum
3622 4561 3725 4615 ad-

2111 4656 2194 4709 dit
2226 4672 2239 4709 :
2271 4654 2348 4708 Et
2394 4659 2517 4710 ante
2575 4655 2760 4707 lunam
2808 4652 3155 4725 permansit,
3199 4651 3519 4707 secundum
3561 4650 3725 4723 quod

2110 4746 2403 4800 Deus.Per
2427 4745 2628 4798 lunam
2661 4743 3035 4815 quippe,quze
3066 4758 3199 4812 pars
3230 4745 3315 4796 cst
3350 4739 3538 4796 omnis
3556 4756 3723 4794 crea-

2110 4836 2276 4901 tura},
2305 4848 2538 4888 omnem
2574 4835 2898 4887 creaturam
2926 4833 3046 4886 vult
3074 4830 3415 4902 intelligere.

2184 4921 2467 4985 Quoniam
2496 4924 2692 4975 autem
2724 4936 2858 4974 eum
2888 4935 3090 4990 regem
3118 4916 3729 4989 dixerat,etjudicatu—

2112 5026 2245 5065 rum
2276 5025 2577 5081 pauperes,
2611 5010 2668 5062 et
2696 5007 2844 5064 ﬁlios
2873 5023 3218 5079 pauperum,
3274 5010 3467 5078 posset
3515 5007 3723 5079 quaeri,

2111 5099 2404 5171 quomodo
2437 5115 2533 5153 eos
2564 5097 2823 5169 acquiret
2851 5096 2911 5151 in
2938 5097 3231 5167 regnum?
3253 5096 3419 5160 Quod
3435 5095 3513 5150 sic
3527 5098 3726 5150 osten-

2111 5186 2195 5241 dit
2213 5204 2229 5239 :
2246 5186 2367 5241 Dixi
2391 5186 2547 5258 quod
2568 5203 2665 5240 rex
2698 5185 2828 5250 erit,
2849 5190 2904 5239 et
2929 5201 3212 5255 pauperes
3243 5188 3301 5239 et
3322 5184 3467 5238 ﬁlios
3506 5200 3728 5256 paupe-

2112 5274 2547 5345 rumjudicabit.
2570 5272 2722 5337 Quos
2744 5289 3026 5345 pauperes
3050 5276 3108 5327 et
3127 5273 3275 5327 ﬁlios
3295 5272 3371 5326 sic
3396 5273 3453 5326 in
3476 5288 3728 5342 regnum

2108 5362 2215 5417 sibi
2247 5362 2522 5434 acquiret,
2540 5362 2693 5433 quod
2713 5361 2867 5432 prius
2882 5361 3179 5427 descendet,
3204 5360 3263 5415 id
3293 5363 3397 5427 est,
3433 5359 3624 5414 veniet
3654 5358 3730 5414 de

2114 5450 2346 5507 sublimi
2374 5449 2763 5505 invisibilitate
2791 5467 2892 5504 sua
2924 5449 2983 5503 in
3016 5436 3283 5503 notitiam
3309 5447 3616 5520 primitivaa
3631 5448 3737 5503 Ec-

408 5547 522 5590 rem
539 5531 872 5605 humiliabit,
884 5534 947 5593 id
973 5539 1061 5596 est
1075 5553 1484 5614 quemcunque
1498 5538 1768 5614 impium,
1794 5537 1895 5615 qui
1922 5538 2018 5597 hic
2115 5538 2302 5597 clesia:
2316 5538 2387 5597 de
2401 5536 2635 5609 Iudaeis,
2648 5538 2785 5594 sicut
2796 5536 2986 5613 pluvia
3003 5536 3367 5595 descenditin
3381 5532 3570 5609 uellus,
3591 5552 3736 5595 area
