3970 6040
283 242 390 309 993

283 373 563 433 existente
593 371 741 431 sicca
759 370 820 430 in
839 373 1104 448 tempore
1123 371 1499 434 Gedeonis.Et
1517 379 1647 452 post
1662 377 1894 436 descen-

288 466 387 523 det
416 464 476 521 in
511 462 779 519 notitiam
805 464 1089 537 gentium,
1121 467 1258 521 sicut
1295 468 1562 524 stillantia
1599 469 1891 537 stillicidia,

283 554 343 612 id
365 557 470 621 est,
493 554 636 609 sicut
664 553 945 608 stillantes
975 554 1178 625 pluviae
1218 573 1377 627 super
1419 563 1615 612 terram
1657 559 1892 614 descen-

286 646 451 712 dunt,
478 644 537 699 id
563 646 647 699 est
672 661 845 717 super
869 660 1088 711 aream,
1106 646 1315 700 vellere
1337 652 1612 703 manente
1633 648 1799 704 sicco.
1824 650 1893 704 Et

282 733 433 789 bene
457 733 623 806 ponit
640 733 991 798 stillantia,ut
1013 733 1196 787 valeat
1218 734 1289 789 ad
1313 735 1769 791 similitudinem.
1804 737 1889 794 Si-

284 828 380 879 cut
409 823 566 878 enim
595 822 944 878 stillicidium
967 822 1173 893 pluvite
1201 824 1395 891 stillat,
1418 825 1477 879 id
1498 830 1582 880 est
1610 829 1888 896 paulatim

281 912 440 981 ﬂuit;
471 912 551 967 ita
576 915 634 966 et
664 912 785 983 ejus
812 910 1018 965 notitia
1044 912 1320 983 paulatim
1350 929 1453 984 per
1483 916 1888 986 prredicatores

280 1001 343 1056 in
374 1002 601 1057 mentes
623 998 929 1055 hominum
947 999 1127 1054 ﬂuxit.
1142 1000 1309 1055 Mittit
1326 1004 1521 1057 autem
1536 1020 1641 1059 nos
1653 1005 1725 1059 ad
1742 1005 1887 1077 ﬁgu-

280 1106 413 1146 ram
433 1089 686 1144 historiaa
718 1089 788 1144 de
813 1089 1100 1144 Gedeone.
1132 1088 1316 1154 Quem
1337 1108 1470 1146 cum
1499 1093 1779 1149 Dominus
1801 1094 1885 1149 di-

276 1179 469 1246 xisset,
488 1179 804 1233 Israelema
824 1176 1111 1249 gentibus,
1131 1195 1259 1250 qua:
1282 1179 1557 1235 nimirum
1588 1180 1751 1237 illum
1782 1199 1886 1253 op-

276 1270 629 1342 presserant,
653 1267 981 1334 liberatum,
1021 1267 1252 1339 signum
1295 1269 1531 1340 hujusce
1562 1271 1888 1327 salvationis

280 1374 316 1413 a
350 1356 595 1414 Domino
618 1356 781 1429 petiit
807 1355 963 1428 quod
987 1358 1073 1410 est
1104 1356 1156 1411 ei
1187 1374 1221 1411 a
1246 1358 1495 1413 Domino
1529 1375 1883 1430 concessum,

275 1445 578 1513 scilicet,ut
589 1445 765 1499 vellus
784 1443 1075 1516 quoddam
1092 1444 1150 1499 in
1165 1462 1299 1500 area
1316 1446 1565 1517 positum
1580 1449 1884 1505 humidum

270 1534 577 1602 inveniret,
596 1549 730 1589 area
749 1533 896 1589 sicca
907 1532 1183 1589 existente
1200 1552 1213 1603 ;
1240 1535 1419 1590 altera
1431 1553 1563 1592 vero
1583 1537 1673 1592 die
1688 1555 1884 1593 aream

271 1622 578 1680 humidam
604 1622 751 1677 sicco
783 1623 992 1677 vellere
1020 1623 1171 1689 (Jud.
1207 1640 1281 1691 v1,
1324 1623 1530 1697 37-40).
1567 1627 1677 1680 Per
1710 1628 1884 1682 vellus

1264 249 1622 313 EXPOSITIO
1659 252 1730 313 IN
1768 251 2103 315 PSALMOS.
2137 281 2213 300 -ι
2250 254 2443 318 PSAL.
2485 258 2636 318 LXXI

3498 262 3604 332 994
3620 278 3627 285 '

1996 378 2164 438 Juxta
2191 380 2349 456 quod
2378 381 2592 457 legitur
2622 403 2636 443 :
2665 383 2807 445 Ecce
2832 403 2982 446 nova
3006 386 3155 449 facio
3177 389 3375 452 omnia
3402 391 3600 470 (Apoc.

1998 486 2094 539 xu,
2129 471 2206 543 5).
2233 471 2400 538 Quod
2425 477 2509 530 est
2530 474 2749 531 dicere:
2768 478 2965 534 tandiu
2982 496 3088 552 pax
3108 481 3228 552 ejus
3244 483 3601 553 durabit,do—

1994 575 2099 613 nec
2116 563 2365 616 mundus
2384 563 2489 618 iste
2506 566 2906 634 transeat,non
2922 569 3077 639 quod
3091 574 3221 640 post
3234 589 3349 628 non
3364 575 3529 630 duret
3541 574 3602 632 in

1992 650 2298 717 aeternum,
2323 652 2421 705 sed
2454 653 2590 707 talia
2619 671 2833 724 genera
2860 656 3167 712 locutionis
3196 662 3399 731 saepius
3424 664 3601 719 habe-

1992 739 2301 803 mus,velut
2316 755 2446 793 cum
2462 740 2703 796 dicimus
2720 759 2731 796 :
2751 744 3023 814 Exspecta
3034 763 3128 801 me
3149 748 3332 803 donec
3349 752 3608 823 veniam,

1990 841 2108 880 non
2142 828 2297 898 quod
2328 831 2529 899 postea
2560 831 2800 886 velimus
2850 849 2983 887 eum
3028 835 3339 892 discedere.
3384 840 3603 897 Laudat

1990 929 2125 968 eum
2152 915 2328 970 etiam
2352 917 2421 971 de
2449 919 2615 989 regni
2631 920 2755 989 ejus
2779 922 3424 992 amplitudine,sic.Dico
3445 930 3601 1000 quod

1990 1002 2045 1055 in
2064 1002 2243 1058 diebus
2264 1005 2376 1074 ejus
2400 1008 2601 1061 orietur
2628 1008 2870 1078 justitia,
2912 1014 2970 1065 et
3006 1011 3126 1083 ipse
3165 1014 3525 1071 dominabitur
3566 1035 3602 1073 a

1988 1094 2129 1145 mari
2151 1092 2441 1160 orientali,
2467 1112 2645 1167 usque
2667 1097 2739 1151 ad
2753 1114 2914 1153 mare
2937 1100 3377 1170 occidentale,et
3395 1122 3429 1159 a
3450 1105 3600 1163 mari

1989 1181 2222 1234 australi
2254 1198 2431 1253 usque
2477 1182 2545 1237 ad
2580 1200 2743 1240 mare
2791 1189 3257 1258 septentrionale.
3303 1191 3466 1257 Quod
3514 1197 3602 1250 est

1988 1266 2199 1334 dicere,
2231 1269 2537 1325 dominum
2570 1272 2691 1343 ejus
2722 1274 2951 1329 durabit
2975 1276 3046 1331 ab
3077 1279 3300 1335 oriente
3331 1298 3509 1353 usque
3534 1282 3593 1339 in

1989 1356 2372 1425 occidentem,
2407 1362 2465 1413 et
2494 1361 2567 1415 ab
2591 1366 2783 1417 austro
2812 1380 2988 1435 usque
3021 1366 3094 1420 ad
3117 1369 3594 1439 septentrionem,

1989 1446 2044 1497 et
2075 1462 2108 1499 a
2130 1445 2369 1502 ﬂumine
2402 1447 2640 1519 incipiet
2658 1450 2968 1520 dominari,
2988 1452 3046 1508 id
3070 1459 3154 1509 est
3178 1472 3211 1509 a
3229 1457 3478 1513 Jordane
3499 1458 3597 1531 qui

1988 1532 2207 1588 ﬂumen
2232 1537 2691 1592 antonomastice
2711 1539 2937 1607 dicitur,
2962 1558 3029 1597 eo
3054 1544 3207 1614 quod
3230 1545 3596 1617 dignissimus

1984 1620 2190 1676 ﬂuvius
2211 1623 2284 1678 sit
2304 1623 2363 1677 in
2383 1625 2599 1681 Judaaa.
2626 1628 2737 1681 Per
2752 1629 3065 1685 Iordanem
3093 1635 3287 1686 autem
3309 1634 3409 1689 dat
3426 1635 3597 1692 intel-

281 1730 423 1787 ergo
442 1713 599 1785 prius
623 1729 657 1768 δ
677 1711 867 1786 pluvia
887 1712 1161 1779 infusum,
1178 1713 1443 1769 Judaicus
1468 1717 1714 1787 populus
1736 1733 1881 1788 prae-
1913 1734 1963 1793 B
1983 1708 2162 1779 ligere
2186 1711 2496 1781 baptisma,
2526 1714 2663 1785 quia
2690 1715 2747 1768 in
2776 1716 3027 1773 Iordane
3062 1720 3343 1776 Dominus
3367 1726 3452 1777 est
3492 1725 3594 1780 ba-

276 1803 638 1876 signabatur,
653 1802 749 1874 qui
774 1818 833 1856 se
852 1818 885 1855 a
904 1803 1021 1856 Deo
1035 1800 1157 1856 sine
1177 1801 1279 1856 Dei
1294 1802 1645 1860 detrimento
1691 1805 1881 1875 aliquo

276 1893 589 1965 abruperat
619 1892 762 1947 sicut
805 1892 984 1946 vellus
1038 1890 1111 1945 ab
1162 1907 1284 1959 ove,
1317 1891 1441 1946 sine
1491 1893 1706 1949 damno
1767 1893 1885 1949 ovis

276 1982 662 2054 abrumpitur.
699 1980 805 2047 Qui
854 1981 1098 2054 populus
1140 1983 1339 2035 tamen
1390 1982 1705 2037 secundum
1750 2000 1881 2055 par-

270 2075 395 2129 tem
468 2072 654 2127 imbre
711 2071 911 2144 gratiae
971 2069 1241 2142 spiritalis
1294 2071 1418 2124 erat
1470 2070 1880 2139 infundendns,

272 2162 545 2233 gentibus
574 2161 711 2216 inde
742 2160 901 2215 siccis
926 2159 1319 2215 existentibus.
1351 2161 1461 2214 Per
1476 2176 1671 2215 aream
1689 2163 1882 2216 autem

491 2267 618 2323 quae
633 2252 831 2323 postea
850 2250 1056 2304 vellere
1073 2248 1219 2303 sicco
1232 2248 1473 2303 humida
1488 2248 1882 2320 fuit,gentium

272 2340 521 2413 populus
556 2338 1039 2411 praesignabatur,
1091 2337 1189 2409 qui
1230 2340 1448 2408 postea,
1487 2337 1696 2392 Judaeis
1725 2337 1883 2392 siccis

275 2428 594 2483 secundum
616 2427 933 2481 maximam
957 2428 1183 2497 partem
1198 2425 1271 2480 ab
1294 2425 1416 2496 ipsa
1436 2425 1642 2497 gratia,
1666 2442 1734 2481 ea
1758 2442 1885 2498 gra-

274 2517 358 2573 tia
391 2520 517 2572 erat
548 2516 886 2586 replendus;
904 2515 1068 2585 juxta
1096 2514 1237 2568 illud
1260 2513 1516 2584 Apostoli
1544 2531 1556 2568 :
1589 2536 1617 2565 «
1651 2514 1884 2571 Ctecitas

1982 1797 2247 1867 ptizatus.
2271 1803 2349 1855 Ac
2366 1801 2412 1855 si
2437 1800 2589 1857 dicat
2613 1818 2625 1857 :
2653 1804 2700 1856 Α
2725 1806 2991 1876 tempore
3041 1808 3312 1877 baptismi
3361 1810 3595 1884 incipiet

1985 1902 2266 1957 apparere
2286 1888 2611 1944 dominium
2634 1891 2773 1961 ejus,
2799 1909 2903 1964 per
2917 1894 3387 1964 praedicationem
3405 1916 3590 1957 suam.

1984 1977 2133 2029 Ante
2154 1976 2509 2048 baptismum
2531 1978 2686 2033 enim
2705 1996 2824 2035 non
2855 1982 3327 2053 praedicavitmon
3349 1989 3413 2041 ut
3432 1987 3595 2060 igno-

1983 2065 2160 2131 raret,
2186 2065 2334 2137 quia
2354 2069 2618 2138 tempore
2638 2068 2947 2124 nativitatis
2963 2088 3078 2127 suae
3105 2074 3419 2130 secundum
3438 2076 3596 2147 quod

1982 2152 2162 2207 homo
2185 2158 2330 2222 erat,
2358 2155 2557 2211 omnia
2583 2157 2759 2212 scivit.
2778 2158 2902 2213 Non
2934 2160 3112 2228 enim,
3145 2164 3210 2216 ut
3244 2164 3592 2236 Augustinus
3619 2213 3627 2220 .

1985 2241 2204 2308 asserit,
2238 2244 2430 2297 locum
2462 2244 2674 2299 habere
2696 2249 2923 2317 poterat
2948 2247 3298 2319 ignorantia,
3336 2253 3433 2308 ubi
3459 2271 3591 2326 per-

1986 2329 2261 2383 sonaliter
2287 2335 2411 2385 erat
2439 2331 3029 2390 indesinenterPatris
3059 2340 3259 2394 aeterni
3277 2342 3591 2412 sapientia:

1984 2417 2084 2471 sed
2115 2435 2293 2489 usque
2323 2422 2453 2489 post
2484 2437 2705 2476 annum
2746 2423 3100 2479 tricesimum
3134 2430 3192 2481 et
3220 2431 3349 2499 post
3378 2429 3590 2502 baptis-

1983 2520 2147 2559 mum
2174 2507 2654 2586 praedicationem
2686 2510 2915 2566 differre
2945 2512 3143 2581 voluit,
3172 2518 3235 2570 ut
3265 2520 3593 2590 exemplum

275 2603 520 2677 contigit
543 2621 611 2659 ex
631 2607 795 2675 parte
815 2602 874 2657 in
904 2604 1100 2670 Israel,
1118 2606 1182 2658 ut
1202 2601 1498 2674 plenitudo
1520 2603 1881 2674 gentiumin-
1984 2594 2149 2649 daret
2180 2599 2313 2649 ante
2337 2597 2711 2668 baptismum,
2741 2602 2800 2656 et
2828 2601 2967 2657 anni
2998 2602 3270 2658 tricesimi
3297 2608 3593 2677 aetatem,a

276 2696 457 2751 traret
491 2693 673 2767 (Rom.
697 2711 758 2759 ιι,
792 2692 901 2764 25).
924 2714 953 2742 »
990 2693 1057 2746 Et
1088 2692 1236 2747 bene
1266 2708 1372 2764 per
1410 2708 1606 2747 aream
1653 2693 1881 2790 gentilis

1984 2684 2140 2737 nullo
2166 2700 2287 2738 esse
2315 2686 2770 2756 praedicandum.

2056 2770 2186 2790 n_:,
2290 2789 2295 2790 ,
2328 2789 2360 2790 η
2657 2779 2667 2790 .
2904 2780 2914 2790 .

276 2784 441 2858 plebs
464 2782 924 2855 portentehatur.
948 2781 1091 2846 Quia
1110 2781 1253 2835 sicut
1271 2797 1406 2835 area
1433 2782 1610 2836 vellus
1637 2781 1881 2836 circum-
2054 2770 2201 2868 Qtlia
2241 2789 2375 2880 V830
2406 2779 2676 2880 posuerat
2705 2780 2914 2880 a‘mari
2934 2795 3099 2880 usque
3126 2780 3197 2834 ad
3211 2786 3590 2880 piametcum

276 2890 504 2946 quaque
533 2871 844 2939 ambiebat,
877 2870 957 2925 sic
988 2873 1046 2925 et
1076 2869 1332 2924 inﬁnitus
1347 2870 1611 2942 gentium
1639 2871 1881 2966 populus

1984 2861 2168 2913 maria
2199 2861 2381 2915 multa
2411 2861 2543 2929 sint,
2577 2867 2770 2933 posset
2812 2864 3056 2938 intelligi
3094 2870 3587 2930 mediterraneum

273 2962 523 3028 Judaeos,
557 2977 806 3034 quorum
828 2976 957 3015 non
987 2962 1181 3015 tantus
1225 2961 1349 3013 erat
1397 2975 1692 3025 numerus,
1723 2958 1881 3013 omni

1984 2961 2165 3013 mare,
2193 2949 2279 3002 vel
2311 2949 2543 3023 aliquod
2574 2952 2924 3022 proximum,
2962 2958 3020 3009 et
3049 2956 3127 3011 sic
3155 2960 3311 3014 totus
3340 2963 3590 3019 mundus

1986 3035 2102 3059 ηε---
2136 3036 2381 3059 ,ιλ-,ε-ε-
2417 3055 2523 3059 μ-..
2561 3039 2769 3059 ξμιξιιξκ
2891 3045 2900 3059 ι
3211 3046 3227 3059 ς
3268 3048 3327 3059 υ,
3478 3052 3557 3059 --.

275 3055 441 3123 parte
470 3048 730 3105 localiter
759 3048 1175 3103 circumdabat.
1202 3048 1352 3101 Bene
1374 3047 1548 3101 etiam
1581 3063 1715 3103 area
1737 3047 1881 3141 dice:

1984 3036 2104 3105 ejus
2131 3036 2386 3091 dominio
2417 3055 2532 3093 non
2560 3039 2981 3112 intelligeretur
3004 3060 3124 3099 esse
3144 3046 3589 3117 subditus,addi-

275 3140 491 3196 bantur
519 3139 616 3211 qui
664 3136 881 3193 terreni
935 3139 1102 3191 erant
1151 3135 1211 3190 in
1269 3135 1686 3203 affectionibus,
1739 3136 1881 3191 nihil

1984 3126 2075 3178 tur
2104 3142 2137 3177 a
2166 3126 2406 3193 ﬂumine,
2424 3126 2481 3181 id
2509 3131 2592 3181 est
2619 3145 2652 3182 a
2677 3129 3044 3201 baptismate,
3070 3151 3230 3205 usque
3254 3136 3325 3190 ad
3344 3142 3590 3195 terminos

272 3241 475 3282 eorum
509 3242 637 3298 qua:
666 3225 766 3281 Dei
794 3227 926 3279 sunt
955 3224 1261 3296 sapientes.
1291 3226 1440 3280 Area
1465 3242 1717 3297 namque
1739 3225 1882 3280 nihil
2153 3219 2416 3319 ίῖνναῖξωη
2434 3215 2917 3319 ,ἀδξηξιεξῦἱῖιυηίά
2945 3221 3257 3319 (ξδῐξξιήίιιξθ
3277 3226 3586 3319 terrarum.

273 3314 431 3370 aliud
451 3316 537 3369 est
554 3330 729 3386 quam
756 3316 930 3369 terra.
950 3306 1050 3367 Vel
1069 3312 1148 3367 sic
1168 3329 1362 3368 versus
1383 3312 1486 3369 iste
1516 3313 1628 3384 legi
1649 3316 1837 3384 potest
1865 3330 1878 3368 :

1984 3301 2076 3355 Vel
2108 3318 2140 3355 a
2169 3304 2392 3370 [lumine
2430 3302 2667 3375 incipiet
2704 3306 2993 3375 damnari,
3034 3309 3094 3363 id
3136 3313 3223 3365 est
3266 3330 3300 3366 a
3353 3315 3586 3372 Iudaico

1984 3391 2189 3413 ,ιιι-.--ΙΑ
2257 3391 2319 3413 Δ-
2360 3408 2460 3413 μ---
2498 3392 2778 3413 __2__El,',,_
2810 3412 2819 3413 κ
2906 3398 2943 3413 Π
3014 3398 3026 3413 ι
3100 3398 3110 3408 ο
3402 3403 3457 3413 ...
3549 3408 3558 3413 -

270 3403 411 3460 Dico
444 3402 589 3476 quod
614 3401 882 3473 judicabit
907 3418 1174 3473 pauperes
1213 3407 1262 3455 et
1297 3402 1433 3496 ﬁlios
1468 3418 1790 3496 pauperum,
1824 3403 1881 3456 et

1984 3391 2216 3461 populo,
2252 3391 2323 3445 de
2354 3408 2466 3462 quo
2496 3392 2851 3463 primitivam
2904 3398 3214 3453 Ecclesium
3260 3403 3585 3473 constituet,

265 3492 431 3567 prius
452 3490 761 3547 descendet
807 3489 866 3544 in
896 3492 1127 3545 uterum
1157 3489 1425 3561 Virginis,
1448 3506 1565 3543 non
1600 3489 1877 3558 localiter,
1980 3482 2078 3549 qui
2104 3482 2491 3580 pletqnotnice
2520 3498 2625 3580 per
2644 3484 3331 3580 lordap‘gnAquiﬂumen
3347 3496 3590 3550 antono-

267 3557 374 3636 sed
404 3578 764 3651 spiritaliter,
807 3580 945 3634 sicut
986 3579 1176 3649 pluvia
1237 3557 1533 3631 descendit
1589 3580 1645 3630 in
1695 3577 1876 3632 vellus.
1980 3566 2215 3621 maslice
2237 3566 2462 3634 dicitur,
2489 3570 2786 3640 accipitur,
3035 3592 3102 3629 eo
3125 3578 3281 3647 quod
3308 3578 3367 3632 in
3391 3581 3588 3638 Judsea

267 3668 439 3733 Quod
464 3670 550 3723 est
580 3666 770 3722 dicere
805 3682 819 3721 :
853 3666 1009 3721 Sicut
1036 3666 1228 3737 pluvia
1257 3664 1552 3719 descendit
1592 3664 1653 3718 in
1703 3666 1882 3719 vellus
1979 3653 2051 3708 Sit
2080 3670 2242 3725 usque
2367 3659 2620 3765 ίϐντηίνζςε
2647 3659 2786 3712 orbis
2815 3667 3100 3765 terrarum,
3117 3663 3179 3765 id
3319 3684 3495 3765 usque
3526 3671 3585 3726 in

266 3758 435 3825 illud,
470 3757 592 3812 sine
619 3754 841 3810 velleris
868 3755 1276 3826 corruptione;
1310 3757 1367 3808 et
1382 3754 1516 3808 inde
1541 3753 1881 3824 exprimitur
1981 3759 2183 3849 οῐῐιῐιξὲδ
2217 3744 2499 3849 n‘a‘tiones.
2534 3744 2613 3849 βε
2637 3762 2777 3849 vero
2806 3748 3286 3849 solummodoilli
3319 3755 3416 3825 qui
3467 3774 3585 3849 non

266 3848 393 3902 sine
414 3846 673 3917 ejusdem
697 3845 921 3900 velleris
941 3844 1289 3911 laesione,sic
1309 3846 1365 3897 et
1387 3842 1487 3897 Dei
1510 3843 1751 3897 verbum
1780 3842 1880 3897 de-
1980 3834 2148 3887 erunt
2174 3833 2684 3937 νῆιάθιᾩιθῗςᾶΐοιῖςδ
2701 3834 3237 3937 intelligerenturin
3262 3858 3443 3937 regno
3465 3846 3587 3937 ejus

268 3935 509 3992 scendet
536 3934 598 3989 in
618 3933 935 4006 Virginem,
958 3932 1017 3987 id
1039 3933 1124 4000 est
1140 3930 1537 3985 inearnabitur
1553 3930 1611 3985 in
1624 3931 1878 4003 Virgine,

1984 3937 2121 3987 esse,
2155 3921 2409 3976 ostendit
2429 3921 2556 3976 illos
2572 3923 2749 3977 etiam
2765 3925 2860 3995 qui
2885 3925 2942 3979 in
2965 3927 3212 3996 peccatis
3232 3936 3403 3987 erunt
3418 3936 3588 3989 teter-

1984 4009 2109 4034 -im:
2145 4009 2198 4034 ζ..
2241 4010 2355 4034 At.--
2384 4027 2559 4034 ..-Α-..η
2595 4012 2814 4034 A‘__L-____
2867 4017 2926 4034 με.
2959 4030 3058 4034 ..-Α
3100 4016 3116 4034 1
3154 4033 3164 4034 γ
3393 4021 3403 4031 ι
3503 4023 3514 4034 .

270 4028 332 4079 et
362 4026 629 4078 nascetur
654 4022 775 4077 sine
809 4020 1055 4092 Virginis
1105 4020 1495 4090 corruptione,
1527 4022 1584 4073 et
1622 4023 1753 4091 post
1781 4019 1879 4074 de-
1979 4012 2113 4109 ξ’ἱιηξ
2143 4012 2203 4108 in
2237 4012 2357 4080 ejus
2384 4012 2838 4113 regno‘futuros,
2958 4030 3063 4085 per
3100 4016 3443 4113 hoc_magis_
3464 4023 3586 4094 ejus

269 4112 507 4167 scandet
525 4110 584 4165 in
602 4110 869 4165 notitiam
896 4108 1226 4175 hominum,
1244 4113 1305 4162 ut
1327 4124 1424 4163 eos
1442 4106 1679 4179 spiritali
1697 4107 1883 4178 gratia
1973 4097 2254 4168 justitiam
2278 4101 2671 4169 commendet,
2696 4101 2774 4156 sic
2808 4120 2820 4157 :
2856 4103 2990 4159 Dico
3024 4105 3179 4176 quod
3200 4107 3582 4181 dominabitur,

270 4199 548 4267 imbutos,
582 4201 699 4255 Deo
728 4200 882 4255 bona
915 4214 1093 4270 opera
1131 4196 1481 4252 fructiﬁcare
1525 4195 1721 4262 faciat,
1747 4198 1882 4250 sicut
1905 4268 1936 4270 _
1980 4187 2038 4239 et
2063 4202 2192 4241 ecce
2221 4187 2303 4241 illi
2324 4204 2496 4259 super
2525 4205 2667 4259 quos
2706 4190 3101 4247 dominabitur
3134 4210 3146 4247 :
3178 4195 3490 4269 Ethszes,
3525 4200 3585 4256 id

269 4289 551 4345 stillicidia
575 4288 841 4343 stillantia
870 4268 1030 4358 super
1068 4293 1264 4341 terram
1316 4284 1588 4340 imbuant
1637 4300 1788 4352 eam,
1822 4286 1880 4339 et
1904 4268 1956 4327 D
1978 4276 2064 4373 ξεί
2084 4273 2164 4328 illi
2182 4274 2278 4346 (Ιυὶ
2299 4274 2359 4330 in
2382 4275 2637 4380 mol‘i'bll?
2651 4280 2785 4380 Sll‘nt
2809 4277 3299 4380 {ligefl‘imizficut
3325 4285 3584 4380 {EthiOps

270 4378 605 4452 germinare
632 4375 873 4432 faciunt.
1978 4362 2038 4417 in
2064 4379 2324 4435 corpore,
2348 4364 2647 4434 procident,
2670 4365 2727 4420 id
2750 4371 2833 4420 est
2863 4385 2922 4421 se
2953 4368 3342 4428 humiliabunt
3389 4375 3458 4431 de
3490 4394 3582 4432 su-

343 4467 563 4521 Laudat
588 4467 785 4520 autem
809 4479 942 4518 eum
970 4462 1041 4516 de
1066 4459 1292 4533 justitia
1307 4458 1520 4527 sua,sic
1542 4476 1553 4514 :
1575 4458 1709 4514 Dico
1723 4459 1877 4531 quod

267 4552 558 4620 descendet,
583 4555 640 4608 et
670 4555 727 4606 in
755 4552 937 4606 diebus
963 4551 1098 4622 ejus,
1126 4548 1185 4603 id
1211 4551 1295 4604 est
1320 4548 1379 4603 in
1412 4550 1681 4618 tempore
1711 4545 1877 4618 regni

269 4643 412 4713 ejus,
437 4644 638 4697 orietur
656 4643 902 4713 justitia,
923 4640 982 4693 id
1020 4641 1106 4693 est
1131 4654 1313 4709 genus
1342 4638 1687 4703 humanum,
1720 4634 1877 4707 quod

268 4747 374 4803 per
402 4731 587 4785 Adam
620 4730 679 4784 in
712 4728 1057 4800 injustitiam
1090 4726 1331 4820 decidit,
1356 4740 1461 4795 per
1490 4740 1652 4820 eum_
1666 4722 1875 4820 justiti-

267 4818 511 4883 cabitur,
545 4820 700 4892 quod
729 4834 835 4889 per
858 4819 1045 4889 legem
1076 4818 1133 4871 et
1161 4832 1265 4888 per
1297 4814 1544 4868 liberum
1572 4812 1876 4867 arbitrium

268 4907 505 4979 adipisci
536 4925 652 4963 non
679 4907 885 4978 potuit.
903 4906 980 4960 Et
998 4923 1116 4960 non
1135 4921 1310 4977 parva
1323 4901 1675 4975 justitia,sed
1702 4900 1874 4953 abun-

266 4996 446 5050 dantis
484 4998 656 5067 pacis,
694 4995 773 5052 id'
800 4999 886 5050 est
934 4992 1436 5050 abundantissima
1473 5007 1604 5063 pax,
1664 4988 1876 5044 scilicet

268 5083 499 5140 dilectio
528 5084 629 5140 Dei
662 5086 719 5139 et
747 5081 1165 5155 proximi,qum
1192 5084 1249 5135 et
1272 5079 1496 5151 justitia
1524 5082 1582 5132 et
1608 5095 1717 5150 pax
1743 5075 1877 5130 dici-

266 5174 382 5240 tur,
398 5175 460 5227 ut
479 5172 737 5243 superius
749 5175 837 5226 est
848 5173 1164 5226 ostensum.
1187 5168 1235 5223 Α
1250 5167 1543 5222 bundantia
1551 5168 1701 5237 pacis
1724 5163 1873 5231 dico,

270 5261 547 5316 duratura
559 5260 720 5315 donec
733 5260 1015 5330 auferatur
1028 5256 1173 5322 luna,
1200 5256 1259 5311 id
1283 5259 1369 5310 est
1398 5254 1642 5309 Ecclesia
1664 5253 1734 5307 de
1764 5253 1875 5307 hoc

268 5352 419 5404 statu
438 5348 495 5404 in
516 5350 837 5421 perfectum
857 5351 1091 5403 statum.
1116 5346 1214 5400 Vel
1238 5346 1375 5399 luna
1396 5359 1524 5415 quae
1538 5342 1593 5396 in
1610 5342 1751 5395 ccelo
1766 5342 1870 5408 est,

269 5438 565 5493 auferatur
591 5439 663 5494 de
688 5438 796 5492 hoc
825 5440 976 5493 statu
1008 5451 1021 5491 :
1053 5436 1110 5490 in
1133 5434 1453 5506 perfectum
1474 5429 1876 5488 statum.Luna

263 5542 537 5600 namque,
556 5528 615 5585 et
648 5526 731 5585 sol
755 5530 815 5584 et
830 5527 1040 5582 caetera
1060 5523 1351 5582 elementa
1383 5517 1869 5577 immutabuntur.

1975 4452 2178 4522 perbia
2205 4469 2328 4519 sua,
2352 4456 2409 4507 et
2438 4470 2623 4508 coram
2651 4454 2760 4521 illo,
2812 4454 2871 4509 id
2920 4460 3006 4511 est
3047 4457 3106 4511 in
3145 4459 3584 4533 beneplacentia

1977 4543 2119 4613 ejus.
2158 4543 2279 4611 Vel,
2296 4544 2577 4613 procidant
2625 4560 2804 4597 coram
2859 4545 2969 4612 illo,
3001 4546 3063 4601 id
3115 4553 3202 4604 est
3257 4552 3585 4612 adorabunt

1978 4648 2131 4686 eum.
2159 4632 2541 4688 Adorantium
2572 4637 2766 4688 autem
2799 4638 2884 4689 est
2902 4651 3099 4692 coram
3124 4637 3221 4695 illo
3248 4658 3422 4714 quem
3447 4646 3583 4702 ado-

1975 4723 2108 4775 rant
2138 4720 2457 4792 procidere.

2010 4802 2015 4805 ’
2044 4807 2121 4862 Et
2152 4810 2360 4863 inimici
2381 4809 2496 4879 ejus
2524 4809 2621 4881 qui
2653 4811 2853 4867 nolent
2903 4829 3099 4870 coram
3131 4815 3228 4870 illo
3259 4818 3577 4891 procidere,

1977 4904 2175 4953 terram
2201 4896 2420 4967 lingent,
2446 4897 2503 4952 id
2520 4901 2605 4954 est
2622 4900 2865 4955 terrenis
2892 4901 3074 4958 nimio
3097 4903 3379 4960 desiderio
3393 4908 3581 4967 adlue-

1974 4986 2217 5051 rebnnt;
2245 5000 2279 5038 a
2303 4983 2678 5040 similitudine
2710 4986 2857 5040 illius
2894 4988 3012 5059 qui,
3045 5005 3174 5042 cum
3218 4990 3271 5045 ei
3298 4992 3454 5049 cibus
3484 5013 3579 5053 co-

1974 5075 2190 5128 mestus
2211 5089 2329 5127 non
2361 5072 2625 5140 sufﬁciat,
2646 5090 2741 5127 vas
2758 5074 2934 5129 etiam
2959 5074 3130 5147 lingit
3149 5076 3206 5131 in
3230 5096 3343 5152 quo
3365 5085 3582 5153 positus

1974 5161 2102 5228 fuit,
2123 5162 2261 5217 vela
2277 5160 2652 5216 similitudine
2667 5164 3055 5232 quorumdam
3072 5166 3581 5244 animalium,quo-

1974 5265 2103 5303 rum
2128 5251 2337 5302 natura
2354 5250 2439 5301 est
2460 5251 2677 5302 terram
2713 5247 2956 5321 lingere.
2980 5252 3058 5303 Ac
3079 5250 3124 5304 si
3143 5252 3296 5309 dicat
3317 5271 3330 5309 :
3349 5257 3580 5315 Irratio-

1976 5336 2244 5392 nabiliter
2261 5351 2320 5388 se
2347 5335 2628 5390 habentes
2650 5333 2834 5392 nimio
2859 5334 3145 5392 desiderio
3172 5343 3407 5397 terrena
3425 5360 3585 5401 com-

1975 5426 2315 5498 plectentur,
2361 5441 2490 5495 qua:
2533 5422 2614 5478 eis
2660 5436 2837 5481 causa
2870 5421 3211 5495 perditionis
3252 5433 3439 5485 erunt.
3474 5434 3588 5489 Hoc

1978 5515 2171 5570 autem
2198 5509 2336 5567 dicit
2365 5511 2440 5570 ad
2476 5508 2792 5571 cumulum
2810 5509 3058 5571 miseriae
3082 5528 3305 5574 eorum.
3339 5517 3595 5578 Ostendit
