4004 6052
336 238 443 311 tios

941 250 1002 341 ετ
1038 246 1385 310 BRUNONIS
1422 241 2055 307 CARTHUSIANORUM
2092 242 2560 304 INSTITUTORIS
2595 241 2753 303 OPP.
2792 241 2973 303 PARS
3007 243 3031 301 Ι

3531 242 3643 304 996

274 440 279 441 ί
339 391 476 434 vero
510 373 583 434 ad
608 373 708 433 Dei
738 373 971 433 laudem
995 375 1155 448 ipsos
1178 373 1468 447 Ethiopes
1495 373 1679 430 varias
1706 372 1945 429 virtutes
1967 372 2023 431 A
2044 368 2149 427 dus
2167 370 2563 427 damnaretur.
2580 368 2716 427 Dico
2739 370 2897 444 quod
2916 369 3009 426 hic
3016 372 3205 443 parcet
3218 386 3237 438 ς
3268 369 3327 427 et
3349 367 3408 426 in
3449 365 3647 427 futuro

341 464 660 534 habituros,
676 465 945 521 addendo
967 464 1044 519 sic
1064 483 1076 518 :
1104 464 1238 519 Dico
1252 463 1405 536 quod
1425 462 1725 534 procident
1735 460 1947 516 [Ethio-

340 571 462 626 pes,
495 561 544 609 et
569 554 676 626 ipsi
707 553 893 609 effecti
925 569 1065 621 reges
1100 552 1339 617 Tharsis,
1361 550 1421 606 id
1447 554 1531 604 est
1555 551 1639 605 sui
1665 548 1859 619 ipsius,
1888 550 1947 603 et

337 644 449 700 hoc
473 644 544 698 sit
570 646 632 697 ut
662 642 776 697 sint
794 658 960 713 reges
992 639 1519 712 contemplationis,
1552 637 1948 709 contemplan-

336 734 423 788 tes
442 730 713 795 caelestia,
738 746 855 784 non
879 733 1130 783 terrena.
1151 727 1375 783 Tharsis
1397 727 1555 782 enim
1574 725 1943 797 contemplatio

337 819 770 891 interpretatur.
799 819 1037 888 O/I’erent
1060 834 1283 871 munera
1302 816 1381 871 illi
1415 815 1787 886 regi,scilicet
1812 831 1946 869 con—

337 908 784 981 templationem
814 923 999 973 suam,
1029 909 1086 961 et
1113 908 1349 960 caeteras
1393 905 1632 959 virtutes
1670 920 1787 958 non
1835 901 1943 957 sibi

338 994 730 1067 imputabunt,
763 995 863 1049 sed
888 994 1036 1048 illius
1064 993 1217 1065 regis
1241 1010 1485 1047 munera
1514 1009 1633 1047 esse
1655 991 1946 1046 testabun-

2042 459 2213 514 salvas
2231 461 2394 530 faciet
2417 463 2637 516 aeterna
2670 458 2980 515 salvatione
3016 460 3225 515 animas
3240 476 3561 532 pauperum,
3586 457 3649 513 ﬂ-

2046 550 2260 605 delium
2292 550 2505 605 scilicet
2530 566 2787 616 suorum,
2810 550 2907 621 qui
2929 552 3063 604 sunt
3076 565 3375 622 pauperes,
3400 549 3458 605 id
3476 551 3561 604 est
3586 547 3648 604 in

2042 638 2245 709 spiritu
2271 639 2538 694 humiles.
2571 638 2712 693 Cum
2740 637 2875 693 dicit
2898 636 3122 692 animas
3170 654 3291 692 esse
3327 637 3646 703 salvandas,

2043 726 2113 781 de
2144 727 2455 783 salvatione
2488 744 2717 800 quoque
2742 743 3047 798 corporum
3068 726 3247 782 datur
3274 725 3648 798 intelligi.Ex-

2042 815 2208 886 ponit
2229 820 2423 871 autem
2450 831 2676 871 versum
2708 815 2861 869 hunc
2890 814 3128 887 singulis
3153 814 3378 887 singula
3404 813 3652 871 redden-

2043 905 2136 970 do,
2163 921 2293 959 cum
2325 905 2487 960 addit
2511 903 2601 959 Ex
2623 906 2815 970 usuris,
2858 905 2965 958 etc.

2113 993 2279 1057 Quod
2311 992 2389 1048 sic
2416 994 2626 1066 legitur
2648 994 3079 1066 praeposteram.
3121 990 3256 1048 Dico
3293 1008 3306 1047 :
3323 997 3513 1064 parcet
3555 991 3651 1049 hic

336 1087 432 1140 tur
461 1101 473 1139 :
500 1086 557 1138 et
591 1084 670 1138 sic
702 1100 771 1137 ea
818 1098 1063 1137 munera
1109 1082 1161 1136 ei
1218 1081 1491 1149 offerent;
1548 1082 1606 1135 et
1653 1078 1944 1148 Ethiopes
2031 1084 2265 1152 pauperi
2288 1087 2337 1136 et
2362 1083 2531 1153 inopi,
2574 1081 2788 1136 scilicet
2826 1082 3014 1135 morte
3054 1096 3157 1135 sua
3192 1080 3408 1136 redimet
3443 1084 3653 1137 animus

339 1175 527 1229 adhuc
550 1171 686 1229 facti
718 1172 922 1239 insula),
956 1171 1016 1226 id
1047 1174 1131 1226 est
1156 1170 1494 1226 innocentes
1524 1173 1581 1224 et
1623 1169 1947 1238 reiicientes

337 1264 538 1335 procul
570 1278 603 1317 a
619 1279 677 1318 se
696 1277 869 1317 omne
882 1261 1258 1316 circumstans
1278 1262 1598 1332 peccatum,
1619 1259 1692 1314 ad
1705 1256 1947 1312 modum

336 1351 678 1417 insularum,
698 1366 825 1422 quas
843 1350 1024 1404 maris
1041 1348 1460 1403 circumstantis
1471 1350 1677 1403 aestum
1709 1365 1743 1402 a
1770 1363 1830 1401 se
1856 1362 1946 1400 re-

337 1443 579 1512 pellunt,
613 1442 670 1494 et
714 1438 873 1493 siccas
915 1437 1261 1508 persistunt;
1315 1439 1547 1507 oﬂerunt
1591 1453 1811 1489 munera
1867 1432 1948 1487 illi

336 1528 485 1601 regi,
506 1525 900 1583 innocentiam
919 1526 1152 1591 scilicet,
1177 1526 1236 1578 et
1260 1524 1772 1591 caeteras,virtutes
1794 1539 1943 1589 suas,

2043 1186 2277 1225 suorum
2303 1187 2368 1226 ea:
2394 1171 2699 1243 iniquitate,
2723 1169 2782 1225 id
2807 1171 2893 1224 est
2921 1169 3081 1224 omni
3109 1186 3175 1224 ex
3204 1169 3446 1225 crimine
3461 1170 3650 1242 pretio

2044 1276 2160 1313 sua:
2192 1258 2395 1314 mortis
2421 1262 2601 1315 eruet.
2639 1260 2707 1314 Et
2735 1259 2862 1314 dico
2893 1259 3050 1333 quod
3080 1258 3254 1313 salvas
3278 1259 3443 1329 faciet
3470 1259 3533 1314 in
3558 1260 3650 1315 fu-

2046 1348 2176 1402 turo
2204 1348 2421 1403 animos
2457 1365 2776 1419 pauperum,
2810 1348 3024 1403 scilicet
3059 1347 3297 1414 redimet,
3328 1347 3388 1401 id
3443 1350 3528 1402 est
3563 1364 3655 1405 re-

2048 1434 2383 1507 demptione
2414 1454 2529 1492 sua:
2560 1436 2762 1493 mortis
2788 1437 3007 1491 redimet
3024 1454 3089 1491 ex
3110 1438 3302 1503 usuris,
3345 1435 3404 1491 id
3444 1440 3529 1491 est
3580 1453 3651 1492 ex

2046 1524 2228 1596 poenis
2258 1526 2507 1593 asternis,
2544 1542 2671 1597 quas
2697 1525 2826 1582 ideo
2857 1525 3125 1581 dicuntur
3148 1542 3354 1593 usurae,
3378 1525 3510 1597 quia
3532 1541 3655 1580 ma-

337 1634 478 1688 quas
509 1632 626 1670 non
654 1614 758 1669 sibi
790 1614 890 1668 sed
921 1613 1045 1684 regi
1075 1612 1424 1679 attribuent;
1454 1616 1511 1666 et
1537 1611 1948 1683 ipsiAithiopes
1978 1664 2023 1723 Β
2037 1612 2197 1683 jores
2226 1618 2283 1669 et
2313 1615 2692 1670 durabiliores
2722 1618 2892 1670 erunt
2912 1631 3088 1687 quam
3111 1618 3366 1687 peccata,
3391 1631 3519 1688 quae
3556 1614 3652 1669 hic

338 1704 381 1723 ιη
408 1706 470 1723 κιο
509 1722 551 1723 ,,
606 1720 644 1723 κ-
697 1702 714 1723 Δ
741 1702 914 1723 Rhl“-.-
974 1701 1029 1723 :J
1071 1705 1145 1723 --ι
1173 1700 1418 1723 ι.--...;ι--
1455 1703 1503 1723 ,ι
1540 1700 1675 1723 -ιε--
1706 1699 1914 1723 2..--..12Ω
2046 1702 2189 1723 (3--..1
2226 1703 2356 1723 -3-_-1
2380 1720 2541 1723 ______._
2569 1703 2754 1723 __A-:_#
2794 1707 2863 1723 --ι
2896 1704 3090 1723 1'_,_A‘_-
3150 1702 3214 1723 n4
3257 1721 3310 1723 ac
3342 1722 3365 1723 η
3390 1721 3415 1723 η
3479 1720 3645 1723 __U,,___

336 1704 472 1760 facti
504 1720 647 1775 reges
675 1702 941 1770 Arabum,
974 1701 1035 1756 id
1065 1705 1150 1755 est
1173 1700 1420 1755 humiles
1449 1703 1507 1755 et
1538 1700 1678 1755 alios
1706 1699 1949 1754 fructiﬁ-

337 1796 532 1848 cantes
566 1809 579 1847 :
612 1798 663 1845 et
691 1790 877 1845 effecti
919 1805 1086 1861 reges
1109 1788 1278 1854 Saba,
1323 1788 1383 1842 id
1426 1791 1512 1842 est
1551 1786 1770 1843 incensi
1813 1787 1947 1858 igne

339 1878 653 1947 eharitatis,
682 1882 740 1934 et
766 1879 839 1934 ad
868 1878 1046 1933 fidem
1079 1877 1781 1944 conversi,adducentdona
1801 1876 1945 1947 regi,

335 1969 398 2025 id
431 1974 516 2025 est
541 1969 681 2024 alios
698 1983 802 2039 per
828 1965 1300 2039 praedicationem
1320 1982 1482 2020 suam
1502 1967 1616 2020 Deo
1639 1965 1944 2031 adducent,

338 2074 482 2132 quos
512 2074 571 2112 se
602 2059 718 2112 Deo
746 2055 963 2110 donare
992 2053 1208 2108 facient
1234 2069 1339 2124 per
1368 2053 1804 2124 subjectionem.
1840 2054 1948 2106 Per

334 2146 552 2202 Arabes
589 2143 823 2216 quidem
858 2158 1115 2213 congrue
1157 2141 1405 2195 humiles
1440 2144 1497 2195 et
1537 2141 1948 2195 fructiﬁcantes

339 2233 716 2307 accipiuntur.
754 2230 966 2286 Arabia
1032 2246 1286 2301 namque
1334 2229 1548 2283 humilis
1598 2228 1822 2295 dicitur,
1858 2229 1948 2283 vel

340 2324 659 2394 campestris.
682 2322 791 2376 Per
812 2322 1161 2390 campestres
1183 2318 1393 2390 quippe
1418 2318 1831 2372 fructificantes
1860 2317 1945 2371 in-

339 2411 771 2482 telliguntur,eo
786 2407 943 2478 quod
959 2405 1149 2477 campi
1163 2407 1235 2461 ad
1246 2406 1712 2461 fructificaudum
1728 2405 1947 2461 habiles

341 2503 493 2555 sunt.
524 2499 632 2553 Per
661 2497 811 2551 Saba
841 2511 974 2549 vero
1003 2511 1130 2566 quae
1164 2494 1579 2565 interpretatur
1609 2497 1819 2549 incensa
1858 2494 1946 2548 vel

340 2603 610 2654 conversa,
656 2582 948 2639 charitatis
981 2582 1117 2653 igne
1169 2581 1408 2651 incensi,
1461 2582 1832 2654 conversique
1876 2581 1949 2636 ad

342 2677 521 2732 fidem
542 2673 751 2729 merito
773 2670 1245 2743 designantur.Et
1258 2671 1726 2738 notandum,non
1745 2686 1949 2725 omnes

341 2765 444 2821 has
460 2765 698 2819 virtutes
712 2760 982 2816 omnibus
994 2759 1319 2827 convenire,
1341 2759 1553 2814 scilicet
1582 2764 1643 2814 ut
1668 2759 1781 2813 sint
1811 2773 1947 2813 con-

342 2855 711 2925 templantes,
741 2854 800 2905 et
835 2849 1192 2916 innocentes,
1227 2852 1284 2903 et
1305 2848 1572 2917 humiles,
1605 2852 1663 2904 et
1716 2847 1950 2903 fructiﬁ-

343 2946 559 3010 cantes,
591 2944 649 2995 et
686 2937 962 3003 conversi,
996 2940 1052 2992 et
1090 2937 1368 2991 charitate
1401 2936 1616 2992 incensi
1643 2954 1657 3005 ;
1690 2936 1791 2992 sed
1822 2934 1948 3007 qui-

347 3033 591 3089 busdam
621 3028 889 3102 perfectis
915 3027 1129 3082 scilicet
1173 3043 1376 3081 omnes
1424 3028 1791 3093 conveniunt,
1823 3026 1950 3080 aliae

344 3138 481 3176 vero
513 3119 656 3186 aliis,
690 3120 748 3172 et
796 3117 923 3171 alite
952 3115 1092 3170 aliis.
1128 3116 1225 3169 Vel
1271 3116 1344 3169 ad
1398 3115 1650 3170 litteram
1704 3112 1949 3183 intelligi

341 3212 551 3282 potest,
577 3206 787 3262 scilicet
813 3204 967 3275 quod
998 3220 1164 3273 reges
1188 3202 1414 3256 Tharsis
1440 3203 1587 3257 illius
1615 3202 1953 3275 regionis,et

346 3300 592 3354 cultores
620 3294 938 3349 insularum
964 3291 1323 3345 marinarum
1348 3291 1595 3346 offerent
1625 3308 1683 3346 se
1710 3307 1953 3346 munera

346 3384 428 3439 illi
447 3383 589 3454 regi,
607 3400 711 3453 per
727 3379 1200 3447 conversionem;
1234 3383 1293 3433 et
1321 3397 1487 3450 reges
1517 3382 1793 3447 Arabum,
1826 3381 1951 3434 illo-

345 3490 475 3529 rum
499 3472 871 3544 populorum,
906 3471 963 3522 et
988 3484 1153 3539 reges
1178 3467 1347 3535 Saba,
1380 3469 1527 3523 illius
1559 3473 1749 3538 terra},
1778 3472 1955 3528 addu-

347 3564 479 3616 cent
507 3578 565 3615 se
593 3560 747 3615 dona
766 3560 883 3614 Deo
902 3574 1005 3629 per
1026 3557 1221 3611 fidem.
1251 3557 1330 3611 Ne
1351 3574 1505 3624 vero,
1530 3558 1573 3612 si
1595 3559 1667 3613 ad
1698 3561 1951 3616 litteram

346 3650 720 3720 acciperetur,
736 3648 841 3702 soli
862 3645 1156 3717 Ethiopes
1177 3645 1256 3699 illi
1278 3646 1560 3715 populi,et
1581 3664 1748 3720 reges
1764 3650 1949 3704 Thar-

344 3737 437 3805 sis,
469 3741 524 3792 et
552 3737 867 3792 insularum
886 3735 1132 3789 cultores
1152 3737 1210 3788 et
1232 3750 1397 3806 reges
1423 3735 1678 3791 Arabum
1710 3738 1767 3792 et
1802 3737 1952 3793 Saba

345 3829 534 3883 essent
552 3823 871 3891 adoraturi,
889 3823 1048 3878 addit
1081 3839 1094 3877 :

412 3916 489 3970 Et
520 3915 841 3979 adorabunt,
868 3912 925 3966 id
943 3914 1029 3965 est
1052 3911 1481 3966 venerabuntur
1505 3930 1625 3965 eum
1650 3929 1755 3984 per
1773 3913 1949 3969 fidem

347 4009 404 4060 et
428 4006 643 4059 bonam
676 4000 1096 4072 Operationem,
1131 4016 1309 4052 omnes
1339 4018 1500 4069 reges,
1530 3999 1589 4054 id
1627 4004 1712 4055 est
1759 4002 1949 4057 omnis

346 4092 506 4147 modi
520 4090 806 4162 principes
833 4104 846 4141 :
872 4089 980 4141 Per
994 4104 1183 4157 reges,
1214 4103 1416 4141 omnes
1431 4090 1716 4143 terrarum
1735 4090 1947 4160 princi-

347 4197 449 4253 pes
465 4178 756 4249 designat,
771 4191 948 4228 omnes
967 4174 1229 4243 gentes,id
1245 4177 1329 4228 est
1345 4191 1441 4228 om
1451 4175 1535 4229 nis
1546 4176 1704 4230 modi
1725 4181 1946 4248 gentes,

343 4269 573 4324 servient
603 4266 655 4320 ei
685 4266 840 4318 casto
868 4278 1087 4317 amore.
1121 4263 1187 4316 Et
1217 4263 1444 4330 merito,
1474 4264 1608 4334 quia
1634 4269 1821 4320 morte
1849 4284 1950 4322 sua

346 4355 582 4410 liberabit
614 4368 903 4424 pauperem
949 4350 1254 4418 mundum,
1287 4350 1385 4422 qui
1436 4368 1544 4424 ope
1581 4370 1681 4408 sua
1722 4354 1951 4409 liberari

345 4443 547 4515 nequit
572 4461 603 4496 a
624 4448 838 4512 potente
868 4438 1120 4505 diabolo,
1146 4439 1241 4511 qui
1272 4439 1331 4493 in
1354 4456 1489 4493 eum
1506 4441 1825 4511 potentiam
1848 4458 1952 4513 per

346 4534 648 4606 peccatum
678 4528 814 4582 Adae
860 4531 1102 4581 exercet.
1139 4550 1167 4577 «
1211 4529 1482 4598 Princeps
1528 4529 1685 4583 enim
1748 4532 1950 4587 mundi

345 4623 515 4693 huius
537 4618 795 4690 ejicietur
816 4615 970 4670 foras
987 4615 1174 4687 (Joan.
1199 4632 1295 4682 xn,
1331 4616 1441 4687 3t).
1474 4636 1503 4665 »
1537 4616 1614 4671 Et
1638 4634 1947 4689 pauperem,

343 4706 711 4783 inquam,c‘ui
730 4721 835 4757 non
860 4709 973 4756 erat
994 4703 1209 4773 adjutor
1247 4704 1470 4776 aliquis,
1502 4704 1561 4759 id
1604 4710 1691 4761 est
1714 4708 1811 4779 qui
1846 4724 1950 4762 nec

342 4816 446 4872 per
476 4814 534 4851 se
566 4811 669 4850 nec
699 4809 803 4864 per
830 4792 1081 4862 aliquem
1100 4792 1425 4862 adjutorem
1450 4795 1945 4864 poteratliberari.

345 4890 488 4945 Cum
504 4900 636 4941 vero
653 4881 872 4938 dixerat
894 4879 1294 4951 pauperem,id
1308 4884 1391 4935 est
1403 4897 1506 4953 per
1518 4898 1576 4935 se
1600 4880 1655 4935 in
1664 4882 1749 4937 sui
1756 4883 1948 4938 ficien-

342 4973 781 5044 tem,videretur
802 4985 903 5041 per
923 4968 1172 5039 aliquem
1192 4984 1357 5040 posse
1373 4968 1627 5036 liberari,
1648 4970 1754 5024 nisi
1773 4971 1947 5025 adde-

340 5070 431 5122 ret
461 5081 474 5119 :
511 5061 618 5117 Cui
636 5077 741 5113 non
757 5064 868 5113 erat
888 5057 1124 5129 adiutor.
1143 5058 1209 5111 Et
1230 5074 1347 5112 non
1394 5058 1581 5111 solum
1628 5058 1869 5112 liberabit
1915 5077 1949 5113 a

330 5158 564 5227 potente,
739 5131 756 5217 Ι
797 5148 896 5202 sed
912 5147 1003 5200 hic
1013 5152 1197 5214 parcet
1211 5149 1504 5215 pauperiei
1528 5146 1674 5216 inopi
1687 5163 1704 5210 ;
1728 5146 1946 5202 mundo

338 5241 572 5305 scilicet,
602 5238 719 5308 qui,
748 5236 1028 5305 quantum
1068 5232 1141 5287 ad
1171 5231 1445 5287 auxilium
1477 5250 1645 5287 suum
1693 5249 1942 5305 pauper,

343 5332 622 5404 quantum
653 5322 727 5375 ad
754 5318 986 5374 alterius
1019 5319 1313 5387 auxilium,
1347 5320 1515 5392 ineps
1540 5324 1623 5375 est
1643 5339 1656 5388 ;
1672 5324 1943 5393 parcet,id

341 5422 427 5473 est
451 5413 683 5486 peccata
713 5408 1053 5480 indulgebit.
1090 5409 1285 5463 Posset
1309 5409 1466 5463 enim
1494 5426 1528 5463 a
1556 5413 1791 5481 potente
1809 5428 1942 5467 eum

342 5504 609 5565 liberare;
623 5499 682 5569 et
692 5498 925 5567 peccata
935 5512 1052 5551 non
1066 5495 1384 5568 remittere,
1399 5498 1457 5551 et
1471 5496 1548 5552 sic
1566 5499 1757 5553 tamen
1779 5515 1945 5556 mun-

2045 1702 2362 1769 fiunt,sicut
2379 1720 2551 1758 usura
2567 1703 2758 1775 major
2784 1707 2870 1758 est
2896 1704 3121 1759 fenore.
3136 1702 3214 1758 Et
3249 1721 3440 1760 nomen
3466 1720 3653 1759 eorum

2046 1789 2416 1846 existentium
2448 1808 2628 1846 coram
2651 1792 2760 1858 illo,
2795 1792 2852 1847 id
2878 1795 2964 1847 est
2987 1791 3047 1846 in
3076 1791 3509 1864 beneplacentia
3527 1792 3654 1864 ejus

2047 1878 2156 1934 erit
2172 1879 2536 1934 honorabile.
2555 1879 2721 1943 Quod
2737 1882 2821 1935 est
2850 1879 3076 1935 dicere:
3100 1879 3245 1944 Quia
3283 1879 3343 1934 in
3372 1880 3652 1952 benepla-

2046 1967 2234 2020 centia
2265 1966 2386 2037 ejus
2417 1970 2605 2035 erunt,
2640 1967 2981 2023 honorabile
3029 1983 3244 2023 nomen
3273 1966 3353 2022 eis
3380 1966 3557 2034 dabit,
3587 1970 3656 2023 ut

2046 2055 2204 2126 prius
2230 2054 2412 2109 vocati
2451 2055 2599 2109 servi
2620 2056 2839 2128 peccati
2870 2055 2951 2110 rei
2987 2059 3043 2110 et
3090 2054 3309 2120 iniusti,
3340 2059 3397 2109 et
3442 2059 3655 2111 caetera

2046 2143 2184 2197 talia
2212 2143 2452 2198 nomina
2481 2144 2779 2211 habentes,
2812 2143 2912 2198 filii
2965 2144 3250 2212 dicantur,
3292 2146 3350 2199 et
3377 2160 3541 2215 reges
3566 2142 3655 2199 sui

2044 2231 2316 2303 ipsius,et
2338 2232 2497 2302 justi,
2524 2235 2582 2287 et
2611 2232 2831 2288 caeteris
2853 2232 3185 2303 hujusmodi
3210 2233 3494 2288 vocabulis
3509 2250 3658 2289 nun-

2050 2326 2353 2393 cupentur.
2386 2321 2487 2375 Vel
2518 2321 2596 2376 sic
2624 2337 2637 2377 :
2670 2321 2882 2376 Nomen
2902 2338 3083 2375 eorum
3114 2322 3563 2389 erithonorabite,
3597 2327 3658 2379 et

2046 2409 2155 2465 hoc
2187 2409 2295 2464 erit
2326 2427 2506 2463 coram
2537 2408 2729 2477 illo,id
2760 2413 2844 2464 est
2874 2409 2933 2463 in
2964 2413 3273 2480 conspectu
3300 2410 3656 2474 illius.Quod

2049 2503 2134 2554 est
2162 2498 2355 2554 dicere
2383 2515 2396 2553 ε
2430 2500 2556 2570 Ipse
2587 2498 2878 2569 reputabit
2899 2515 3115 2554 nomen
3150 2499 3513 2566 honorabile,
3533 2499 3654 2555 cui-

2049 2603 2295 2659 cumque
2336 2603 2454 2641 non
2488 2585 2773 2654 videatur,
2806 2590 2863 2641 et
2891 2587 3041 2642 vivet
3064 2586 3121 2642 in
3149 2586 3249 2642 eis.
3271 2588 3350 2642 Ac
3376 2587 3422 2642 si
3452 2588 3607 2644 dicat
3635 2606 3654 2643 :

2048 2675 2182 2730 Ideo
2216 2691 2433 2729 nomen
2457 2691 2660 2730 eorum
2691 2675 2802 2730 erit
2828 2676 3189 2743 honorabile,
3217 2677 3352 2748 quia
3376 2676 3497 2749 ipse
3516 2684 3656 2732 vivet

2048 2764 2103 2816 in
2137 2765 2228 2830 eis,
2262 2763 2320 2817 id
2365 2767 2451 2817 est
2481 2763 2820 2836 perenniter
2850 2764 2960 2818 erit
2989 2780 3120 2818 cum
3154 2764 3257 2819 eis.
3293 2766 3459 2820 Juxta
3498 2766 3656 2837 quod

2049 2851 2206 2907 idem
2221 2851 2357 2906 dicit
2372 2868 2424 2907 :«
2442 2852 2582 2906 Ecce
2599 2868 2705 2923 ego
2722 2851 3013 2907 vobiscum
3029 2869 3156 2907 sum
3170 2853 3440 2909 omnibus
3454 2853 3655 2909 diebus

2049 2956 2227 3011 usque
2257 2941 2330 2995 ad
2362 2940 2928 2997 consummationem
2973 2941 3163 2996 saeculi
3204 2940 3430 3015 (Matth.
3459 2959 3653 3010 xxvm,

2050 3032 2155 3097 20).
2187 3049 2215 3078 »
2256 3029 2355 3083 Vel
2382 3028 2481 3095 sic,
2513 3036 2562 3082 et
2593 3032 2730 3082 vivet
2757 3028 2971 3100 legitur
3002 3045 3015 3083 :
3050 3029 3193 3093 Quia
3247 3031 3508 3102 superius
3564 3031 3653 3086 di-

2049 3116 2257 3178 cendo,
2276 3116 2493 3171 redimet
2516 3119 2722 3172 animas
2750 3133 2950 3184 eorum,
2982 3117 3226 3173 dabatur
3249 3118 3486 3190 intelligi
3517 3135 3656 3174 eum

2052 3208 2240 3260 morte
2267 3221 2368 3259 sua
2392 3204 2851 3276 redempturum,
2877 3205 3038 3260 addit
3063 3222 3076 3261 :
3108 3205 3231 3260 Dixi
3257 3207 3414 3278 quod
3436 3207 3658 3262 redimet

2054 3292 2378 3358 moriendo,
2413 3295 2471 3346 et
2502 3296 2698 3347 tamen
2724 3295 2925 3363 postea
2954 3294 3089 3347 vivet
3118 3295 3174 3346 in
3197 3301 3452 3348 aeternum
3470 3311 3659 3350 resur-

2054 3380 2266 3451 gendo,
2302 3397 2420 3435 non
2453 3380 2510 3434 in
2538 3385 2727 3435 morte
2760 3381 3128 3447 detinebitur,
3157 3381 3300 3436 sicut
3322 3383 3657 3438 Iudaeorum

2053 3467 2357 3523 infelicitas
2391 3468 2727 3524 mentietur.
2756 3470 2922 3523 Juxta
2942 3470 3319 3540 quodlegitur
3338 3487 3350 3525 :
3372 3472 3560 3526 «Mors
3575 3472 3657 3527 illi

2051 3558 2204 3611 ultra
2234 3573 2352 3611 non
2381 3556 2790 3612 dominabatur
2816 3556 2995 3628 (Rom.
3020 3574 3094 3625 v1,
3125 3559 3198 3625 9).
3222 3558 3403 3623 »Quia
3430 3576 3561 3615 vero
3584 3561 3657 3616 de

2052 3645 2419 3700 conversione
2430 3645 2759 3718 EthiOpum
2773 3650 2831 3700 et
2842 3662 3046 3716 regum
3061 3648 3119 3700 et
3129 3646 3391 3718 gentium
3403 3648 3657 3720 agendo,

2052 3733 2122 3788 de
2138 3734 2483 3804 sapientium
2496 3733 2868 3789 conversione
2884 3734 3026 3789 nihil
3042 3734 3264 3790 dixerat
3274 3734 3346 3790 de
3359 3735 3467 3790 hac
3478 3736 3657 3793 etiam

2051 3823 2171 3893 agit
2198 3822 2302 3877 sic:
2333 3822 2454 3877 Dixi
2484 3822 2641 3894 quod
2677 3822 2973 3877 adorabunt
3014 3840 3135 3876 eum
3175 3840 3355 3880 omnes
3404 3842 3544 3895 reges
3601 3831 3654 3882 ει

2049 3918 2257 3979 gentes;
2290 3914 2347 3965 et
2366 3911 2541 3966 etiam
2564 3911 2781 3965 dabitur
2807 3913 2857 3965 ei
2879 3928 2913 3966 a
2943 3913 3059 3967 Deo
3088 3913 3255 3966 Patre
3272 3912 3335 3966 de
3354 3929 3484 3966 auro
3502 3913 3652 3968 Ara-

2053 3998 2168 4066 biae,
2200 3999 2260 4053 id
2300 4001 2385 4053 est
2432 3999 2671 4070 quidam
2717 4000 2788 4054 de
2836 3999 3267 4071 sapientissimis
3299 4000 3653 4073 philosophis

2047 4087 2219 4157 hujus
2248 4087 2457 4141 saeculi.
2494 4087 2601 4151 Qui
2631 4103 2735 4157 per
2786 4103 2993 4142 aurum
3020 4088 3267 4155 Arabiae,
3301 4089 3455 4161 quod
3486 4089 3649 4144 omni

2049 4176 2160 4229 alio
2180 4192 2318 4229 auro
2340 4175 2655 4248 pretiosum
2673 4178 2779 4241 est,
2799 4175 3152 4247 designatur,
3177 4192 3245 4231 eo
3262 4176 3418 4249 quod
3430 4177 3654 4248 sapien-

2050 4264 2131 4317 tia
2152 4262 2567 4333 pretiosissima
2592 4262 2663 4317 sit
2704 4263 2778 4318 ad
2805 4264 3045 4319 modum
3061 4265 3183 4319 auri
3200 4264 3521 4320 Arabiae.Et
3541 4264 3648 4337 ipsi

2052 4351 2150 4422 qui
2181 4354 2351 4405 erunt
2377 4368 2605 4418 aurum,
2632 4352 2879 4407 orabunt
2903 4369 3132 4424 semper
3161 4353 3381 4421 eum,id
3407 4353 3651 4425 estjugi-

2050 4442 2167 4506 ter;
2194 4440 2264 4493 de
2295 4439 2403 4493 hoc
2430 4438 2552 4509 ipso
2583 4440 2694 4494 hoc
2722 4439 3145 4512 accipientes,id
3181 4440 3356 4495 estde
3386 4440 3651 4496 doctrina

2051 4529 2173 4599 ejus
2203 4532 2265 4582 ut
2292 4527 2653 4592 orent.Quod
2680 4530 2765 4582 est
2797 4528 3017 4583 dicere:
3038 4530 3161 4601 Ipse
3190 4529 3650 4601 dabitpraecepta

2052 4616 2429 4682 orandi,sicut
2457 4615 2516 4669 in
2549 4614 2855 4687 Evangelio
2883 4616 3645 4689 legiturdedissediscipulis,

2051 4704 2162 4759 sic:
2191 4705 2404 4758 «Pater
2424 4706 2640 4769 noster,
2666 4703 2765 4774 qui
2780 4704 2908 4759 esin
2924 4704 3077 4760 caulis
3097 4704 3320 4774 (Matth.
3354 4721 3472 4770 vm,
3496 4708 3578 4773 9),
3615 4725 3648 4759 s

2051 4793 2266 4849 etc.Vel
2280 4791 2549 4857 orabunt,
2570 4791 2641 4846 de
2659 4792 2781 4863 ipso
2803 4793 2911 4847 hoc
2931 4793 3230 4859 habentes,
3247 4810 3408 4847 nona
3426 4793 3646 4865 seipsis.

2049 4884 2130 4936 Ac
2159 4881 2203 4935 si
2223 4881 2376 4936 dicat
2400 4897 2413 4934 :
2445 4880 2560 4934 Hoc
2586 4880 2759 4935 etiam
2780 4881 2935 4952 quod
2946 4898 3079 4935 eum
3093 4897 3260 4936 orare
3275 4884 3649 4952 poterunt,ab

2050 4971 2173 5042 ipso
2202 4969 2519 5035 habebunt,
2551 4986 2669 5023 non
2700 4986 2735 5024 a
2758 4969 2969 5024 viribus
2992 4970 3123 5025 suis.
3158 4971 3253 5024 Vel
3283 4970 3361 5024 sic
3390 4987 3402 5024 :
3431 4970 3649 5026 Adora-

2053 5059 2181 5112 bunt
2211 5056 2427 5124 eum,id
2440 5060 2525 5111 est
2552 5058 2982 5112 venerabuntur
3012 5058 3124 5112 fide
3150 5060 3207 5112 et
3228 5056 3551 5123 devotione;
3576 5056 3649 5111 de

2046 5145 2171 5217 ipso
2209 5146 2317 5200 hoc
2348 5144 2652 5211 habentes,
2671 5162 2784 5200 non
2798 5162 2903 5219 per
2925 5145 3139 5217 seipsos
3160 5145 3352 5200 adhoc
3369 5145 3651 5199 sufﬁcien-

2046 5236 2150 5301 tes;
2168 5236 2225 5287 et
2248 5232 2542 5287 benedicent
2573 5234 2706 5299 ei,id
2743 5235 2827 5287 est
2870 5233 3190 5288 laudabunt
3213 5250 3368 5299 eum,
3396 5239 3506 5286 tota
3543 5232 3647 5300 die,

2046 5322 2105 5378 id
2130 5324 2215 5376 est
2241 5322 2312 5375 de
2345 5325 2465 5376 tota
2497 5321 2920 5377 illuminatione
2967 5338 3069 5376 sua
3103 5339 3232 5393 quae
3259 5325 3419 5376 tanta
3448 5320 3558 5375 erit
3586 5324 3650 5375 ut

2047 5410 2188 5476 dies,
2219 5410 2432 5465 scilicet
2460 5411 2569 5465 hoc
2600 5410 2755 5482 quod
2797 5408 3103 5464 illuminati
3131 5413 3301 5464 erunt
3323 5409 3437 5464 ﬁde
3467 5411 3525 5463 et
3552 5425 3642 5463 sa-

2043 5497 2263 5573 pientia
2287 5515 2404 5555 non
2428 5498 2533 5554 sibi
2565 5498 2869 5567 ascribeut,
2896 5497 2997 5553 sed
3017 5497 3125 5568 illi;
3159 5497 3294 5554 inde
3324 5496 3641 5559 laudabunt
