4004 6052
242 292 348 361 997

1206 292 1562 355 EXPOSITIO
1598 292 1669 351 IN
1706 291 2038 355 PSALMOS.
2077 324 2150 340 —
2185 293 2381 354 PSAL.
2419 293 2595 354 LXXII

3448 308 3551 369 998

241 436 399 478 eum.
428 418 527 479 Vel
554 422 665 478 tota
693 416 797 487 die,
822 414 883 476 id
911 417 997 474 est
1015 415 1234 492 jugiter
1253 417 1550 473 benedicent
1569 417 1635 484 ei,
1659 414 1716 471 id
1765 418 1850 471 est
1878 427 1934 489 Α
1953 418 2037 471 est
2066 431 2131 472 ac
2156 416 2202 472 si
2226 417 2404 473 dicat:
2425 417 2550 475 Non
2579 417 2856 476 adhortor
2883 422 2946 478 ut
2974 421 3217 497 gloriam
3248 425 3370 501 ejus
3399 433 3553 492 exal-

240 510 560 568 laudabunt
579 525 714 564 enm
729 524 865 565 voce
878 510 936 566 et
948 522 1142 582 opere,
1172 506 1242 561 de
1262 505 1553 564 beneficiis
1568 504 1673 560 sibi
1693 505 1763 561 ab
1782 521 1850 560 eo

242 599 482 658 collatis.

316 692 383 746 Et
410 689 619 745 merito
653 687 947 743 benedicent
971 704 984 755 ;
1009 703 1147 741 nam
1176 685 1296 757 ipse
1325 686 1425 739 erit
1460 685 1855 755 ﬁrmamentum

244 783 304 837 in
322 782 538 834 summis
567 780 847 844 montium,
881 775 1252 831 existentibus
1282 777 1337 829 in
1386 781 1525 829 terra
1569 775 1676 828 hac
1704 790 1856 846 prae-

245 870 414 925 senti.
450 867 614 933 Quod
639 870 725 922 est
754 866 942 921 dicere
973 882 986 920 :
1020 867 1142 935 lpse
1182 864 1381 919 ﬁrmos
1409 863 1581 918 faciet
1610 864 1668 917 in
1695 864 1855 918 omni

244 958 522 1014 virtutum
544 955 895 1029 perfectione
909 954 1278 1027 phi1050phos
1295 969 1552 1008 summos
1575 970 1589 1021 ;
1623 952 1719 1025 qui
1738 969 1854 1024 pra)

247 1048 431 1103 nimia
442 1046 678 1102 scientia
691 1044 919 1099 dicendi
930 1045 1063 1097 sunt
1077 1043 1289 1097 summi
1304 1044 1530 1097 montes
1544 1041 1851 1109 montium,

246 1137 309 1193 id
342 1141 426 1193 est
446 1137 597 1191 inter
625 1135 772 1190 alios
795 1136 1043 1199 montes,
1075 1131 1288 1187 scilicet
1307 1130 1447 1186 alios
1463 1131 1850 1204 philosophos.

246 1227 348 1282 Vel
373 1223 730 1281 intransitive
751 1221 967 1278 dictum
998 1223 1082 1275 est
1112 1223 1168 1275 in
1209 1220 1433 1274 summis
1488 1222 1770 1282 montium,
1797 1219 1855 1273 id

251 1319 339 1373 est
366 1315 426 1372 in
452 1312 693 1370 summis
724 1311 1036 1367 montibus.
1066 1310 1200 1365 Dico
1233 1309 1388 1382 quod
1418 1325 1515 1364 eos
1542 1310 1740 1364 ﬁrmos
1770 1309 1853 1364 fa-

250 1404 382 1473 ciet,
415 1402 554 1459 etin
578 1403 684 1457 hac
701 1411 854 1456 terra
877 1398 1252 1471 praesentiubi
1271 1399 1427 1454 locus
1455 1402 1540 1454 est
1583 1397 1853 1454 defectio-

253 1493 365 1550 nis.
384 1493 486 1549 Vel
513 1490 686 1547 faciet
712 1490 911 1544 ﬁrmos
942 1487 1244 1543 existentes
1284 1490 1341 1542 in
1371 1495 1532 1556 terra,
1566 1487 1622 1542 id
1652 1492 1755 1555 est,
1796 1487 1855 1541 in

250 1580 588 1639 terrenitate
612 1594 733 1645 sua,
756 1577 815 1631 in
848 1594 1040 1644 carne,
1071 1576 1301 1632 scilicet.
1571 1578 1736 1642 Quod
1775 1580 1860 1632 est

253 1670 445 1727 dicere
467 1686 482 1725 :
503 1671 652 1725 Dum
683 1666 744 1721 in
769 1668 877 1721 hac
898 1669 1130 1721 terrena
1155 1683 1327 1721 carne
1357 1670 1545 1732 erunt,
1596 1682 1693 1721 eos
1720 1683 1857 1721 con-

1950 505 2103 572 tetis,
2131 505 2237 560 niti
2264 507 2337 561 ad
2367 507 2673 563 utilitatem
2700 511 2966 565 vestram.
2990 513 3137 569 Nihil
3155 516 3313 572 enim
3340 519 3390 575 ei
3409 523 3558 577 exal-

1950 594 2093 648 tatio
2111 598 2299 651 vestra
2315 597 2593 664 conferet,
2613 597 2772 668 cujus
2787 600 2971 669 gloria
2988 607 3334 663 manetante
3350 611 3556 669 mundi

1953 684 2442 739 constitutionem.
2461 685 2748 749 Quoniam
2778 703 2908 742 vero
2950 688 3196 748 dixerat:
3219 694 3345 749 Erit
3367 699 3556 767 ﬁrma-

1951 779 2184 826 mentum
2213 777 2269 828 in
2298 777 2516 828 summis
2545 778 2826 844 montium,
2858 794 2930 832 ne
2946 782 3245 851 putaretur
3269 787 3420 842 solos
3432 805 3556 844 ma-

1943 860 2123 931 jores,
2154 880 2270 917 non
2299 864 2475 918 etiam
2512 865 2767 921 minores
2792 867 3143 937 ﬁrmaturus,
3194 872 3356 928 addit
3384 892 3396 929 :
3420 877 3557 933 Dico

1953 950 2108 1022 quod
2138 954 2237 1005 erit
2280 953 2676 1020 ﬁrmamentum
2717 957 2771 1008 in
2798 958 3013 1011 summis
3042 961 3323 1030 montibus,
3356 966 3415 1017 et
3439 980 3557 1025 non

1953 1039 2139 1093 solum
2164 1039 2306 1107 hoc;
2338 1040 2438 1095 sed
2467 1042 2528 1096 in
2554 1045 2682 1112 ipso,
2716 1044 2775 1097 id
2807 1047 2889 1099 est
2915 1045 2972 1099 in
2995 1046 3107 1102 fide
3136 1049 3332 1121 ipsius,
3353 1052 3561 1108 benedi-

1953 1132 2155 1195 centur,
2183 1126 2243 1182 id
2273 1131 2357 1183 est
2382 1131 2787 1186 exaltabuntur
2816 1133 2874 1187 in
2921 1135 3081 1189 omni
3108 1153 3339 1194 morum
3371 1144 3427 1196 et
3457 1142 3564 1198 vir-

1952 1216 2142 1270 tutum
2171 1217 2527 1289 perfectione
2553 1237 2731 1274 omnes
2761 1222 2927 1276 tribus
2954 1228 3125 1291 terra,
3149 1223 3207 1280 id
3228 1230 3313 1282 est
3344 1231 3560 1286 omnis-

1954 1304 2112 1360 modi
2139 1305 2321 1361 tribus
2344 1309 2535 1376 terrae,
2571 1312 2690 1363 tam
2719 1310 3047 1367 Iudaeorum
3074 1331 3250 1386 quam
3276 1319 3561 1388 gentium.

1952 1394 2116 1448 Juxta
2130 1396 2284 1466 quod
2309 1396 2381 1451 ad
2392 1397 2686 1452 Abraham
2715 1400 3019 1471 promissio
3044 1402 3195 1458 facta
3223 1409 3307 1459 est
3329 1407 3434 1464 sic:
3457 1412 3561 1466 «In

1955 1481 2175 1536 semine
2207 1486 2303 1538 tuo
2334 1483 2751 1541 benedicentur
2776 1504 2982 1543 omnes
3011 1494 3212 1561 gentes
3231 1492 3387 1563 (Gen.
3417 1514 3562 1568 xxvr,

1956 1569 2033 1639 4).
2070 1592 2096 1617 ››
2127 1572 2193 1624 Et
2249 1572 2383 1643 quia
2413 1575 2473 1629 in
2530 1573 2651 1644 ipso
2708 1575 3134 1647 benedicentes,
3191 1598 3367 1637 omnes
3391 1594 3568 1655 gentes

1956 1660 2374 1729 magniﬁcabunt
2403 1680 2543 1730 eum,
2576 1666 2777 1734 gentes
2803 1667 2860 1718 et
2886 1664 3066 1720 tribus
3093 1667 3249 1723 idem
3276 1674 3383 1738 est,
3412 1675 3569 1745 quod

252 1757 509 1814 ﬁrmabit
527 1774 600 1812 ne
620 1756 1047 1812 deﬁciant.Non
1066 1756 1251 1810 solum
1267 1755 1550 1823 infuturo,
1566 1755 1858 1810 ubimulto
1887 1748 1938 1807 Β
1959 1749 2044 1799 εει
2075 1746 2263 1803 dicere
2287 1765 2299 1803 :
2326 1748 2732 1806 Sublimabunt
2762 1768 2895 1807 eum
2921 1755 3089 1810 laude
3112 1772 3315 1812 omnes
3343 1763 3567 1830 gentes,

252 1847 440 1921 magis
458 1846 975 1903 confirmabuntur.
1022 1846 1090 1899 Et
1117 1845 1251 1918 quia
1277 1844 1397 1918 ipse
1422 1848 1521 1900 erit
1539 1861 1740 1900 eorum
1759 1843 1857 1916 ﬁr-

252 1943 601 2004 mamentum,
654 1935 1087 2007 superextolletur
1136 1951 1291 2005 super
1341 1934 1608 1988 Libanum
1644 1935 1858 2003 fructus

253 2026 393 2096 ejus,
425 2024 483 2081 id
513 2029 599 2081 est
623 2024 731 2098 ipsi
762 2027 990 2079 montes
1009 2039 1153 2095 quos
1180 2023 1457 2085 firmabit,
1489 2039 1631 2094 quos
1655 2022 1715 2076 in
1745 2022 1858 2076 fide

249 2114 636 2180 fructificabit,
669 2114 1186 2185 superextollentur
1209 2128 1368 2183 super
1391 2112 1676 2179 Libanum,
1697 2111 1754 2166 id
1775 2114 1860 2165 est

251 2205 657 2263 exaltabuntur
681 2202 741 2256 in
773 2202 1050 2273 dignitate
1072 2217 1334 2256 meorum
1357 2200 1687 2266 candentes,
1706 2200 1763 2254 id
1777 2202 1859 2254 est

250 2291 725 2367 prosperantesin
746 2290 1007 2357 terrenis,
1034 2289 1130 2362 qui
1145 2306 1249 2362 per
1266 2290 1542 2344 Libanum
1560 2289 1862 2360 designan-

251 2385 364 2449 tur,
394 2398 462 2437 eo
495 2381 651 2454 quod
674 2380 922 2435 Libanus
952 2378 1150 2433 candor
1178 2378 1606 2448 interpretetur,
1659 2381 1717 2431 et
1760 2392 1862 2448 per

251 2470 562 2526 candorem
574 2471 719 2525 solet
728 2468 1077 2542 prosperitas
1085 2467 1397 2538 saepissime
1411 2465 1693 2521 denotari.
1703 2464 1861 2529 Quod

252 2563 338 2615 est
366 2559 556 2614 dicere
580 2557 912 2629 :Digniores
935 2558 1104 2611 erunt
1156 2555 1214 2609 in
1234 2554 1479 2609 terrenis
1499 2554 1855 2609 ﬂorentibus.

250 2648 321 2705 Et
350 2647 430 2703 illi
455 2648 517 2702 de
545 2648 779 2713 civitate,
812 2645 872 2700 id
904 2648 989 2699 est
1017 2645 1088 2699 de
1116 2644 1333 2699 Libano
1377 2642 1611 2709 scilicet,
1659 2643 1728 2697 de
1755 2643 1857 2697 Ba-

250 2736 507 2808 bylonia,
540 2752 668 2808 quas
699 2738 784 2790 est
814 2733 1063 2789 candens
1088 2732 1147 2788 in
1180 2732 1443 2801 terrenis,
1475 2734 1533 2786 et
1559 2734 1642 2786 est
1666 2730 1859 2786 civitas

253 2824 488 2891 diaboli,
508 2824 779 2896 ﬂorebunt
820 2822 878 2877 in
912 2822 1285 2894 praesentibus
1314 2821 1482 2877 bonis
1510 2823 1643 2875 sicut
1671 2821 1859 2889 fenum

252 2919 426 2979 terra},
458 2913 516 2967 id
538 2914 623 2967 est
654 2913 851 2981 utpote
884 2913 1179 2965 terrenum
1196 2910 1418 2976 fenum,
1447 2927 1479 2960 ς
1511 2907 1665 2980 quod
1684 2907 1858 2962 hodie

1959 1833 2215 1889 dicentes
2247 1854 2261 1891 :
2296 1836 2612 1893 Benedictus
2637 1840 2923 1895 -Dominus
2979 1842 3124 1898 Deus
3170 1844 3356 1912 Israel,
3398 1846 3457 1902 id
3485 1852 3571 1904 est

1959 1924 2237 1979 exaltatus
2266 1925 2355 1993 sit,
2391 1928 2525 1999 quia
2552 1929 2831 1983 Dominus
2851 1933 2937 1984 est
2978 1930 3036 1984 in
3088 1933 3278 2001 rebus,
3334 1937 3392 1989 et
3420 1937 3570 1993 Deus

1957 2012 2234 2080 fidelium,
2271 2031 2412 2086 quos
2438 2015 2573 2071 facit
2602 2018 2794 2083 Israel,
2826 2016 2884 2071 id
2909 2021 2993 2072 est
3013 2018 3269 2075 videntes
3299 2039 3358 2076 se
3387 2024 3569 2080 Deum

1955 2100 2015 2155 in
2045 2104 2568 2176 contemplatione;
2601 2107 2689 2160 vel
2718 2106 2814 2178 qui
2846 2108 2991 2161 Deus
3021 2113 3262 2180 apparet
3290 2113 3480 2177 Israel,
3512 2113 3572 2168 id

1960 2194 2045 2244 est
2063 2190 2327 2247 fidelibus
2343 2193 2661 2265 cuicunque
2675 2212 2793 2248 non
2808 2199 3087 2267 appareat
3102 2199 3268 2252 Deus.
3292 2199 3397 2263 Qui
3410 2200 3567 2270 facit,

1961 2282 2093 2346 etc.,
2122 2297 2187 2335 ac
2212 2282 2257 2335 si
2309 2281 2488 2336 dicat:
2508 2284 2641 2337 Ideo
2670 2284 3004 2339 benedictus
3030 2286 3120 2353 sit,
3148 2290 3275 2359 quia
3300 2289 3429 2358 fecit
3465 2292 3566 2344 mi-

1960 2369 2274 2424 rabilia:et
2326 2388 2444 2425 non
2497 2371 2937 2444 qualiacunque,
2972 2375 3069 2428 sed
3100 2394 3315 2446 magna,
3367 2381 3425 2433 et
3448 2395 3566 2436 non

1961 2457 2147 2513 alieno
2175 2460 2405 2527 auxilio,
2434 2460 2534 2515 sed
2576 2461 2733 2514 solus.
2764 2462 3017 2517 Mirabile
3048 2482 3295 2536 namque
3324 2469 3409 2522 est
3433 2484 3567 2523 eum

1962 2555 2032 2609 de
2045 2548 2265 2623 virgine
2288 2551 2490 2604 natum
2503 2548 2694 2617 fuisse,
2712 2553 2771 2605 et
2783 2550 3067 2606 mundum
3090 2556 3277 2608 morte
3295 2556 3570 2611 suarede-

1958 2642 2150 2709 misse,
2181 2641 2512 2711 desperatos
2537 2638 2611 2692 ad
2641 2639 2819 2695 vitam
2845 2641 3215 2709 reducere,et
3246 2646 3429 2700 multa
3454 2646 3567 2703 alia

1956 2727 2403 2786 innumerabilia
2432 2726 2633 2797 egisse.
2661 2726 2738 2781 Et
2764 2745 2881 2783 non
2915 2729 2988 2783 ad
3017 2730 3222 2784 horam
3234 2733 3307 2787 sit
3326 2733 3568 2789 benedi-

1956 2822 2098 2885 ctus,
2135 2816 2235 2873 sed
2265 2817 2323 2871 in
2349 2817 2632 2870 aeternum
2680 2816 3001 2871 benedictum
3014 2818 3086 2873 sit
3102 2836 3287 2874 nomen
3316 2823 3568 2893 majesta-

1959 2911 2023 2962 tis
2050 2908 2182 2979 ejus,
2205 2904 2265 2959 id
2290 2907 2375 2959 est
2399 2903 2588 2975 gloria
2620 2904 3036 2975 magnitudinis
3066 2907 3208 2978 ejus,
3232 2907 3289 2963 id
3310 2913 3394 2964 est
3415 2912 3567 2966 exal-

250 3005 355 3070 est,
380 3005 576 3057 etcras
604 2999 663 3054 in
718 3000 1008 3055 clibanum
1045 2997 1295 3053 mittitur
1319 2996 1545 3067 (Matth.
1574 3012 1647 3063 vr,
1681 2998 1791 3065 30).
1828 3015 1855 3043 »
1890 3031 1937 3090 C
1958 2999 2078 3051 tata
2106 2995 2178 3049 sit
2205 2992 2390 3066 gloria
2411 3008 2625 3062 magna
2656 2992 2798 3063 ejus.
2834 2993 2968 3048 Dico
3015 2996 3169 3065 quod
3199 3014 3374 3052 omnes
3406 3000 3569 3055 tribus

253 3090 419 3155 Quod
479 3092 566 3145 est
614 3088 805 3144 dicere
834 3104 846 3143 :
874 3088 999 3142 Flos
1056 3085 1451 3158 prosperitatis
1500 3085 1730 3138 illorum
1762 3083 1859 3155 qui
1897 3083 2113 3141 vterrae
2175 3083 2537 3138 benedicentur
2576 3084 2628 3135 in
2688 3085 2903 3152 ipsemet
2964 3085 3072 3138 hoc
3129 3087 3306 3141 modo
3357 3089 3571 3145 scilicet

249 3179 396 3234 cives
425 3180 559 3232 sunt
608 3176 956 3249 Babylonius,
984 3174 1044 3229 id
1094 3178 1179 3229 est
1225 3172 1463 3228 civitatis
1521 3172 1856 3245 impiorum,
1962 3174 2119 3247 quod
2172 3174 2339 3225 omnis
2392 3178 2535 3225 terra
2589 3170 2874 3240 replebitur
2923 3173 3198 3243 majestate
3227 3176 3362 3245 ejus,
3396 3177 3455 3232 id
3485 3182 3572 3234 est

251 3284 379 3339 qua:
401 3271 488 3322 est
524 3266 719 3321 civitas
766 3264 1135 3331 confusionis,
1189 3262 1550 3318 transitorius
1580 3265 1664 3317 est
1719 3261 1860 3319 sicut
1962 3257 2312 3317 omnismodi
2346 3257 2558 3313 terreni
2601 3259 2976 3329 replebuntur
3032 3262 3431 3334 magnitudine
3465 3266 3575 3338 spi-

251 3357 358 3413 ﬂos
378 3354 1330 3412 feni.UndeIsaias:«Omniscaro
1352 3352 1861 3418 fenum,etomnis
1961 3350 2105 3404 ritus
2127 3349 2265 3419 ejus.
2323 3349 2488 3403 Juxta
2547 3346 2703 3418 quod
2758 3347 2974 3404 dictum
3024 3353 3107 3404 est
3163 3368 3268 3422 per
3302 3354 3569 3410 Joelem:

250 3444 436 3517 gloria
488 3445 610 3516 ejus
659 3442 821 3515 quasi
851 3443 957 3497 ﬂos
1011 3441 1131 3497 feni
1162 3440 1292 3513 (Isa.
1318 3458 1404 3507 XL,
1438 3441 1511 3511 7).
1541 3460 1571 3491 »
1593 3440 1692 3494 Vel
1743 3439 1858 3495 sic:

251 3534 388 3589 Dico
451 3532 606 3604 quod
658 3534 871 3602 fructus
899 3531 1013 3602 ejus
1063 3528 1493 3605 superextotletur
1517 3546 1673 3599 super
1701 3528 1866 3581 Liba-

248 3637 404 3689 stum,
436 3624 495 3677 et
524 3620 603 3675 illi
631 3621 726 3692 qui
749 3619 1121 3675 suntfructus
1144 3618 1429 3673 decivitate
1453 3617 1561 3671 hac
1572 3616 1861 3688 praesenti,

250 3709 311 3766 id
341 3712 427 3766 est
451 3710 521 3765 de
544 3709 809 3776 Ecclesia,
842 3725 970 3780 qua:
1000 3710 1085 3762 est
1110 3706 1303 3761 civitas
1333 3704 1434 3761 Dei
1456 3704 1863 3772 munitissima,

250 3800 389 3859 ituri
418 3799 477 3854 in
508 3797 679 3854 aliam
706 3796 1016 3863 civitatem,
1047 3795 1261 3850 scilicet
1282 3796 1342 3849 in
1378 3793 1730 3849 Hierusalem
1755 3809 1865 3849 coe-

251 3892 479 3959 lestem,
506 3888 771 3959 ﬂorebunt
792 3886 851 3941 in
880 3884 1047 3941 bonis
1079 3883 1349 3954 operibus
1375 3883 1447 3937 ad
1466 3882 1866 3955 generandum

256 3996 527 4045 messem,
559 3976 619 4032 id
641 3979 724 4031 est
745 3978 1025 4031 aeternam
1044 3971 1488 4028 beatidudinem
1506 3971 1563 4025 in
1578 3970 1769 4025 futuro
1782 3987 1870 4025 su-

254 4064 782 4141 scipiendam,sicut
796 4063 996 4118 fenum
1014 4064 1182 4116 terra;
1200 4059 1455 4115 ﬂoretad
1468 4059 1577 4113 hoc
1597 4061 1656 4112 ut
1672 4076 1869 4113 semen

258 4173 326 4212 ex
356 4157 500 4211 ﬂore
524 4155 878 4227 procreetur.
904 4149 1119 4205 Fenum
1148 4155 1300 4202 terra
1327 4148 1483 4215 dicit,
1504 4146 1575 4201 ad
1600 4145 1870 4201 differen-

256 4245 400 4300 tiam
412 4243 531 4299 feni
568 4244 872 4305 tectorum,
892 4239 1052 4309 cujus
1073 4238 1179 4292 ﬂos
1208 4236 1424 4291 inutilis
1444 4238 1528 4291 est
1546 4234 1617 4290 ad
1639 4234 1875 4290 seminis

1965 3459 1994 3490 «
2024 3436 2327 3491 Effundam
2359 3436 2429 3489 de
2477 3435 2680 3505 spiritu
2734 3453 2865 3491 meo
2907 3454 3078 3509 super
3107 3455 3345 3495 omnem

1964 3541 2197 3581 carnem
2256 3524 2417 3593 (Joel.
2479 3540 2540 3591 ιι,
2592 3523 2703 3597 20).
2738 3527 2911 3580 »Hoc
2988 3530 3182 3583 autem
3239 3533 3300 3583 ut
3354 3534 3576 3603 replea-

1964 3618 2088 3683 tur;
2112 3613 2209 3682 ﬁat
2246 3611 2305 3666 in
2354 3612 2566 3666 Ecclsia
2614 3613 2683 3667 de
2731 3614 2957 3682 Judaeis,
2989 3616 3086 3684 ﬁat
3116 3616 3176 3671 in
3235 3618 3478 3676 Ecclesia
3507 3621 3578 3677 de

1967 3702 2252 3775 gentibus.

2455 3788 2523 3841 IN
2547 3787 2868 3844 PSALMUM
2889 3790 3079 3846 LXXII.

2034 3879 2252 3935 Titulus
2298 3877 2706 3949 septuagesimi
2757 3880 2988 3934 secundi
3017 3880 3375 3951 :De/‘ecerunt
3405 3884 3584 3941 laudes

1969 3968 2156 4026 David
2178 3967 2287 4037 ﬁlii
2323 3966 2467 4020 Jesse
2519 3966 2769 4021 Psalmus
2816 3967 3022 4039 Asaph.
3076 3969 3240 4033 Quod
3285 3971 3450 4042 juxta
3476 3975 3586 4029 Au-

1971 4056 2269 4130 gustinum
2291 4053 2630 4125 exponitur:
2654 4054 2905 4110 Psalmus
2930 4057 3034 4112 iste
3062 4062 3148 4113 est
3168 4058 3381 4130 Asaph,
3412 4061 3471 4116 id
3501 4066 3587 4118 est

1970 4144 2155 4200 ﬁdelis
2176 4158 2507 4214 synagoga,
2544 4143 2774 4197 habitus
2795 4162 2898 4216 pro
2926 4161 2994 4200 eo
3056 4147 3209 4218 quod
3253 4148 3589 4205 defecerunt

1971 4234 2171 4288 laudes
2198 4231 2378 4287 David
2408 4231 2508 4285 filii
2542 4233 2714 4299 Jesse,
2770 4233 2828 4287 id
2859 4238 2943 4288 est
3000 4252 3103 4308 pro
3149 4252 3218 4291 ea
3269 4239 3590 4295 considera-

259 4332 745 4407 procreationem,
780 4328 936 4400 quod
954 4327 1156 4381 fenum
1184 4348 1212 4374 «
1244 4324 1577 4397 priusquam
1600 4324 1876 4377 evellatur
1898 4318 1949 4375 D
1973 4323 2130 4377 tione
2162 4320 2318 4392 quod
2364 4319 2701 4374 defecerunt
2751 4321 2948 4376 laudes
2987 4324 3201 4379 Iudaici
3234 4327 3435 4398 populi
3489 4328 3587 4400 qui

257 4420 535 4478 exarescit
550 4418 719 4486 (Psal.
741 4414 1043 4488 cxxvm,6).
1068 4436 1094 4463 ››
1121 4412 1343 4467 Etbene
1366 4411 1529 4483 ponit
1546 4412 1609 4465 de
1633 4414 1874 4478 civitate;

256 4515 337 4568 Ac
366 4512 412 4567 si
439 4511 622 4566 dicat:
644 4509 728 4563 De
748 4506 966 4562 civitate
985 4505 1115 4570 hac,
1140 4501 1199 4556 id
1229 4504 1315 4556 est
1341 4502 1410 4555 de
1453 4500 1717 4568 Ecclesia,
1746 4518 1873 4573 quas

257 4600 359 4659 Dei
391 4599 585 4655 civitas
626 4600 730 4663 est,
787 4593 1104 4668 procedent
1130 4591 1302 4645 ﬂores
1347 4589 1657 4660 justorum,
1707 4588 1760 4643 id
1788 4593 1875 4644 est

258 4705 439 4762 opera
453 4689 628 4752 bona,
657 4688 714 4740 et
733 4683 793 4738 in
812 4683 1009 4738 futuro
1041 4679 1387 4750 colligentur
1402 4694 1614 4732 messes
1632 4693 1874 4749 operum

255 4780 572 4843 bonorum,
625 4772 841 4828 scilicet
870 4766 1244 4827 beatitudinis
1271 4768 1501 4820 aeternae
1545 4764 1872 4835 praemium,

258 4864 537 4939 quoniam
563 4866 759 4919 autem
776 4861 1006 4914 montes
1018 4854 1425 4922 ﬁrmabuntur,
1451 4855 1507 4907 et
1522 4854 1874 4925 superextol-

254 4955 469 5021 lentur,
495 4956 554 5008 et
582 4951 896 5007 ﬂorebunt.

325 5043 414 5099 Sit
468 5058 657 5098 nomen
679 5040 792 5111 ejus
819 5037 971 5109 regis
1001 5035 1343 5100 benedictum,
1376 5030 1435 5085 id
1466 5032 1550 5084 est
1566 5030 1875 5084 exaltatum

253 5146 435 5202 usque
461 5131 514 5183 in
534 5126 731 5183 saecula
760 5128 972 5182 futura.
1000 5124 1221 5178 Nomen
1249 5118 1518 5175 usualiter
1555 5132 1660 5187 pro
1690 5115 1874 5187 gloria

252 5219 439 5291 ponit.
464 5218 629 5272 Illum
647 5214 805 5270 enim
826 5210 1220 5286 quigloriosus
1246 5211 1352 5274 est,
1387 5204 1587 5275 magni
1618 5202 1870 5259 nominis

255 5324 377 5362 esse
430 5306 619 5361 dicere
676 5300 1092 5358 consuevimus.
1125 5297 1260 5352 Dico
1292 5297 1353 5349 ut
1383 5311 1416 5348 a
1446 5292 1738 5348 montibus
1766 5291 1864 5345 be-

1974 4408 2268 4463 consuevit
2297 4409 2480 4462 Deum
2509 4409 2743 4463 laudare
2774 4410 3032 4465 contuitu
3055 4416 3462 4485 temporalium
3486 4417 3589 4473 bo-

1976 4514 2205 4563 norum,
2245 4513 2361 4551 non
2388 4497 2647 4551 contuitu
2664 4501 3402 4559 eeternorum.Adveniente
3429 4522 3591 4561 nam-

1977 4601 2087 4655 que
2143 4584 2388 4650 Christo,
2454 4584 2650 4637 ]audes
2696 4585 3026 4655 hujusmodi
3075 4589 3429 4660 defecerunt,
3458 4610 3588 4649 cum

1974 4676 2329 4744 praeceptum
2361 4688 2394 4726 a
2416 4671 2637 4726 Christo
2686 4672 2883 4728 datum
2931 4676 3022 4744 sit,
3050 4695 3167 4732 non
3191 4679 3260 4734 de
3291 4683 3587 4752 tempora-

1974 4760 2141 4827 libus,
2180 4760 2280 4814 sed
2311 4760 2381 4814 de
2411 4759 2760 4831 spiritalibus
2813 4762 2977 4818 bonis
3010 4765 3221 4821 debere
3273 4769 3585 4828 sollicitari.

1972 4849 2139 4903 Juxta
2180 4849 2338 4920 quod
2386 4847 2505 4920 ipse
2564 4849 2827 4921 perhibet
2864 4852 2923 4907 in
2978 4854 3306 4927 Evangelio.
3344 4879 3372 4906 ‹‹
3401 4858 3586 4915 Nolite

1976 4937 2199 4994 solliciti
2251 4955 2393 5004 esse,
2455 4938 2897 5004 dicenteszQuid
2928 4943 3427 5012 manducabimus,
3488 4950 3586 5002 aut

1976 5027 2113 5099 quid
2144 5026 2427 5093 bibemus,
2457 5030 2554 5081 aut
2585 5045 2697 5100 quo
2722 5029 3070 5099 operiemur.
3095 5030 3212 5085 Scit
3241 5032 3397 5087 enim
3416 5036 3585 5092 Pater

1973 5118 2159 5170 vester
2175 5116 2329 5186 quod
2346 5116 2434 5169 his
2452 5116 2719 5171 omnibus
2745 5116 3011 5188 indigetis
3031 5118 3247 5188 (Matth.
3283 5137 3356 5187 v1,
3375 5124 3435 5177 3i
3467 5127 3577 5195 32).

1970 5204 2038 5256 Et
2062 5203 2223 5258 addit
2251 5220 2263 5256 :
2289 5226 2315 5252 «
2351 5203 2598 5266 Quaerite
2637 5222 2774 5276 ergo
2816 5205 3071 5276 primum
3101 5224 3345 5279 regnum
3370 5211 3468 5265 Dei
3499 5217 3575 5283 et,

1960 5291 2245 5362 justitiam
2294 5290 2417 5361 ejus
2451 5308 2462 5345 :
2498 5294 2554 5344 et
2581 5292 2703 5346 haec
2763 5293 2959 5348 omnia
3026 5294 3370 5364 adjicientur
3423 5301 3578 5356 vobis

254 5394 555 5450 nedicatur
580 5407 797 5447 nomen
831 5390 969 5461 ejus.
1002 5388 1149 5442 Ante
1169 5384 1328 5440 solem
1359 5385 1557 5437 tamen
1585 5385 1865 5451 permanet
1965 5378 2288 5445 (Ibid.,33).
2309 5378 2617 5450 »Congrue
2670 5379 2901 5450 quidem
2917 5382 3179 5438 additum
3194 5388 3575 5455 estzﬁliiJessc

255 5500 443 5537 nomen
489 5481 624 5552 ejus,
653 5479 712 5535 id
766 5480 851 5532 est
878 5475 1060 5549 gloria
1090 5474 1229 5544 ejus.
1274 5472 1383 5525 Per
1417 5470 1599 5523 solem
1656 5466 1861 5538 accipit
1962 5468 2036 5523 ad
2066 5467 2450 5523 differentiam
2485 5466 2743 5521 Ecclesiae
2794 5471 2853 5522 et
2876 5469 3101 5539 Christi,
3146 5473 3243 5544 qui
3274 5475 3461 5530 solent
3490 5495 3555 5533 ac

254 5571 461 5632 mundi
488 5569 862 5639 creationem,
885 5583 953 5624 eo
980 5563 1135 5639 quod
1158 5564 1296 5621 tunc
1327 5561 1411 5620 sol
1428 5560 1649 5617 creatus
1669 5559 1771 5613 est.
1795 5554 1863 5614 Et
1959 5555 2070 5632 cipi
2094 5573 2197 5630 per
2224 5556 2374 5613 hanc
2390 5569 2611 5623 vocem,
2634 5572 2762 5630 quae
2789 5557 2874 5617 est
2898 5557 3106 5617 David:
3134 5563 3195 5619 ut
3216 5560 3572 5639 intelligatur
