4004 6052
431 297 542 361 000

1044 297 1104 365 s.
1145 305 1493 368 anuuoms
1529 305 2164 372 CARTHUSIANORUM
2197 311 2663 380 msruuroms
2701 316 2858 381 ora.
2896 318 3078 383 PARS
3112 319 3175 402 lg

3604 324 3749 393 loco

429 428 504 487 ad
526 428 784 487 litteram
828 423 1010 487 David
1047 443 1149 485 rex
1167 428 1359 499 Israel,
1407 427 1505 504 qui
1549 428 1661 487 fuit
1685 428 1834 487 filius
1859 429 2032 489 Iesse.
2053 435 2110 499 Α
2138 438 2415 509 appareat
2437 455 2602 513 quam
2644 436 2827 511 bonus,
2887 438 2949 500 id
2978 442 3064 501 est
3085 440 3249 504 valde
3293 443 3353 506 et
3378 438 3751 512 ineﬁabilitet

427 520 538 578 Per
566 520 733 577 David
794 518 1071 575 nimirum
1113 519 1266 575 Jesse
1304 518 1487 576 ﬁlium
1519 519 1908 577 metonomice
1938 538 2037 594 po-

426 610 595 683 pulus
625 609 794 665 Israel
826 608 1123 680 accipitur,
1145 625 1214 663 eo
1242 609 1397 682 quod
1416 609 1536 679 ejus
1555 608 1711 664 idem
1738 610 1913 665 David
1935 626 2033 665 rex

426 698 655 753 exstitit.
718 699 786 752 Et
837 698 987 752 bene
1029 696 1206 752 etiam
1233 714 1301 752 ea
1338 697 1635 752 occasione
1665 699 1817 770 quod
1837 699 2036 767 defece-

423 794 549 843 runt
589 787 771 843 laudes
821 785 1110 840 Israelitici
1142 785 1355 856 populi,
1388 787 1639 857 psalmus
1696 787 1801 841 iste
1827 788 2034 843 dicitur

421 875 772 948 compositus
795 875 987 929 fuisse.
1044 874 1290 929 Ecclesia
1316 892 1589 947 namque,
1622 892 1747 947 quae
1779 880 1837 931 et
1863 893 2030 947 syna-

421 981 575 1037 goga
623 964 806 1019 fidelis
836 963 1060 1031 dicitur,
1112 981 1239 1035 quas
1287 964 1445 1035 prius
1492 966 1640 1019 Deus
1670 964 1741 1019 de
1770 965 2029 1020 contuitu

417 1056 783 1109 terrenorum
803 1052 1154 1117 laudaverat,
1184 1051 1382 1106 videns
1394 1054 1524 1124 post
1544 1052 1856 1108 adventum
1870 1052 2028 1107 Chri-

417 1142 488 1197 sti
540 1141 722 1197 bonas
750 1140 954 1212 afﬂigi,
987 1141 1170 1195 malos
1205 1157 1340 1196 vero
1400 1141 1746 1212 prosperari,
1792 1142 1852 1195 in
1882 1141 2026 1197 indi-

416 1230 755 1302 gnationem
774 1228 1102 1296 deveniens,
1117 1246 1266 1301 pene
1299 1229 1525 1284 defecit.
1558 1230 1627 1283 Et
1646 1246 1795 1300 pene
1817 1247 1884 1284 ex
1898 1232 2020 1286 toto

414 1318 805 1390 malignorum
833 1317 984 1389 parti
1014 1318 1376 1372 conformata
1405 1321 1509 1384 est,
1533 1321 1597 1371 ut
1616 1320 1673 1372 et
1698 1318 2022 1389 ipsaposset

410 1407 758 1480 prosperari.
791 1407 877 1461 Ab
920 1406 1252 1477 huiusmodi
1280 1422 1417 1461 vero
1466 1423 1662 1461 errore
1712 1407 1814 1462 Dei
1835 1408 2021 1479 gratia

411 1496 726 1568 opitulante
736 1495 977 1550 tandem
989 1496 1567 1566 exempta,malorum
1580 1496 2020 1567 prosperitatem

409 1585 678 1657 cognovit
706 1585 943 1639 tendere
983 1584 1055 1640 ad
1086 1600 1288 1638 eorum
1320 1584 1767 1640 destructionem
1792 1603 1805 1639 :
1835 1586 2023 1641 bono-

408 1691 538 1729 rum
569 1690 705 1729 vero
724 1672 1129 1728 adversitatem
1151 1673 1225 1727 ad
1257 1672 1513 1743 ipsorum
1539 1673 1935 1729 salvationem.
1956 1675 2023 1729 Et

2134 524 2340 596 bonus,
2372 531 2614 600 apparet
2641 530 2700 587 in
2721 530 2831 588 hoc
2852 531 2920 589 iis
2934 535 3032 607 qui
3078 541 3217 592 recto
3265 546 3396 595 sunt
3428 540 3601 610 corde,
3635 541 3750 599 illis

2131 614 2341 672 scilicet
2368 618 2465 690 qui
2494 621 2666 675 corde
2690 624 2846 678 recto
2878 625 3246 697 perpendunt
3275 627 3348 683 ad
3377 629 3516 702 quid
3543 629 3752 704 impio-

2131 720 2262 758 rum
2279 706 2567 774 exaltatio,
2594 707 2996 783 bonorumque
3023 713 3338 770 deventura
3385 716 3459 771 sit
3484 718 3747 776 afﬂictio.

2130 791 2247 847 Mei
2286 801 2457 850 autem
2479 813 2617 867 pene
2644 800 2777 852 moti
2800 807 2923 853 sunt
2936 801 3114 871 pedes.
3178 802 3342 868 Quod
3398 807 3477 861 sic
3530 808 3605 864 ad
3651 828 3751 866 su-

2130 881 2358 952 periora
2410 885 2800 957 conjungitur.
2858 888 3047 944 Rectis
3100 893 3274 947 corde
3326 912 3503 966 quam
3558 898 3750 956 bonus

2128 970 2276 1024 Deus
2306 976 2546 1044 apparet
2569 972 2581 1028 !
2608 975 2720 1030 Sed
2770 978 2878 1031 mei
2887 978 3047 1048 pedes
3065 997 3201 1051 pene
3229 986 3363 1037 moti
3385 992 3511 1039 sunt
3538 988 3611 1043 ab
3650 1005 3746 1057 eo,

2126 1057 2183 1111 id
2207 1062 2292 1113 est
2320 1062 2466 1116 ratio
2499 1079 2631 1118 mea
2656 1080 2770 1136 qua
2800 1064 3025 1121 animus
3055 1068 3297 1138 incedit,
3329 1070 3473 1128 sicut
3503 1076 3753 1149 pedibus

2122 1162 2348 1218 corpus,
2394 1166 2542 1220 pene
2580 1155 2843 1224 separata
2872 1155 2943 1210 ab
2974 1172 3063 1223 eo,
3097 1156 3157 1212 id
3215 1163 3301 1214 est
3332 1176 3483 1231 pene
3517 1163 3751 1222 distorsi

2121 1234 2192 1289 ab
2218 1252 2285 1291 eo
2323 1238 2562 1294 rationis
2609 1257 2755 1295 meae
2811 1243 3154 1300 contuitum.
3192 1247 3260 1301 Et
3284 1248 3362 1303 sic
3400 1267 3540 1322 pene
3587 1255 3753 1324 θίν’υεί

2116 1330 2241 1377 sunt
2264 1343 2467 1394 gressus
2495 1330 2615 1395 mei,
2649 1328 2707 1384 id
2735 1333 2820 1385 est
2849 1331 3003 1387 bona
3045 1350 3220 1405 opera
3246 1353 3399 1405 mea,
3423 1340 3627 1412 quibus
3667 1341 3747 1398 ad

2120 1412 2300 1467 Deum
2326 1413 2550 1483 incedo,
2585 1418 2745 1489 quasi
2771 1419 3113 1491 quibusdam
3156 1425 3443 1495 gressibus
3480 1446 3631 1501 pene
3656 1432 3745 1487 ef-

2119 1500 2244 1562 fusa
2274 1505 2426 1571 sunt,
2460 1503 2520 1559 id
2541 1507 2627 1560 est
2669 1507 2960 1563 exinanita
2990 1513 3048 1565 et
3092 1510 3151 1565 in
3185 1512 3411 1569 irritum
3451 1500 3693 1574 deducta
3726 1534 3745 1574 :

2121 1588 2189 1642 ad
2224 1589 2664 1648 similitudinem
2692 1595 2930 1669 alicujus
2952 1597 3212 1670 liquoris,
3243 1602 3363 1674 qui,
3403 1604 3473 1660 de
3499 1622 3629 1662 vase
3657 1607 3747 1663 ef-

2121 1677 2295 1747 fusus,
2359 1679 2417 1735 in
2451 1681 2678 1739 irritum
2738 1685 3059 1743 deducitur.
3093 1688 3151 1744 Si
3210 1691 3369 1747 enim
3401 1693 3472 1748 ab
3497 1711 3566 1749 eo
3590 1697 3743 1753 ratio

406 1765 485 1820 sic
516 1764 726 1820 amodo
757 1780 875 1818 non
896 1762 1176 1835 displicet,
1200 1761 1319 1819 imo
1344 1764 1531 1836 placet
1551 1762 1655 1835 ipsi
1687 1746 2029 1819 adversitas:
2050 1764 2100 1823 B
2121 1782 2253 1821 mea
2280 1773 2440 1824 mota
2459 1775 2626 1840 esset,
2664 1773 2863 1829 omnia
2894 1775 3050 1832 bona
3063 1794 3240 1850 opera
3252 1796 3384 1836 mea
3399 1781 3471 1836 ad
3491 1783 3743 1841 nihilum

407 1855 479 1910 Ut
501 1852 679 1927 igitur
706 1854 889 1908 bonos
916 1853 986 1907 ab
1013 1869 1209 1907 errore
1230 1852 1699 1923 etindignatione
1740 1854 2017 1922 retrahat,

403 1945 463 1998 et
500 1945 683 1998 Deum
707 1958 823 1996 non
847 1940 906 1995 in
938 1939 1185 1995 terrenis
1207 1940 1306 1995 sed
1338 1940 1397 1995 in
1426 1940 1593 1996 bonis
1639 1941 1871 1997 aeternis
1898 1960 2019 1998 esse

401 2031 759 2088 laudandum
779 2030 1066 2097 ostendat,
1097 2029 1154 2084 in
1183 2029 1284 2085 Dei
1313 2030 1544 2084 laudem
1575 2029 1783 2102 erupit,
1825 2033 2018 2086 osten-

405 2120 546 2175 dens
558 2135 691 2174 eum
712 2135 834 2173 esse
853 2118 1073 2173 bonum
1094 2118 1274 2173 etium
1295 2117 1352 2172 in
1374 2118 1687 2173 afﬂictione
1704 2119 2012 2175 bonorum.

401 2205 822 2278 Redarguendo
872 2223 1102 2279 quoque
1141 2223 1200 2261 se
1253 2205 1504 2262 ostendit
1533 2222 1789 2262 errasse:
1823 2211 1878 2261 et
1905 2225 2018 2279 qua

403 2293 473 2352 de
498 2313 669 2352 causa
700 2295 998 2362 erraverit,
1058 2295 1271 2349 scilicet
1328 2295 1585 2349 contuitu
1616 2295 1930 2368 impietatis
1961 2298 2019 2351 et

401 2385 635 2441 malitiae
668 2399 891 2451 eorum,
922 2382 1136 2438 scilicet
1176 2382 1512 2453 impiorum,
1542 2400 1717 2455 quam
1746 2383 2018 2456 multipli-

400 2472 544 2528 citer
574 2473 1012 2538 demonstrant;
1048 2471 1118 2525 de
1149 2486 1397 2542 quorum
1420 2471 1595 2525 etiam
1618 2471 1739 2543 agit
1763 2473 2017 2528 consola-

397 2556 557 2616 tione
586 2560 799 2615 futura.
830 2558 1058 2613 Tractat
1078 2557 1311 2631 insuper
1327 2559 1400 2613 ad
1418 2560 1749 2631 exemplum
1769 2560 2016 2616 aliorum

398 2649 469 2704 de
527 2647 612 2704 sui
670 2645 878 2702 erroris
946 2646 1421 2715 commutatione,
1454 2650 1511 2701 et
1551 2648 1635 2701 sui
1667 2664 1806 2719 erga
1834 2650 2017 2704 Deum

398 2736 778 2808 subjectione:
805 2734 1052 2790 dicendo
1071 2752 1129 2789 se
1157 2736 1272 2791 Deo
1289 2736 1500 2791 amodo
1515 2736 1832 2803 adhaerere,
1861 2737 1921 2791 in
1949 2754 2017 2793 eo

397 2826 559 2898 spem
588 2825 823 2879 habere.
858 2824 937 2878 De
963 2822 1126 2878 titulo
1157 2823 1391 2895 quidem
1427 2823 1591 2894 juxta
1635 2825 2018 2896 Augustinum

396 2914 474 2968 sic
531 2913 739 2986 agitur.
786 2911 844 2967 Si
882 2928 1015 2966 vero
1063 2911 1135 2966 ad
1189 2911 1524 2984 Hieronymi
1552 2913 1897 2968 sententiam
1924 2931 2015 2968 re-

396 3018 715 3068 curramus,
748 3000 949 3055 titulus
980 3000 1152 3071 hujus
1192 3001 1399 3072 psalmi
1421 3002 1785 3056 solummodo
1802 3019 1923 3057 esse
1940 3003 2017 3058 vi-

396 3094 565 3148 detur
582 3092 823 3164 psalmus
852 3090 1058 3161 Asaph.
1088 3090 1239 3145 Istud
1263 3091 1436 3163 igitur
1462 3092 1616 3162 quod
1631 3092 2007 3163 praeponitur,

394 3181 605 3236 scilicet
630 3180 967 3235 defecerunt
993 3177 1191 3232 laudes
1220 3178 1397 3233 David
1428 3178 1527 3232 filii
1547 3180 1719 3246 Jesse,
1756 3180 2008 3235 afﬁrmat

391 3269 592 3323 beatus
641 3267 1024 3337 Hieronymus
1077 3265 1231 3337 apud
1275 3265 1544 3321 Hebraeos
1573 3266 1806 3337 hujusce
1854 3268 2004 3324 tituli

392 3372 760 3428 nequaquam
782 3371 901 3408 esse
927 3356 1175 3425 partem,
1208 3353 1307 3407 sed
1322 3354 1667 3408 sententiam
1689 3356 1761 3410 ad
1796 3373 2005 3428 praece-

392 3445 626 3499 dentem
645 3444 931 3514 psalmum
950 3444 1309 3511 spectantem
1322 3442 1394 3496 ab
1412 3442 1588 3496 Esdra
1601 3446 2004 3514 competenter

391 3531 733 3607 appositam.
780 3529 1160 3585 Considerans
1201 3529 1358 3584 enim
1417 3530 1642 3597 Esdras,
1701 3531 2002 3588 titulorum

389 3619 759 3693 compositor,
779 3619 835 3673 in
848 3617 1196 3690 praecedenti
1229 3619 1449 3690 psalmo
1465 3619 1767 3689 negotium
1798 3621 2005 3677 adven-

387 3712 478 3763 tus
496 3712 555 3763 et
581 3707 747 3777 regni
770 3705 977 3761 Christi
1003 3705 1307 3773 contineri,
1339 3706 1397 3761 in
1420 3707 1579 3777 cujus
1599 3710 1863 3779 tempore
1882 3711 2002 3765 lau-

389 3797 487 3853 des
530 3795 747 3852 Judaici
802 3795 999 3867 populi
1053 3793 1342 3861 deﬁcient,
1379 3812 1523 3866 quas
1580 3812 1686 3868 pro
1744 3798 2004 3853 contuitu

387 3886 639 3956 agebant
657 3886 1046 3948 terrenorum,
1073 3882 1145 3936 ad
1164 3882 1609 3938 instructionem
1660 3883 1719 3938 in
1738 3887 2003 3956 tempore

387 3972 591 4028 Christi
605 3974 933 4027 futurorum
946 3971 1096 4024 hanc
1120 3970 1476 4025 sententiam
1496 3970 1793 4041 adjunxit;
1827 3990 2002 4044 quam

384 4061 463 4115 sic
492 4060 656 4131 ponit
702 4075 767 4113 ac
821 4058 867 4112 si
906 4058 1030 4128 jam
1090 4074 1191 4111 rex
1244 4058 1587 4125 advenisset,
1639 4077 1766 4130 qum
1820 4061 1898 4115 sic
1928 4062 2002 4116 ad

385 4150 668 4221 psalmum
685 4146 961 4200 refertur:
979 4144 1459 4216 Quandoquidem
1476 4147 1698 4215 rexille,
1721 4147 1792 4202 de
1804 4165 1917 4219 quo
1939 4149 1998 4205 in

382 4237 490 4291 hoc
504 4236 722 4308 psalmo
736 4231 1020 4304 superiori
1037 4234 1229 4286 actum
1251 4235 1355 4299 est,
1377 4232 1660 4297 adveniet,
1684 4236 1781 4307 qui
1795 4236 1921 4291 talis
1941 4241 1999 4292 et

2119 1855 2352 1912 redacta
2395 1858 2745 1916 viderentur.
2823 1864 2990 1920 Juxta
3048 1867 3205 1938 quod
3256 1869 3509 1926 Ezechiel
3550 1873 3740 1931 dicit:

2118 1960 2150 1994 <‹
2182 1942 2239 1998 Si
2269 1946 2540 2000 averterit
2571 1948 2822 2020 sejustus
2854 1969 2887 2006 a
2901 1952 3123 2023 justitia
3148 1974 3271 2020 sua,
3295 1959 3741 2032 omniumjusti-

2117 2030 2328 2088 tiarum
2356 2034 2476 2105 ejus
2506 2052 2625 2091 non
2675 2040 3029 2096 recordabor
3059 2042 3273 2115 (Επειδὴ.
3308 2065 3389 2116 ιη,
3427 2051 3533 2121 18).
3567 2030 3599 2103 is
3627 2052 3746 2107 Ad-

2109 2120 2305 2192 jungit
2334 2126 2527 2178 autem
2559 2141 2786 2181 causam
2824 2146 3005 2200 quare
3056 2148 3204 2202 pene
3231 2136 3375 2191 moti
3402 2141 3535 2192 sunt
3563 2140 3743 2213 pedes

2117 2209 2240 2280 ejus
2271 2212 2327 2265 et
2352 2228 2599 2283 gressus,
2659 2214 2777 2270 sic:
2810 2216 2942 2273 Ideo
2988 2219 3201 2276 scilicet
3239 2240 3389 2295 pene
3430 2209 3582 2282 moti
3606 2233 3744 2285 sunt

2116 2298 2311 2369 pedes,
2338 2302 2464 2370 quia
2493 2302 2677 2370 zelavi,
2736 2303 2797 2358 id
2823 2309 2909 2360 est
2939 2306 3272 2381 indignatus
3299 2330 3448 2383 sum,
3481 2317 3747 2376 conside-

2114 2387 2297 2458 rando
2329 2388 2569 2443 rationis
2642 2391 2856 2447 intuitu
2908 2413 3080 2467 super
3129 2397 3376 2472 iniquos.
3410 2403 3478 2458 Et
3501 2406 3743 2477 exponit

2115 2474 2269 2528 unde
2301 2476 2499 2533 zelavit
2533 2494 2690 2550 super
2747 2482 2970 2554 iniquos,
3033 2486 3300 2544 addendo
3356 2490 3436 2546 sic
3473 2474 3689 2550 scilicet
3721 2506 3736 2545 ε

2116 2562 2288 2617 zelavi
2322 2565 2502 2620 videns
2520 2583 2712 2638 pacem
2726 2579 3089 2641 peccatorum,
3123 2574 3182 2631 id
3212 2581 3297 2632 est
3325 2578 3395 2634 de
3420 2580 3530 2637 hoc
3578 2583 3733 2639 indi-

2115 2653 2324 2721 gnatus
2354 2670 2501 2720 sum,
2529 2656 2682 2727 quia,
2720 2658 3138 2718 considerando
3169 2663 3323 2736 ipsos
3366 2666 3615 2741 iniquos,
3646 2672 3733 2728 vi-

2117 2739 2326 2794 debam
2355 2758 2451 2796 eos
2480 2742 2692 2800 habere
2713 2745 2888 2801 vitam
2913 2750 3209 2820 pacificam
3257 2757 3315 2808 et
3342 2739 3732 2828 imperturba-

2116 2828 2262 2916 tam,
2291 2845 2423 2884 cum
2463 2836 2792 2902 peccatores
2818 2840 3008 2891 essent
3027 2843 3085 2893 et
3114 2839 3270 2912 digni
3301 2845 3727 2917 pertubatione.

2114 2910 2293 2986 Super
2319 2920 2525 2990 iniquos
2557 2920 2710 2989 dicit,
2743 2940 2777 2978 a
2805 2910 3199 2983 similitudine
3224 2910 3372 2986 illius
3393 2934 3512 3005 qui,
3534 2936 3592 2990 in
3612 2910 3734 2994 alto

2114 3004 2238 3059 loco
2264 3006 2627 3076 consistens,'
2660 3026 2832 3083 super
2876 3012 3178 3071 inferiores
3228 3004 3449 3091 aspicit.
3493 3024 3738 3082 Accedit

2111 3109 2244 3148 vero
2276 3095 2347 3148 ad
2375 3096 2483 3150 hoc
2513 3099 2577 3151 ut
2614 3098 2793 3154 solvat
2845 3118 2959 3173 qua
2984 3102 3054 3159 de
3085 3121 3253 3161 causa
3299 3124 3411 3179 pax
3436 3110 3507 3165 sit
3533 3128 3737 3183 pecca-

2107 3181 2325 3236 toribus
2379 3183 2532 3252 data,
2576 3185 2653 3240 sic
2696 3203 2708 3242 :
2759 3188 2895 3245 Dico
2928 3191 3110 3261 zelavi,
3149 3210 3341 3266 pacem
3387 3181 3735 3269 peccatorum

2105 3270 2301 3325 videns.
2362 3271 2561 3327 Pacem
2604 3274 2730 3331 dico
2761 3276 2891 3333 ideo
2925 3279 3121 3336 datam
3142 3300 3175 3338 a
3204 3286 3342 3355 Deo,
3365 3288 3494 3359 quia
3527 3307 3631 3344 non
3651 3298 3734 3346 est

2102 3365 2358 3429 respectus
2387 3360 2486 3416 Dei
2515 3366 2677 3418 morti
2728 3383 2930 3435 eorum,
2964 3369 3024 3424 id
3061 3374 3145 3425 est
3173 3371 3303 3429 ideo
3354 3378 3615 3433 concedit
3646 3379 3734 3436 eis

2102 3445 2251 3500 Deus
2283 3464 2481 3519 pacem
2515 3450 2572 3504 in
2620 3451 2813 3508 futuro
2839 3456 3003 3510 valde
3056 3459 3411 3531 nocituram;
3440 3464 3574 3536 quia
3603 3484 3731 3523 non

2101 3534 2332 3604 respicit
2370 3536 2443 3591 ad
2472 3542 2725 3595 mortem
2755 3557 2982 3612 eorum,
3046 3563 3173 3618 quae
3205 3565 3309 3621 pro
3336 3550 3442 3606 hac
3458 3534 3612 3622 pace
3643 3555 3731 3611 eis

2102 3622 2420 3694 continget,
2456 3627 2518 3678 ut
2570 3642 2667 3680 eos
2698 3626 2834 3682 inde
2864 3630 3181 3688 clementer
3210 3636 3434 3710 eripiat.
3463 3639 3523 3694 Si
3560 3642 3727 3700 enim

2103 3727 2199 3766 eos
2224 3712 2359 3767 inde
2387 3714 2608 3786 eripere
2639 3718 2833 3787 vellet,
2867 3738 2985 3777 non
3013 3723 3093 3778 eis
3120 3725 3315 3798 utique
3340 3744 3567 3799 pacem,
3600 3732 3725 3788 imo

2101 3800 2507 3857 adversitatem
2541 3807 2912 3863 concederet.
2970 3809 3183 3867 Etnon
3202 3818 3286 3869 est
3317 3815 3726 3884 ﬁrmamentum

2102 3889 2202 3944 Dei
2231 3892 2285 3943 in
2306 3890 2470 3961 plaga
2499 3909 2701 3963 eorum,
2734 3894 2793 3951 id
2823 3898 2907 3951 est
2945 3897 3004 3953 in
3053 3898 3133 3955 eis
3188 3903 3433 3975 plagatis
3484 3907 3725 3963 vulnere

2101 3980 2487 4047 peccatorum.
2524 3979 2689 4044 Quod
2740 3988 2825 4039 est
2871 3986 3063 4043 dicere
3088 4005 3100 4042 :
3129 3989 3197 4043 Et
3222 3989 3351 4047 ideo
3380 4009 3582 4065 pacem
3640 3996 3725 4051 eis

2101 4064 2384 4133 concedit,
2414 4066 2684 4138 quianon
2710 4074 2873 4125 curat
2902 4073 3247 4132 confirmare
3275 4076 3333 4131 in
3348 4079 3594 4136 sanitate
3621 4098 3723 4137 eos

2098 4152 2359 4223 plagatos
2387 4171 2401 4221 ;
2435 4171 2572 4210 nam
2615 4155 2659 4210 si
2692 4174 2789 4213 eos
2820 4161 3160 4219 adversitate
3209 4166 3532 4238 castigaret,
3564 4168 3719 4241 ipsos

2098 4237 2293 4309 utique
2322 4241 2600 4312 plagatos,
2625 4260 2729 4315 per
2758 4246 2866 4302 hoc
2897 4247 2955 4303 in
2987 4249 3232 4306 sanitate
3249 4237 3533 4311 firmaret.

382 4324 510 4379 talis
539 4326 623 4379 est
642 4322 779 4377 utin
794 4321 904 4376 hoc
921 4321 1142 4391 psalmo
1165 4322 1250 4374 est
1270 4319 1998 4388 ostensum,deficientlau-
2020 4327 2074 4386 D
2127 4413 2137 4414 ί
2166 4326 2233 4380 Et
2261 4329 2467 4384 merito
2506 4347 2613 4384 non
2633 4338 2708 4385 est
2758 4335 3153 4403 ﬁrmamentum
3206 4341 3261 4393 in
3298 4342 3464 4412 plaga
3510 4361 3714 4414 eorum,

383 4413 483 4468 des
502 4412 678 4468 David
693 4410 791 4466 filii
807 4411 980 4473 Jesse,
994 4408 1415 4463 scilicetlaudes
1432 4412 1572 4464 actas
1593 4412 1709 4466 Deo
1734 4429 1767 4466 a
1782 4416 1994 4486 populo

380 4502 551 4556 Israel
581 4498 837 4554 contuitu
876 4496 1291 4570 temporalium
1352 4496 1516 4560 Quod
1533 4501 1621 4552 est
1656 4499 1845 4556 dicere
1869 4504 1995 4558 :llle

381 4606 479 4645 rex
506 4588 747 4643 instruet
790 4603 919 4641 suos
962 4588 1143 4641 Deum
1183 4601 1302 4640 non
1341 4601 1461 4639 esse
1505 4587 1860 4645 laudandum
1886 4609 1992 4664 pro

380 4674 815 4747 temporalibus,
867 4672 966 4728 sed
994 4689 1100 4745 pro
1146 4671 1396 4727 aeternis.
1432 4672 1541 4727 Has
1580 4678 1771 4731 autem
1796 4678 1991 4735 laudes

381 4764 652 4821 defecisse
678 4761 865 4817 innuit
879 4761 1121 4832 psalmus
1151 4761 1339 4832 Asaph
1389 4760 1483 4833 qui
1511 4764 1804 4835 sequitur;
1832 4769 1991 4839 cujus

378 4853 624 4911 intentio
673 4867 807 4907 cum
841 4848 1147 4921 superioris
1192 4847 1341 4903 tituli
1374 4850 1727 4922 expositione
1764 4858 1992 4912 ostensa

380 4948 485 4998 est.

451 5030 635 5096 Quam
665 5029 825 5083 bonus
849 5025 1020 5081 Israel
1043 5025 1187 5080 Deus
1210 5027 1289 5079 his
1309 5042 1398 5097 qui
1456 5034 1594 5082 recto
1644 5035 1768 5083 sunt
1815 5033 1984 5089 corde.

377 5121 440 5175 In
486 5118 760 5174 Hebriaca
805 5114 1183 5171 translatione
1235 5115 1482 5169 habetur
1515 5132 1527 5169 :
1560 5122 1797 5171 attamen
1826 5137 1987 5191 quam

381 5209 542 5264 bonus
564 5206 734 5261 Israel
752 5205 913 5271 Deus,
939 5206 1046 5257 etc.
1090 5204 1170 5257 Ac
1199 5202 1243 5256 si
1276 5202 1453 5257 dicat:
1479 5202 1621 5258 Cum
1678 5222 1809 5261 suos
1838 5208 1986 5263 Deus

378 5295 556 5367 afﬂigi
600 5292 918 5365 permittat,
969 5291 1266 5361 malosque
1309 5292 1655 5362 prosperari,
1689 5309 1722 5347 a
1752 5294 1983 5365 quibus-

378 5386 513 5439 dam
544 5399 661 5437 non
687 5383 841 5435 recte
873 5377 1386 5444 considerantibus,
1412 5393 1530 5433 non
1576 5380 1762 5435 bonus
1787 5381 1844 5436 in
1875 5383 1983 5439 hoc

600 5485 718 5525 esse
739 5465 1085 5522 decernitur.
1116 5467 1387 5520 Attamen
1409 5464 1550 5536 ipse,
1579 5467 1673 5539 qui
1703 5470 1848 5551 Deus
1891 5488 1987 5544 ap-

382 5559 547 5615 daret
578 5555 847 5615 omnibus
875 5554 973 5627 qui
1003 5555 1137 5611 sunt
1180 5554 1372 5626 Israel,
1404 5554 1835 5631 quibuscunque
1868 5577 1986 5618 non

2094 4411 2239 4469 Nam
2270 4419 2326 4470 in
2376 4417 2550 4473 labore
2600 4420 2874 4477 Izominum
2919 4441 3025 4480 non
3043 4435 3187 4496 sunt,
3242 4429 3301 4485 id
3322 4434 3407 4485 est
3435 4449 3554 4488 non
3582 4439 3723 4490 sunt

2094 4505 2401 4577 participes
2430 4508 2646 4564 laboris
2675 4510 3001 4582 hominum,
3046 4514 3301 4572 fidelium
3350 4519 3583 4588 scilicet,
3616 4540 3717 4578 ra-

2091 4592 2445 4649 tionabiliter
2487 4612 2546 4649 se
2598 4596 2957 4669 habentium,
2991 4602 3063 4657 ad
3096 4605 3339 4661 modum
3375 4607 3710 4667 hominum.

2092 4681 2256 4745 Quod
2291 4684 2375 4736 est
2400 4683 2620 4738 dicere:
2648 4685 2955 4760 Negligunt
2974 4690 3047 4745 ad
3080 4695 3298 4749 aeterna
3341 4695 3497 4752 bona
3520 4699 3712 4771 adipi-

2089 4771 2300 4825 scenda
2328 4772 2592 4827 laborare
2619 4774 2693 4829 ad
2718 4793 2844 4848 quas
2899 4776 3096 4834 ﬁdeles
3124 4781 3414 4838 laborant.
3467 4785 3546 4841 Et
3570 4788 3705 4844 ideo

2089 4877 2208 4913 cum
2233 4860 2539 4915 hominibus
2563 4877 2672 4916 non
2706 4865 3146 4936 ﬂagellabantur,
3180 4870 3239 4925 id
3270 4875 3353 4926 est
3384 4890 3514 4929 cum
3558 4876 3705 4932 ﬁde-

2087 4947 2234 5002 libus
2264 4965 2381 5004 non
2412 4950 2844 5022 castigabuntur
2866 4955 3105 5027 ﬂagellis
3117 4958 3576 5018 tribulationum.
3603 4966 3705 5021 Vel

2087 5036 2253 5091 aliter
2271 5037 2474 5092 melius
2492 5039 2549 5093 hi
2570 5056 2762 5095 versus
2786 5042 3155 5114 leguntur,,ut
3172 5048 3356 5104 adhuc
3378 5051 3553 5107 addat
3573 5069 3705 5109 cau-

2084 5140 2173 5179 sas
2211 5142 2387 5196 quare
2413 5127 2631 5195 zelavit,
2660 5128 2737 5182 sic
2764 5146 2776 5184 :
2800 5131 2867 5185 Et
2914 5132 3042 5188 ideo
3079 5135 3249 5192 zelavi
3313 5141 3439 5210 quia
3494 5158 3597 5194 non
3625 5149 3703 5197 est

2084 5218 2338 5282 respectus
2369 5213 2467 5267 Dei
2493 5218 2656 5269 morti
2689 5234 2888 5286 eorum,
2949 5219 3007 5280 id
3055 5226 3140 5277 est
3168 5226 3416 5296 peccatis
3472 5244 3697 5298 eorum,

2084 5315 2210 5369 quae
2268 5299 2535 5356 dicuntur
2582 5320 2760 5372 mors,
2794 5322 2862 5360 eo
2931 5309 3086 5380 quod
3119 5326 3288 5367 causa
3331 5314 3445 5369 sint
3471 5318 3695 5373 mortis.

2086 5386 2250 5449 Quod
2275 5391 2359 5441 est
2376 5388 2564 5444 dicere
2587 5407 2600 5458 ;
2636 5392 2767 5447 Ideo
2781 5394 2953 5449 zelavi
2986 5396 3119 5467 quia
3142 5399 3291 5454 Deus
3324 5417 3441 5456 non
3464 5403 3699 5476 respicit

2084 5479 2318 5547 peccata
2363 5494 2564 5533 eorum
2597 5483 2658 5535 ut
2688 5480 2746 5535 in
2795 5483 3064 5553 praesenti
3124 5486 3443 5556 ulciscatur,
3476 5494 3535 5545 et
3559 5493 3697 5565 quia

2086 5580 2191 5620 non
2227 5572 2301 5622 est
2326 5566 2722 5636 ﬁrmamentum
2781 5571 2835 5625 in
2848 5571 3016 5645 plaga
3047 5590 3245 5633 comm.
3281 5574 3447 5643 Quod
3477 5582 3561 5636 est
3606 5580 3695 5637 di-
