3970 6040
228 329 359 407 tum

1199 341 1556 408 EXPOSITIO
1591 341 1662 406 IN
1700 339 2034 408 PSALMOS.
2077 375 2148 395 -
2186 343 2382 412 PSAL.
2423 333 2600 414 LXXII

3405 353 3544 423 MO!

223 460 470 525 cere:Si
499 460 810 544 aliquando
829 461 912 525 eis
926 461 1098 542 plaga
1132 464 1502 542 contingit,id
1530 468 1614 526 est
1631 463 1830 528 adver-
1862 464 2132 537 Alocum
2161 469 2420 532 ascendit
2464 473 2530 533 ut
2571 485 2679 533 vox
2730 467 2854 550 ejus
2893 467 3162 534 omnibus
3189 466 3250 536 in
3309 471 3552 539 circuitu

221 554 376 613 sitas.
416 555 481 612 In
537 555 637 614 illa
692 559 864 632 plaga
913 573 1019 614 non
1055 561 1129 614 est
1172 557 1591 628 ﬁrmamentum,
1642 556 1703 615 id
1755 561 1842 616 est

219 643 382 702 illam
410 647 640 720 plagam
689 649 837 704 Deus
863 663 980 703 non
1032 647 1358 716 conﬁrmat,
1418 651 1481 703 ut
1524 649 1619 703 diu
1651 649 1836 719 daret,

218 737 604 806 prouteorum
636 736 787 792 mala
811 735 1018 791 merita
1045 735 1308 791 videntur
1339 736 1702 809 exigere,sed
1721 736 1832 794 cito

215 822 550 880 transitoria
577 827 681 880 est.
715 825 781 878 Et
807 824 936 880 ideo
967 823 1152 880 adhuc
1194 823 1380 886 zelavi,
1413 824 1548 899 quia
1579 843 1683 880 non
1710 831 1836 881 sunt

216 912 274 966 in
327 912 502 967 labore
538 913 832 982 hominum,
874 913 1131 968 ﬁdelium
1186 912 1416 982 scilicet,
1471 913 1530 968 id
1573 917 1659 968 est
1713 931 1832 969 non

215 1004 350 1056 sunt
379 1002 686 1074 participes
733 1003 944 1058 laboris
988 1001 1268 1069 fidelium,
1323 1005 1384 1057 ut
1411 1002 1618 1058 eodem
1653 1002 1832 1057 modo

213 1089 483 1146 laborent
510 1090 569 1146 in
599 1091 1036 1146 adversitatibus
1061 1089 1346 1164 sicutipsi.
1372 1092 1440 1146 Et
1467 1091 1576 1146 hoc
1599 1089 1836 1164 exponit

214 1192 348 1234 cum
400 1179 582 1246 addit,
633 1185 703 1249 et,
736 1179 795 1235 id
846 1183 931 1235 est
985 1179 1216 1247 scilicet,
1271 1195 1376 1233 non
1419 1179 1834 1250 ﬂagellabantur

213 1264 274 1322 in
294 1268 406 1324 hoc
427 1269 666 1337 mundo,
696 1285 882 1341 neque
915 1269 1282 1340 flagellantur
1309 1268 1558 1341 ﬂagellis
1599 1267 1834 1324 tribula-

215 1357 439 1413 tionum
461 1373 494 1411 a
521 1359 639 1413 Deo
670 1375 790 1412 cum
819 1357 1136 1426 hominibus,
1170 1357 1228 1412 id
1269 1359 1355 1412 est
1385 1375 1516 1412 cum
1552 1356 1834 1433 ﬁdelibus,

213 1447 371 1519 quod
399 1451 488 1502 est
517 1446 706 1502 dicere
729 1446 890 1502 :ldeo
922 1445 1216 1519 indignor,
1271 1446 1408 1520 quia
1442 1445 1608 1500 video
1640 1446 1837 1502 fideles

214 1537 478 1592 laborare
505 1539 562 1592 et
598 1535 878 1610 flagellari
909 1553 944 1591 a
971 1537 1111 1604 Deo,
1143 1537 1328 1591 malos
1378 1552 1510 1592 vero
1541 1535 1787 1592 minime
1816 1552 1834 1601 ;

213 1623 259 1678 si
291 1624 447 1680 enim
479 1627 680 1680 saltem
708 1623 847 1680 boni
871 1641 990 1679 non
1019 1625 1354 1679 laborarent
1384 1641 1569 1696 neque
1585 1622 1836 1695 ﬂagella-

213 1717 436 1782 rentur,
466 1731 584 1770 non
607 1715 751 1770 adeo
781 1714 1140 1786 indign‘arer.
1163 1713 1262 1768 Vel
1293 1713 1374 1768 ita
1419 1713 1750 1786 potestlegi,
1773 1715 1836 1768 ut

1939 559 2308 620 existentibus
2350 565 2656 622 manifesta
2699 563 2791 621 sit.
2843 564 2911 622 Et
2941 582 3056 622 non
3090 569 3552 645 qualemcunque

1935 649 2305 726 iniquitatem
2335 654 2498 710 locuti
2535 664 2678 724 sunt,
2732 656 2832 711 sed
2865 663 3158 727 posuerunt
3199 674 3254 712 os
3297 676 3451 714 suum
3495 662 3554 716 in

1936 740 2078 809 caelo,
2108 741 2163 796 id
2183 746 2271 797 est
2287 748 2554 800 constans
2570 745 2832 799 fecerunt
2853 761 2916 800 os
2935 761 3104 800 suum
3121 745 3178 800 in
3189 745 3547 820 blasphemia

1935 829 2036 884 Dei
2093 830 2239 897 caeli,
2279 832 2364 886 vel
2415 839 2708 902 posuerunt
2744 833 2800 885 in
2856 831 3058 899 cretum,
3101 831 3160 888 id
3214 837 3300 888 est
3349 840 3552 892 contra

1934 919 2158 986 coelum,
2193 919 2406 975 scilicet
2428 923 2488 975 ut
2513 922 2696 975 Deum
2712 921 2838 976 coeli
2865 921 3360 992 blasphemarent.
3381 925 3448 979 Et
3473 925 3550 980 sic

1933 1008 2130 1062 tamen
2154 1009 2310 1080 quod
2338 1009 2519 1079 lingua
2549 1027 2728 1064 eorum
2773 1009 2930 1083 prius
2987 1013 3198 1065 transiit
3247 1013 3303 1066 in
3331 1019 3548 1082 terram,

1935 1093 1995 1150 id
2015 1099 2100 1150 est
2129 1095 2188 1150 in
2214 1113 2283 1151 ea
2317 1115 2446 1170 qua:
2500 1101 2631 1153 sunt
2659 1097 2716 1152 in
2746 1102 2922 1164 terra,
2971 1099 3126 1170 quod
3173 1102 3257 1154 est
3307 1100 3500 1158 dicere
3529 1119 3544 1159 :

1935 1183 2098 1240 Prius
2127 1184 2671 1258 blasphemaverunt
2705 1187 2974 1242 homines
3001 1189 3058 1241 et
3075 1203 3146 1242 ea
3170 1205 3297 1259 quae
3315 1189 3374 1244 in
3392 1191 3549 1247 terra

1937 1274 2088 1339 sunt,
2112 1275 2170 1328 et
2197 1273 2266 1328 ab
2288 1291 2490 1328 eorum
2545 1274 2904 1347 blasphemia
2960 1275 3032 1330 ad
3051 1275 3151 1330 Dei
3167 1278 3407 1332 caelestis
3424 1278 3546 1336 bla-

1935 1361 2256 1433 Sphemiam
2270 1362 2854 1431 transierunt,uteum
2867 1363 3548 1436 posteablasphemarent

1936 1451 2023 1503 vel
2047 1449 2127 1505 sic
2159 1467 2172 1505 :
2203 1449 2326 1505 Dixi
2357 1438 2512 1522 quod
2538 1453 2707 1505 tenuit
2730 1468 2812 1506 eos
2834 1452 3096 1522 superbia,
3125 1456 3182 1506 et
3209 1453 3354 1508 adeo
3379 1457 3548 1509 tenuit

1935 1537 2090 1609 quod
2106 1547 2402 1608 posuerunt
2424 1555 2480 1594 os
2504 1557 2658 1594 suum
2689 1541 2744 1593 in
2774 1539 2915 1606 creto,
2940 1539 3000 1594 id
3051 1539 3209 1594 estin
3225 1541 3545 1597 conformi-

1935 1627 2051 1680 tate
2085 1627 2324 1682 cmlestis
2370 1627 2491 1694 Dei,
2537 1630 2598 1682 ut
2625 1627 2770 1682 sicut
2789 1628 2884 1681 ille
2901 1644 2992 1681 res
3012 1627 3266 1699 disponit
3281 1633 3338 1683 et
3353 1630 3544 1702 dispo-

1934 1714 2140 1770 sitione
2191 1715 2436 1786 perficit,
2481 1715 2559 1770 sic
2583 1717 2640 1770 et
2665 1715 2769 1787 ipsi
2795 1714 3037 1770 subditis
3081 1715 3423 1787 imperando
3455 1735 3548 1773 res

211 1802 471 1876 superius
501 1784 1036 1877 expositum
1068 1802 1194 1856 fuit.
1263 1799 1399 1856 Dico
1421 1784 1436 1786 _
1478 1801 1628 1873 quod
1685 1784 1836 1855 Deus
1861 1821 1912 1880 Β
1935 1802 2154 1858 futuras
2183 1784 2289 1875 pro
2317 1804 2458 1858 velle
2507 1821 2608 1859 suo
2643 1784 3040 1876 disponerent,
3090 1805 3147 1856 et
3167 1784 3248 1858 ad
3277 1804 3546 1862 effectum

211 1907 332 1947 non
354 1891 588 1966 respicit
614 1895 888 1957 mortem,
923 1890 982 1945 id
1007 1892 1094 1945 est
1123 1890 1359 1962 peccata
1383 1905 1610 1956 eorum,
1642 1891 1700 1943 et
1728 1887 1834 1962 ipsi

209 1982 410 2036 tamen
437 1997 544 2035 non
592 1985 716 2034 sunt
765 1981 820 2032 in
873 1977 1050 2033 labore
1105 1979 1400 2044 hominum,
1459 1977 1519 2032 id
1563 1979 1648 2032 est
1700 1977 1837 2032 tide-

209 2068 374 2136 lium,
435 2071 498 2123 ut
525 2067 599 2122 ad
639 2070 858 2122 interna
879 2067 1168 2134 laborent,
1198 2065 1341 2120 sicut
1371 2065 1588 2132 ﬁdeles,
1621 2068 1834 2121 etcum

208 2155 342 2212 ideo
357 2156 686 2212 viderentur
697 2155 856 2227 digni
868 2153 1400 2226 ﬂagellatione,non
1415 2153 1781 2225 ﬂagellantur
1801 2171 1835 2208 a

210 2246 328 2300 Deo
351 2261 482 2301 cum
509 2243 861 2300 hominibus.
899 2245 977 2297 Ac
1007 2243 1052 2298 si
1099 2241 1488 2298 dicat:Tanto
1531 2241 1717 2314 magis
1744 2241 1833 2296 in-

211 2332 484 2406 dignatus
533 2349 662 2388 sum
708 2349 840 2387 cum
883 2331 1115 2386 videam
1158 2331 1344 2386 bonos
1384 2330 1714 2384 laborantes
1758 2330 1834 2384 ad

209 2425 429 2478 (eterna
473 2420 792 2494 ﬂagellari;
825 2420 976 2492 ipsos
1006 2435 1139 2476 vero
1191 2419 1264 2474 ad
1295 2422 1515 2473 aeterna
1565 2417 1831 2473 laborare

208 2509 593 2582 negligentes,
655 2509 897 2564 minime
942 2507 1242 2579 ﬂagellari.
1290 2505 1519 2580 Ideoque
1547 2505 1680 2578 quia
1712 2521 1830 2560 non

210 2599 580 2670 ﬂagellantur
627 2614 818 2668 neque
865 2596 1332 2668 ﬂagellabuntur,
1364 2595 1608 2666 superbia
1638 2611 1720 2648 eos
1759 2601 1830 2648 te-

208 2690 345 2755 nuit,
373 2687 432 2742 id
454 2689 539 2742 es‘t
569 2686 747 2742 vinxit
776 2689 832 2741 et
863 2685 1117 2757 alligavit
1148 2701 1466 2756 numquam
1509 2701 1608 2739 eos
1628 2683 1828 2739 dimis-

205 2793 358 2844 sura,
391 2780 450 2831 et
478 2779 638 2832 tanto
669 2775 854 2847 magis
875 2773 1171 2847 magisque
1197 2773 1555 2846 superbiant.

278 2867 347 2921 Et
376 2865 506 2922 ideo
555 2865 741 2920 adhuc
765 2865 934 2936 aperti
981 2867 1124 2931 sunt,
1169 2861 1227 2915 id
1285 2865 1370 2917 est
1416 2860 1828 2932 circumvallati

205 2956 504 3028 iniquitate,
557 2951 618 3008 id
655 2955 742 3008 est
790 2951 991 3023 iniqua
1037 2949 1386 3022 cogitatione
1439 2953 1724 3022 quantum
1755 2949 1828 3004 ad

204 3043 534 3116 proximum
561 3059 574 3110 ;
606 3049 655 3097 et
685 3043 948 3113 impietate
978 3042 1258 3112 quantum
1293 3038 1366 3093 ad
1397 3039 1578 3092 Deum
1621 3054 1742 3104 sua,
1769 3037 1828 3092 id

205 3136 290 3188 est
311 3133 383 3188 ab
417 3133 499 3188 eis
527 3129 858 3204 precedenti
876 3145 994 3184 non
1015 3126 1284 3182 emeritis
1313 3127 1415 3182 Dei
1454 3129 1512 3181 et
1531 3125 1822 3198 proximo-

201 3234 358 3273 rum.
393 3218 576 3289 Operti
595 3225 716 3273 sunt
731 3234 834 3290 per
865 3216 1188 3288 emphasim
1219 3215 1376 3282 dicit,
1400 3213 1822 3269 asimilitudine

201 3305 479 3380 corporis,
547 3306 702 3378 quod
757 3305 1010 3376 undique
1064 3303 1312 3358 vestibus
1360 3302 1635 3375 Operitur.
1669 3303 1748 3357 Ac
1777 3304 1823 3358 si

201 3395 386 3450 dicat:
411 3394 584 3449 Valde
614 3393 819 3465 repleti
837 3395 970 3448 sunt
994 3391 1298 3464 iniquitate
1313 3390 1678 3462 ctimpietate
1697 3409 1820 3461 sua,

199 3499 376 3555 quam
389 3485 592 3555 sponte
611 3483 849 3549 habent,
875 3482 1031 3536 nullo
1073 3481 1153 3535 eis
1172 3479 1534 3539 occasionem
1556 3479 1751 3547 dante,
1768 3483 1826 3534 et

198 3572 450 3643 iniquitas
471 3587 668 3636 eorum,
686 3570 743 3624 id
765 3573 848 3624 est
865 3569 1064 3641 iniqua
1085 3584 1286 3623 eorum
1319 3566 1616 3638 cogitatio,
1622 3567 1826 3637 prodiit

196 3661 353 3730 quasi
369 3675 432 3712 ea:
481 3658 654 3730 adipe,
685 3657 746 3712 id
775 3661 860 3712 est
886 3675 952 3712 ex
984 3661 1218 3712 terrena
1260 3655 1666 3728 prosperitate,
1695 3673 1825 3728 qua:

197 3746 407 3802 dicitur
434 3747 594 3820 quasi
617 3747 813 3818 adeps,
862 3746 921 3802 id
947 3749 1032 3801 est
1061 3745 1263 3800 similis
1312 3744 1489 3816 adipi,
1522 3745 1656 3817 quia
1685 3744 1830 3800 sicut

199 3837 378 3908 adeps
406 3837 709 3910 pinguium
739 3835 1081 3891 animalium
1113 3851 1284 3890 causa
1340 3838 1444 3900 est,
1490 3850 1668 3906 quare
1699 3833 1824 3906 ipsa

195 3925 554 3998 superbiant,
573 3925 650 3980 sic
680 3941 880 3979 eorum
900 3923 1250 3996 prosperitas
1263 3925 1500 3976 terrena
1521 3939 1700 3995 quare
1731 3939 1823 3976 su-

195 4013 560 4086 perbiantest
584 4030 770 4068 causa.
803 4013 868 4066 Et
883 4030 948 4066 ex
1013 4013 1317 4084 iniquitate,
1349 4010 1406 4064 id
1433 4013 1519 4065 est
1541 4027 1605 4064 ex
1623 4009 1824 4082 iniqua

197 4103 570 4176 cogitatione,
602 4104 929 4156 transierunt
962 4117 1140 4172 usque
1181 4103 1238 4154 in
1267 4101 1520 4172 affectum
1549 4099 1740 4166 cordis,
1764 4098 1822 4152 id

197 4195 285 4246 est
313 4207 493 4262 usque
523 4190 581 4245 in
616 4190 862 4244 nimium
919 4189 1268 4244 desiderium
1302 4187 1510 4242 cordis.
1547 4187 1711 4252 Quod
1741 4191 1826 4242 est

197 4278 387 4334 dicere
413 4296 424 4334 :
447 4279 569 4334 Non
604 4280 788 4334 solum
845 4276 1244 4348 cogitaverunt
1272 4275 1491 4347 inique,
1519 4275 1620 4329 sed
1645 4274 1822 4329 etiam

1932 1891 2268 1964 pertrahere
2296 1891 2380 1946 sui
2412 1892 2570 1948 verbi
2600 1890 2844 1963 imperio
2882 1891 3248 1959 molirentur,
3270 1897 3327 1948 et
3348 1893 3549 1966 lingua

1933 1995 2136 2034 eorum
2163 1981 2219 2034 in
2249 1983 2401 2034 terra
2426 1979 2791 2035 existentium
2808 1979 3070 2034 transivit
3107 1982 3368 2036 terrenas
3388 1982 3546 2055 cogi-

1933 2069 2204 2136 lationes,
2250 2068 2463 2124 scilicet
2491 2072 2553 2123 ut
2577 2085 2708 2123 cum
2742 2068 2958 2122 terreni
2983 2072 3195 2135 essent,
3252 2086 3369 2124 non
3385 2071 3547 2142 quasi

1934 2156 2150 2211 terreni
2168 2155 2512 2228 cogitarent,
2537 2157 2636 2210 sed
2650 2155 2810 2228 quasi
2835 2155 2911 2210 dii
2935 2159 3273 2227 reputantes
3294 2173 3352 2211 se
3376 2157 3548 2214 nimis

1933 2245 2227 2313 sublimes,
2269 2262 2335 2300 ac
2377 2245 2420 2300 si
2455 2244 2533 2300 dii
2583 2247 2790 2300 essent.
2825 2245 2904 2298 Ac
2957 2243 3002 2298 si
3032 2244 3184 2300 dicat
3216 2261 3229 2299 :
3266 2244 3408 2301 Cum
3439 2245 3547 2319 ipsi

1931 2334 2148 2390 terreni
2205 2335 2320 2390 sint
2350 2337 2408 2390 et
2433 2333 2703 2389 sublimia
2749 2332 2922 2388 nimis
2949 2335 3262 2406 loquantur
3283 2335 3544 2408 impune,

1931 2439 2102 2478 causa
2139 2425 2272 2478 sunt
2303 2438 2481 2495 quare
2510 2423 2692 2476 zelavi.

2005 2511 2147 2576 Quia
2166 2527 2299 2584 vero
2343 2510 2563 2565 dixerat
2611 2526 2670 2564 se
2691 2510 2919 2576 zelasse,
2943 2512 3001 2565 et
3037 2512 3548 2569 causaszeliosten-

1930 2599 2114 2667 derat,
2131 2598 2404 2671 possetab
2422 2598 2612 2670 aliquo
2633 2597 2832 2668 quaeri,
2872 2597 3060 2663 Quare
3111 2600 3218 2655 hoc
3261 2601 3400 2656 dicis
3419 2603 3548 2658 Σ)Αά

1929 2689 2086 2760 quod
2111 2689 2188 2743 sic
2209 2687 2522 2759 respondet
2537 2704 2550 2742 :
2565 2687 2698 2742 Ideo
2721 2687 2830 2742 hoc
2843 2686 2994 2754 dico,
3012 2705 3190 2760 quare
3217 2697 3548 2745 conrertetur

1930 2777 2002 2832 ab
2021 2777 2131 2832 hoc
2161 2777 2370 2832 eodem
2400 2791 2596 2831 errore
2643 2775 2872 2846 populus
2906 2793 3072 2838 meus,
3096 2777 3154 2832 id
3193 2781 3278 2832 cst
3303 2781 3546 2850 populus

1927 2866 2184 2921 fidelium
2208 2865 2323 2920 mei
2346 2863 2684 2931 conformis,
2698 2865 2804 2932 hic,
2821 2863 2879 2918 id
2897 2867 2981 2918 est
3006 2864 3063 2918 in
3083 2865 3545 2922 consideratione

1927 2953 2137 3010 horum
2158 2953 2486 3008 verborum.
2511 2953 2590 3006 Ac
2605 2951 2919 3006 sidiceret:
2943 2952 3073 3006 ldeo
3097 2969 3191 3008 me
3237 2954 3442 3009 talibus
3473 2955 3544 3010 de

1927 3042 2107 3098 causis
2123 3043 2330 3097 zelasse
2353 3039 2741 3096 demonstravi
2769 3040 2838 3094 de
2877 3055 2990 3112 quo
3013 3041 3250 3095 tandem
3281 3041 3493 3114 resipui
3524 3043 3537 3081 ³

1925 3132 2060 3204 quia
2072 3129 2370 3186 occasione
2383 3129 2592 3184 horum
2607 3129 2911 3204 verbor_um
2925 3131 3289 3184 convertetur
3301 3133 3544 3202 populus

1924 3201 2180 3274 fidelium
2207 3218 2348 3273 mihi
2389 3217 2710 3272 conformis
2725 3201 2998 3288 276ab
3027 3218 3133 3272 hac
3153 3201 3359 3274 eadem
3383 3201 3541 3280 indi-

1922 3308 2196 3382 gnatione
2213 3307 2255 3362 si
2284 3307 2338 3361 in
2369 3324 2436 3362 ea
2453 3306 2702 3362 fueritet
2742 3306 2819 3360 sic
2850 3291 2939 3361 iii"
2946 3305 3028 3361 eis
3056 3307 3319 3362 ﬁdelibus
3343 3311 3541 3380 populi

1923 3399 2263 3452 invenientur
2291 3396 2398 3450 dies
2409 3395 2578 3466 pleni,
2599 3394 2658 3449 id
2688 3397 2775 3449 est
2812 3393 3210 3466 plenitudinis.
3262 3397 3427 3460 Quod
3457 3400 3544 3453 est

1925 3487 2113 3542 dicere
2149 3487 2383 3540 :Talem
2439 3484 2738 3538 habebunt
2772 3484 2973 3550 vitam,
3019 3485 3202 3556 qualis
3227 3485 3397 3540 debet
3420 3503 3540 3541 esse

1925 3576 2042 3630 vita
2073 3590 2276 3628 eorum
2305 3573 2401 3646 qui
2431 3571 2631 3626 suntin
2655 3571 2858 3626 diebus
2879 3571 3272 3644 plenitudinis,
3293 3573 3538 3628 idestsic

1926 3663 2117 3718 vivent
2145 3665 2207 3716 ut
2237 3663 2419 3716 Deum
2441 3660 2498 3713 in
2519 3657 2770 3712 adversis
2805 3659 3042 3713 laudent
3079 3659 3337 3714 contuitu
3369 3663 3539 3716 coele-

1923 3751 2097 3806 stium
2118 3751 2316 3822 utpote
2343 3747 2651 3802 existentes
2683 3745 2740 3800 in
2759 3745 2960 3800 diebus
2973 3746 3364 3817 plenitudinis,
3383 3747 3441 3802 id
3455 3753 3541 3803 est

1925 3840 1984 3894 in
2017 3843 2278 3910 tempore
2296 3835 2520 3908 gratim.
2542 3834 2638 3888 Vel
2665 3832 2740 3887 sic
2772 3851 2784 3888 :
2820 3833 2886 3886 Et
2917 3833 3051 3904 quia
3081 3837 3538 3892 convertentura

1924 3931 2064 3996 zelo,
2098 3930 2154 3982 in
2186 3928 2378 3981 futuro
2410 3925 2744 3978 imrenientur
2783 3923 2838 3976 in
2869 3923 2940 3976 eis
2991 3922 3101 3976 dies
3117 3923 3288 3992 pleni,
3343 3925 3400 3978 id
3455 3929 3540 3980 est

1925 4018 2046 4072 dies
2077 4015 2277 4070 aeterni
2312 4016 2370 4067 et
2395 4011 2808 4076 indcﬁcientes,
2838 4010 2992 4082 quod
3037 4015 3122 4064 est
3149 4010 3338 4066 dicere
3363 4029 3533 4068 :con-

1921 4105 2106 4160 versio
2157 4121 2324 4158 causa
2373 4101 2504 4166 erit,
2537 4116 2715 4172 quare
2747 4099 2921 4152 vitam
2955 4102 3234 4154 mtcrnam
3297 4102 3534 4157 tandem
3597 4141 3606 4148 -

1922 4195 2036 4249 sint
2082 4191 2368 4265 adepturi,
2425 4193 2486 4243 ut
2514 4205 2646 4242 vero
2681 4186 2864 4258 magis
2912 4191 2969 4240 et
3018 4187 3204 4257 magis
3256 4190 3532 4257 retrahat,
3615 4247 3624 4256 ,

1923 4281 2174 4338 ostendit
2191 4279 2342 4334 unde
2359 4279 2784 4342 convertentur,
2805 4275 2916 4342 sic;
2952 4275 3086 4329 Dico
3104 4292 3280 4346 quare
3294 4279 3536 4348 populus

195 4367 269 4422 ad
299 4368 410 4422 hoc
441 4366 813 4433 transierunt,
844 4368 906 4420 ut
937 4364 1202 4419 affectum
1219 4364 1504 4418 haberent
1533 4361 1590 4415 in
1625 4361 1820 4430 corde,
1843 4375 1896 4434 D
1922 4369 2177 4424 fidelium
2236 4368 2624 4422 convertatur.
2685 4363 2760 4417 Et
2817 4363 3064 4417 dixerunt
3109 4362 3211 4434 ipsi
3242 4364 3440 4420 fideles
3479 4371 3536 4420 et

191 4471 310 4510 suos
337 4455 648 4510 voluntatis
661 4469 854 4526 pravae
877 4451 1262 4524 complendm.
1295 4451 1394 4505 Vel
1445 4450 1522 4504 sic
1545 4467 1558 4504 :
1585 4449 1642 4504 Si
1667 4449 1821 4504 dica-

193 4541 404 4598 musin
427 4541 633 4596 affectu
683 4540 891 4596 cordis.
921 4540 1056 4594 Dico
1081 4537 1238 4610 quod
1292 4537 1490 4609 iniqua
1545 4536 1819 4607 cogitatio

191 4649 396 4687 eorum
413 4631 616 4702 prodiit
639 4647 702 4686 ex
729 4630 898 4700 adipe.
931 4630 1001 4683 Et
1031 4644 1146 4682 non
1170 4626 1275 4681 fuit
1305 4642 1480 4698 parva
1505 4625 1821 4696 haciniqua

190 4719 487 4792 cogitatio.
541 4718 654 4774 Sed
705 4718 1024 4771 transierunt
1067 4715 1208 4770 alios
1239 4715 1424 4768 malos
1471 4712 1568 4783 qui
1596 4712 1673 4766 ita
1697 4729 1814 4766 non

189 4811 626 4881 prosperantur,
675 4807 824 4872 sicut
885 4805 992 4878 ipsi
1033 4804 1093 4860 id
1128 4820 1302 4874 pravo
1359 4802 1566 4857 affectu
1602 4800 1810 4856 cordis.

190 4895 358 4960 Quod
369 4899 455 4951 est
471 4896 658 4951 dicere
679 4913 691 4950 :
717 4894 1146 4966 Superaverunt
1162 4909 1364 4947 omnes
1380 4891 1520 4946 alios
1535 4906 1809 4962 nequam,

189 4985 248 5040 in
281 5000 456 5056 pravo
479 4985 665 5040 cordis
682 4983 968 5038 desiderio
992 4985 1052 5036 ut
1068 4981 1269 5052 pejora
1286 4979 1614 5035 desiderent
1632 4995 1804 5050 quam

188 5072 316 5144 ipsi.
343 5073 570 5146 Repetit
595 5076 812 5138 autem,
841 5087 972 5125 cum
1001 5069 1159 5132 dicit,
1206 5071 1588 5136 cogitaverunt,
1623 5069 1685 5120 ut
1715 5066 1810 5146 ad-

189 5143 291 5216 dat
319 5161 398 5216 sic
422 5143 582 5215 {Non
614 5159 833 5215 suffecit
863 5159 944 5213 eis
966 5157 1206 5212 transire
1234 5155 1375 5210 alios
1402 5155 1460 5209 in
1479 5171 1654 5225 pravo
1669 5143 1806 5208 ειπθέ

187 5254 281 5305 ctu
314 5253 371 5304 et
400 5266 574 5323 prava
604 5249 976 5320 cogitatione,
997 5247 1093 5300 sed
1126 5246 1490 5314 cogitur-erunt
1514 5243 1807 5314 nequitiam

187 5337 390 5409 iniqui.
423 5337 499 5390 Et
531 5340 658 5408 post
683 5338 847 5390 locuti
873 5342 998 5390 sunt
1041 5335 1356 5405 nequitiam,
1387 5336 1443 5384 et
1483 5348 1599 5384 non
1631 5331 1688 5383 in
1715 5345 1796 5382 se-

186 5431 344 5482 creto
372 5427 525 5498 quod
549 5426 744 5498 utique
765 5424 1116 5481 tolerabilius
1147 5423 1315 5488 esset,
1350 5420 1446 5472 sed
1466 5419 1802 5489 iniquitatem

185 5517 481 5570 locutisunt
505 5517 559 5567 in
589 5515 804 5580 excelso,
853 5514 910 5569 id
937 5517 1023 5569 est
1049 5512 1104 5566 in
1125 5509 1461 5573 manifesto,
1485 5510 1547 5560 ut
1564 5503 1707 5560 alios
1733 5505 1804 5559 ad

183 5621 314 5660 eam
341 5604 656 5668 attrahant,
705 5618 739 5656 a
769 5600 1146 5656 similitudine
1199 5597 1346 5654 illius
1393 5595 1490 5669 qui
1530 5594 1592 5650 in
1623 5593 1806 5648 al’um

481 5719 716 5774 Ρλτιιοι..
751 5715 905 5774 CLII.

1920 4475 2056 4512 voce
2079 4461 2138 4511 et
2171 4454 2521 4526 cogitatione
2547 4471 2558 4507 :
2583 4450 2856 4518 Quomodo
2885 4453 2982 4504 scit
3007 4451 3172 4514 Deus,
3205 4451 3265 4505 id
3312 4457 3396 4507 est
3421 4469 3536 4524 qua

1920 4546 2143 4600 ratione
2201 4545 2391 4615 potest
2443 4539 2811 4612 comprobari
2859 4539 3015 4610 quod
3058 4539 3204 4593 Deus
3257 4540 3328 4594 sit
3353 4541 3536 4596 sciens

1919 4633 2136 4699 omnia,
2195 4639 2244 4686 et
2290 4633 2338 4684 si
2375 4635 2449 4683 est
2502 4631 2718 4680 scientia
2776 4628 2839 4682 in
2867 4627 3082 4692 excelso,
3139 4627 3196 4682 id
3219 4631 3304 4682 est
3327 4629 3372 4682 si
3400 4647 3531 4685 cum

1917 4724 2167 4778 excelsus
2217 4719 2308 4785 sit,
2344 4717 2546 4774 omnia
2584 4716 2709 4781 scit,
2763 4715 3007 4784 injustus
3034 4719 3136 4770 est.
3194 4717 3310 4772 Hoc
3335 4722 3530 4774 autem

1911 4807 2356 4880 sub'inlelligitur
2401 4821 2505 4877 per
2529 4801 2891 4875 aposiopesin
2917 4819 2930 4868 ;
2959 4802 3060 4856 sed
3117 4803 3250 4876 quia
3281 4803 3528 4876 ignomi-

1910 4901 2138 4956 niosum
2167 4901 2270 4963 est,
2303 4910 2518 4966 ponere
2550 4891 2756 4958 noluit,
2785 4889 3036 4946 ostendit
3057 4893 3450 4964 quoqueunde
3470 4893 3528 4950 in

1907 4990 2061 5044 hunc
2090 5000 2348 5042 errorem
2396 4981 2753 5046 deciderunt,
2785 4977 2863 5032 sic
2889 4994 2902 5030 :
2929 4975 3178 5032 Dicimus
3204 4981 3359 5051 quod
3381 4982 3529 5038 Deus

1906 5076 2130 5131 videtur
2161 5089 2274 5127 non
2295 5070 2437 5126 scire
2462 5068 2680 5134 omnia,
2705 5064 2858 5121 autsi
2891 5065 3014 5132 scit,
3041 5063 3283 5135 injustas
3301 5068 3530 5124 videtur

1907 5183 2048 5231 esse,
2081 5166 2138 5218 et
2174 5178 2286 5216 ecce
2315 5174 2493 5231 quare
2523 5158 2860 5210 alterutrum
2894 5153 3105 5207 horum
3131 5152 3373 5220 videtur,
3394 5157 3527 5228 quia

1907 5255 2022 5324 ipsi,
2057 5253 2113 5305 id
2140 5255 2222 5304 est
2251 5248 2426 5303 iidem
2470 5244 2736 5300 homines
2760 5249 3061 5312 peccatores
3114 5239 3438 5308 existentes,
3478 5254 3528 5298 et

1905 5339 2235 5394 abundantes
2265 5340 2319 5390 in
2361 5333 2572 5399 serrula,
2624 5332 2682 5386 id
2724 5332 2810 5384 est
2841 5328 2901 5384 in
2931 5326 3102 5384 bonis
3133 5329 3521 5394 saecularibus,

1906 5430 2250 5485 obtinuerunt
2281 5424 2519 5486 divitias,
2575 5421 2754 5475 idest
2814 5416 2918 5475 diu
2967 5415 3320 5482 habuerunt,
3375 5421 3529 5488 quod

1907 5521 2216 5583 utrumque
2270 5509 2702 5580 injustissimum
2753 5504 3008 5564 videtur.
3043 5503 3121 5558 Ac
3153 5500 3196 5556 si
3244 5501 3398 5558 dicat
3430 5520 3442 5557 :
3477 5505 3536 5559 Si

1907 5604 2104 5664 omnia
2130 5600 2321 5665 sciret,
2349 5599 2475 5652 illos
2505 5597 2702 5668 utique
2734 5591 2837 5664 qui
2883 5595 3220 5673 peccatores
3240 5595 3395 5660 sunt,
3425 5607 3544 5648 non

3131 5692 3202 5749 3’2
