  <div class='ocr_page' id='page_1' title='image "/cluster/home/n/w/nwhite01/storage/ocr_20150623/152/hvd.32044054760103/507.png"; bbox 0 0 3970 6040; ppageno 0'>
   <div class='ocr_carea' id='block_1_1' title="bbox 476 336 646 404">
    <p class='ocr_par' dir='ltr' id='par_1_1' title="bbox 476 336 646 404">
     <span class='ocr_line' id='line_1_1' title="bbox 476 336 646 404; baseline -0.006 -10"><span class='ocrx_word' id='word_1_1' title='bbox 476 399 478 404; x_wconf 29' lang='grc' dir='ltr'><strong><em>τ</em></strong></span> <span class='ocrx_word' id='word_1_2' title='bbox 512 336 646 395; x_wconf 75' lang='grc'>1003</span> 
     </span>
    </p>
   </div>
   <div class='ocr_carea' id='block_1_2' title="bbox 1116 328 3213 391">
    <p class='ocr_par' dir='ltr' id='par_1_2' title="bbox 1116 328 3213 391">
     <span class='ocr_line' id='line_1_2' title="bbox 1116 328 3213 391; baseline 0 -2"><span class='ocrx_word' id='word_1_3' title='bbox 1116 329 1176 389; x_wconf 89' lang='lat' dir='ltr'>S.</span> <span class='ocrx_word' id='word_1_4' title='bbox 1216 329 1562 391; x_wconf 72' lang='lat' dir='ltr'>BRUNONIS</span> <span class='ocrx_word' id='word_1_5' title='bbox 1601 328 2235 388; x_wconf 76' lang='lat' dir='ltr'>CARTHUSIANORUM</span> <span class='ocrx_word' id='word_1_6' title='bbox 2272 328 2740 388; x_wconf 81' lang='lat' dir='ltr'>INSTITUTORIS</span> <span class='ocrx_word' id='word_1_7' title='bbox 2780 330 2935 391; x_wconf 84' lang='lat' dir='ltr'><strong>OPP.</strong></span> <span class='ocrx_word' id='word_1_8' title='bbox 2977 332 3154 391; x_wconf 82' lang='lat' dir='ltr'>PARS</span> <span class='ocrx_word' id='word_1_9' title='bbox 3192 334 3213 390; x_wconf 83' lang='grc'><strong>1</strong></span> 
     </span>
    </p>
   </div>
   <div class='ocr_carea' id='block_1_3' title="bbox 3685 335 3830 396">
    <p class='ocr_par' dir='ltr' id='par_1_3' title="bbox 3685 335 3830 396">
     <span class='ocr_line' id='line_1_3' title="bbox 3685 335 3830 396; baseline 0.014 -2"><span class='ocrx_word' id='word_1_10' title='bbox 3685 335 3830 396; x_wconf 62' lang='grc'>1004</span> 
     </span>
    </p>
   </div>
   <div class='ocr_carea' id='block_1_4' title="bbox 501 456 3830 536">
    <p class='ocr_par' dir='ltr' id='par_1_4' title="bbox 501 456 3830 536">
     <span class='ocr_line' id='line_1_4' title="bbox 501 456 3830 536; baseline 0 -17"><span class='ocrx_word' id='word_1_11' title='bbox 501 459 862 536; x_wconf 78' lang='lat' dir='ltr'>permitteret</span> <span class='ocrx_word' id='word_1_12' title='bbox 892 458 1186 518; x_wconf 81' lang='lat' dir='ltr'>abundare</span> <span class='ocrx_word' id='word_1_13' title='bbox 1237 459 1443 517; x_wconf 92' lang='lat' dir='ltr'>divitus</span> <span class='ocrx_word' id='word_1_14' title='bbox 1471 459 1848 514; x_wconf 75' lang='lat' dir='ltr'>saecularibus.</span> <span class='ocrx_word' id='word_1_15' title='bbox 1891 456 2036 523; x_wconf 84' lang='lat' dir='ltr'>Quia</span> <span class='ocrx_word' id='word_1_16' title='bbox 2060 456 2105 512; x_wconf 89' lang='lat' dir='ltr'>si</span> <span class='ocrx_word' id='word_1_17' title='bbox 2139 457 2196 518; x_wconf 76' lang='grc' dir='ltr'><strong>Α</strong></span> <span class='ocrx_word' id='word_1_18' title='bbox 2219 457 2316 512; x_wconf 88' lang='lat' dir='ltr'>Dei</span> <span class='ocrx_word' id='word_1_19' title='bbox 2347 458 2618 530; x_wconf 85' lang='lat' dir='ltr'>mysteria</span> <span class='ocrx_word' id='word_1_20' title='bbox 2643 459 3031 528; x_wconf 84' lang='lat' dir='ltr'>continentur,</span> <span class='ocrx_word' id='word_1_21' title='bbox 3079 460 3235 534; x_wconf 89' lang='lat' dir='ltr'>quod</span> <span class='ocrx_word' id='word_1_22' title='bbox 3267 463 3354 517; x_wconf 90' lang='lat' dir='ltr'>est</span> <span class='ocrx_word' id='word_1_23' title='bbox 3381 460 3608 520; x_wconf 82' lang='lat' dir='ltr'>dicere:</span> <span class='ocrx_word' id='word_1_24' title='bbox 3637 464 3830 524; x_wconf 81' lang='lat' dir='ltr'>Labor</span> 
     </span>
    </p>
   </div>
   <div class='ocr_carea' id='block_1_5' title="bbox 500 547 2108 624">
    <p class='ocr_par' dir='ltr' id='par_1_5' title="bbox 500 547 2108 624">
     <span class='ocr_line' id='line_1_5' title="bbox 500 547 2108 624; baseline -0.005 -16"><span class='ocrx_word' id='word_1_25' title='bbox 500 553 796 608; x_wconf 75' lang='lat' dir='ltr'>abundare</span> <span class='ocrx_word' id='word_1_26' title='bbox 813 550 1194 624; x_wconf 83' lang='lat' dir='ltr'>permitteret,</span> <span class='ocrx_word' id='word_1_27' title='bbox 1207 549 1407 604; x_wconf 86' lang='lat' dir='ltr'>saltem</span> <span class='ocrx_word' id='word_1_28' title='bbox 1436 565 1529 603; x_wconf 88' lang='lat' dir='ltr'>eas</span> <span class='ocrx_word' id='word_1_29' title='bbox 1542 548 1803 604; x_wconf 90' lang='lat' dir='ltr'>obtinere</span> <span class='ocrx_word' id='word_1_30' title='bbox 1827 565 1943 602; x_wconf 89' lang='lat' dir='ltr'>non</span> <span class='ocrx_word' id='word_1_31' title='bbox 1961 547 2108 600; x_wconf 85' lang='lat' dir='ltr'>sine-</span> 
     </span>
    </p>
   </div>
   <div class='ocr_carea' id='block_1_6' title="bbox 499 636 2103 708">
    <p class='ocr_par' dir='ltr' id='par_1_6' title="bbox 499 636 2103 708">
     <span class='ocr_line' id='line_1_6' title="bbox 499 636 2103 708; baseline -0.005 -12"><span class='ocrx_word' id='word_1_32' title='bbox 499 646 607 708; x_wconf 85' lang='lat' dir='ltr'>ret,</span> <span class='ocrx_word' id='word_1_33' title='bbox 632 641 731 696; x_wconf 92' lang='lat' dir='ltr'>sed</span> <span class='ocrx_word' id='word_1_34' title='bbox 763 657 860 696; x_wconf 90' lang='lat' dir='ltr'>eos</span> <span class='ocrx_word' id='word_1_35' title='bbox 890 641 970 695; x_wconf 85' lang='lat' dir='ltr'>eis</span> <span class='ocrx_word' id='word_1_36' title='bbox 1027 640 1137 694; x_wconf 92' lang='lat' dir='ltr'>cito</span> <span class='ocrx_word' id='word_1_37' title='bbox 1170 638 1440 708; x_wconf 84' lang='lat' dir='ltr'>privaret.</span> <span class='ocrx_word' id='word_1_38' title='bbox 1484 637 1542 692; x_wconf 97' lang='lat' dir='ltr'>Si</span> <span class='ocrx_word' id='word_1_39' title='bbox 1591 654 1722 692; x_wconf 83' lang='lat' dir='ltr'>vero</span> <span class='ocrx_word' id='word_1_40' title='bbox 1753 636 1951 691; x_wconf 88' lang='lat' dir='ltr'>omnia</span> <span class='ocrx_word' id='word_1_41' title='bbox 1982 636 2103 703; x_wconf 90' lang='lat' dir='ltr'>scit,</span> 
     </span>
    </p>
   </div>
   <div class='ocr_carea' id='block_1_7' title="bbox 499 725 2103 798">
    <p class='ocr_par' dir='ltr' id='par_1_7' title="bbox 499 725 2103 798">
     <span class='ocr_line' id='line_1_7' title="bbox 499 725 2103 798; baseline -0.002 -15"><span class='ocrx_word' id='word_1_42' title='bbox 499 733 634 785; x_wconf 90' lang='lat' dir='ltr'>tunc</span> <span class='ocrx_word' id='word_1_43' title='bbox 664 729 906 798; x_wconf 90' lang='lat' dir='ltr'>injustus</span> <span class='ocrx_word' id='word_1_44' title='bbox 933 728 1174 782; x_wconf 89' lang='lat' dir='ltr'>videtur.</span> <span class='ocrx_word' id='word_1_45' title='bbox 1209 727 1350 782; x_wconf 87' lang='lat' dir='ltr'>Cum</span> <span class='ocrx_word' id='word_1_46' title='bbox 1382 725 1533 798; x_wconf 91' lang='lat' dir='ltr'>ipsos</span> <span class='ocrx_word' id='word_1_47' title='bbox 1560 727 1653 797; x_wconf 86' lang='lat' dir='ltr'>qui</span> <span class='ocrx_word' id='word_1_48' title='bbox 1675 729 1807 780; x_wconf 89' lang='lat' dir='ltr'>sunt</span> <span class='ocrx_word' id='word_1_49' title='bbox 1844 729 2103 798; x_wconf 89' lang='lat' dir='ltr'>peccato-</span> 
     </span>
    </p>
   </div>
   <div class='ocr_carea' id='block_1_8' title="bbox 497 815 2106 887">
    <p class='ocr_par' dir='ltr' id='par_1_8' title="bbox 497 815 2106 887">
     <span class='ocr_line' id='line_1_8' title="bbox 497 815 2106 887; baseline -0.003 -12"><span class='ocrx_word' id='word_1_50' title='bbox 497 837 588 876; x_wconf 87' lang='lat' dir='ltr'>res</span> <span class='ocrx_word' id='word_1_51' title='bbox 609 818 846 874; x_wconf 86' lang='lat' dir='ltr'>dimittit</span> <span class='ocrx_word' id='word_1_52' title='bbox 883 817 1090 872; x_wconf 87' lang='lat' dir='ltr'>divitiis</span> <span class='ocrx_word' id='word_1_53' title='bbox 1115 817 1429 872; x_wconf 83' lang='lat' dir='ltr'>abundare.</span> <span class='ocrx_word' id='word_1_54' title='bbox 1453 817 1515 869; x_wconf 89' lang='lat' dir='ltr'>Et</span> <span class='ocrx_word' id='word_1_55' title='bbox 1548 816 1702 886; x_wconf 89' lang='lat' dir='ltr'>quod</span> <span class='ocrx_word' id='word_1_56' title='bbox 1724 816 1906 869; x_wconf 87' lang='lat' dir='ltr'>multo</span> <span class='ocrx_word' id='word_1_57' title='bbox 1944 815 2106 887; x_wconf 85' lang='lat' dir='ltr'>pejus</span> 
     </span>
    </p>
   </div>
   <div class='ocr_carea' id='block_1_9' title="bbox 494 905 2106 976">
    <p class='ocr_par' dir='ltr' id='par_1_9' title="bbox 494 905 2106 976">
     <span class='ocr_line' id='line_1_9' title="bbox 494 905 2106 976; baseline -0.001 -16"><span class='ocrx_word' id='word_1_58' title='bbox 494 909 738 975; x_wconf 84' lang='lat' dir='ltr'>videtur,</span> <span class='ocrx_word' id='word_1_59' title='bbox 760 925 855 962; x_wconf 91' lang='lat' dir='ltr'>eas</span> <span class='ocrx_word' id='word_1_60' title='bbox 871 907 1094 962; x_wconf 89' lang='lat' dir='ltr'>divitias</span> <span class='ocrx_word' id='word_1_61' title='bbox 1107 906 1392 972; x_wconf 89' lang='lat' dir='ltr'>obtinere,</span> <span class='ocrx_word' id='word_1_62' title='bbox 1415 905 1510 976; x_wconf 88' lang='lat' dir='ltr'>qui</span> <span class='ocrx_word' id='word_1_63' title='bbox 1541 905 1900 976; x_wconf 88' lang='lat' dir='ltr'>potiusdigni</span> <span class='ocrx_word' id='word_1_64' title='bbox 1917 907 2106 959; x_wconf 88' lang='lat' dir='ltr'>essent</span> 
     </span>
    </p>
   </div>
   <div class='ocr_carea' id='block_1_10' title="bbox 493 993 2103 1066">
    <p class='ocr_par' dir='ltr' id='par_1_10' title="bbox 493 993 2103 1066">
     <span class='ocr_line' id='line_1_10' title="bbox 493 993 2103 1066; baseline -0.004 -13"><span class='ocrx_word' id='word_1_65' title='bbox 493 997 834 1054; x_wconf 89' lang='lat' dir='ltr'>omnimoda</span> <span class='ocrx_word' id='word_1_66' title='bbox 849 995 1180 1051; x_wconf 66' lang='lat' dir='ltr'>afflictione.</span> <span class='ocrx_word' id='word_1_67' title='bbox 1197 995 1332 1050; x_wconf 91' lang='lat' dir='ltr'>Dico</span> <span class='ocrx_word' id='word_1_68' title='bbox 1347 995 1501 1066; x_wconf 91' lang='lat' dir='ltr'>quod</span> <span class='ocrx_word' id='word_1_69' title='bbox 1513 995 1709 1049; x_wconf 85' lang='lat' dir='ltr'>ﬁdeles</span> <span class='ocrx_word' id='word_1_70' title='bbox 1721 993 2103 1049; x_wconf 85' lang='lat' dir='ltr'>dixerunthoc</span> 
     </span>
    </p>
   </div>
   <div class='ocr_carea' id='block_1_11' title="bbox 493 1083 2103 1160">
    <p class='ocr_par' dir='ltr' id='par_1_11' title="bbox 493 1083 2103 1160">
     <span class='ocr_line' id='line_1_11' title="bbox 493 1083 2103 1160; baseline -0.002 -20"><span class='ocrx_word' id='word_1_71' title='bbox 493 1088 647 1160; x_wconf 90' lang='lat' dir='ltr'>quod</span> <span class='ocrx_word' id='word_1_72' title='bbox 675 1085 931 1159; x_wconf 87' lang='lat' dir='ltr'>superius</span> <span class='ocrx_word' id='word_1_73' title='bbox 962 1083 1146 1156; x_wconf 88' lang='lat' dir='ltr'>posui,</span> <span class='ocrx_word' id='word_1_74' title='bbox 1180 1091 1229 1138; x_wconf 82' lang='lat' dir='ltr'>et</span> <span class='ocrx_word' id='word_1_75' title='bbox 1258 1100 1365 1155; x_wconf 87' lang='lat' dir='ltr'>ego</span> <span class='ocrx_word' id='word_1_76' title='bbox 1389 1084 1506 1136; x_wconf 71' lang='lat' dir='ltr'>diri</span> <span class='ocrx_word' id='word_1_77' title='bbox 1530 1083 1847 1137; x_wconf 90' lang='lat' dir='ltr'>istudidem</span> <span class='ocrx_word' id='word_1_78' title='bbox 1873 1099 2103 1137; x_wconf 88' lang='lat' dir='ltr'>mecum</span> 
     </span>
    </p>
   </div>
   <div class='ocr_carea' id='block_1_12' title="bbox 491 1171 2104 1247">
    <p class='ocr_par' dir='ltr' id='par_1_12' title="bbox 491 1171 2104 1247">
     <span class='ocr_line' id='line_1_12' title="bbox 491 1171 2104 1247; baseline -0.002 -16"><span class='ocrx_word' id='word_1_79' title='bbox 491 1180 547 1232; x_wconf 90' lang='lat' dir='ltr'>et</span> <span class='ocrx_word' id='word_1_80' title='bbox 571 1175 719 1230; x_wconf 89' lang='lat' dir='ltr'>istud</span> <span class='ocrx_word' id='word_1_81' title='bbox 747 1191 976 1247; x_wconf 90' lang='lat' dir='ltr'>quoque</span> <span class='ocrx_word' id='word_1_82' title='bbox 1015 1173 1169 1245; x_wconf 84' lang='lat' dir='ltr'>quod</span> <span class='ocrx_word' id='word_1_83' title='bbox 1219 1171 1495 1244; x_wconf 85' lang='lat' dir='ltr'>sequitur.</span> <span class='ocrx_word' id='word_1_84' title='bbox 1546 1171 1778 1242; x_wconf 82' lang='lat' dir='ltr'>Ergo.si</span> <span class='ocrx_word' id='word_1_85' title='bbox 1827 1172 2104 1228; x_wconf 88' lang='lat' dir='ltr'>Dominus</span> 
     </span>
    </p>
   </div>
   <div class='ocr_carea' id='block_1_13' title="bbox 487 1259 2104 1331">
    <p class='ocr_par' dir='ltr' id='par_1_13' title="bbox 487 1259 2104 1331">
     <span class='ocr_line' id='line_1_13' title="bbox 487 1259 2104 1331; baseline -0.003 -11"><span class='ocrx_word' id='word_1_86' title='bbox 487 1281 607 1321; x_wconf 86' lang='lat' dir='ltr'>non</span> <span class='ocrx_word' id='word_1_87' title='bbox 637 1263 759 1330; x_wconf 89' lang='lat' dir='ltr'>scit,</span> <span class='ocrx_word' id='word_1_88' title='bbox 787 1264 896 1329; x_wconf 88' lang='lat' dir='ltr'>vel,</span> <span class='ocrx_word' id='word_1_89' title='bbox 921 1262 963 1315; x_wconf 91' lang='lat' dir='ltr'>si</span> <span class='ocrx_word' id='word_1_90' title='bbox 991 1261 1117 1328; x_wconf 89' lang='lat' dir='ltr'>scit,</span> <span class='ocrx_word' id='word_1_91' title='bbox 1148 1263 1205 1316; x_wconf 89' lang='lat' dir='ltr'>et</span> <span class='ocrx_word' id='word_1_92' title='bbox 1254 1260 1498 1331; x_wconf 89' lang='lat' dir='ltr'>injustus</span> <span class='ocrx_word' id='word_1_93' title='bbox 1553 1263 1658 1326; x_wconf 90' lang='lat' dir='ltr'>est,</span> <span class='ocrx_word' id='word_1_94' title='bbox 1690 1262 1802 1314; x_wconf 80' lang='lat' dir='ltr'>sine</span> <span class='ocrx_word' id='word_1_95' title='bbox 1831 1277 2010 1327; x_wconf 82' lang='lat' dir='ltr'>causa,</span> <span class='ocrx_word' id='word_1_96' title='bbox 2044 1259 2104 1315; x_wconf 91' lang='lat' dir='ltr'>id</span> 
     </span>
    </p>
   </div>
   <div class='ocr_carea' id='block_1_14' title="bbox 488 1349 2102 1420">
    <p class='ocr_par' dir='ltr' id='par_1_14' title="bbox 488 1349 2102 1420">
     <span class='ocr_line' id='line_1_14' title="bbox 488 1349 2102 1420; baseline -0.002 -12"><span class='ocrx_word' id='word_1_97' title='bbox 488 1352 707 1409; x_wconf 87' lang='lat' dir='ltr'>estsine</span> <span class='ocrx_word' id='word_1_98' title='bbox 725 1351 967 1405; x_wconf 89' lang='lat' dir='ltr'>utilitate</span> <span class='ocrx_word' id='word_1_99' title='bbox 975 1351 1008 1420; x_wconf 90' lang='lat' dir='ltr'><strong><em>j</em></strong></span> <span class='ocrx_word' id='word_1_100' title='bbox 1013 1350 1275 1419; x_wconf 78' lang='lat' dir='ltr'>ustiﬁcari</span> <span class='ocrx_word' id='word_1_101' title='bbox 1283 1366 1373 1402; x_wconf 90' lang='lat' dir='ltr'>cor</span> <span class='ocrx_word' id='word_1_102' title='bbox 1387 1367 1581 1414; x_wconf 85' lang='lat' dir='ltr'>meum,</span> <span class='ocrx_word' id='word_1_103' title='bbox 1597 1349 1744 1403; x_wconf 88' lang='lat' dir='ltr'>bene</span> <span class='ocrx_word' id='word_1_104' title='bbox 1773 1349 2102 1420; x_wconf 87' lang='lat' dir='ltr'>cogitando,</span> 
     </span>
    </p>
   </div>
   <div class='ocr_carea' id='block_1_15' title="bbox 485 1438 2104 1505">
    <p class='ocr_par' dir='ltr' id='par_1_15' title="bbox 485 1438 2104 1505">
     <span class='ocr_line' id='line_1_15' title="bbox 485 1438 2104 1505; baseline -0.002 -9"><span class='ocrx_word' id='word_1_105' title='bbox 485 1451 534 1496; x_wconf 85' lang='lat' dir='ltr'>et</span> <span class='ocrx_word' id='word_1_106' title='bbox 565 1442 686 1496; x_wconf 86' lang='lat' dir='ltr'>sine</span> <span class='ocrx_word' id='word_1_107' title='bbox 717 1441 980 1505; x_wconf 90' lang='lat' dir='ltr'>utilitate,</span> <span class='ocrx_word' id='word_1_108' title='bbox 1012 1439 1120 1492; x_wconf 80' lang='lat' dir='ltr'>lavi</span> <span class='ocrx_word' id='word_1_109' title='bbox 1149 1456 1335 1492; x_wconf 79' lang='lat' dir='ltr'>manas</span> <span class='ocrx_word' id='word_1_110' title='bbox 1358 1456 1516 1505; x_wconf 90' lang='lat' dir='ltr'>meas,</span> <span class='ocrx_word' id='word_1_111' title='bbox 1553 1438 1610 1492; x_wconf 87' lang='lat' dir='ltr'>id</span> <span class='ocrx_word' id='word_1_112' title='bbox 1642 1441 1726 1492; x_wconf 88' lang='lat' dir='ltr'>est</span> <span class='ocrx_word' id='word_1_113' title='bbox 1753 1439 1970 1493; x_wconf 90' lang='lat' dir='ltr'>munda</span> <span class='ocrx_word' id='word_1_114' title='bbox 1995 1438 2104 1493; x_wconf 89' lang='lat' dir='ltr'>feci</span> 
     </span>
    </p>
   </div>
   <div class='ocr_carea' id='block_1_16' title="bbox 487 1527 2103 1601">
    <p class='ocr_par' dir='ltr' id='par_1_16' title="bbox 487 1527 2103 1601">
     <span class='ocr_line' id='line_1_16' title="bbox 487 1527 2103 1601; baseline -0.002 -16"><span class='ocrx_word' id='word_1_115' title='bbox 487 1546 664 1601; x_wconf 83' lang='lat' dir='ltr'>opera</span> <span class='ocrx_word' id='word_1_116' title='bbox 685 1546 837 1597; x_wconf 90' lang='lat' dir='ltr'>mea,</span> <span class='ocrx_word' id='word_1_117' title='bbox 863 1531 998 1582; x_wconf 88' lang='lat' dir='ltr'>inter</span> <span class='ocrx_word' id='word_1_118' title='bbox 1021 1532 1262 1582; x_wconf 78' lang='lat' dir='ltr'>nocentes</span> <span class='ocrx_word' id='word_1_119' title='bbox 1275 1527 1540 1593; x_wconf 86' lang='lat' dir='ltr'>existens,</span> <span class='ocrx_word' id='word_1_120' title='bbox 1565 1543 1814 1598; x_wconf 89' lang='lat' dir='ltr'>quorum</span> <span class='ocrx_word' id='word_1_121' title='bbox 1838 1528 2103 1600; x_wconf 82' lang='lat' dir='ltr'>exemplo</span> 
     </span>
    </p>
   </div>
   <div class='ocr_carea' id='block_1_17' title="bbox 487 1615 2105 1688">
    <p class='ocr_par' dir='ltr' id='par_1_17' title="bbox 487 1615 2105 1688">
     <span class='ocr_line' id='line_1_17' title="bbox 487 1615 2105 1688; baseline -0.001 -15"><span class='ocrx_word' id='word_1_122' title='bbox 487 1617 752 1674; x_wconf 86' lang='lat' dir='ltr'>devocari</span> <span class='ocrx_word' id='word_1_123' title='bbox 801 1633 1028 1688; x_wconf 89' lang='lat' dir='ltr'>possem</span> <span class='ocrx_word' id='word_1_124' title='bbox 1083 1619 1140 1670; x_wconf 91' lang='lat' dir='ltr'>et</span> <span class='ocrx_word' id='word_1_125' title='bbox 1180 1632 1297 1670; x_wconf 92' lang='lat' dir='ltr'>non</span> <span class='ocrx_word' id='word_1_126' title='bbox 1325 1631 1451 1668; x_wconf 88' lang='lat' dir='ltr'>sum</span> <span class='ocrx_word' id='word_1_127' title='bbox 1481 1615 1808 1681; x_wconf 90' lang='lat' dir='ltr'>devocatus,</span> <span class='ocrx_word' id='word_1_128' title='bbox 1829 1615 1985 1688; x_wconf 90' lang='lat' dir='ltr'>quod</span> <span class='ocrx_word' id='word_1_129' title='bbox 2020 1619 2105 1672; x_wconf 90' lang='lat' dir='ltr'>est</span> 
     </span>
    </p>
   </div>
   <div class='ocr_carea' id='block_1_18' title="bbox 485 1701 2106 1774">
    <p class='ocr_par' dir='ltr' id='par_1_18' title="bbox 485 1701 2106 1774">
     <span class='ocr_line' id='line_1_18' title="bbox 485 1701 2106 1774; baseline -0.001 -14"><span class='ocrx_word' id='word_1_130' title='bbox 485 1705 674 1760; x_wconf 88' lang='lat' dir='ltr'>dicere</span> <span class='ocrx_word' id='word_1_131' title='bbox 711 1722 723 1760; x_wconf 91' lang='lat'><strong>:</strong></span> <span class='ocrx_word' id='word_1_132' title='bbox 757 1703 1039 1759; x_wconf 90' lang='lat' dir='ltr'>Inutiliter</span> <span class='ocrx_word' id='word_1_133' title='bbox 1080 1703 1230 1758; x_wconf 90' lang='lat' dir='ltr'>bene</span> <span class='ocrx_word' id='word_1_134' title='bbox 1257 1701 1524 1774; x_wconf 83' lang='lat' dir='ltr'>cogitavi,</span> <span class='ocrx_word' id='word_1_135' title='bbox 1552 1704 1608 1756; x_wconf 88' lang='lat' dir='ltr'>et</span> <span class='ocrx_word' id='word_1_136' title='bbox 1662 1718 1838 1773; x_wconf 90' lang='lat' dir='ltr'>opera</span> <span class='ocrx_word' id='word_1_137' title='bbox 1867 1703 2022 1757; x_wconf 90' lang='lat' dir='ltr'>bona</span> <span class='ocrx_word' id='word_1_138' title='bbox 2048 1707 2106 1758; x_wconf 88' lang='lat' dir='ltr'>et</span> 
     </span>
    </p>
   </div>
   <div class='ocr_carea' id='block_1_19' title="bbox 2210 547 3830 626">
    <p class='ocr_par' dir='ltr' id='par_1_19' title="bbox 2210 547 3830 626">
     <span class='ocr_line' id='line_1_19' title="bbox 2210 547 3830 626; baseline 0.005 -24"><span class='ocrx_word' id='word_1_139' title='bbox 2210 547 2318 603; x_wconf 89' lang='lat' dir='ltr'>hoc</span> <span class='ocrx_word' id='word_1_140' title='bbox 2348 550 2728 620; x_wconf 81' lang='lat' dir='ltr'>cognoscendi</span> <span class='ocrx_word' id='word_1_141' title='bbox 2747 553 2938 604; x_wconf 90' lang='lat' dir='ltr'>tantus</span> <span class='ocrx_word' id='word_1_142' title='bbox 2959 554 3043 606; x_wconf 91' lang='lat' dir='ltr'>est</span> <span class='ocrx_word' id='word_1_143' title='bbox 3068 551 3222 624; x_wconf 90' lang='lat' dir='ltr'>quod</span> <span class='ocrx_word' id='word_1_144' title='bbox 3255 554 3734 626; x_wconf 88' lang='lat' dir='ltr'>nunquamillum</span> <span class='ocrx_word' id='word_1_145' title='bbox 3757 556 3830 610; x_wconf 87' lang='lat' dir='ltr'>ad</span> 
     </span>
    </p>
   </div>
   <div class='ocr_carea' id='block_1_20' title="bbox 2207 637 3828 711">
    <p class='ocr_par' dir='ltr' id='par_1_20' title="bbox 2207 637 3828 711">
     <span class='ocr_line' id='line_1_20' title="bbox 2207 637 3828 711; baseline 0.007 -22"><span class='ocrx_word' id='word_1_146' title='bbox 2207 637 2472 691; x_wconf 81' lang='lat' dir='ltr'>effectum</span> <span class='ocrx_word' id='word_1_147' title='bbox 2493 639 2826 709; x_wconf 89' lang='lat' dir='ltr'>perducam,</span> <span class='ocrx_word' id='word_1_148' title='bbox 2843 640 3025 694; x_wconf 89' lang='lat' dir='ltr'>donec</span> <span class='ocrx_word' id='word_1_149' title='bbox 3047 642 3233 711; x_wconf 90' lang='lat' dir='ltr'>gratia</span> <span class='ocrx_word' id='word_1_150' title='bbox 3264 642 3450 697; x_wconf 89' lang='lat' dir='ltr'>divina</span> <span class='ocrx_word' id='word_1_151' title='bbox 3471 645 3828 700; x_wconf 86' lang='lat' dir='ltr'>concedente</span> 
     </span>
    </p>
   </div>
   <div class='ocr_carea' id='block_1_21' title="bbox 2207 725 3828 800">
    <p class='ocr_par' dir='ltr' id='par_1_21' title="bbox 2207 725 3828 800">
     <span class='ocr_line' id='line_1_21' title="bbox 2207 725 3828 800; baseline 0.008 -23"><span class='ocrx_word' id='word_1_152' title='bbox 2207 725 2501 792; x_wconf 89' lang='lat' dir='ltr'>admittar,</span> <span class='ocrx_word' id='word_1_153' title='bbox 2528 729 2589 780; x_wconf 92' lang='lat' dir='ltr'>ut</span> <span class='ocrx_word' id='word_1_154' title='bbox 2611 727 3029 799; x_wconf 88' lang='lat' dir='ltr'>aliquantulum</span> <span class='ocrx_word' id='word_1_155' title='bbox 3052 728 3193 783; x_wconf 88' lang='lat' dir='ltr'>mihi</span> <span class='ocrx_word' id='word_1_156' title='bbox 3211 731 3369 800; x_wconf 88' lang='lat' dir='ltr'>justa</span> <span class='ocrx_word' id='word_1_157' title='bbox 3384 735 3442 784; x_wconf 88' lang='lat' dir='ltr'>et</span> <span class='ocrx_word' id='word_1_158' title='bbox 3468 735 3692 788; x_wconf 90' lang='lat' dir='ltr'>occulta</span> <span class='ocrx_word' id='word_1_159' title='bbox 3713 734 3828 790; x_wconf 80' lang='lat' dir='ltr'>dis-</span> 
     </span>
    </p>
   </div>
   <div class='ocr_carea' id='block_1_22' title="bbox 2204 814 3828 891">
    <p class='ocr_par' dir='ltr' id='par_1_22' title="bbox 2204 814 3828 891">
     <span class='ocr_line' id='line_1_22' title="bbox 2204 814 3828 891; baseline 0.007 -24"><span class='ocrx_word' id='word_1_160' title='bbox 2204 814 2411 885; x_wconf 90' lang='lat' dir='ltr'>positio</span> <span class='ocrx_word' id='word_1_161' title='bbox 2444 815 2542 869; x_wconf 91' lang='lat' dir='ltr'>Dei</span> <span class='ocrx_word' id='word_1_162' title='bbox 2593 816 3012 883; x_wconf 81' lang='lat' dir='ltr'>manifestetur,</span> <span class='ocrx_word' id='word_1_163' title='bbox 3038 834 3142 889; x_wconf 89' lang='lat' dir='ltr'>per</span> <span class='ocrx_word' id='word_1_164' title='bbox 3170 836 3344 891; x_wconf 90' lang='lat' dir='ltr'>quam</span> <span class='ocrx_word' id='word_1_165' title='bbox 3379 819 3486 875; x_wconf 91' lang='lat' dir='ltr'>ista</span> <span class='ocrx_word' id='word_1_166' title='bbox 3504 821 3828 878; x_wconf 88' lang='lat' dir='ltr'>decernen-</span> 
     </span>
    </p>
   </div>
   <div class='ocr_carea' id='block_1_23' title="bbox 2203 902 3827 976">
    <p class='ocr_par' dir='ltr' id='par_1_23' title="bbox 2203 902 3827 976">
     <span class='ocr_line' id='line_1_23' title="bbox 2203 902 3827 976; baseline 0.007 -21"><span class='ocrx_word' id='word_1_167' title='bbox 2203 905 2315 956; x_wconf 88' lang='lat' dir='ltr'>tur.</span> <span class='ocrx_word' id='word_1_168' title='bbox 2342 902 2504 966; x_wconf 87' lang='lat' dir='ltr'>Quod</span> <span class='ocrx_word' id='word_1_169' title='bbox 2532 908 2724 958; x_wconf 91' lang='lat' dir='ltr'>autem</span> <span class='ocrx_word' id='word_1_170' title='bbox 2756 905 2919 976; x_wconf 90' lang='lat' dir='ltr'>ponit</span> <span class='ocrx_word' id='word_1_171' title='bbox 2962 908 3169 976; x_wconf 86' lang='lat' dir='ltr'>intrem,</span> <span class='ocrx_word' id='word_1_172' title='bbox 3227 924 3260 962; x_wconf 93' lang='lat' dir='ltr'>a</span> <span class='ocrx_word' id='word_1_173' title='bbox 3289 908 3827 967; x_wconf 91' lang='lat' dir='ltr'>similitudineillius</span> 
     </span>
    </p>
   </div>
   <div class='ocr_carea' id='block_1_24' title="bbox 2205 989 3828 1062">
    <p class='ocr_par' dir='ltr' id='par_1_24' title="bbox 2205 989 3828 1062">
     <span class='ocr_line' id='line_1_24' title="bbox 2205 989 3828 1062; baseline 0.009 -20"><span class='ocrx_word' id='word_1_174' title='bbox 2205 989 2340 1044; x_wconf 86' lang='lat' dir='ltr'>dicit</span> <span class='ocrx_word' id='word_1_175' title='bbox 2365 990 2460 1062; x_wconf 86' lang='lat' dir='ltr'>qui</span> <span class='ocrx_word' id='word_1_176' title='bbox 2494 990 2550 1044; x_wconf 91' lang='lat' dir='ltr'>in</span> <span class='ocrx_word' id='word_1_177' title='bbox 2583 991 2835 1062; x_wconf 87' lang='lat' dir='ltr'>aliquam</span> <span class='ocrx_word' id='word_1_178' title='bbox 2891 993 3127 1048; x_wconf 90' lang='lat' dir='ltr'>domum</span> <span class='ocrx_word' id='word_1_179' title='bbox 3161 994 3258 1048; x_wconf 91' lang='lat' dir='ltr'>diu</span> <span class='ocrx_word' id='word_1_180' title='bbox 3299 995 3516 1052; x_wconf 86' lang='lat' dir='ltr'>habens</span> <span class='ocrx_word' id='word_1_181' title='bbox 3567 999 3828 1056; x_wconf 89' lang='lat' dir='ltr'>intrandi</span> 
     </span>
    </p>
   </div>
   <div class='ocr_carea' id='block_1_25' title="bbox 2205 1077 3830 1145">
    <p class='ocr_par' dir='ltr' id='par_1_25' title="bbox 2205 1077 3830 1145">
     <span class='ocr_line' id='line_1_25' title="bbox 2205 1077 3830 1145; baseline 0.009 -14"><span class='ocrx_word' id='word_1_182' title='bbox 2205 1077 2574 1144; x_wconf 90' lang='lat' dir='ltr'>desiderium,</span> <span class='ocrx_word' id='word_1_183' title='bbox 2598 1080 2831 1135; x_wconf 88' lang='lat' dir='ltr'>tandem</span> <span class='ocrx_word' id='word_1_184' title='bbox 2851 1082 3337 1138; x_wconf 89' lang='lat' dir='ltr'>admissusintrat.</span> <span class='ocrx_word' id='word_1_185' title='bbox 3358 1085 3518 1141; x_wconf 86' lang='lat' dir='ltr'>Etest</span> <span class='ocrx_word' id='word_1_186' title='bbox 3536 1087 3641 1143; x_wconf 90' lang='lat' dir='ltr'>iste</span> <span class='ocrx_word' id='word_1_187' title='bbox 3665 1090 3830 1145; x_wconf 87' lang='lat' dir='ltr'>labor</span> 
     </span>
    </p>
   </div>
   <div class='ocr_carea' id='block_1_26' title="bbox 2204 1167 3828 1242">
    <p class='ocr_par' dir='ltr' id='par_1_26' title="bbox 2204 1167 3828 1242">
     <span class='ocr_line' id='line_1_26' title="bbox 2204 1167 3828 1242; baseline 0.009 -23"><span class='ocrx_word' id='word_1_188' title='bbox 2204 1167 2354 1220; x_wconf 89' lang='lat' dir='ltr'>ultra</span> <span class='ocrx_word' id='word_1_189' title='bbox 2384 1183 2499 1232; x_wconf 90' lang='lat' dir='ltr'>me,</span> <span class='ocrx_word' id='word_1_190' title='bbox 2523 1168 2709 1223; x_wconf 90' lang='lat' dir='ltr'>donec</span> <span class='ocrx_word' id='word_1_191' title='bbox 2733 1169 2950 1242; x_wconf 90' lang='lat' dir='ltr'>positus</span> <span class='ocrx_word' id='word_1_192' title='bbox 2983 1173 3037 1224; x_wconf 91' lang='lat' dir='ltr'>in</span> <span class='ocrx_word' id='word_1_193' title='bbox 3057 1174 3350 1228; x_wconf 75' lang='lat' dir='ltr'>novissimis</span> <span class='ocrx_word' id='word_1_194' title='bbox 3367 1193 3546 1231; x_wconf 86' lang='lat' dir='ltr'>eorum</span> <span class='ocrx_word' id='word_1_195' title='bbox 3563 1179 3828 1234; x_wconf 79' lang='lat' dir='ltr'>conside-</span> 
     </span>
    </p>
   </div>
   <div class='ocr_carea' id='block_1_27' title="bbox 2203 1255 3828 1326">
    <p class='ocr_par' dir='ltr' id='par_1_27' title="bbox 2203 1255 3828 1326">
     <span class='ocr_line' id='line_1_27' title="bbox 2203 1255 3828 1326; baseline 0.009 -18"><span class='ocrx_word' id='word_1_196' title='bbox 2203 1255 2448 1322; x_wconf 89' lang='lat' dir='ltr'>ratione,</span> <span class='ocrx_word' id='word_1_197' title='bbox 2495 1257 2889 1326; x_wconf 86' lang='lat' dir='ltr'>intelligam,id</span> <span class='ocrx_word' id='word_1_198' title='bbox 2919 1262 3005 1314; x_wconf 90' lang='lat' dir='ltr'>est</span> <span class='ocrx_word' id='word_1_199' title='bbox 3057 1259 3413 1318; x_wconf 88' lang='lat' dir='ltr'>intellectum</span> <span class='ocrx_word' id='word_1_200' title='bbox 3464 1269 3693 1321; x_wconf 91' lang='lat' dir='ltr'>rectum</span> <span class='ocrx_word' id='word_1_201' title='bbox 3726 1269 3828 1323; x_wconf 87' lang='lat' dir='ltr'>ha-</span> 
     </span>
    </p>
   </div>
   <div class='ocr_carea' id='block_1_28' title="bbox 2205 1344 3827 1424">
    <p class='ocr_par' dir='ltr' id='par_1_28' title="bbox 2205 1344 3827 1424">
     <span class='ocr_line' id='line_1_28' title="bbox 2205 1344 3827 1424; baseline 0.009 -27"><span class='ocrx_word' id='word_1_202' title='bbox 2205 1344 2398 1411; x_wconf 90' lang='lat' dir='ltr'>beam,</span> <span class='ocrx_word' id='word_1_203' title='bbox 2417 1362 2594 1417; x_wconf 90' lang='lat' dir='ltr'>quare</span> <span class='ocrx_word' id='word_1_204' title='bbox 2610 1346 2701 1400; x_wconf 92' lang='lat' dir='ltr'>hic</span> <span class='ocrx_word' id='word_1_205' title='bbox 2714 1349 2862 1402; x_wconf 92' lang='lat' dir='ltr'>Deus</span> <span class='ocrx_word' id='word_1_206' title='bbox 2877 1349 3061 1404; x_wconf 91' lang='lat' dir='ltr'>malos</span> <span class='ocrx_word' id='word_1_207' title='bbox 3093 1353 3420 1423; x_wconf 87' lang='lat' dir='ltr'>prosperari</span> <span class='ocrx_word' id='word_1_208' title='bbox 3458 1355 3735 1424; x_wconf 87' lang='lat' dir='ltr'>patiatur.</span> <span class='ocrx_word' id='word_1_209' title='bbox 3752 1359 3827 1412; x_wconf 74' lang='lat' dir='ltr'>Ac</span> 
     </span>
    </p>
   </div>
   <div class='ocr_carea' id='block_1_29' title="bbox 2205 1432 3826 1517">
    <p class='ocr_par' dir='ltr' id='par_1_29' title="bbox 2205 1432 3826 1517">
     <span class='ocr_line' id='line_1_29' title="bbox 2205 1432 3826 1517; baseline 0.01 -32"><span class='ocrx_word' id='word_1_210' title='bbox 2205 1432 2249 1486; x_wconf 89' lang='lat' dir='ltr'>si</span> <span class='ocrx_word' id='word_1_211' title='bbox 2284 1433 2433 1488; x_wconf 89' lang='lat' dir='ltr'>dicat</span> <span class='ocrx_word' id='word_1_212' title='bbox 2453 1451 2465 1487; x_wconf 88' lang='lat'><strong>:</strong></span> <span class='ocrx_word' id='word_1_213' title='bbox 2491 1435 2795 1508; x_wconf 79' lang='lat' dir='ltr'>Nunquam</span> <span class='ocrx_word' id='word_1_214' title='bbox 2811 1453 3178 1509; x_wconf 89' lang='lat' dir='ltr'>cognoscam,</span> <span class='ocrx_word' id='word_1_215' title='bbox 3200 1457 3378 1511; x_wconf 86' lang='lat' dir='ltr'>quare</span> <span class='ocrx_word' id='word_1_216' title='bbox 3392 1442 3480 1496; x_wconf 90' lang='lat' dir='ltr'>hic</span> <span class='ocrx_word' id='word_1_217' title='bbox 3493 1446 3826 1517; x_wconf 86' lang='lat' dir='ltr'>prosperari</span> 
     </span>
    </p>
   </div>
   <div class='ocr_carea' id='block_1_30' title="bbox 2203 1523 3827 1606">
    <p class='ocr_par' dir='ltr' id='par_1_30' title="bbox 2203 1523 3827 1606">
     <span class='ocr_line' id='line_1_30' title="bbox 2203 1523 3827 1606; baseline 0.009 -31"><span class='ocrx_word' id='word_1_218' title='bbox 2203 1523 2632 1593; x_wconf 89' lang='lat' dir='ltr'>permittantur,</span> <span class='ocrx_word' id='word_1_219' title='bbox 2665 1524 2773 1578; x_wconf 90' lang='lat' dir='ltr'>nisi</span> <span class='ocrx_word' id='word_1_220' title='bbox 2827 1526 2899 1580; x_wconf 93' lang='lat' dir='ltr'>ad</span> <span class='ocrx_word' id='word_1_221' title='bbox 2931 1526 3236 1582; x_wconf 90' lang='lat' dir='ltr'>novissima</span> <span class='ocrx_word' id='word_1_222' title='bbox 3265 1545 3467 1586; x_wconf 89' lang='lat' dir='ltr'>eorum</span> <span class='ocrx_word' id='word_1_223' title='bbox 3518 1549 3827 1606; x_wconf 85' lang='lat' dir='ltr'>respexere</span> 
     </span>
    </p>
   </div>
   <div class='ocr_carea' id='block_1_31' title="bbox 2204 1613 3826 1687">
    <p class='ocr_par' dir='ltr' id='par_1_31' title="bbox 2204 1613 3826 1687">
     <span class='ocr_line' id='line_1_31' title="bbox 2204 1613 3826 1687; baseline 0.009 -24"><span class='ocrx_word' id='word_1_224' title='bbox 2204 1613 2517 1678; x_wconf 88' lang='lat' dir='ltr'>tormenta,</span> <span class='ocrx_word' id='word_1_225' title='bbox 2548 1629 2675 1684; x_wconf 83' lang='lat' dir='ltr'>quae</span> <span class='ocrx_word' id='word_1_226' title='bbox 2721 1629 2824 1686; x_wconf 91' lang='lat' dir='ltr'>pro</span> <span class='ocrx_word' id='word_1_227' title='bbox 2855 1616 3233 1687; x_wconf 86' lang='lat' dir='ltr'>prosperitate</span> <span class='ocrx_word' id='word_1_228' title='bbox 3261 1622 3392 1673; x_wconf 91' lang='lat' dir='ltr'>sunt</span> <span class='ocrx_word' id='word_1_229' title='bbox 3434 1619 3515 1674; x_wconf 92' lang='lat' dir='ltr'>eis</span> <span class='ocrx_word' id='word_1_230' title='bbox 3531 1621 3826 1678; x_wconf 80' lang='lat' dir='ltr'>adfutura.</span> 
     </span>
    </p>
   </div>
   <div class='ocr_carea' id='block_1_32' title="bbox 2204 1699 3827 1786">
    <p class='ocr_par' dir='ltr' id='par_1_32' title="bbox 2204 1699 3827 1786">
     <span class='ocr_line' id='line_1_32' title="bbox 2204 1699 3827 1786; baseline 0.012 -35"><span class='ocrx_word' id='word_1_231' title='bbox 2204 1699 2301 1753; x_wconf 86' lang='lat' dir='ltr'>Vel</span> <span class='ocrx_word' id='word_1_232' title='bbox 2356 1699 2433 1754; x_wconf 91' lang='lat' dir='ltr'>sic</span> <span class='ocrx_word' id='word_1_233' title='bbox 2489 1704 2678 1772; x_wconf 88' lang='lat' dir='ltr'>potest</span> <span class='ocrx_word' id='word_1_234' title='bbox 2735 1703 2846 1775; x_wconf 90' lang='lat' dir='ltr'>legi</span> <span class='ocrx_word' id='word_1_235' title='bbox 2880 1723 2893 1758; x_wconf 93' lang='lat'><strong>:</strong></span> <span class='ocrx_word' id='word_1_236' title='bbox 2931 1705 3045 1758; x_wconf 86' lang='lat' dir='ltr'>Hoc</span> <span class='ocrx_word' id='word_1_237' title='bbox 3098 1705 3246 1760; x_wconf 88' lang='lat' dir='ltr'>labor</span> <span class='ocrx_word' id='word_1_238' title='bbox 3275 1713 3348 1763; x_wconf 87' lang='lat' dir='ltr'>est</span> <span class='ocrx_word' id='word_1_239' title='bbox 3373 1716 3496 1786; x_wconf 74' lang='lat' dir='ltr'>ante</span> <span class='ocrx_word' id='word_1_240' title='bbox 3525 1728 3629 1780; x_wconf 91' lang='lat' dir='ltr'>me,</span> <span class='ocrx_word' id='word_1_241' title='bbox 3673 1713 3827 1780; x_wconf 89' lang='lat' dir='ltr'>dico,</span> 
     </span>
    </p>
   </div>
   <div class='ocr_carea' id='block_1_33' title="bbox 486 1787 3831 1871">
    <p class='ocr_par' dir='ltr' id='par_1_33' title="bbox 486 1787 3831 1871">
     <span class='ocr_line' id='line_1_33' title="bbox 486 1787 3831 1871; baseline 0.003 -23"><span class='ocrx_word' id='word_1_242' title='bbox 486 1794 708 1849; x_wconf 88' lang='lat' dir='ltr'>munda</span> <span class='ocrx_word' id='word_1_243' title='bbox 763 1791 893 1859; x_wconf 82' lang='lat' dir='ltr'>feci,</span> <span class='ocrx_word' id='word_1_244' title='bbox 964 1794 1050 1846; x_wconf 92' lang='lat' dir='ltr'>vel</span> <span class='ocrx_word' id='word_1_245' title='bbox 1101 1791 1145 1844; x_wconf 90' lang='lat' dir='ltr'>si</span> <span class='ocrx_word' id='word_1_246' title='bbox 1185 1793 1332 1846; x_wconf 91' lang='lat' dir='ltr'>Deus</span> <span class='ocrx_word' id='word_1_247' title='bbox 1361 1807 1479 1844; x_wconf 89' lang='lat' dir='ltr'>non</span> <span class='ocrx_word' id='word_1_248' title='bbox 1512 1790 1710 1845; x_wconf 90' lang='lat' dir='ltr'>omnia</span> <span class='ocrx_word' id='word_1_249' title='bbox 1755 1791 1913 1853; x_wconf 88' lang='lat' dir='ltr'>sciat,</span> <span class='ocrx_word' id='word_1_250' title='bbox 1943 1794 2029 1846; x_wconf 90' lang='lat' dir='ltr'>vel</span> <span class='ocrx_word' id='word_1_251' title='bbox 2062 1790 2107 1845; x_wconf 90' lang='lat' dir='ltr'>si</span> <span class='ocrx_word' id='word_1_252' title='bbox 2132 1798 2184 1857; x_wconf 86' lang='grc' dir='ltr'><strong>Β</strong></span> <span class='ocrx_word' id='word_1_253' title='bbox 2207 1787 2342 1858; x_wconf 86' lang='lat' dir='ltr'>quia</span> <span class='ocrx_word' id='word_1_254' title='bbox 2395 1789 2718 1860; x_wconf 88' lang='lat' dir='ltr'>cogitabam</span> <span class='ocrx_word' id='word_1_255' title='bbox 2780 1799 2839 1844; x_wconf 80' lang='lat' dir='ltr'>ut</span> <span class='ocrx_word' id='word_1_256' title='bbox 2871 1799 3322 1862; x_wconf 80' lang='lat' dir='ltr'>cognoscerem,et</span> <span class='ocrx_word' id='word_1_257' title='bbox 3353 1798 3447 1851; x_wconf 80' lang='lat' dir='ltr'>hoc</span> <span class='ocrx_word' id='word_1_258' title='bbox 3474 1815 3831 1871; x_wconf 85' lang='lat' dir='ltr'>cognoscere</span> 
     </span>
    </p>
   </div>
   <div class='ocr_carea' id='block_1_34' title="bbox 486 1878 2105 1952">
    <p class='ocr_par' dir='ltr' id='par_1_34' title="bbox 486 1878 2105 1952">
     <span class='ocr_line' id='line_1_34' title="bbox 486 1878 2105 1952; baseline -0.001 -15"><span class='ocrx_word' id='word_1_259' title='bbox 486 1881 922 1952; x_wconf 86' lang='lat' dir='ltr'>sciensinjustus</span> <span class='ocrx_word' id='word_1_260' title='bbox 942 1880 1033 1947; x_wconf 88' lang='lat' dir='ltr'>sit,</span> <span class='ocrx_word' id='word_1_261' title='bbox 1049 1881 1115 1933; x_wconf 86' lang='lat' dir='ltr'>Et</span> <span class='ocrx_word' id='word_1_262' title='bbox 1132 1878 1268 1933; x_wconf 89' lang='lat' dir='ltr'>inde</span> <span class='ocrx_word' id='word_1_263' title='bbox 1287 1882 1527 1950; x_wconf 87' lang='lat' dir='ltr'>apparet</span> <span class='ocrx_word' id='word_1_264' title='bbox 1543 1880 1698 1951; x_wconf 91' lang='lat' dir='ltr'>quod</span> <span class='ocrx_word' id='word_1_265' title='bbox 1716 1878 1837 1933; x_wconf 91' lang='lat' dir='ltr'>sine</span> <span class='ocrx_word' id='word_1_266' title='bbox 1857 1880 2105 1935; x_wconf 90' lang='lat' dir='ltr'>utilitate</span> 
     </span>
    </p>
   </div>
   <div class='ocr_carea' id='block_1_35' title="bbox 487 1967 2103 2042">
    <p class='ocr_par' dir='ltr' id='par_1_35' title="bbox 487 1967 2103 2042">
     <span class='ocr_line' id='line_1_35' title="bbox 487 1967 2103 2042; baseline -0.002 -16"><span class='ocrx_word' id='word_1_267' title='bbox 487 1970 770 2042; x_wconf 81' lang='lat' dir='ltr'>feci,quia</span> <span class='ocrx_word' id='word_1_268' title='bbox 801 1973 857 2024; x_wconf 90' lang='lat' dir='ltr'>et</span> <span class='ocrx_word' id='word_1_269' title='bbox 885 1969 975 2039; x_wconf 77' lang='lat' dir='ltr'>fui</span> <span class='ocrx_word' id='word_1_270' title='bbox 1013 1967 1262 2038; x_wconf 75' lang='lat' dir='ltr'>ﬂagellas</span> <span class='ocrx_word' id='word_1_271' title='bbox 1290 1985 1322 2021; x_wconf 91' lang='lat' dir='ltr'>a</span> <span class='ocrx_word' id='word_1_272' title='bbox 1353 1969 1469 2022; x_wconf 90' lang='lat' dir='ltr'>Deo</span> <span class='ocrx_word' id='word_1_273' title='bbox 1503 1975 1610 2022; x_wconf 85' lang='lat' dir='ltr'>tota</span> <span class='ocrx_word' id='word_1_274' title='bbox 1637 1967 1739 2034; x_wconf 85' lang='lat' dir='ltr'>die,</span> <span class='ocrx_word' id='word_1_275' title='bbox 1763 1967 1821 2022; x_wconf 92' lang='lat' dir='ltr'>id</span> <span class='ocrx_word' id='word_1_276' title='bbox 1853 1968 2103 2039; x_wconf 87' lang='lat' dir='ltr'>estjugi-</span> 
     </span>
    </p>
   </div>
   <div class='ocr_carea' id='block_1_36' title="bbox 485 2054 2102 2123">
    <p class='ocr_par' dir='ltr' id='par_1_36' title="bbox 485 2054 2102 2123">
     <span class='ocr_line' id='line_1_36' title="bbox 485 2054 2102 2123; baseline -0.002 -10"><span class='ocrx_word' id='word_1_277' title='bbox 485 2062 575 2113; x_wconf 89' lang='lat' dir='ltr'>ter</span> <span class='ocrx_word' id='word_1_278' title='bbox 603 2055 1091 2112; x_wconf 87' lang='lat' dir='ltr'>tribulationibus.</span> <span class='ocrx_word' id='word_1_279' title='bbox 1125 2055 1202 2110; x_wconf 87' lang='lat' dir='ltr'>Et</span> <span class='ocrx_word' id='word_1_280' title='bbox 1237 2057 1516 2123; x_wconf 76' lang='lat' dir='ltr'>castigatio</span> <span class='ocrx_word' id='word_1_281' title='bbox 1541 2058 1646 2109; x_wconf 88' lang='lat' dir='ltr'>mei</span> <span class='ocrx_word' id='word_1_282' title='bbox 1668 2054 1775 2109; x_wconf 83' lang='lat' dir='ltr'>fuit</span> <span class='ocrx_word' id='word_1_283' title='bbox 1803 2057 1856 2108; x_wconf 87' lang='lat' dir='ltr'>in</span> <span class='ocrx_word' id='word_1_284' title='bbox 1882 2059 2102 2111; x_wconf 84' lang='lat' dir='ltr'>matuti-</span> 
     </span>
    </p>
   </div>
   <div class='ocr_carea' id='block_1_37' title="bbox 484 2143 2100 2215">
    <p class='ocr_par' dir='ltr' id='par_1_37' title="bbox 484 2143 2100 2215">
     <span class='ocr_line' id='line_1_37' title="bbox 484 2143 2100 2215; baseline -0.001 -15"><span class='ocrx_word' id='word_1_285' title='bbox 484 2149 586 2213; x_wconf 90' lang='lat' dir='ltr'>nis,</span> <span class='ocrx_word' id='word_1_286' title='bbox 610 2146 667 2200; x_wconf 92' lang='lat' dir='ltr'>id</span> <span class='ocrx_word' id='word_1_287' title='bbox 698 2149 785 2200; x_wconf 89' lang='lat' dir='ltr'>est</span> <span class='ocrx_word' id='word_1_288' title='bbox 813 2145 872 2200; x_wconf 90' lang='lat' dir='ltr'>in</span> <span class='ocrx_word' id='word_1_289' title='bbox 900 2143 1212 2200; x_wconf 88' lang='lat' dir='ltr'>celeritate.</span> <span class='ocrx_word' id='word_1_290' title='bbox 1241 2143 1404 2208; x_wconf 88' lang='lat' dir='ltr'>Quod</span> <span class='ocrx_word' id='word_1_291' title='bbox 1438 2147 1521 2197; x_wconf 87' lang='lat' dir='ltr'>est</span> <span class='ocrx_word' id='word_1_292' title='bbox 1547 2143 1766 2198; x_wconf 88' lang='lat' dir='ltr'>dicere:</span> <span class='ocrx_word' id='word_1_293' title='bbox 1795 2143 1851 2198; x_wconf 89' lang='lat' dir='ltr'>Si</span> <span class='ocrx_word' id='word_1_294' title='bbox 1887 2144 2100 2215; x_wconf 88' lang='lat' dir='ltr'>aliquid</span> 
     </span>
    </p>
   </div>
   <div class='ocr_carea' id='block_1_38' title="bbox 485 2231 2103 2302">
    <p class='ocr_par' dir='ltr' id='par_1_38' title="bbox 485 2231 2103 2302">
     <span class='ocr_line' id='line_1_38' title="bbox 485 2231 2103 2302; baseline -0.001 -12"><span class='ocrx_word' id='word_1_295' title='bbox 485 2233 814 2295; x_wconf 90' lang='lat' dir='ltr'>committo,</span> <span class='ocrx_word' id='word_1_296' title='bbox 846 2232 980 2287; x_wconf 88' lang='lat' dir='ltr'>inde</span> <span class='ocrx_word' id='word_1_297' title='bbox 1024 2248 1118 2286; x_wconf 91' lang='lat' dir='ltr'>me</span> <span class='ocrx_word' id='word_1_298' title='bbox 1155 2231 1418 2285; x_wconf 89' lang='lat' dir='ltr'>celeriter</span> <span class='ocrx_word' id='word_1_299' title='bbox 1469 2231 1758 2302; x_wconf 88' lang='lat' dir='ltr'>castigavi.</span> <span class='ocrx_word' id='word_1_300' title='bbox 1802 2233 1868 2285; x_wconf 86' lang='lat' dir='ltr'>Et</span> <span class='ocrx_word' id='word_1_301' title='bbox 1906 2237 2103 2288; x_wconf 88' lang='lat' dir='ltr'>tamen</span> 
     </span>
    </p>
   </div>
   <div class='ocr_carea' id='block_1_39' title="bbox 442 2318 2101 2393">
    <p class='ocr_par' dir='ltr' id='par_1_39' title="bbox 442 2318 2101 2393">
     <span class='ocr_line' id='line_1_39' title="bbox 442 2318 2101 2393; baseline -0.001 -15"><span class='ocrx_word' id='word_1_302' title='bbox 442 2336 448 2341; x_wconf 89' lang='lat'>&#39;</span> <span class='ocrx_word' id='word_1_303' title='bbox 485 2323 606 2393; x_wconf 89' lang='lat' dir='ltr'>ipse</span> <span class='ocrx_word' id='word_1_304' title='bbox 623 2339 716 2377; x_wconf 91' lang='lat' dir='ltr'>me</span> <span class='ocrx_word' id='word_1_305' title='bbox 734 2319 1064 2393; x_wconf 85' lang='lat' dir='ltr'>ﬂagellavit,</span> <span class='ocrx_word' id='word_1_306' title='bbox 1079 2322 1136 2374; x_wconf 91' lang='lat' dir='ltr'>et</span> <span class='ocrx_word' id='word_1_307' title='bbox 1150 2318 1278 2373; x_wconf 92' lang='lat' dir='ltr'>ideo</span> <span class='ocrx_word' id='word_1_308' title='bbox 1297 2318 1790 2373; x_wconf 89' lang='lat' dir='ltr'>videorinutiliter</span> <span class='ocrx_word' id='word_1_309' title='bbox 1801 2320 2101 2391; x_wconf 89' lang='lat' dir='ltr'>cogitasse,</span> 
     </span>
    </p>
   </div>
   <div class='ocr_carea' id='block_1_40' title="bbox 488 2408 2104 2482">
    <p class='ocr_par' dir='ltr' id='par_1_40' title="bbox 488 2408 2104 2482">
     <span class='ocr_line' id='line_1_40' title="bbox 488 2408 2104 2482; baseline 0 -18"><span class='ocrx_word' id='word_1_310' title='bbox 488 2415 546 2465; x_wconf 90' lang='lat' dir='ltr'>et</span> <span class='ocrx_word' id='word_1_311' title='bbox 566 2427 743 2482; x_wconf 89' lang='lat' dir='ltr'>opera</span> <span class='ocrx_word' id='word_1_312' title='bbox 771 2409 1104 2474; x_wconf 89' lang='lat' dir='ltr'>mundasse,</span> <span class='ocrx_word' id='word_1_313' title='bbox 1145 2423 1276 2461; x_wconf 91' lang='lat' dir='ltr'>cum</span> <span class='ocrx_word' id='word_1_314' title='bbox 1325 2410 1564 2478; x_wconf 89' lang='lat' dir='ltr'>propter</span> <span class='ocrx_word' id='word_1_315' title='bbox 1610 2408 1719 2462; x_wconf 84' lang='lat' dir='ltr'>hoc</span> <span class='ocrx_word' id='word_1_316' title='bbox 1764 2408 1979 2463; x_wconf 89' lang='lat' dir='ltr'>diceret</span> <span class='ocrx_word' id='word_1_317' title='bbox 2010 2425 2104 2464; x_wconf 90' lang='lat' dir='ltr'>me</span> 
     </span>
    </p>
   </div>
   <div class='ocr_carea' id='block_1_41' title="bbox 487 2494 2102 2569">
    <p class='ocr_par' dir='ltr' id='par_1_41' title="bbox 487 2494 2102 2569">
     <span class='ocr_line' id='line_1_41' title="bbox 487 2494 2102 2569; baseline -0.001 -16"><span class='ocrx_word' id='word_1_318' title='bbox 487 2498 814 2555; x_wconf 90' lang='lat' dir='ltr'>immunem</span> <span class='ocrx_word' id='word_1_319' title='bbox 838 2515 871 2552; x_wconf 90' lang='lat' dir='ltr'>a</span> <span class='ocrx_word' id='word_1_320' title='bbox 902 2495 1295 2567; x_wconf 85' lang='lat' dir='ltr'>ﬂagellisesse.</span> <span class='ocrx_word' id='word_1_321' title='bbox 1328 2494 1395 2548; x_wconf 89' lang='lat' dir='ltr'>In</span> <span class='ocrx_word' id='word_1_322' title='bbox 1430 2496 1902 2566; x_wconf 85' lang='lat' dir='ltr'>matutinisponit,</span> <span class='ocrx_word' id='word_1_323' title='bbox 1920 2514 2023 2569; x_wconf 89' lang='lat' dir='ltr'>pro</span> <span class='ocrx_word' id='word_1_324' title='bbox 2046 2498 2102 2552; x_wconf 92' lang='lat' dir='ltr'>in</span> 
     </span>
    </p>
   </div>
   <div class='ocr_carea' id='block_1_42' title="bbox 489 2583 2106 2658">
    <p class='ocr_par' dir='ltr' id='par_1_42' title="bbox 489 2583 2106 2658">
     <span class='ocr_line' id='line_1_42' title="bbox 489 2583 2106 2658; baseline -0.001 -16"><span class='ocrx_word' id='word_1_325' title='bbox 489 2587 804 2653; x_wconf 89' lang='lat' dir='ltr'>celeritate,</span> <span class='ocrx_word' id='word_1_326' title='bbox 835 2603 870 2641; x_wconf 87' lang='lat' dir='ltr'>a</span> <span class='ocrx_word' id='word_1_327' title='bbox 897 2584 1517 2640; x_wconf 89' lang='lat' dir='ltr'>similitudineillorum</span> <span class='ocrx_word' id='word_1_328' title='bbox 1541 2583 1637 2656; x_wconf 90' lang='lat' dir='ltr'>qui</span> <span class='ocrx_word' id='word_1_329' title='bbox 1675 2601 1846 2639; x_wconf 89' lang='lat' dir='ltr'>mane</span> <span class='ocrx_word' id='word_1_330' title='bbox 1863 2589 2106 2658; x_wconf 88' lang='lat' dir='ltr'>surgunt</span> 
     </span>
    </p>
   </div>
   <div class='ocr_carea' id='block_1_43' title="bbox 489 2672 1601 2746">
    <p class='ocr_par' dir='ltr' id='par_1_43' title="bbox 489 2672 1601 2746">
     <span class='ocr_line' id='line_1_43' title="bbox 489 2672 1601 2746; baseline -0.004 -15"><span class='ocrx_word' id='word_1_331' title='bbox 489 2675 770 2742; x_wconf 89' lang='lat' dir='ltr'>celeriter,</span> <span class='ocrx_word' id='word_1_332' title='bbox 805 2675 877 2729; x_wconf 91' lang='lat' dir='ltr'>ad</span> <span class='ocrx_word' id='word_1_333' title='bbox 917 2690 1093 2746; x_wconf 88' lang='lat' dir='ltr'>opera</span> <span class='ocrx_word' id='word_1_334' title='bbox 1117 2689 1218 2728; x_wconf 90' lang='lat' dir='ltr'>sua</span> <span class='ocrx_word' id='word_1_335' title='bbox 1235 2672 1601 2744; x_wconf 89' lang='lat' dir='ltr'>complenda.</span> 
     </span>
    </p>
   </div>
   <div class='ocr_carea' id='block_1_44' title="bbox 555 2761 2107 2834">
    <p class='ocr_par' dir='ltr' id='par_1_44' title="bbox 555 2761 2107 2834">
     <span class='ocr_line' id='line_1_44' title="bbox 555 2761 2107 2834; baseline -0.001 -14"><span class='ocrx_word' id='word_1_336' title='bbox 555 2765 794 2820; x_wconf 88' lang='lat' dir='ltr'>Ostenso</span> <span class='ocrx_word' id='word_1_337' title='bbox 817 2779 1014 2819; x_wconf 88' lang='lat' dir='ltr'>errore</span> <span class='ocrx_word' id='word_1_338' title='bbox 1045 2779 1169 2830; x_wconf 92' lang='lat' dir='ltr'>suo,</span> <span class='ocrx_word' id='word_1_339' title='bbox 1190 2761 1442 2817; x_wconf 91' lang='lat' dir='ltr'>ostendit</span> <span class='ocrx_word' id='word_1_340' title='bbox 1477 2777 1706 2833; x_wconf 89' lang='lat' dir='ltr'>quoque</span> <span class='ocrx_word' id='word_1_341' title='bbox 1730 2763 2022 2834; x_wconf 89' lang='lat' dir='ltr'>quomodo</span> <span class='ocrx_word' id='word_1_342' title='bbox 2035 2762 2107 2818; x_wconf 89' lang='lat' dir='ltr'>sit</span> 
     </span>
    </p>
   </div>
   <div class='ocr_carea' id='block_1_45' title="bbox 485 2849 2106 2922">
    <p class='ocr_par' dir='ltr' id='par_1_45' title="bbox 485 2849 2106 2922">
     <span class='ocr_line' id='line_1_45' title="bbox 485 2849 2106 2922; baseline -0.003 -13"><span class='ocrx_word' id='word_1_343' title='bbox 485 2853 620 2909; x_wconf 89' lang='lat' dir='ltr'>inde</span> <span class='ocrx_word' id='word_1_344' title='bbox 670 2868 996 2918; x_wconf 89' lang='lat' dir='ltr'>conversus,</span> <span class='ocrx_word' id='word_1_345' title='bbox 1047 2849 1147 2914; x_wconf 87' lang='lat' dir='ltr'>sic,</span> <span class='ocrx_word' id='word_1_346' title='bbox 1202 2850 1300 2905; x_wconf 91' lang='lat' dir='ltr'>illa</span> <span class='ocrx_word' id='word_1_347' title='bbox 1332 2849 1444 2904; x_wconf 85' lang='lat' dir='ltr'>dixi</span> <span class='ocrx_word' id='word_1_348' title='bbox 1507 2867 1614 2921; x_wconf 89' lang='lat' dir='ltr'>ego</span> <span class='ocrx_word' id='word_1_349' title='bbox 1664 2867 1789 2922; x_wconf 80' lang='lat' dir='ltr'>quae</span> <span class='ocrx_word' id='word_1_350' title='bbox 1847 2851 2106 2922; x_wconf 88' lang='lat' dir='ltr'>superius</span> 
     </span>
    </p>
   </div>
   <div class='ocr_carea' id='block_1_46' title="bbox 485 2939 2098 3011">
    <p class='ocr_par' dir='ltr' id='par_1_46' title="bbox 485 2939 2098 3011">
     <span class='ocr_line' id='line_1_46' title="bbox 485 2939 2098 3011; baseline -0.002 -13"><span class='ocrx_word' id='word_1_351' title='bbox 485 2941 731 3009; x_wconf 88' lang='lat' dir='ltr'>ostendi,</span> <span class='ocrx_word' id='word_1_352' title='bbox 764 2943 822 2995; x_wconf 91' lang='lat' dir='ltr'>et</span> <span class='ocrx_word' id='word_1_353' title='bbox 865 2943 1068 2995; x_wconf 90' lang='lat' dir='ltr'>contra</span> <span class='ocrx_word' id='word_1_354' title='bbox 1098 2939 1206 2994; x_wconf 88' lang='lat' dir='ltr'>hoc</span> <span class='ocrx_word' id='word_1_355' title='bbox 1236 2939 1496 2994; x_wconf 76' lang='lat' dir='ltr'>dicebam.</span> <span class='ocrx_word' id='word_1_356' title='bbox 1523 2939 1579 2993; x_wconf 92' lang='lat' dir='ltr'>Si</span> <span class='ocrx_word' id='word_1_357' title='bbox 1614 2955 1721 3011; x_wconf 91' lang='lat' dir='ltr'>ego</span> <span class='ocrx_word' id='word_1_358' title='bbox 1748 2941 1978 2993; x_wconf 85' lang='lat' dir='ltr'>narrabo</span> <span class='ocrx_word' id='word_1_359' title='bbox 2005 2943 2098 3006; x_wconf 88' lang='lat' dir='ltr'>sic,</span> 
     </span>
    </p>
   </div>
   <div class='ocr_carea' id='block_1_47' title="bbox 483 3027 2101 3086">
    <p class='ocr_par' dir='ltr' id='par_1_47' title="bbox 483 3027 2101 3086">
     <span class='ocr_line' id='line_1_47' title="bbox 483 3027 2101 3086; baseline -0.001 -1"><span class='ocrx_word' id='word_1_360' title='bbox 483 3030 647 3086; x_wconf 88' lang='lat' dir='ltr'>idest</span> <span class='ocrx_word' id='word_1_361' title='bbox 663 3029 1028 3085; x_wconf 77' lang='lat' dir='ltr'>affiimavero</span> <span class='ocrx_word' id='word_1_362' title='bbox 1061 3029 1146 3083; x_wconf 88' lang='lat' dir='ltr'>vel</span> <span class='ocrx_word' id='word_1_363' title='bbox 1190 3029 1373 3083; x_wconf 91' lang='lat' dir='ltr'>Deum</span> <span class='ocrx_word' id='word_1_364' title='bbox 1407 3027 1746 3082; x_wconf 88' lang='lat' dir='ltr'>inscientem</span> <span class='ocrx_word' id='word_1_365' title='bbox 1783 3045 1904 3083; x_wconf 90' lang='lat' dir='ltr'>esse</span> <span class='ocrx_word' id='word_1_366' title='bbox 1926 3030 2010 3083; x_wconf 90' lang='lat' dir='ltr'>vel</span> <span class='ocrx_word' id='word_1_367' title='bbox 2043 3028 2101 3083; x_wconf 89' lang='lat' dir='ltr'>in</span> 
     </span>
    </p>
   </div>
   <div class='ocr_carea' id='block_1_48' title="bbox 476 3089 2174 3192">
    <p class='ocr_par' dir='ltr' id='par_1_48' title="bbox 476 3089 2174 3192">
     <span class='ocr_line' id='line_1_48' title="bbox 476 3089 2174 3192; baseline -0.002 -18"><span class='ocrx_word' id='word_1_368' title='bbox 476 3121 719 3192; x_wconf 89' lang='lat' dir='ltr'>justum.</span> <span class='ocrx_word' id='word_1_369' title='bbox 741 3118 879 3172; x_wconf 86' lang='lat' dir='ltr'>Ecce</span> <span class='ocrx_word' id='word_1_370' title='bbox 896 3116 994 3172; x_wconf 89' lang='lat' dir='ltr'>tali</span> <span class='ocrx_word' id='word_1_371' title='bbox 1016 3116 1190 3171; x_wconf 92' lang='lat' dir='ltr'>modo</span> <span class='ocrx_word' id='word_1_372' title='bbox 1215 3116 1273 3170; x_wconf 92' lang='lat' dir='ltr'>in</span> <span class='ocrx_word' id='word_1_373' title='bbox 1309 3115 1578 3186; x_wconf 70' lang='lat' dir='ltr'>praesenti</span> <span class='ocrx_word' id='word_1_374' title='bbox 1600 3120 1684 3170; x_wconf 91' lang='lat' dir='ltr'>est</span> <span class='ocrx_word' id='word_1_375' title='bbox 1695 3117 1803 3171; x_wconf 90' lang='lat' dir='ltr'>hoc</span> <span class='ocrx_word' id='word_1_376' title='bbox 1833 3117 2101 3173; x_wconf 89' lang='lat' dir='ltr'>inconve-</span> <span class='ocrx_word' id='word_1_377' title='bbox 2125 3089 2174 3149; x_wconf 68' lang='grc' dir='ltr'>Ο</span> 
     </span>
    </p>
   </div>
   <div class='ocr_carea' id='block_1_49' title="bbox 485 3205 2100 3277">
    <p class='ocr_par' dir='ltr' id='par_1_49' title="bbox 485 3205 2100 3277">
     <span class='ocr_line' id='line_1_49' title="bbox 485 3205 2100 3277; baseline -0.002 -13"><span class='ocrx_word' id='word_1_378' title='bbox 485 3209 671 3275; x_wconf 86' lang='lat' dir='ltr'>niens,</span> <span class='ocrx_word' id='word_1_379' title='bbox 704 3207 918 3261; x_wconf 90' lang='lat' dir='ltr'>scilicet</span> <span class='ocrx_word' id='word_1_380' title='bbox 947 3205 1242 3277; x_wconf 80' lang='lat' dir='ltr'>reprobavi,</span> <span class='ocrx_word' id='word_1_381' title='bbox 1275 3205 1332 3259; x_wconf 92' lang='lat' dir='ltr'>id</span> <span class='ocrx_word' id='word_1_382' title='bbox 1363 3209 1449 3260; x_wconf 89' lang='lat' dir='ltr'>est</span> <span class='ocrx_word' id='word_1_383' title='bbox 1471 3207 1838 3277; x_wconf 88' lang='lat' dir='ltr'>reprobatam</span> <span class='ocrx_word' id='word_1_384' title='bbox 1856 3206 2100 3274; x_wconf 90' lang='lat' dir='ltr'>ostendi,</span> 
     </span>
    </p>
   </div>
   <div class='ocr_carea' id='block_1_50' title="bbox 487 3293 2104 3368">
    <p class='ocr_par' dir='ltr' id='par_1_50' title="bbox 487 3293 2104 3368">
     <span class='ocr_line' id='line_1_50' title="bbox 487 3293 2104 3368; baseline -0.002 -16"><span class='ocrx_word' id='word_1_385' title='bbox 487 3298 889 3368; x_wconf 89' lang='lat' dir='ltr'>nonquantum</span> <span class='ocrx_word' id='word_1_386' title='bbox 907 3294 980 3349; x_wconf 91' lang='lat' dir='ltr'>ad</span> <span class='ocrx_word' id='word_1_387' title='bbox 991 3293 1073 3349; x_wconf 91' lang='lat' dir='ltr'>rei</span> <span class='ocrx_word' id='word_1_388' title='bbox 1090 3294 1388 3348; x_wconf 89' lang='lat' dir='ltr'>veritatem</span> <span class='ocrx_word' id='word_1_389' title='bbox 1400 3294 1516 3360; x_wconf 91' lang='lat' dir='ltr'>,sed</span> <span class='ocrx_word' id='word_1_390' title='bbox 1531 3297 1812 3365; x_wconf 89' lang='lat' dir='ltr'>quantum</span> <span class='ocrx_word' id='word_1_391' title='bbox 1827 3294 1896 3348; x_wconf 89' lang='lat' dir='ltr'>ad</span> <span class='ocrx_word' id='word_1_392' title='bbox 1913 3311 2104 3350; x_wconf 89' lang='lat' dir='ltr'>meam</span> 
     </span>
    </p>
   </div>
   <div class='ocr_carea' id='block_1_51' title="bbox 485 3383 2107 3457">
    <p class='ocr_par' dir='ltr' id='par_1_51' title="bbox 485 3383 2107 3457">
     <span class='ocr_line' id='line_1_51' title="bbox 485 3383 2107 3457; baseline -0.001 -16"><span class='ocrx_word' id='word_1_393' title='bbox 485 3383 914 3457; x_wconf 85' lang='lat' dir='ltr'>reputationem</span> <span class='ocrx_word' id='word_1_394' title='bbox 936 3385 1203 3438; x_wconf 86' lang='lat' dir='ltr'>nationem</span> <span class='ocrx_word' id='word_1_395' title='bbox 1221 3383 1458 3452; x_wconf 82' lang='lat' dir='ltr'>ﬁliorum</span> <span class='ocrx_word' id='word_1_396' title='bbox 1491 3387 1746 3450; x_wconf 88' lang='lat' dir='ltr'>tuorum,</span> <span class='ocrx_word' id='word_1_397' title='bbox 1771 3384 1827 3437; x_wconf 93' lang='lat' dir='ltr'>id</span> <span class='ocrx_word' id='word_1_398' title='bbox 1849 3388 1933 3438; x_wconf 93' lang='lat' dir='ltr'>est</span> <span class='ocrx_word' id='word_1_399' title='bbox 1963 3387 2107 3440; x_wconf 88' lang='lat' dir='ltr'>mul-</span> 
     </span>
    </p>
   </div>
   <div class='ocr_carea' id='block_1_52' title="bbox 486 3469 2105 3544">
    <p class='ocr_par' dir='ltr' id='par_1_52' title="bbox 486 3469 2105 3544">
     <span class='ocr_line' id='line_1_52' title="bbox 486 3469 2105 3544; baseline 0.001 -17"><span class='ocrx_word' id='word_1_400' title='bbox 486 3473 797 3528; x_wconf 87' lang='lat' dir='ltr'>titudinem</span> <span class='ocrx_word' id='word_1_401' title='bbox 818 3470 1103 3535; x_wconf 79' lang='lat' dir='ltr'>fidelium,</span> <span class='ocrx_word' id='word_1_402' title='bbox 1125 3469 1220 3542; x_wconf 89' lang='lat' dir='ltr'>qui</span> <span class='ocrx_word' id='word_1_403' title='bbox 1238 3469 1485 3524; x_wconf 81' lang='lat' dir='ltr'>suntfilii</span> <span class='ocrx_word' id='word_1_404' title='bbox 1519 3469 1601 3523; x_wconf 91' lang='lat' dir='ltr'>tui</span> <span class='ocrx_word' id='word_1_405' title='bbox 1614 3470 1918 3542; x_wconf 89' lang='lat' dir='ltr'>spiritales,</span> <span class='ocrx_word' id='word_1_406' title='bbox 1950 3473 2105 3544; x_wconf 92' lang='lat' dir='ltr'>quod</span> 
     </span>
    </p>
   </div>
   <div class='ocr_carea' id='block_1_53' title="bbox 487 3557 2106 3632">
    <p class='ocr_par' dir='ltr' id='par_1_53' title="bbox 487 3557 2106 3632">
     <span class='ocr_line' id='line_1_53' title="bbox 487 3557 2106 3632; baseline 0.001 -18"><span class='ocrx_word' id='word_1_407' title='bbox 487 3564 573 3615; x_wconf 89' lang='lat' dir='ltr'>est</span> <span class='ocrx_word' id='word_1_408' title='bbox 599 3560 790 3615; x_wconf 89' lang='lat' dir='ltr'>dicere</span> <span class='ocrx_word' id='word_1_409' title='bbox 824 3575 837 3613; x_wconf 92' lang='lat'>:</span> <span class='ocrx_word' id='word_1_410' title='bbox 871 3557 1424 3630; x_wconf 90' lang='lat' dir='ltr'>Ostendi,quantum</span> <span class='ocrx_word' id='word_1_411' title='bbox 1443 3557 1514 3612; x_wconf 89' lang='lat' dir='ltr'>ad</span> <span class='ocrx_word' id='word_1_412' title='bbox 1533 3575 1648 3625; x_wconf 92' lang='lat' dir='ltr'>me,</span> <span class='ocrx_word' id='word_1_413' title='bbox 1691 3561 1747 3613; x_wconf 93' lang='lat' dir='ltr'>te</span> <span class='ocrx_word' id='word_1_414' title='bbox 1793 3561 2106 3632; x_wconf 90' lang='lat' dir='ltr'>reprobare</span> 
     </span>
    </p>
   </div>
   <div class='ocr_carea' id='block_1_54' title="bbox 493 3647 2109 3720">
    <p class='ocr_par' dir='ltr' id='par_1_54' title="bbox 493 3647 2109 3720">
     <span class='ocr_line' id='line_1_54' title="bbox 493 3647 2109 3720; baseline 0 -15"><span class='ocrx_word' id='word_1_415' title='bbox 493 3665 731 3706; x_wconf 88' lang='lat' dir='ltr'>omnem</span> <span class='ocrx_word' id='word_1_416' title='bbox 747 3647 1181 3703; x_wconf 90' lang='lat' dir='ltr'>multitudinem</span> <span class='ocrx_word' id='word_1_417' title='bbox 1201 3647 1630 3720; x_wconf 85' lang='lat' dir='ltr'>ﬁdelium,quos</span> <span class='ocrx_word' id='word_1_418' title='bbox 1643 3664 1761 3702; x_wconf 90' lang='lat' dir='ltr'>non</span> <span class='ocrx_word' id='word_1_419' title='bbox 1775 3665 2109 3705; x_wconf 86' lang='lat' dir='ltr'>remunera-</span> 
     </span>
    </p>
   </div>
   <div class='ocr_carea' id='block_1_55' title="bbox 488 3734 2107 3807">
    <p class='ocr_par' dir='ltr' id='par_1_55' title="bbox 488 3734 2107 3807">
     <span class='ocr_line' id='line_1_55' title="bbox 488 3734 2107 3807; baseline 0 -14"><span class='ocrx_word' id='word_1_420' title='bbox 488 3738 598 3807; x_wconf 89' lang='lat' dir='ltr'>bis,</span> <span class='ocrx_word' id='word_1_421' title='bbox 628 3737 674 3792; x_wconf 91' lang='lat' dir='ltr'>si</span> <span class='ocrx_word' id='word_1_422' title='bbox 706 3736 914 3792; x_wconf 85' lang='lat' dir='ltr'>inscius</span> <span class='ocrx_word' id='word_1_423' title='bbox 969 3738 1068 3789; x_wconf 87' lang='lat' dir='ltr'>aut</span> <span class='ocrx_word' id='word_1_424' title='bbox 1119 3734 1363 3806; x_wconf 86' lang='lat' dir='ltr'>injustus</span> <span class='ocrx_word' id='word_1_425' title='bbox 1393 3735 1488 3791; x_wconf 90' lang='lat' dir='ltr'>sis.</span> <span class='ocrx_word' id='word_1_426' title='bbox 1523 3734 1686 3800; x_wconf 88' lang='lat' dir='ltr'>Quod</span> <span class='ocrx_word' id='word_1_427' title='bbox 1725 3740 1811 3790; x_wconf 90' lang='lat' dir='ltr'>est</span> <span class='ocrx_word' id='word_1_428' title='bbox 1838 3737 2107 3793; x_wconf 90' lang='lat' dir='ltr'>inconve-</span> 
     </span>
    </p>
   </div>
   <div class='ocr_carea' id='block_1_56' title="bbox 488 3823 2108 3891">
    <p class='ocr_par' dir='ltr' id='par_1_56' title="bbox 488 3823 2108 3891">
     <span class='ocr_line' id='line_1_56' title="bbox 488 3823 2108 3891; baseline 0 -10"><span class='ocrx_word' id='word_1_429' title='bbox 488 3826 655 3882; x_wconf 89' lang='lat' dir='ltr'>niens</span> <span class='ocrx_word' id='word_1_430' title='bbox 672 3823 1082 3882; x_wconf 89' lang='lat' dir='ltr'>etincredibile</span> <span class='ocrx_word' id='word_1_431' title='bbox 1119 3827 1182 3878; x_wconf 91' lang='lat' dir='ltr'>ut</span> <span class='ocrx_word' id='word_1_432' title='bbox 1225 3841 1342 3878; x_wconf 90' lang='lat' dir='ltr'>non</span> <span class='ocrx_word' id='word_1_433' title='bbox 1364 3827 1832 3891; x_wconf 87' lang='lat' dir='ltr'>remunerentur,</span> <span class='ocrx_word' id='word_1_434' title='bbox 1865 3827 1953 3881; x_wconf 91' lang='lat' dir='ltr'>vel</span> <span class='ocrx_word' id='word_1_435' title='bbox 1983 3827 2060 3881; x_wconf 92' lang='lat' dir='ltr'>sic</span> <span class='ocrx_word' id='word_1_436' title='bbox 2094 3853 2108 3891; x_wconf 72' lang='grc' dir='ltr'><strong>ε</strong></span> 
     </span>
    </p>
   </div>
   <div class='ocr_carea' id='block_1_57' title="bbox 488 3909 2110 3979">
    <p class='ocr_par' dir='ltr' id='par_1_57' title="bbox 488 3909 2110 3979">
     <span class='ocr_line' id='line_1_57' title="bbox 488 3909 2110 3979; baseline -0.001 -9"><span class='ocrx_word' id='word_1_437' title='bbox 488 3914 547 3970; x_wconf 92' lang='lat' dir='ltr'>Si</span> <span class='ocrx_word' id='word_1_438' title='bbox 579 3915 688 3970; x_wconf 83' lang='lat' dir='ltr'>hoc</span> <span class='ocrx_word' id='word_1_439' title='bbox 705 3928 1038 3979; x_wconf 88' lang='lat' dir='ltr'>narravero,</span> <span class='ocrx_word' id='word_1_440' title='bbox 1062 3909 1278 3966; x_wconf 87' lang='lat' dir='ltr'>scilicet</span> <span class='ocrx_word' id='word_1_441' title='bbox 1301 3913 1482 3966; x_wconf 88' lang='lat' dir='ltr'>Deum</span> <span class='ocrx_word' id='word_1_442' title='bbox 1514 3927 1634 3967; x_wconf 89' lang='lat' dir='ltr'>esse</span> <span class='ocrx_word' id='word_1_443' title='bbox 1674 3911 1914 3967; x_wconf 90' lang='lat' dir='ltr'>inscium</span> <span class='ocrx_word' id='word_1_444' title='bbox 1937 3917 1994 3968; x_wconf 90' lang='lat' dir='ltr'>et</span> <span class='ocrx_word' id='word_1_445' title='bbox 2023 3914 2110 3968; x_wconf 88' lang='lat' dir='ltr'>in-</span> 
     </span>
    </p>
   </div>
   <div class='ocr_carea' id='block_1_58' title="bbox 479 4001 2110 4075">
    <p class='ocr_par' dir='ltr' id='par_1_58' title="bbox 479 4001 2110 4075">
     <span class='ocr_line' id='line_1_58' title="bbox 479 4001 2110 4075; baseline 0.001 -18"><span class='ocrx_word' id='word_1_446' title='bbox 479 4003 726 4075; x_wconf 85' lang='lat' dir='ltr'>justum,</span> <span class='ocrx_word' id='word_1_447' title='bbox 751 4005 808 4056; x_wconf 91' lang='lat' dir='ltr'>et</span> <span class='ocrx_word' id='word_1_448' title='bbox 839 4001 989 4056; x_wconf 77' lang='lat' dir='ltr'>ﬁlios</span> <span class='ocrx_word' id='word_1_449' title='bbox 1015 4016 1146 4054; x_wconf 91' lang='lat' dir='ltr'>suos</span> <span class='ocrx_word' id='word_1_450' title='bbox 1166 4016 1284 4054; x_wconf 89' lang='lat' dir='ltr'>non</span> <span class='ocrx_word' id='word_1_451' title='bbox 1327 4003 1860 4068; x_wconf 88' lang='lat' dir='ltr'>remuneraturum,</span> <span class='ocrx_word' id='word_1_452' title='bbox 1889 4019 2019 4058; x_wconf 89' lang='lat' dir='ltr'>ecce</span> <span class='ocrx_word' id='word_1_453' title='bbox 2050 4003 2110 4058; x_wconf 91' lang='lat' dir='ltr'>in</span> 
     </span>
    </p>
   </div>
   <div class='ocr_carea' id='block_1_59' title="bbox 489 4088 2110 4163">
    <p class='ocr_par' dir='ltr' id='par_1_59' title="bbox 489 4088 2110 4163">
     <span class='ocr_line' id='line_1_59' title="bbox 489 4088 2110 4163; baseline 0 -17"><span class='ocrx_word' id='word_1_454' title='bbox 489 4089 761 4163; x_wconf 63' lang='lat' dir='ltr'>praesenti</span> <span class='ocrx_word' id='word_1_455' title='bbox 788 4092 873 4144; x_wconf 90' lang='lat' dir='ltr'>est</span> <span class='ocrx_word' id='word_1_456' title='bbox 915 4089 1025 4144; x_wconf 91' lang='lat' dir='ltr'>hoc</span> <span class='ocrx_word' id='word_1_457' title='bbox 1052 4088 1464 4143; x_wconf 90' lang='lat' dir='ltr'>inconveniens</span> <span class='ocrx_word' id='word_1_458' title='bbox 1496 4088 1709 4143; x_wconf 88' lang='lat' dir='ltr'>scilicet</span> <span class='ocrx_word' id='word_1_459' title='bbox 1731 4091 2027 4161; x_wconf 80' lang='lat' dir='ltr'>reprobavi,</span> <span class='ocrx_word' id='word_1_460' title='bbox 2051 4090 2110 4146; x_wconf 91' lang='lat' dir='ltr'>id</span> 
     </span>
    </p>
   </div>
   <div class='ocr_carea' id='block_1_60' title="bbox 490 4174 2112 4247">
    <p class='ocr_par' dir='ltr' id='par_1_60' title="bbox 490 4174 2112 4247">
     <span class='ocr_line' id='line_1_60' title="bbox 490 4174 2112 4247; baseline 0.001 -15"><span class='ocrx_word' id='word_1_461' title='bbox 490 4182 576 4233; x_wconf 91' lang='lat' dir='ltr'>est</span> <span class='ocrx_word' id='word_1_462' title='bbox 599 4174 920 4247; x_wconf 90' lang='lat' dir='ltr'>contempsi</span> <span class='ocrx_word' id='word_1_463' title='bbox 971 4177 1240 4228; x_wconf 82' lang='lat' dir='ltr'>nationem</span> <span class='ocrx_word' id='word_1_464' title='bbox 1269 4175 1506 4243; x_wconf 80' lang='lat' dir='ltr'>ﬁliorum</span> <span class='ocrx_word' id='word_1_465' title='bbox 1539 4183 1772 4244; x_wconf 80' lang='lat' dir='ltr'>tuorum,</span> <span class='ocrx_word' id='word_1_466' title='bbox 1813 4177 1872 4232; x_wconf 91' lang='lat' dir='ltr'>id</span> <span class='ocrx_word' id='word_1_467' title='bbox 1905 4182 1988 4232; x_wconf 91' lang='lat' dir='ltr'>est</span> <span class='ocrx_word' id='word_1_468' title='bbox 2017 4195 2112 4233; x_wconf 91' lang='lat' dir='ltr'>au-</span> 
     </span>
    </p>
   </div>
   <div class='ocr_carea' id='block_1_61' title="bbox 2208 1875 3831 1959">
    <p class='ocr_par' dir='ltr' id='par_1_61' title="bbox 2208 1875 3831 1959">
     <span class='ocr_line' id='line_1_61' title="bbox 2208 1875 3831 1959; baseline 0.012 -31"><span class='ocrx_word' id='word_1_469' title='bbox 2208 1875 2357 1929; x_wconf 89' lang='lat' dir='ltr'>labor</span> <span class='ocrx_word' id='word_1_470' title='bbox 2387 1886 2461 1931; x_wconf 85' lang='lat' dir='ltr'>est</span> <span class='ocrx_word' id='word_1_471' title='bbox 2489 1886 2610 1931; x_wconf 86' lang='lat' dir='ltr'>ante</span> <span class='ocrx_word' id='word_1_472' title='bbox 2655 1898 2754 1945; x_wconf 80' lang='lat' dir='ltr'>me,</span> <span class='ocrx_word' id='word_1_473' title='bbox 2783 1880 2840 1935; x_wconf 93' lang='lat' dir='ltr'>id</span> <span class='ocrx_word' id='word_1_474' title='bbox 2867 1885 2952 1936; x_wconf 90' lang='lat' dir='ltr'>est</span> <span class='ocrx_word' id='word_1_475' title='bbox 2976 1882 3140 1936; x_wconf 91' lang='lat' dir='ltr'>labor</span> <span class='ocrx_word' id='word_1_476' title='bbox 3167 1889 3250 1938; x_wconf 91' lang='lat' dir='ltr'>est</span> <span class='ocrx_word' id='word_1_477' title='bbox 3281 1901 3659 1959; x_wconf 88' lang='lat' dir='ltr'>cognoscere,</span> <span class='ocrx_word' id='word_1_478' title='bbox 3691 1907 3831 1947; x_wconf 88' lang='lat' dir='ltr'>con-</span> 
     </span>
    </p>
   </div>
   <div class='ocr_carea' id='block_1_62' title="bbox 2207 1963 3834 2050">
    <p class='ocr_par' dir='ltr' id='par_1_62' title="bbox 2207 1963 3834 2050">
     <span class='ocr_line' id='line_1_62' title="bbox 2207 1963 3834 2050; baseline 0.01 -32"><span class='ocrx_word' id='word_1_479' title='bbox 2207 1963 2512 2021; x_wconf 89' lang='lat' dir='ltr'>siderando</span> <span class='ocrx_word' id='word_1_480' title='bbox 2561 1984 2769 2040; x_wconf 58' lang='lat' dir='ltr'>eaquae</span> <span class='ocrx_word' id='word_1_481' title='bbox 2802 1974 2934 2024; x_wconf 86' lang='lat' dir='ltr'>sunt</span> <span class='ocrx_word' id='word_1_482' title='bbox 2977 1975 3111 2027; x_wconf 90' lang='lat' dir='ltr'>ante</span> <span class='ocrx_word' id='word_1_483' title='bbox 3155 1990 3250 2028; x_wconf 90' lang='lat' dir='ltr'>me</span> <span class='ocrx_word' id='word_1_484' title='bbox 3269 1975 3482 2030; x_wconf 89' lang='lat' dir='ltr'>scilicet</span> <span class='ocrx_word' id='word_1_485' title='bbox 3515 1985 3834 2050; x_wconf 64' lang='lat' dir='ltr'>praesentes</span> 
     </span>
    </p>
   </div>
   <div class='ocr_carea' id='block_1_63' title="bbox 2207 2057 3833 2141">
    <p class='ocr_par' dir='ltr' id='par_1_63' title="bbox 2207 2057 3833 2141">
     <span class='ocr_line' id='line_1_63' title="bbox 2207 2057 3833 2141; baseline 0.01 -33"><span class='ocrx_word' id='word_1_486' title='bbox 2207 2071 2412 2110; x_wconf 90' lang='lat' dir='ltr'>eorum</span> <span class='ocrx_word' id='word_1_487' title='bbox 2440 2057 2871 2128; x_wconf 84' lang='lat' dir='ltr'>prosperitates,</span> <span class='ocrx_word' id='word_1_488' title='bbox 2903 2062 2959 2113; x_wconf 90' lang='lat' dir='ltr'>et</span> <span class='ocrx_word' id='word_1_489' title='bbox 2984 2059 3272 2116; x_wconf 89' lang='lat' dir='ltr'>bonorum</span> <span class='ocrx_word' id='word_1_490' title='bbox 3317 2064 3833 2141; x_wconf 66' lang='lat' dir='ltr'>afﬂictiones,quaa</span> 
     </span>
    </p>
   </div>
   <div class='ocr_carea' id='block_1_64' title="bbox 2206 2143 3834 2214">
    <p class='ocr_par' dir='ltr' id='par_1_64' title="bbox 2206 2143 3834 2214">
     <span class='ocr_line' id='line_1_64' title="bbox 2206 2143 3834 2214; baseline 0.01 -19"><span class='ocrx_word' id='word_1_491' title='bbox 2206 2147 2336 2197; x_wconf 90' lang='lat' dir='ltr'>sunt</span> <span class='ocrx_word' id='word_1_492' title='bbox 2356 2143 2412 2197; x_wconf 92' lang='lat' dir='ltr'>in</span> <span class='ocrx_word' id='word_1_493' title='bbox 2441 2149 2748 2214; x_wconf 87' lang='lat' dir='ltr'>conspectu</span> <span class='ocrx_word' id='word_1_494' title='bbox 2799 2163 2950 2201; x_wconf 88' lang='lat' dir='ltr'>meo.</span> <span class='ocrx_word' id='word_1_495' title='bbox 2985 2148 3150 2212; x_wconf 92' lang='lat' dir='ltr'>Quod</span> <span class='ocrx_word' id='word_1_496' title='bbox 3180 2154 3265 2204; x_wconf 91' lang='lat' dir='ltr'>est</span> <span class='ocrx_word' id='word_1_497' title='bbox 3285 2151 3473 2208; x_wconf 89' lang='lat' dir='ltr'>dicere</span> <span class='ocrx_word' id='word_1_498' title='bbox 3496 2155 3583 2209; x_wconf 91' lang='lat' dir='ltr'>:Si</span> <span class='ocrx_word' id='word_1_499' title='bbox 3625 2173 3834 2213; x_wconf 89' lang='lat' dir='ltr'>eorum</span> 
     </span>
    </p>
   </div>
   <div class='ocr_carea' id='block_1_65' title="bbox 2204 2231 3834 2312">
    <p class='ocr_par' dir='ltr' id='par_1_65' title="bbox 2204 2231 3834 2312">
     <span class='ocr_line' id='line_1_65' title="bbox 2204 2231 3834 2312; baseline 0.01 -28"><span class='ocrx_word' id='word_1_500' title='bbox 2204 2231 2475 2302; x_wconf 90' lang='lat' dir='ltr'>aspiciam</span> <span class='ocrx_word' id='word_1_501' title='bbox 2525 2234 2952 2305; x_wconf 87' lang='lat' dir='ltr'>prosperitates,</span> <span class='ocrx_word' id='word_1_502' title='bbox 3004 2240 3062 2290; x_wconf 88' lang='lat' dir='ltr'>et</span> <span class='ocrx_word' id='word_1_503' title='bbox 3090 2237 3378 2294; x_wconf 90' lang='lat' dir='ltr'>bonorum</span> <span class='ocrx_word' id='word_1_504' title='bbox 3410 2241 3788 2300; x_wconf 87' lang='lat' dir='ltr'>adversitates</span> <span class='ocrx_word' id='word_1_505' title='bbox 3819 2263 3834 2312; x_wconf 90' lang='lat'><strong>;</strong></span> 
     </span>
    </p>
   </div>
   <div class='ocr_carea' id='block_1_66' title="bbox 2205 2323 3833 2398">
    <p class='ocr_par' dir='ltr' id='par_1_66' title="bbox 2205 2323 3833 2398">
     <span class='ocr_line' id='line_1_66' title="bbox 2205 2323 3833 2398; baseline 0.011 -26"><span class='ocrx_word' id='word_1_506' title='bbox 2205 2337 2332 2392; x_wconf 71' lang='lat' dir='ltr'>qua:</span> <span class='ocrx_word' id='word_1_507' title='bbox 2346 2323 2478 2374; x_wconf 90' lang='lat' dir='ltr'>ante</span> <span class='ocrx_word' id='word_1_508' title='bbox 2506 2337 2599 2375; x_wconf 93' lang='lat' dir='ltr'>me</span> <span class='ocrx_word' id='word_1_509' title='bbox 2623 2327 2778 2389; x_wconf 88' lang='lat' dir='ltr'>sunt,</span> <span class='ocrx_word' id='word_1_510' title='bbox 2808 2323 2867 2378; x_wconf 91' lang='lat' dir='ltr'>id</span> <span class='ocrx_word' id='word_1_511' title='bbox 2887 2329 2971 2379; x_wconf 91' lang='lat' dir='ltr'>est</span> <span class='ocrx_word' id='word_1_512' title='bbox 2993 2325 3050 2379; x_wconf 91' lang='lat' dir='ltr'>in</span> <span class='ocrx_word' id='word_1_513' title='bbox 3068 2327 3181 2380; x_wconf 90' lang='lat' dir='ltr'>mei</span> <span class='ocrx_word' id='word_1_514' title='bbox 3197 2330 3522 2398; x_wconf 80' lang='lat' dir='ltr'>praesentia,</span> <span class='ocrx_word' id='word_1_515' title='bbox 3577 2333 3833 2390; x_wconf 87' lang='lat' dir='ltr'>laborio-</span> 
     </span>
    </p>
   </div>
   <div class='ocr_carea' id='block_1_67' title="bbox 2205 2411 3833 2485">
    <p class='ocr_par' dir='ltr' id='par_1_67' title="bbox 2205 2411 3833 2485">
     <span class='ocr_line' id='line_1_67' title="bbox 2205 2411 3833 2485; baseline 0.01 -25"><span class='ocrx_word' id='word_1_516' title='bbox 2205 2425 2330 2462; x_wconf 89' lang='lat' dir='ltr'>sum</span> <span class='ocrx_word' id='word_1_517' title='bbox 2363 2411 2448 2462; x_wconf 90' lang='lat' dir='ltr'>est</span> <span class='ocrx_word' id='word_1_518' title='bbox 2468 2426 2816 2481; x_wconf 86' lang='lat' dir='ltr'>cognoscere</span> <span class='ocrx_word' id='word_1_519' title='bbox 2844 2430 3020 2485; x_wconf 89' lang='lat' dir='ltr'>quare</span> <span class='ocrx_word' id='word_1_520' title='bbox 3049 2415 3172 2470; x_wconf 69' lang='lat' dir='ltr'>haec</span> <span class='ocrx_word' id='word_1_521' title='bbox 3201 2417 3363 2472; x_wconf 84' lang='lat' dir='ltr'>fiant.</span> <span class='ocrx_word' id='word_1_522' title='bbox 3420 2418 3603 2474; x_wconf 87' lang='lat' dir='ltr'>Donec</span> <span class='ocrx_word' id='word_1_523' title='bbox 3639 2424 3833 2477; x_wconf 70' lang='lat' dir='ltr'>inirem</span> 
     </span>
    </p>
   </div>
   <div class='ocr_carea' id='block_1_68' title="bbox 2205 2498 3830 2573">
    <p class='ocr_par' dir='ltr' id='par_1_68' title="bbox 2205 2498 3830 2573">
     <span class='ocr_line' id='line_1_68' title="bbox 2205 2498 3830 2573; baseline 0.011 -26"><span class='ocrx_word' id='word_1_524' title='bbox 2205 2498 2260 2549; x_wconf 85' lang='lat' dir='ltr'>in</span> <span class='ocrx_word' id='word_1_525' title='bbox 2283 2504 2653 2551; x_wconf 82' lang='lat' dir='ltr'>sunctuarmm</span> <span class='ocrx_word' id='word_1_526' title='bbox 2695 2500 2818 2567; x_wconf 84' lang='lat' dir='ltr'>Dei,</span> <span class='ocrx_word' id='word_1_527' title='bbox 2875 2509 2924 2555; x_wconf 87' lang='lat' dir='ltr'>et</span> <span class='ocrx_word' id='word_1_528' title='bbox 2975 2503 3262 2573; x_wconf 78' lang='lat' dir='ltr'>intelligam</span> <span class='ocrx_word' id='word_1_529' title='bbox 3307 2508 3362 2558; x_wconf 87' lang='lat' dir='ltr'>in</span> <span class='ocrx_word' id='word_1_530' title='bbox 3414 2510 3715 2563; x_wconf 70' lang='lat' dir='ltr'>novissimis</span> <span class='ocrx_word' id='word_1_531' title='bbox 3745 2527 3830 2566; x_wconf 79' lang='lat' dir='ltr'>eo-</span> 
     </span>
    </p>
   </div>
   <div class='ocr_carea' id='block_1_69' title="bbox 2205 2587 3830 2663">
    <p class='ocr_par' dir='ltr' id='par_1_69' title="bbox 2205 2587 3830 2663">
     <span class='ocr_line' id='line_1_69' title="bbox 2205 2587 3830 2663; baseline 0.01 -26"><span class='ocrx_word' id='word_1_532' title='bbox 2205 2603 2344 2639; x_wconf 84' lang='lat' dir='ltr'>rum.</span> <span class='ocrx_word' id='word_1_533' title='bbox 2387 2587 2673 2658; x_wconf 91' lang='lat' dir='ltr'>Expositio</span> <span class='ocrx_word' id='word_1_534' title='bbox 2697 2589 2868 2660; x_wconf 85' lang='lat' dir='ltr'>hujus</span> <span class='ocrx_word' id='word_1_535' title='bbox 2882 2608 3074 2646; x_wconf 90' lang='lat' dir='ltr'>versus</span> <span class='ocrx_word' id='word_1_536' title='bbox 3095 2610 3211 2647; x_wconf 88' lang='lat' dir='ltr'>non</span> <span class='ocrx_word' id='word_1_537' title='bbox 3238 2599 3514 2651; x_wconf 88' lang='lat' dir='ltr'>mutatur.</span> <span class='ocrx_word' id='word_1_538' title='bbox 3546 2599 3715 2663; x_wconf 90' lang='lat' dir='ltr'>Quod</span> <span class='ocrx_word' id='word_1_539' title='bbox 3748 2604 3830 2654; x_wconf 88' lang='lat' dir='ltr'>est</span> 
     </span>
    </p>
   </div>
   <div class='ocr_carea' id='block_1_70' title="bbox 2206 2673 3826 2760">
    <p class='ocr_par' dir='ltr' id='par_1_70' title="bbox 2206 2673 3826 2760">
     <span class='ocr_line' id='line_1_70' title="bbox 2206 2673 3826 2760; baseline 0.01 -33"><span class='ocrx_word' id='word_1_540' title='bbox 2206 2673 2395 2729; x_wconf 90' lang='lat' dir='ltr'>dicere</span> <span class='ocrx_word' id='word_1_541' title='bbox 2420 2675 2572 2730; x_wconf 86' lang='lat' dir='ltr'>:Non</span> <span class='ocrx_word' id='word_1_542' title='bbox 2603 2677 2711 2731; x_wconf 88' lang='lat' dir='ltr'>hoc</span> <span class='ocrx_word' id='word_1_543' title='bbox 2739 2695 3104 2751; x_wconf 89' lang='lat' dir='ltr'>cognoscam,</span> <span class='ocrx_word' id='word_1_544' title='bbox 3139 2683 3322 2738; x_wconf 90' lang='lat' dir='ltr'>donec</span> <span class='ocrx_word' id='word_1_545' title='bbox 3358 2685 3430 2739; x_wconf 88' lang='lat' dir='ltr'>ad</span> <span class='ocrx_word' id='word_1_546' title='bbox 3454 2687 3553 2741; x_wconf 80' lang='lat' dir='ltr'>Dei</span> <span class='ocrx_word' id='word_1_547' title='bbox 3587 2688 3826 2760; x_wconf 83' lang='lat' dir='ltr'>disposi-</span> 
     </span>
    </p>
   </div>
   <div class='ocr_carea' id='block_1_71' title="bbox 2205 2759 3826 2833">
    <p class='ocr_par' dir='ltr' id='par_1_71' title="bbox 2205 2759 3826 2833">
     <span class='ocr_line' id='line_1_71' title="bbox 2205 2759 3826 2833; baseline 0.012 -19"><span class='ocrx_word' id='word_1_548' title='bbox 2205 2759 2449 2831; x_wconf 89' lang='lat' dir='ltr'>tionem,</span> <span class='ocrx_word' id='word_1_549' title='bbox 2491 2767 2548 2818; x_wconf 91' lang='lat' dir='ltr'>et</span> <span class='ocrx_word' id='word_1_550' title='bbox 2582 2765 2654 2819; x_wconf 90' lang='lat' dir='ltr'>ad</span> <span class='ocrx_word' id='word_1_551' title='bbox 2687 2783 2890 2822; x_wconf 89' lang='lat' dir='ltr'>eorum</span> <span class='ocrx_word' id='word_1_552' title='bbox 2949 2771 3260 2827; x_wconf 91' lang='lat' dir='ltr'>novissima</span> <span class='ocrx_word' id='word_1_553' title='bbox 3286 2791 3378 2829; x_wconf 91' lang='lat' dir='ltr'>me</span> <span class='ocrx_word' id='word_1_554' title='bbox 3410 2775 3688 2832; x_wconf 81' lang='lat' dir='ltr'>referam.</span> <span class='ocrx_word' id='word_1_555' title='bbox 3726 2777 3826 2833; x_wconf 80' lang='lat' dir='ltr'>Ve-</span> 
     </span>
    </p>
   </div>
   <div class='ocr_carea' id='block_1_72' title="bbox 2204 2855 3827 2939">
    <p class='ocr_par' dir='ltr' id='par_1_72' title="bbox 2204 2855 3827 2939">
     <span class='ocr_line' id='line_1_72' title="bbox 2204 2855 3827 2939; baseline 0.014 -38"><span class='ocrx_word' id='word_1_556' title='bbox 2204 2855 2501 2905; x_wconf 86' lang='lat' dir='ltr'>rumtamen</span> <span class='ocrx_word' id='word_1_557' title='bbox 2541 2857 2732 2924; x_wconf 90' lang='lat' dir='ltr'>potest</span> <span class='ocrx_word' id='word_1_558' title='bbox 2777 2856 2885 2910; x_wconf 91' lang='lat' dir='ltr'>hoc</span> <span class='ocrx_word' id='word_1_559' title='bbox 2911 2857 3091 2913; x_wconf 90' lang='lat' dir='ltr'>videri</span> <span class='ocrx_word' id='word_1_560' title='bbox 3116 2875 3220 2930; x_wconf 91' lang='lat' dir='ltr'>per</span> <span class='ocrx_word' id='word_1_561' title='bbox 3277 2861 3426 2934; x_wconf 90' lang='lat' dir='ltr'>ipsas</span> <span class='ocrx_word' id='word_1_562' title='bbox 3454 2881 3660 2920; x_wconf 91' lang='lat' dir='ltr'>eorum</span> <span class='ocrx_word' id='word_1_563' title='bbox 3693 2883 3827 2939; x_wconf 85' lang='lat' dir='ltr'>pro-</span> 
     </span>
    </p>
   </div>
   <div class='ocr_carea' id='block_1_73' title="bbox 2203 2937 3826 3019">
    <p class='ocr_par' dir='ltr' id='par_1_73' title="bbox 2203 2937 3826 3019">
     <span class='ocr_line' id='line_1_73' title="bbox 2203 2937 3826 3019; baseline 0.013 -29"><span class='ocrx_word' id='word_1_564' title='bbox 2203 2937 2523 3009; x_wconf 89' lang='lat' dir='ltr'>speritates,</span> <span class='ocrx_word' id='word_1_565' title='bbox 2551 2958 2730 3013; x_wconf 88' lang='lat' dir='ltr'>quare</span> <span class='ocrx_word' id='word_1_566' title='bbox 2757 2945 2836 2998; x_wconf 91' lang='lat' dir='ltr'>eis</span> <span class='ocrx_word' id='word_1_567' title='bbox 2876 2947 3237 3019; x_wconf 90' lang='lat' dir='ltr'>contingant,</span> <span class='ocrx_word' id='word_1_568' title='bbox 3267 2950 3399 3005; x_wconf 92' lang='lat' dir='ltr'>licet</span> <span class='ocrx_word' id='word_1_569' title='bbox 3428 2953 3672 3008; x_wconf 88' lang='lat' dir='ltr'>dixerim</span> <span class='ocrx_word' id='word_1_570' title='bbox 3694 2937 3826 3010; x_wconf 74' lang='lat' dir='ltr'>esse</span> 
     </span>
    </p>
   </div>
   <div class='ocr_carea' id='block_1_74' title="bbox 2202 3023 3825 3110">
    <p class='ocr_par' dir='ltr' id='par_1_74' title="bbox 2202 3023 3825 3110">
     <span class='ocr_line' id='line_1_74' title="bbox 2202 3023 3825 3110; baseline 0.014 -32"><span class='ocrx_word' id='word_1_571' title='bbox 2202 3023 2552 3083; x_wconf 88' lang='lat' dir='ltr'>laboriosum</span> <span class='ocrx_word' id='word_1_572' title='bbox 2583 3030 2691 3085; x_wconf 90' lang='lat' dir='ltr'>hoc</span> <span class='ocrx_word' id='word_1_573' title='bbox 2721 3048 3088 3104; x_wconf 90' lang='lat' dir='ltr'>cognoscere,</span> <span class='ocrx_word' id='word_1_574' title='bbox 3112 3037 3214 3092; x_wconf 89' lang='lat' dir='ltr'>nisi</span> <span class='ocrx_word' id='word_1_575' title='bbox 3231 3055 3336 3110; x_wconf 90' lang='lat' dir='ltr'>per</span> <span class='ocrx_word' id='word_1_576' title='bbox 3351 3041 3666 3098; x_wconf 88' lang='lat' dir='ltr'>novissima</span> <span class='ocrx_word' id='word_1_577' title='bbox 3689 3061 3825 3100; x_wconf 84' lang='lat' dir='ltr'>con-</span> 
     </span>
    </p>
   </div>
   <div class='ocr_carea' id='block_1_75' title="bbox 2202 3113 3827 3202">
    <p class='ocr_par' dir='ltr' id='par_1_75' title="bbox 2202 3113 3827 3202">
     <span class='ocr_line' id='line_1_75' title="bbox 2202 3113 3827 3202; baseline 0.012 -34"><span class='ocrx_word' id='word_1_578' title='bbox 2202 3113 2470 3183; x_wconf 90' lang='lat' dir='ltr'>siderata,</span> <span class='ocrx_word' id='word_1_579' title='bbox 2495 3135 2632 3172; x_wconf 89' lang='lat' dir='ltr'>nam</span> <span class='ocrx_word' id='word_1_580' title='bbox 2649 3123 2877 3190; x_wconf 79' lang='lat' dir='ltr'>posuisti</span> <span class='ocrx_word' id='word_1_581' title='bbox 2898 3125 2968 3176; x_wconf 88' lang='lat' dir='ltr'>eis</span> <span class='ocrx_word' id='word_1_582' title='bbox 2984 3127 3393 3197; x_wconf 89' lang='lat' dir='ltr'>prosperitates</span> <span class='ocrx_word' id='word_1_583' title='bbox 3407 3138 3634 3202; x_wconf 80' lang='lat' dir='ltr'>propter</span> <span class='ocrx_word' id='word_1_584' title='bbox 3657 3133 3827 3200; x_wconf 85' lang='lat' dir='ltr'>dolos,</span> 
     </span>
    </p>
   </div>
   <div class='ocr_carea' id='block_1_76' title="bbox 2204 3201 3825 3277">
    <p class='ocr_par' dir='ltr' id='par_1_76' title="bbox 2204 3201 3825 3277">
     <span class='ocr_line' id='line_1_76' title="bbox 2204 3201 3825 3277; baseline 0.014 -22"><span class='ocrx_word' id='word_1_585' title='bbox 2204 3201 2261 3257; x_wconf 91' lang='lat' dir='ltr'>id</span> <span class='ocrx_word' id='word_1_586' title='bbox 2288 3208 2373 3257; x_wconf 91' lang='lat' dir='ltr'>est</span> <span class='ocrx_word' id='word_1_587' title='bbox 2423 3205 2587 3275; x_wconf 90' lang='lat' dir='ltr'>juxta</span> <span class='ocrx_word' id='word_1_588' title='bbox 2615 3207 2797 3275; x_wconf 91' lang='lat' dir='ltr'>dolos,</span> <span class='ocrx_word' id='word_1_589' title='bbox 2830 3210 3044 3266; x_wconf 90' lang='lat' dir='ltr'>scilicet</span> <span class='ocrx_word' id='word_1_590' title='bbox 3075 3214 3149 3267; x_wconf 91' lang='lat' dir='ltr'>ad</span> <span class='ocrx_word' id='word_1_591' title='bbox 3187 3201 3632 3274; x_wconf 89' lang='lat' dir='ltr'>similitudinem</span> <span class='ocrx_word' id='word_1_592' title='bbox 3663 3222 3825 3277; x_wconf 91' lang='lat' dir='ltr'>dolo-</span> 
     </span>
    </p>
   </div>
   <div class='ocr_carea' id='block_1_77' title="bbox 2203 3292 3827 3381">
    <p class='ocr_par' dir='ltr' id='par_1_77' title="bbox 2203 3292 3827 3381">
     <span class='ocr_line' id='line_1_77' title="bbox 2203 3292 3827 3381; baseline 0.014 -36"><span class='ocrx_word' id='word_1_593' title='bbox 2203 3307 2354 3346; x_wconf 89' lang='lat' dir='ltr'>rum.</span> <span class='ocrx_word' id='word_1_594' title='bbox 2389 3292 2551 3357; x_wconf 90' lang='lat' dir='ltr'>Quod</span> <span class='ocrx_word' id='word_1_595' title='bbox 2577 3299 2662 3350; x_wconf 89' lang='lat' dir='ltr'>est</span> <span class='ocrx_word' id='word_1_596' title='bbox 2688 3297 2914 3354; x_wconf 88' lang='lat' dir='ltr'>dicere:</span> <span class='ocrx_word' id='word_1_597' title='bbox 2939 3301 3239 3358; x_wconf 90' lang='lat' dir='ltr'>Itadedisti</span> <span class='ocrx_word' id='word_1_598' title='bbox 3273 3305 3354 3359; x_wconf 90' lang='lat' dir='ltr'>eis</span> <span class='ocrx_word' id='word_1_599' title='bbox 3387 3311 3827 3381; x_wconf 84' lang='lat' dir='ltr'>prosperitates,</span> 
     </span>
    </p>
   </div>
   <div class='ocr_carea' id='block_1_78' title="bbox 2207 3381 3830 3467">
    <p class='ocr_par' dir='ltr' id='par_1_78' title="bbox 2207 3381 3830 3467">
     <span class='ocr_line' id='line_1_78' title="bbox 2207 3381 3830 3467; baseline 0.014 -34"><span class='ocrx_word' id='word_1_600' title='bbox 2207 3383 2269 3434; x_wconf 91' lang='lat' dir='ltr'>ut</span> <span class='ocrx_word' id='word_1_601' title='bbox 2298 3381 2604 3438; x_wconf 86' lang='lat' dir='ltr'>videantur</span> <span class='ocrx_word' id='word_1_602' title='bbox 2653 3402 2773 3440; x_wconf 89' lang='lat' dir='ltr'>esse</span> <span class='ocrx_word' id='word_1_603' title='bbox 2807 3387 2945 3455; x_wconf 92' lang='lat' dir='ltr'>doli,</span> <span class='ocrx_word' id='word_1_604' title='bbox 2978 3406 3108 3444; x_wconf 91' lang='lat' dir='ltr'>cum</span> <span class='ocrx_word' id='word_1_605' title='bbox 3142 3395 3337 3448; x_wconf 90' lang='lat' dir='ltr'>tamen</span> <span class='ocrx_word' id='word_1_606' title='bbox 3393 3413 3457 3450; x_wconf 86' lang='lat' dir='ltr'>ex</span> <span class='ocrx_word' id='word_1_607' title='bbox 3481 3397 3714 3467; x_wconf 90' lang='lat' dir='ltr'>justitia</span> <span class='ocrx_word' id='word_1_608' title='bbox 3755 3400 3830 3455; x_wconf 90' lang='lat' dir='ltr'>sic</span> 
     </span>
    </p>
   </div>
   <div class='ocr_carea' id='block_1_79' title="bbox 2206 3469 3830 3555">
    <p class='ocr_par' dir='ltr' id='par_1_79' title="bbox 2206 3469 3830 3555">
     <span class='ocr_line' id='line_1_79' title="bbox 2206 3469 3830 3555; baseline 0.014 -33"><span class='ocrx_word' id='word_1_609' title='bbox 2206 3469 2567 3542; x_wconf 89' lang='lat' dir='ltr'>contingant.</span> <span class='ocrx_word' id='word_1_610' title='bbox 2606 3473 2672 3527; x_wconf 82' lang='lat' dir='ltr'>Et</span> <span class='ocrx_word' id='word_1_611' title='bbox 2701 3477 2936 3548; x_wconf 87' lang='lat' dir='ltr'>exponit</span> <span class='ocrx_word' id='word_1_612' title='bbox 2957 3481 3250 3549; x_wconf 89' lang='lat' dir='ltr'>quomodo</span> <span class='ocrx_word' id='word_1_613' title='bbox 3283 3482 3397 3537; x_wconf 89' lang='lat' dir='ltr'>sint</span> <span class='ocrx_word' id='word_1_614' title='bbox 3425 3484 3643 3541; x_wconf 90' lang='lat' dir='ltr'>similes</span> <span class='ocrx_word' id='word_1_615' title='bbox 3664 3488 3830 3555; x_wconf 90' lang='lat' dir='ltr'>dolis,</span> 
     </span>
    </p>
   </div>
   <div class='ocr_carea' id='block_1_80' title="bbox 2207 3558 3834 3638">
    <p class='ocr_par' dir='ltr' id='par_1_80' title="bbox 2207 3558 3834 3638">
     <span class='ocr_line' id='line_1_80' title="bbox 2207 3558 3834 3638; baseline 0.011 -26"><span class='ocrx_word' id='word_1_616' title='bbox 2207 3558 2283 3612; x_wconf 90' lang='lat' dir='ltr'>sic</span> <span class='ocrx_word' id='word_1_617' title='bbox 2307 3576 2437 3615; x_wconf 89' lang='lat' dir='ltr'>vere</span> <span class='ocrx_word' id='word_1_618' title='bbox 2462 3562 2627 3632; x_wconf 90' lang='lat' dir='ltr'>juxta</span> <span class='ocrx_word' id='word_1_619' title='bbox 2655 3563 2816 3618; x_wconf 91' lang='lat' dir='ltr'>dolos</span> <span class='ocrx_word' id='word_1_620' title='bbox 2847 3567 3101 3638; x_wconf 90' lang='lat' dir='ltr'>posuisti.</span> <span class='ocrx_word' id='word_1_621' title='bbox 3138 3569 3281 3624; x_wconf 84' lang='lat' dir='ltr'>Nam</span> <span class='ocrx_word' id='word_1_622' title='bbox 3312 3571 3441 3626; x_wconf 80' lang='lat' dir='ltr'>dum</span> <span class='ocrx_word' id='word_1_623' title='bbox 3473 3574 3834 3631; x_wconf 78' lang='lat' dir='ltr'>allevarentur</span> 
     </span>
    </p>
   </div>
   <div class='ocr_carea' id='block_1_81' title="bbox 2208 3645 3833 3730">
    <p class='ocr_par' dir='ltr' id='par_1_81' title="bbox 2208 3645 3833 3730">
     <span class='ocr_line' id='line_1_81' title="bbox 2208 3645 3833 3730; baseline 0.014 -32"><span class='ocrx_word' id='word_1_624' title='bbox 2208 3645 2344 3717; x_wconf 90' lang='lat' dir='ltr'>ipsis</span> <span class='ocrx_word' id='word_1_625' title='bbox 2393 3651 2895 3720; x_wconf 86' lang='lat' dir='ltr'>prosperitatibus,</span> <span class='ocrx_word' id='word_1_626' title='bbox 2947 3655 3178 3724; x_wconf 75' lang='lat' dir='ltr'>deiecisti</span> <span class='ocrx_word' id='word_1_627' title='bbox 3206 3675 3302 3714; x_wconf 89' lang='lat' dir='ltr'>eos</span> <span class='ocrx_word' id='word_1_628' title='bbox 3364 3660 3627 3730; x_wconf 89' lang='lat' dir='ltr'>interius,</span> <span class='ocrx_word' id='word_1_629' title='bbox 3660 3666 3724 3720; x_wconf 88' lang='lat' dir='ltr'>id</span> <span class='ocrx_word' id='word_1_630' title='bbox 3753 3669 3833 3722; x_wconf 87' lang='lat' dir='ltr'>est</span> 
     </span>
    </p>
   </div>
   <div class='ocr_carea' id='block_1_82' title="bbox 2210 3735 3830 3820">
    <p class='ocr_par' dir='ltr' id='par_1_82' title="bbox 2210 3735 3830 3820">
     <span class='ocr_line' id='line_1_82' title="bbox 2210 3735 3830 3820; baseline 0.01 -31"><span class='ocrx_word' id='word_1_631' title='bbox 2210 3735 2534 3792; x_wconf 85' lang='lat' dir='ltr'>destruxisti</span> <span class='ocrx_word' id='word_1_632' title='bbox 2556 3755 2761 3794; x_wconf 90' lang='lat' dir='ltr'>eorum</span> <span class='ocrx_word' id='word_1_633' title='bbox 2795 3742 3084 3798; x_wconf 90' lang='lat' dir='ltr'>rationem</span> <span class='ocrx_word' id='word_1_634' title='bbox 3110 3749 3367 3820; x_wconf 90' lang='lat' dir='ltr'>utmagis</span> <span class='ocrx_word' id='word_1_635' title='bbox 3383 3759 3830 3810; x_wconf 65' lang='lat' dir='ltr'>excecarentur.</span> 
     </span>
    </p>
   </div>
   <div class='ocr_carea' id='block_1_83' title="bbox 2213 3825 3832 3910">
    <p class='ocr_par' dir='ltr' id='par_1_83' title="bbox 2213 3825 3832 3910">
     <span class='ocr_line' id='line_1_83' title="bbox 2213 3825 3832 3910; baseline 0.014 -33"><span class='ocrx_word' id='word_1_636' title='bbox 2213 3825 2377 3888; x_wconf 89' lang='lat' dir='ltr'>Quod</span> <span class='ocrx_word' id='word_1_637' title='bbox 2409 3831 2494 3881; x_wconf 88' lang='lat' dir='ltr'>est</span> <span class='ocrx_word' id='word_1_638' title='bbox 2521 3827 2710 3882; x_wconf 89' lang='lat' dir='ltr'>dicere</span> <span class='ocrx_word' id='word_1_639' title='bbox 2736 3846 2748 3883; x_wconf 90' lang='lat'><strong>:</strong></span> <span class='ocrx_word' id='word_1_640' title='bbox 2773 3829 2915 3885; x_wconf 91' lang='lat' dir='ltr'>Cum</span> <span class='ocrx_word' id='word_1_641' title='bbox 2947 3832 3029 3887; x_wconf 91' lang='lat' dir='ltr'>eis</span> <span class='ocrx_word' id='word_1_642' title='bbox 3060 3834 3284 3890; x_wconf 92' lang='lat' dir='ltr'>dederis</span> <span class='ocrx_word' id='word_1_643' title='bbox 3323 3841 3741 3910; x_wconf 87' lang='lat' dir='ltr'>prosperitates</span> <span class='ocrx_word' id='word_1_644' title='bbox 3766 3843 3832 3899; x_wconf 89' lang='lat' dir='ltr'>ad</span> 
     </span>
    </p>
   </div>
   <div class='ocr_carea' id='block_1_84' title="bbox 2212 3915 3832 4000">
    <p class='ocr_par' dir='ltr' id='par_1_84' title="bbox 2212 3915 3832 4000">
     <span class='ocr_line' id='line_1_84' title="bbox 2212 3915 3832 4000; baseline 0.014 -34"><span class='ocrx_word' id='word_1_645' title='bbox 2212 3929 2415 3968; x_wconf 90' lang='lat' dir='ltr'>eorum</span> <span class='ocrx_word' id='word_1_646' title='bbox 2448 3915 2913 3987; x_wconf 88' lang='lat' dir='ltr'>delectationem,</span> <span class='ocrx_word' id='word_1_647' title='bbox 2964 3922 3171 3978; x_wconf 89' lang='lat' dir='ltr'>videris</span> <span class='ocrx_word' id='word_1_648' title='bbox 3219 3925 3414 3982; x_wconf 91' lang='lat' dir='ltr'>dolose</span> <span class='ocrx_word' id='word_1_649' title='bbox 3461 3929 3668 4000; x_wconf 88' lang='lat' dir='ltr'>egisse,</span> <span class='ocrx_word' id='word_1_650' title='bbox 3706 3949 3832 3988; x_wconf 89' lang='lat' dir='ltr'>cum</span> 
     </span>
    </p>
   </div>
   <div class='ocr_carea' id='block_1_85' title="bbox 2214 4003 3834 4090">
    <p class='ocr_par' dir='ltr' id='par_1_85' title="bbox 2214 4003 3834 4090">
     <span class='ocr_line' id='line_1_85' title="bbox 2214 4003 3834 4090; baseline 0.014 -35"><span class='ocrx_word' id='word_1_651' title='bbox 2214 4005 2414 4056; x_wconf 90' lang='lat' dir='ltr'>tamen</span> <span class='ocrx_word' id='word_1_652' title='bbox 2435 4003 2655 4074; x_wconf 88' lang='lat' dir='ltr'>justum</span> <span class='ocrx_word' id='word_1_653' title='bbox 2679 4006 2771 4072; x_wconf 91' lang='lat' dir='ltr'>sit,</span> <span class='ocrx_word' id='word_1_654' title='bbox 2805 4025 2838 4062; x_wconf 88' lang='lat' dir='ltr'>a</span> <span class='ocrx_word' id='word_1_655' title='bbox 2870 4009 3244 4067; x_wconf 90' lang='lat' dir='ltr'>similitudine</span> <span class='ocrx_word' id='word_1_656' title='bbox 3268 4014 3500 4071; x_wconf 91' lang='lat' dir='ltr'>illorum</span> <span class='ocrx_word' id='word_1_657' title='bbox 3533 4020 3633 4090; x_wconf 90' lang='lat' dir='ltr'>qui</span> <span class='ocrx_word' id='word_1_658' title='bbox 3657 4021 3834 4076; x_wconf 81' lang='lat' dir='ltr'>simu-</span> 
     </span>
    </p>
   </div>
   <div class='ocr_carea' id='block_1_86' title="bbox 2209 4091 3834 4179">
    <p class='ocr_par' dir='ltr' id='par_1_86' title="bbox 2209 4091 3834 4179">
     <span class='ocr_line' id='line_1_86' title="bbox 2209 4091 3834 4179; baseline 0.014 -36"><span class='ocrx_word' id='word_1_659' title='bbox 2209 4091 2418 4146; x_wconf 91' lang='lat' dir='ltr'>latoria</span> <span class='ocrx_word' id='word_1_660' title='bbox 2443 4093 2598 4148; x_wconf 89' lang='lat' dir='ltr'>bona</span> <span class='ocrx_word' id='word_1_661' title='bbox 2629 4098 3020 4165; x_wconf 75' lang='lat' dir='ltr'>praetendunt,</span> <span class='ocrx_word' id='word_1_662' title='bbox 3053 4104 3116 4154; x_wconf 89' lang='lat' dir='ltr'>ut</span> <span class='ocrx_word' id='word_1_663' title='bbox 3147 4119 3248 4174; x_wconf 91' lang='lat' dir='ltr'>per</span> <span class='ocrx_word' id='word_1_664' title='bbox 3268 4103 3376 4159; x_wconf 88' lang='lat' dir='ltr'>hoc</span> <span class='ocrx_word' id='word_1_665' title='bbox 3396 4106 3655 4179; x_wconf 89' lang='lat' dir='ltr'>aliquem</span> <span class='ocrx_word' id='word_1_666' title='bbox 3685 4111 3834 4166; x_wconf 84' lang='lat' dir='ltr'>deci-</span> 
     </span>
    </p>
   </div>
   <div class='ocr_carea' id='block_1_87' title="bbox 2209 4179 3835 4261">
    <p class='ocr_par' dir='ltr' id='par_1_87' title="bbox 2209 4179 3835 4261">
     <span class='ocr_line' id='line_1_87' title="bbox 2209 4179 3835 4261; baseline 0.014 -29"><span class='ocrx_word' id='word_1_667' title='bbox 2209 4179 2389 4252; x_wconf 90' lang='lat' dir='ltr'>piant.</span> <span class='ocrx_word' id='word_1_668' title='bbox 2425 4181 2685 4238; x_wconf 91' lang='lat' dir='ltr'>Ostendit</span> <span class='ocrx_word' id='word_1_669' title='bbox 2711 4190 2902 4241; x_wconf 90' lang='lat' dir='ltr'>autem</span> <span class='ocrx_word' id='word_1_670' title='bbox 2948 4205 3150 4244; x_wconf 91' lang='lat' dir='ltr'>eorum</span> <span class='ocrx_word' id='word_1_671' title='bbox 3195 4193 3522 4261; x_wconf 89' lang='lat' dir='ltr'>novissima,</span> <span class='ocrx_word' id='word_1_672' title='bbox 3563 4197 3835 4254; x_wconf 79' lang='lat' dir='ltr'>siczDico</span> 
     </span>
    </p>
   </div>
   <div class='ocr_carea' id='block_1_88' title="bbox 490 4262 3838 4352">
    <p class='ocr_par' dir='ltr' id='par_1_88' title="bbox 490 4262 3838 4352">
     <span class='ocr_line' id='line_1_88' title="bbox 490 4262 3838 4352; baseline 0.006 -31"><span class='ocrx_word' id='word_1_673' title='bbox 490 4262 2108 4336; x_wconf 83' lang='lat' dir='ltr'>ctoritatemmultitudinisﬁdelium,quiafﬁrmantDeum</span> <span class='ocrx_word' id='word_1_674' title='bbox 2134 4347 2170 4352; x_wconf 78' lang='lat'><strong><em>_</em></strong></span> <span class='ocrx_word' id='word_1_675' title='bbox 2210 4269 2365 4340; x_wconf 89' lang='lat' dir='ltr'>quod</span> <span class='ocrx_word' id='word_1_676' title='bbox 2390 4271 2681 4341; x_wconf 83' lang='lat' dir='ltr'>intelligam</span> <span class='ocrx_word' id='word_1_677' title='bbox 2710 4276 2765 4326; x_wconf 85' lang='lat' dir='ltr'>in</span> <span class='ocrx_word' id='word_1_678' title='bbox 2794 4278 3108 4332; x_wconf 85' lang='lat' dir='ltr'>novissimis.</span> <span class='ocrx_word' id='word_1_679' title='bbox 3145 4280 3209 4333; x_wconf 89' lang='lat' dir='ltr'>Et</span> <span class='ocrx_word' id='word_1_680' title='bbox 3239 4279 3296 4334; x_wconf 92' lang='lat' dir='ltr'>in</span> <span class='ocrx_word' id='word_1_681' title='bbox 3330 4281 3466 4352; x_wconf 90' lang='lat' dir='ltr'>ipsis</span> <span class='ocrx_word' id='word_1_682' title='bbox 3509 4287 3838 4342; x_wconf 89' lang='lat' dir='ltr'>novissimis</span> 
     </span>
    </p>
   </div>
   <div class='ocr_carea' id='block_1_89' title="bbox 490 4347 3840 4448">
    <p class='ocr_par' dir='ltr' id='par_1_89' title="bbox 490 4347 3840 4448">
     <span class='ocr_line' id='line_1_89' title="bbox 490 4347 3840 4448; baseline 0.007 -39"><span class='ocrx_word' id='word_1_683' title='bbox 490 4353 867 4420; x_wconf 84' lang='lat' dir='ltr'>omniascire,</span> <span class='ocrx_word' id='word_1_684' title='bbox 895 4352 1115 4422; x_wconf 89' lang='lat' dir='ltr'>justum</span> <span class='ocrx_word' id='word_1_685' title='bbox 1147 4368 1288 4420; x_wconf 87' lang='lat' dir='ltr'>esse,</span> <span class='ocrx_word' id='word_1_686' title='bbox 1309 4356 1364 4406; x_wconf 92' lang='lat' dir='ltr'>et</span> <span class='ocrx_word' id='word_1_687' title='bbox 1383 4352 1580 4407; x_wconf 83' lang='lat' dir='ltr'>ﬁdeles</span> <span class='ocrx_word' id='word_1_688' title='bbox 1601 4358 2108 4411; x_wconf 89' lang='lat' dir='ltr'>remuneraturum</span> <span class='ocrx_word' id='word_1_689' title='bbox 2134 4347 2186 4407; x_wconf 91' lang='lat' dir='ltr'>D</span> <span class='ocrx_word' id='word_1_690' title='bbox 2208 4359 2467 4428; x_wconf 78' lang='lat' dir='ltr'>quomodo</span> <span class='ocrx_word' id='word_1_691' title='bbox 2497 4361 2637 4430; x_wconf 82' lang='lat' dir='ltr'>facti</span> <span class='ocrx_word' id='word_1_692' title='bbox 2676 4370 2798 4415; x_wconf 82' lang='lat' dir='ltr'>sunt</span> <span class='ocrx_word' id='word_1_693' title='bbox 2831 4366 2885 4418; x_wconf 85' lang='lat' dir='ltr'>in</span> <span class='ocrx_word' id='word_1_694' title='bbox 2913 4365 3305 4436; x_wconf 75' lang='lat' dir='ltr'>desolationem,</span> <span class='ocrx_word' id='word_1_695' title='bbox 3340 4369 3400 4424; x_wconf 90' lang='lat' dir='ltr'>id</span> <span class='ocrx_word' id='word_1_696' title='bbox 3451 4376 3535 4426; x_wconf 90' lang='lat' dir='ltr'>est</span> <span class='ocrx_word' id='word_1_697' title='bbox 3563 4373 3622 4428; x_wconf 91' lang='lat' dir='ltr'>in</span> <span class='ocrx_word' id='word_1_698' title='bbox 3656 4391 3840 4448; x_wconf 90' lang='lat' dir='ltr'>quan-</span> 
     </span>
    </p>
   </div>
   <div class='ocr_carea' id='block_1_90' title="bbox 492 4439 2110 4514">
    <p class='ocr_par' dir='ltr' id='par_1_90' title="bbox 492 4439 2110 4514">
     <span class='ocr_line' id='line_1_90' title="bbox 492 4439 2110 4514; baseline 0.002 -18"><span class='ocrx_word' id='word_1_699' title='bbox 492 4440 861 4514; x_wconf 85' lang='lat' dir='ltr'>quandoque.</span> <span class='ocrx_word' id='word_1_700' title='bbox 880 4441 946 4494; x_wconf 88' lang='lat' dir='ltr'>Et</span> <span class='ocrx_word' id='word_1_701' title='bbox 958 4439 1234 4512; x_wconf 90' lang='lat' dir='ltr'>quoniam</span> <span class='ocrx_word' id='word_1_702' title='bbox 1252 4440 1386 4494; x_wconf 90' lang='lat' dir='ltr'>inde</span> <span class='ocrx_word' id='word_1_703' title='bbox 1402 4441 1514 4494; x_wconf 90' lang='lat' dir='ltr'>tale</span> <span class='ocrx_word' id='word_1_704' title='bbox 1536 4440 1677 4494; x_wconf 89' lang='lat' dir='ltr'>mihi</span> <span class='ocrx_word' id='word_1_705' title='bbox 1698 4442 2110 4499; x_wconf 89' lang='lat' dir='ltr'>inconveniens</span> 
     </span>
    </p>
   </div>
   <div class='ocr_carea' id='block_1_91' title="bbox 493 4529 2106 4598">
    <p class='ocr_par' dir='ltr' id='par_1_91' title="bbox 493 4529 2106 4598">
     <span class='ocr_line' id='line_1_91' title="bbox 493 4529 2106 4598; baseline 0.002 -14"><span class='ocrx_word' id='word_1_706' title='bbox 493 4529 850 4596; x_wconf 88' lang='lat' dir='ltr'>occurrebat,</span> <span class='ocrx_word' id='word_1_707' title='bbox 878 4529 1246 4582; x_wconf 75' lang='lat' dir='ltr'>existimabam</span> <span class='ocrx_word' id='word_1_708' title='bbox 1278 4537 1336 4581; x_wconf 84' lang='lat' dir='ltr'>ut</span> <span class='ocrx_word' id='word_1_709' title='bbox 1377 4545 1757 4598; x_wconf 83' lang='lat' dir='ltr'>cognoscerem,</span> <span class='ocrx_word' id='word_1_710' title='bbox 1780 4531 1876 4584; x_wconf 83' lang='lat' dir='ltr'>hoc</span> <span class='ocrx_word' id='word_1_711' title='bbox 1919 4531 2106 4586; x_wconf 84' lang='lat' dir='ltr'>existi-</span> 
     </span>
    </p>
   </div>
   <div class='ocr_carea' id='block_1_92' title="bbox 493 4617 2108 4690">
    <p class='ocr_par' dir='ltr' id='par_1_92' title="bbox 493 4617 2108 4690">
     <span class='ocr_line' id='line_1_92' title="bbox 493 4617 2108 4690; baseline 0.002 -16"><span class='ocrx_word' id='word_1_712' title='bbox 493 4619 751 4685; x_wconf 90' lang='lat' dir='ltr'>mabam,</span> <span class='ocrx_word' id='word_1_713' title='bbox 771 4635 886 4673; x_wconf 89' lang='lat' dir='ltr'>non</span> <span class='ocrx_word' id='word_1_714' title='bbox 911 4619 1158 4672; x_wconf 90' lang='lat' dir='ltr'>multum</span> <span class='ocrx_word' id='word_1_715' title='bbox 1192 4617 1421 4690; x_wconf 90' lang='lat' dir='ltr'>proprie</span> <span class='ocrx_word' id='word_1_716' title='bbox 1436 4618 1760 4689; x_wconf 89' lang='lat' dir='ltr'>appositum</span> <span class='ocrx_word' id='word_1_717' title='bbox 1791 4637 1910 4675; x_wconf 92' lang='lat' dir='ltr'>esse</span> <span class='ocrx_word' id='word_1_718' title='bbox 1953 4622 2108 4677; x_wconf 86' lang='lat' dir='ltr'>vide-</span> 
     </span>
    </p>
   </div>
   <div class='ocr_carea' id='block_1_93' title="bbox 493 4706 2110 4772">
    <p class='ocr_par' dir='ltr' id='par_1_93' title="bbox 493 4706 2110 4772">
     <span class='ocr_line' id='line_1_93' title="bbox 493 4706 2110 4772; baseline 0.002 -10"><span class='ocrx_word' id='word_1_719' title='bbox 493 4713 604 4772; x_wconf 90' lang='lat' dir='ltr'>tur,</span> <span class='ocrx_word' id='word_1_720' title='bbox 638 4706 738 4762; x_wconf 91' lang='lat' dir='ltr'>sed</span> <span class='ocrx_word' id='word_1_721' title='bbox 768 4723 897 4762; x_wconf 92' lang='lat' dir='ltr'>cum</span> <span class='ocrx_word' id='word_1_722' title='bbox 949 4706 1009 4760; x_wconf 91' lang='lat' dir='ltr'>in</span> <span class='ocrx_word' id='word_1_723' title='bbox 1059 4706 1335 4760; x_wconf 88' lang='lat' dir='ltr'>Hebraica</span> <span class='ocrx_word' id='word_1_724' title='bbox 1384 4706 1756 4761; x_wconf 89' lang='lat' dir='ltr'>translatione</span> <span class='ocrx_word' id='word_1_725' title='bbox 1829 4709 2110 4766; x_wconf 88' lang='lat' dir='ltr'>habeatur</span> 
     </span>
    </p>
   </div>
   <div class='ocr_carea' id='block_1_94' title="bbox 491 4779 2106 4870">
    <p class='ocr_par' dir='ltr' id='par_1_94' title="bbox 491 4779 2106 4870">
     <span class='ocr_line' id='line_1_94' title="bbox 491 4779 2106 4870; baseline 0.002 -20"><span class='ocrx_word' id='word_1_726' title='bbox 713 4793 1209 4867; x_wconf 88' lang='lat' dir='ltr'>cogitavi,videtur</span> <span class='ocrx_word' id='word_1_727' title='bbox 1221 4795 1397 4849; x_wconf 90' lang='lat' dir='ltr'>etiam</span> <span class='ocrx_word' id='word_1_728' title='bbox 1415 4794 1812 4851; x_wconf 82' lang='lat' dir='ltr'>existimabam</span> <span class='ocrx_word' id='word_1_729' title='bbox 1825 4840 1838 4865; x_wconf 95' lang='lat'>,</span> <span class='ocrx_word' id='word_1_730' title='bbox 1855 4800 2106 4870; x_wconf 90' lang='lat' dir='ltr'>positum</span> 
     </span>
    </p>
   </div>
   <div class='ocr_carea' id='block_1_95' title="bbox 492 4881 2108 4956">
    <p class='ocr_par' dir='ltr' id='par_1_95' title="bbox 492 4881 2108 4956">
     <span class='ocr_line' id='line_1_95' title="bbox 492 4881 2108 4956; baseline 0.002 -17"><span class='ocrx_word' id='word_1_731' title='bbox 492 4901 640 4940; x_wconf 90' lang='lat' dir='ltr'>essse</span> <span class='ocrx_word' id='word_1_732' title='bbox 670 4900 776 4956; x_wconf 93' lang='lat' dir='ltr'>pro</span> <span class='ocrx_word' id='word_1_733' title='bbox 807 4881 1160 4954; x_wconf 86' lang='lat' dir='ltr'>cogitabam.</span> <span class='ocrx_word' id='word_1_734' title='bbox 1194 4883 1271 4936; x_wconf 84' lang='lat' dir='ltr'>Ac</span> <span class='ocrx_word' id='word_1_735' title='bbox 1315 4881 1361 4936; x_wconf 92' lang='lat' dir='ltr'>si</span> <span class='ocrx_word' id='word_1_736' title='bbox 1393 4882 1610 4938; x_wconf 90' lang='lat' dir='ltr'>diceret</span> <span class='ocrx_word' id='word_1_737' title='bbox 1639 4901 1650 4938; x_wconf 92' lang='lat'>:</span> <span class='ocrx_word' id='word_1_738' title='bbox 1682 4884 2018 4955; x_wconf 87' lang='lat' dir='ltr'>Cogitabam</span> <span class='ocrx_word' id='word_1_739' title='bbox 2046 4896 2108 4943; x_wconf 83' lang='lat' dir='ltr'>ut</span> 
     </span>
    </p>
   </div>
   <div class='ocr_carea' id='block_1_96' title="bbox 488 4970 2106 5044">
    <p class='ocr_par' dir='ltr' id='par_1_96' title="bbox 488 4970 2106 5044">
     <span class='ocr_line' id='line_1_96' title="bbox 488 4970 2106 5044; baseline 0.001 -15"><span class='ocrx_word' id='word_1_740' title='bbox 488 4989 847 5044; x_wconf 83' lang='lat' dir='ltr'>cognoscerem</span> <span class='ocrx_word' id='word_1_741' title='bbox 881 4970 996 5038; x_wconf 81' lang='lat' dir='ltr'>hoc,</span> <span class='ocrx_word' id='word_1_742' title='bbox 1047 4987 1226 5042; x_wconf 89' lang='lat' dir='ltr'>quare</span> <span class='ocrx_word' id='word_1_743' title='bbox 1272 4972 1421 5025; x_wconf 90' lang='lat' dir='ltr'>Deus</span> <span class='ocrx_word' id='word_1_744' title='bbox 1475 4987 1606 5026; x_wconf 90' lang='lat' dir='ltr'>cum</span> <span class='ocrx_word' id='word_1_745' title='bbox 1637 4975 1836 5029; x_wconf 89' lang='lat' dir='ltr'>omnia</span> <span class='ocrx_word' id='word_1_746' title='bbox 1883 4975 2024 5030; x_wconf 90' lang='lat' dir='ltr'>sciat</span> <span class='ocrx_word' id='word_1_747' title='bbox 2047 4980 2106 5032; x_wconf 91' lang='lat' dir='ltr'>et</span> 
     </span>
    </p>
   </div>
   <div class='ocr_carea' id='block_1_97' title="bbox 2209 4447 3837 4535">
    <p class='ocr_par' dir='ltr' id='par_1_97' title="bbox 2209 4447 3837 4535">
     <span class='ocr_line' id='line_1_97' title="bbox 2209 4447 3837 4535; baseline 0.013 -36"><span class='ocrx_word' id='word_1_748' title='bbox 2209 4449 2328 4500; x_wconf 89' lang='lat' dir='ltr'>tam</span> <span class='ocrx_word' id='word_1_749' title='bbox 2347 4447 2486 4502; x_wconf 82' lang='lat' dir='ltr'>ﬁent</span> <span class='ocrx_word' id='word_1_750' title='bbox 2508 4449 3278 4521; x_wconf 88' lang='lat' dir='ltr'>desolationem,amittendo</span> <span class='ocrx_word' id='word_1_751' title='bbox 3294 4458 3448 4514; x_wconf 89' lang='lat' dir='ltr'>bona</span> <span class='ocrx_word' id='word_1_752' title='bbox 3465 4463 3837 4535; x_wconf 87' lang='lat' dir='ltr'>temporalia,</span> 
     </span>
    </p>
   </div>
   <div class='ocr_carea' id='block_1_98' title="bbox 2210 4534 3838 4620">
    <p class='ocr_par' dir='ltr' id='par_1_98' title="bbox 2210 4534 3838 4620">
     <span class='ocr_line' id='line_1_98' title="bbox 2210 4534 3838 4620; baseline 0.013 -33"><span class='ocrx_word' id='word_1_753' title='bbox 2210 4534 2267 4588; x_wconf 93' lang='lat' dir='ltr'>in</span> <span class='ocrx_word' id='word_1_754' title='bbox 2289 4535 2494 4606; x_wconf 91' lang='lat' dir='ltr'>quibus</span> <span class='ocrx_word' id='word_1_755' title='bbox 2515 4539 2690 4593; x_wconf 91' lang='lat' dir='ltr'>modo</span> <span class='ocrx_word' id='word_1_756' title='bbox 2723 4542 3174 4598; x_wconf 87' lang='lat' dir='ltr'>consolationem</span> <span class='ocrx_word' id='word_1_757' title='bbox 3216 4545 3430 4601; x_wconf 88' lang='lat' dir='ltr'>habere</span> <span class='ocrx_word' id='word_1_758' title='bbox 3453 4534 3750 4620; x_wconf 85' lang='lat' dir='ltr'>videntur,</span> <span class='ocrx_word' id='word_1_759' title='bbox 3784 4558 3838 4608; x_wconf 89' lang='lat' dir='ltr'>et</span> 
     </span>
    </p>
   </div>
   <div class='ocr_carea' id='block_1_99' title="bbox 2211 4623 3838 4702">
    <p class='ocr_par' dir='ltr' id='par_1_99' title="bbox 2211 4623 3838 4702">
     <span class='ocr_line' id='line_1_99' title="bbox 2211 4623 3838 4702; baseline 0.012 -25"><span class='ocrx_word' id='word_1_760' title='bbox 2211 4623 2280 4678; x_wconf 91' lang='lat' dir='ltr'>de</span> <span class='ocrx_word' id='word_1_761' title='bbox 2305 4624 2400 4679; x_wconf 92' lang='lat' dir='ltr'>illa</span> <span class='ocrx_word' id='word_1_762' title='bbox 2432 4625 2787 4684; x_wconf 90' lang='lat' dir='ltr'>desolatione</span> <span class='ocrx_word' id='word_1_763' title='bbox 2818 4646 2932 4684; x_wconf 89' lang='lat' dir='ltr'>non</span> <span class='ocrx_word' id='word_1_764' title='bbox 2949 4634 3458 4702; x_wconf 87' lang='lat' dir='ltr'>poteruntcavere.</span> <span class='ocrx_word' id='word_1_765' title='bbox 3483 4636 3632 4692; x_wconf 85' lang='lat' dir='ltr'>Nam</span> <span class='ocrx_word' id='word_1_766' title='bbox 3663 4643 3838 4697; x_wconf 78' lang='lat' dir='ltr'>subito</span> 
     </span>
    </p>
   </div>
   <div class='ocr_carea' id='block_1_100' title="bbox 2207 4711 3841 4797">
    <p class='ocr_par' dir='ltr' id='par_1_100' title="bbox 2207 4711 3841 4797">
     <span class='ocr_line' id='line_1_100' title="bbox 2207 4711 3841 4797; baseline 0.013 -33"><span class='ocrx_word' id='word_1_767' title='bbox 2207 4711 2528 4781; x_wconf 82' lang='lat' dir='ltr'>defecerunt,</span> <span class='ocrx_word' id='word_1_768' title='bbox 2552 4715 2609 4769; x_wconf 91' lang='lat' dir='ltr'>id</span> <span class='ocrx_word' id='word_1_769' title='bbox 2633 4719 2718 4770; x_wconf 88' lang='lat' dir='ltr'>est</span> <span class='ocrx_word' id='word_1_770' title='bbox 2763 4723 3000 4789; x_wconf 85' lang='lat' dir='ltr'>repente</span> <span class='ocrx_word' id='word_1_771' title='bbox 3031 4724 3088 4774; x_wconf 89' lang='lat' dir='ltr'>et</span> <span class='ocrx_word' id='word_1_772' title='bbox 3109 4720 3429 4791; x_wconf 86' lang='lat' dir='ltr'>improvide</span> <span class='ocrx_word' id='word_1_773' title='bbox 3452 4724 3753 4797; x_wconf 81' lang='lat' dir='ltr'>deﬁcient,</span> <span class='ocrx_word' id='word_1_774' title='bbox 3784 4735 3841 4785; x_wconf 86' lang='lat' dir='ltr'>et</span> 
     </span>
    </p>
   </div>
   <div class='ocr_carea' id='block_1_101' title="bbox 2209 4801 3836 4891">
    <p class='ocr_par' dir='ltr' id='par_1_101' title="bbox 2209 4801 3836 4891">
     <span class='ocr_line' id='line_1_101' title="bbox 2209 4801 3836 4891; baseline 0.011 -35"><span class='ocrx_word' id='word_1_775' title='bbox 2209 4801 2667 4858; x_wconf 89' lang='lat' dir='ltr'>desolabuntura</span> <span class='ocrx_word' id='word_1_776' title='bbox 2693 4805 2858 4860; x_wconf 90' lang='lat' dir='ltr'>bonis</span> <span class='ocrx_word' id='word_1_777' title='bbox 2872 4809 3303 4879; x_wconf 89' lang='lat' dir='ltr'>temporalibus,</span> <span class='ocrx_word' id='word_1_778' title='bbox 3317 4811 3485 4880; x_wconf 84' lang='lat' dir='ltr'>juxta</span> <span class='ocrx_word' id='word_1_779' title='bbox 3500 4816 3661 4884; x_wconf 90' lang='lat' dir='ltr'>quod</span> <span class='ocrx_word' id='word_1_780' title='bbox 3681 4821 3836 4891; x_wconf 83' lang='lat' dir='ltr'>Apo-</span> 
     </span>
    </p>
   </div>
   <div class='ocr_carea' id='block_1_102' title="bbox 2205 4891 3837 4963">
    <p class='ocr_par' dir='ltr' id='par_1_102' title="bbox 2205 4891 3837 4963">
     <span class='ocr_line' id='line_1_102' title="bbox 2205 4891 3837 4963; baseline 0.012 -21"><span class='ocrx_word' id='word_1_781' title='bbox 2205 4891 2382 4944; x_wconf 90' lang='lat' dir='ltr'>stolus</span> <span class='ocrx_word' id='word_1_782' title='bbox 2408 4891 2513 4946; x_wconf 89' lang='lat' dir='ltr'>ait:</span> <span class='ocrx_word' id='word_1_783' title='bbox 2536 4911 2566 4943; x_wconf 79' lang='lat'><strong>«</strong></span> <span class='ocrx_word' id='word_1_784' title='bbox 2603 4892 2731 4947; x_wconf 91' lang='lat' dir='ltr'>Dies</span> <span class='ocrx_word' id='word_1_785' title='bbox 2757 4894 2986 4948; x_wconf 92' lang='lat' dir='ltr'>Domini</span> <span class='ocrx_word' id='word_1_786' title='bbox 3020 4897 3164 4951; x_wconf 91' lang='lat' dir='ltr'>sicut</span> <span class='ocrx_word' id='word_1_787' title='bbox 3205 4897 3300 4952; x_wconf 84' lang='lat' dir='ltr'>fur</span> <span class='ocrx_word' id='word_1_788' title='bbox 3343 4899 3400 4953; x_wconf 90' lang='lat' dir='ltr'>in</span> <span class='ocrx_word' id='word_1_789' title='bbox 3425 4905 3596 4956; x_wconf 88' lang='lat' dir='ltr'>nocte</span> <span class='ocrx_word' id='word_1_790' title='bbox 3637 4907 3837 4963; x_wconf 88' lang='lat' dir='ltr'>veniet</span> 
     </span>
    </p>
   </div>
   <div class='ocr_carea' id='block_1_103' title="bbox 2205 4976 3833 5065">
    <p class='ocr_par' dir='ltr' id='par_1_103' title="bbox 2205 4976 3833 5065">
     <span class='ocr_line' id='line_1_103' title="bbox 2205 4976 3833 5065; baseline 0.012 -35"><span class='ocrx_word' id='word_1_791' title='bbox 2205 4976 2262 5043; x_wconf 92' lang='grc' dir='ltr'>(Ι</span> <span class='ocrx_word' id='word_1_792' title='bbox 2282 4977 2460 5033; x_wconf 84' lang='lat' dir='ltr'>Thess.</span> <span class='ocrx_word' id='word_1_793' title='bbox 2485 4996 2537 5048; x_wconf 88' lang='lat' dir='ltr'>v,</span> <span class='ocrx_word' id='word_1_794' title='bbox 2559 4981 2632 5050; x_wconf 80' lang='lat'>2),</span> <span class='ocrx_word' id='word_1_795' title='bbox 2667 5002 2694 5029; x_wconf 85' lang='lat'><strong>»</strong></span> <span class='ocrx_word' id='word_1_796' title='bbox 2720 4985 2778 5036; x_wconf 89' lang='lat' dir='ltr'>et</span> <span class='ocrx_word' id='word_1_797' title='bbox 2828 4999 2944 5037; x_wconf 92' lang='lat' dir='ltr'>non</span> <span class='ocrx_word' id='word_1_798' title='bbox 2999 4985 3182 5039; x_wconf 90' lang='lat' dir='ltr'>solum</span> <span class='ocrx_word' id='word_1_799' title='bbox 3233 4986 3502 5042; x_wconf 85' lang='lat' dir='ltr'>deficient</span> <span class='ocrx_word' id='word_1_800' title='bbox 3531 5007 3567 5044; x_wconf 90' lang='lat' dir='ltr'>a</span> <span class='ocrx_word' id='word_1_801' title='bbox 3599 4998 3833 5065; x_wconf 87' lang='lat' dir='ltr'>tempo-</span> 
     </span>
    </p>
   </div>
   <div class='ocr_carea' id='block_1_104' title="bbox 477 5059 3830 5145">
    <p class='ocr_par' dir='ltr' id='par_1_104' title="bbox 477 5059 3830 5145">
     <span class='ocr_line' id='line_1_104' title="bbox 477 5059 3830 5145; baseline 0.005 -27"><span class='ocrx_word' id='word_1_802' title='bbox 477 5064 667 5135; x_wconf 91' lang='lat' dir='ltr'>justus</span> <span class='ocrx_word' id='word_1_803' title='bbox 692 5061 764 5116; x_wconf 88' lang='lat' dir='ltr'>sit</span> <span class='ocrx_word' id='word_1_804' title='bbox 793 5061 978 5116; x_wconf 89' lang='lat' dir='ltr'>bonos</span> <span class='ocrx_word' id='word_1_805' title='bbox 1007 5059 1276 5131; x_wconf 89' lang='lat' dir='ltr'>deprimi,</span> <span class='ocrx_word' id='word_1_806' title='bbox 1310 5061 1494 5116; x_wconf 91' lang='lat' dir='ltr'>malos</span> <span class='ocrx_word' id='word_1_807' title='bbox 1524 5065 1717 5118; x_wconf 91' lang='lat' dir='ltr'>autem</span> <span class='ocrx_word' id='word_1_808' title='bbox 1751 5063 1810 5117; x_wconf 92' lang='lat' dir='ltr'>in</span> <span class='ocrx_word' id='word_1_809' title='bbox 1833 5066 2102 5136; x_wconf 60' lang='lat' dir='ltr'>praesenti</span> <span class='ocrx_word' id='word_1_810' title='bbox 2202 5065 2438 5133; x_wconf 89' lang='lat' dir='ltr'>ralibus,</span> <span class='ocrx_word' id='word_1_811' title='bbox 2461 5069 2616 5139; x_wconf 91' lang='lat' dir='ltr'>quod</span> <span class='ocrx_word' id='word_1_812' title='bbox 2666 5070 2862 5143; x_wconf 91' lang='lat' dir='ltr'>utique</span> <span class='ocrx_word' id='word_1_813' title='bbox 2920 5073 3218 5128; x_wconf 90' lang='lat' dir='ltr'>tolerabile</span> <span class='ocrx_word' id='word_1_814' title='bbox 3271 5081 3456 5145; x_wconf 89' lang='lat' dir='ltr'>esset;</span> <span class='ocrx_word' id='word_1_815' title='bbox 3489 5079 3594 5133; x_wconf 89' lang='lat' dir='ltr'>sed</span> <span class='ocrx_word' id='word_1_816' title='bbox 3647 5059 3830 5138; x_wconf 68' lang='lat' dir='ltr'>etiam</span> 
     </span>
    </p>
   </div>
   <div class='ocr_carea' id='block_1_105' title="bbox 484 5147 3828 5241">
    <p class='ocr_par' dir='ltr' id='par_1_105' title="bbox 484 5147 3828 5241">
     <span class='ocr_line' id='line_1_105' title="bbox 484 5147 3828 5241; baseline 0.006 -36"><span class='ocrx_word' id='word_1_817' title='bbox 484 5149 772 5225; x_wconf 88' lang='lat' dir='ltr'>permittit</span> <span class='ocrx_word' id='word_1_818' title='bbox 798 5147 1055 5205; x_wconf 88' lang='lat' dir='ltr'>exaltari.</span> <span class='ocrx_word' id='word_1_819' title='bbox 1087 5147 1154 5201; x_wconf 88' lang='lat' dir='ltr'>Et</span> <span class='ocrx_word' id='word_1_820' title='bbox 1185 5148 1329 5204; x_wconf 81' lang='lat' dir='ltr'>labor</span> <span class='ocrx_word' id='word_1_821' title='bbox 1366 5149 1472 5204; x_wconf 90' lang='lat' dir='ltr'>iste</span> <span class='ocrx_word' id='word_1_822' title='bbox 1516 5153 1578 5204; x_wconf 91' lang='lat' dir='ltr'>ut</span> <span class='ocrx_word' id='word_1_823' title='bbox 1610 5152 1718 5241; x_wconf 89' lang='lat' dir='ltr'>hoc</span> <span class='ocrx_word' id='word_1_824' title='bbox 1757 5168 2101 5222; x_wconf 90' lang='lat' dir='ltr'>cognoscam</span> <span class='ocrx_word' id='word_1_825' title='bbox 2191 5155 2486 5223; x_wconf 85' lang='lat' dir='ltr'>perierunt,</span> <span class='ocrx_word' id='word_1_826' title='bbox 2519 5155 2578 5211; x_wconf 93' lang='lat' dir='ltr'>id</span> <span class='ocrx_word' id='word_1_827' title='bbox 2605 5159 2689 5212; x_wconf 89' lang='lat' dir='ltr'>est</span> <span class='ocrx_word' id='word_1_828' title='bbox 2732 5159 3005 5228; x_wconf 88' lang='lat' dir='ltr'>peribunt</span> <span class='ocrx_word' id='word_1_829' title='bbox 3032 5160 3155 5216; x_wconf 89' lang='lat' dir='ltr'>sine</span> <span class='ocrx_word' id='word_1_830' title='bbox 3185 5162 3300 5218; x_wconf 83' lang='lat' dir='ltr'>ﬁne</span> <span class='ocrx_word' id='word_1_831' title='bbox 3314 5173 3534 5236; x_wconf 84' lang='lat' dir='ltr'>propter</span> <span class='ocrx_word' id='word_1_832' title='bbox 3563 5170 3828 5241; x_wconf 81' lang='lat' dir='ltr'>iniquita-</span> 
     </span>
    </p>
   </div>
   <div class='ocr_carea' id='block_1_106' title="bbox 484 5234 3828 5328">
    <p class='ocr_par' dir='ltr' id='par_1_106' title="bbox 484 5234 3828 5328">
     <span class='ocr_line' id='line_1_106' title="bbox 484 5234 3828 5328; baseline 0.006 -34"><span class='ocrx_word' id='word_1_833' title='bbox 484 5248 557 5294; x_wconf 85' lang='lat' dir='ltr'>est</span> <span class='ocrx_word' id='word_1_834' title='bbox 583 5245 705 5293; x_wconf 89' lang='lat' dir='ltr'>ante</span> <span class='ocrx_word' id='word_1_835' title='bbox 726 5254 827 5304; x_wconf 89' lang='lat' dir='ltr'>me,</span> <span class='ocrx_word' id='word_1_836' title='bbox 853 5234 913 5290; x_wconf 90' lang='lat' dir='ltr'>id</span> <span class='ocrx_word' id='word_1_837' title='bbox 942 5238 1027 5290; x_wconf 89' lang='lat' dir='ltr'>est</span> <span class='ocrx_word' id='word_1_838' title='bbox 1049 5237 1197 5291; x_wconf 88' lang='lat' dir='ltr'>ultra</span> <span class='ocrx_word' id='word_1_839' title='bbox 1215 5255 1329 5305; x_wconf 90' lang='lat' dir='ltr'>me,</span> <span class='ocrx_word' id='word_1_840' title='bbox 1349 5238 1562 5292; x_wconf 92' lang='lat' dir='ltr'>scilicet</span> <span class='ocrx_word' id='word_1_841' title='bbox 1586 5240 1775 5310; x_wconf 87' lang='lat' dir='ltr'>major</span> <span class='ocrx_word' id='word_1_842' title='bbox 1796 5257 1912 5307; x_wconf 89' lang='lat' dir='ltr'>me,</span> <span class='ocrx_word' id='word_1_843' title='bbox 1937 5244 1998 5295; x_wconf 91' lang='lat' dir='ltr'>ut</span> <span class='ocrx_word' id='word_1_844' title='bbox 2027 5242 2100 5297; x_wconf 91' lang='lat' dir='ltr'>ad</span> <span class='ocrx_word' id='word_1_845' title='bbox 2202 5249 2301 5296; x_wconf 92' lang='lat' dir='ltr'>tem</span> <span class='ocrx_word' id='word_1_846' title='bbox 2323 5259 2496 5311; x_wconf 85' lang='lat' dir='ltr'>suam,</span> <span class='ocrx_word' id='word_1_847' title='bbox 2559 5262 2734 5317; x_wconf 90' lang='lat' dir='ltr'>quam</span> <span class='ocrx_word' id='word_1_848' title='bbox 2766 5247 2856 5302; x_wconf 88' lang='lat' dir='ltr'>hic</span> <span class='ocrx_word' id='word_1_849' title='bbox 2884 5249 3296 5321; x_wconf 86' lang='lat' dir='ltr'>habent,juxta</span> <span class='ocrx_word' id='word_1_850' title='bbox 3309 5234 3466 5325; x_wconf 78' lang='lat' dir='ltr'>quod</span> <span class='ocrx_word' id='word_1_851' title='bbox 3493 5234 3828 5328; x_wconf 29' lang='lat' dir='ltr'>idemltpo—</span> 
     </span>
    </p>
   </div>
   <div class='ocr_carea' id='block_1_107' title="bbox 483 5325 3826 5413">
    <p class='ocr_par' dir='ltr' id='par_1_107' title="bbox 483 5325 3826 5413">
     <span class='ocr_line' id='line_1_107' title="bbox 483 5325 3826 5413; baseline 0.005 -30"><span class='ocrx_word' id='word_1_852' title='bbox 483 5329 661 5383; x_wconf 82' lang='lat' dir='ltr'>tinem</span> <span class='ocrx_word' id='word_1_853' title='bbox 694 5341 981 5398; x_wconf 88' lang='lat' dir='ltr'>nequeam</span> <span class='ocrx_word' id='word_1_854' title='bbox 1003 5325 1163 5381; x_wconf 91' lang='lat' dir='ltr'>illum</span> <span class='ocrx_word' id='word_1_855' title='bbox 1195 5326 1479 5382; x_wconf 89' lang='lat' dir='ltr'>deducere</span> <span class='ocrx_word' id='word_1_856' title='bbox 1511 5342 1524 5381; x_wconf 88' lang='lat'><strong>:</strong></span> <span class='ocrx_word' id='word_1_857' title='bbox 2199 5332 2373 5386; x_wconf 88' lang='lat' dir='ltr'>stolus</span> <span class='ocrx_word' id='word_1_858' title='bbox 2399 5331 2538 5386; x_wconf 90' lang='lat' dir='ltr'>dicit</span> <span class='ocrx_word' id='word_1_859' title='bbox 2566 5349 2578 5387; x_wconf 91' lang='lat'><strong>:</strong></span> <span class='ocrx_word' id='word_1_860' title='bbox 2609 5358 2636 5383; x_wconf 85' lang='grc'>‹‹</span> <span class='ocrx_word' id='word_1_861' title='bbox 2672 5336 2812 5390; x_wconf 89' lang='lat' dir='ltr'>Cum</span> <span class='ocrx_word' id='word_1_862' title='bbox 2845 5337 3094 5392; x_wconf 84' lang='lat' dir='ltr'>dixerint</span> <span class='ocrx_word' id='word_1_863' title='bbox 3125 5355 3233 5410; x_wconf 83' lang='lat' dir='ltr'>pax</span> <span class='ocrx_word' id='word_1_864' title='bbox 3290 5344 3347 5394; x_wconf 88' lang='lat' dir='ltr'>et</span> <span class='ocrx_word' id='word_1_865' title='bbox 3399 5343 3708 5413; x_wconf 85' lang='lat' dir='ltr'>securitas,</span> <span class='ocrx_word' id='word_1_866' title='bbox 3736 5325 3826 5403; x_wconf 29' lang='lat' dir='ltr'>ire-</span> 
     </span>
    </p>
   </div>
   <div class='ocr_carea' id='block_1_108' title="bbox 548 5414 3823 5502">
    <p class='ocr_par' dir='ltr' id='par_1_108' title="bbox 548 5414 3823 5502">
     <span class='ocr_line' id='line_1_108' title="bbox 548 5414 3823 5502; baseline 0.003 -32"><span class='ocrx_word' id='word_1_867' title='bbox 548 5417 728 5471; x_wconf 89' lang='lat' dir='ltr'>Donec</span> <span class='ocrx_word' id='word_1_868' title='bbox 758 5417 951 5468; x_wconf 85' lang='lat' dir='ltr'>intrem</span> <span class='ocrx_word' id='word_1_869' title='bbox 983 5416 1039 5469; x_wconf 84' lang='lat' dir='ltr'>in</span> <span class='ocrx_word' id='word_1_870' title='bbox 1064 5415 1437 5471; x_wconf 81' lang='lat' dir='ltr'>sanctuarium</span> <span class='ocrx_word' id='word_1_871' title='bbox 1466 5414 1589 5483; x_wconf 77' lang='lat' dir='ltr'>Dei,</span> <span class='ocrx_word' id='word_1_872' title='bbox 1641 5415 1699 5470; x_wconf 92' lang='lat' dir='ltr'>id</span> <span class='ocrx_word' id='word_1_873' title='bbox 1730 5417 1815 5470; x_wconf 89' lang='lat' dir='ltr'>est</span> <span class='ocrx_word' id='word_1_874' title='bbox 1845 5416 2031 5474; x_wconf 91' lang='lat' dir='ltr'>donec</span> <span class='ocrx_word' id='word_1_875' title='bbox 2062 5437 2096 5474; x_wconf 89' lang='lat' dir='ltr'>a</span> <span class='ocrx_word' id='word_1_876' title='bbox 2195 5419 2469 5490; x_wconf 90' lang='lat' dir='ltr'>pentinus</span> <span class='ocrx_word' id='word_1_877' title='bbox 2491 5421 2570 5477; x_wconf 89' lang='lat' dir='ltr'>eis</span> <span class='ocrx_word' id='word_1_878' title='bbox 2599 5425 3242 5496; x_wconf 89' lang='lat' dir='ltr'>supervenietinteritns</span> <span class='ocrx_word' id='word_1_879' title='bbox 3271 5429 3432 5499; x_wconf 85' lang='lat' dir='ltr'>(Ibid.</span> <span class='ocrx_word' id='word_1_880' title='bbox 3468 5433 3542 5502; x_wconf 89' lang='lat'>3).</span> <span class='ocrx_word' id='word_1_881' title='bbox 3568 5454 3596 5483; x_wconf 81' lang='grc'><strong>››</strong></span> <span class='ocrx_word' id='word_1_882' title='bbox 3621 5434 3823 5491; x_wconf 72' lang='grc' dir='ltr'>Οδιρῃ-</span> 
     </span>
    </p>
   </div>
   <div class='ocr_carea' id='block_1_109' title="bbox 477 5502 3818 5596">
    <p class='ocr_par' dir='ltr' id='par_1_109' title="bbox 477 5502 3818 5596">
     <span class='ocr_line' id='line_1_109' title="bbox 477 5502 3818 5596; baseline 0.006 -37"><span class='ocrx_word' id='word_1_883' title='bbox 477 5504 669 5559; x_wconf 88' lang='lat' dir='ltr'>divina</span> <span class='ocrx_word' id='word_1_884' title='bbox 697 5502 886 5574; x_wconf 84' lang='lat' dir='ltr'>gratia</span> <span class='ocrx_word' id='word_1_885' title='bbox 915 5503 1212 5570; x_wconf 87' lang='lat' dir='ltr'>admittar,</span> <span class='ocrx_word' id='word_1_886' title='bbox 1245 5504 1304 5558; x_wconf 92' lang='lat' dir='ltr'>in</span> <span class='ocrx_word' id='word_1_887' title='bbox 1322 5502 1757 5575; x_wconf 89' lang='lat' dir='ltr'>dispositionem</span> <span class='ocrx_word' id='word_1_888' title='bbox 1777 5504 1877 5559; x_wconf 90' lang='lat' dir='ltr'>Dei</span> <span class='ocrx_word' id='word_1_889' title='bbox 1895 5505 2089 5562; x_wconf 89' lang='lat' dir='ltr'>viden-</span> <span class='ocrx_word' id='word_1_890' title='bbox 2193 5509 2277 5564; x_wconf 90' lang='lat' dir='ltr'>dit</span> <span class='ocrx_word' id='word_1_891' title='bbox 2306 5513 2499 5566; x_wconf 89' lang='lat' dir='ltr'>autem</span> <span class='ocrx_word' id='word_1_892' title='bbox 2533 5528 2636 5583; x_wconf 90' lang='lat' dir='ltr'>per</span> <span class='ocrx_word' id='word_1_893' title='bbox 2673 5513 3134 5584; x_wconf 89' lang='lat' dir='ltr'>similitudinem,</span> <span class='ocrx_word' id='word_1_894' title='bbox 3187 5520 3484 5592; x_wconf 74' lang='lat' dir='ltr'>quomodo</span> <span class='ocrx_word' id='word_1_895' title='bbox 3515 5520 3716 5580; x_wconf 65' lang='lat' dir='ltr'>deﬁcis</span> <span class='ocrx_word' id='word_1_896' title='bbox 3739 5531 3818 5596; x_wconf 89' lang='lat' dir='ltr'>nt,</span> 
     </span>
    </p>
   </div>
   <div class='ocr_carea' id='block_1_110' title="bbox 473 5590 2287 5666">
    <p class='ocr_par' dir='ltr' id='par_1_110' title="bbox 473 5590 2287 5666">
     <span class='ocr_line' id='line_1_110' title="bbox 473 5590 2287 5666; baseline 0.004 -18"><span class='ocrx_word' id='word_1_897' title='bbox 473 5591 629 5661; x_wconf 88' lang='lat' dir='ltr'>dam,</span> <span class='ocrx_word' id='word_1_898' title='bbox 661 5607 791 5664; x_wconf 75' lang='lat' dir='ltr'>quae</span> <span class='ocrx_word' id='word_1_899' title='bbox 812 5590 1202 5650; x_wconf 82' lang='lat' dir='ltr'>sanctuarium</span> <span class='ocrx_word' id='word_1_900' title='bbox 1233 5590 1459 5661; x_wconf 90' lang='lat' dir='ltr'>dicitur,</span> <span class='ocrx_word' id='word_1_901' title='bbox 1483 5607 1551 5647; x_wconf 91' lang='lat' dir='ltr'>eo</span> <span class='ocrx_word' id='word_1_902' title='bbox 1568 5591 1794 5666; x_wconf 89' lang='lat' dir='ltr'>quodin</span> <span class='ocrx_word' id='word_1_903' title='bbox 1813 5611 1880 5650; x_wconf 91' lang='lat' dir='ltr'>ea</span> <span class='ocrx_word' id='word_1_904' title='bbox 1893 5599 2090 5654; x_wconf 88' lang='lat' dir='ltr'>sancta</span> <span class='ocrx_word' id='word_1_905' title='bbox 2189 5597 2287 5656; x_wconf 83' lang='lat' dir='ltr'>sic.</span> 
     </span>
    </p>
   </div>
  </div>
