3970 6040
94 279 235 341 1003
1039 279 1394 343 EXPOSI'I‘IO
1431 280 1502 342 IN
1538 276 1871 341 PSALMOS.
1917 308 1987 323 —
2026 277 2222 339 PSAL.
2263 276 2463 339 LXXIII
3273 274 3410 341 1006

169 407 306 465 Dico
338 404 493 482 quod
543 404 894 477 deﬂeient,et
912 405 1020 465 hoc
1042 407 1182 465 velut
1202 408 1466 464 somnium
1489 424 1703 479 surgen-
1722 410 1779 471 Α
1802 404 1972 463 zelavi
1984 420 2174 479 pacem
2182 409 2522 478 peccatorum
2544 398 2743 472 videns,
2757 398 2970 460 scilicet
2997 402 3231 462 terrena
3253 401 3413 462 bona

92 500 255 566 tium,
288 496 348 553 id
388 499 472 553 est
532 498 675 554 sicut
727 497 1000 554 deﬁciunt
1032 497 1264 566 divitias,
1314 514 1440 570 quae
1468 496 1703 570 quando
1804 497 1950 553 volui
1973 497 2114 552 mihi
2156 496 2298 565 dari,
2319 513 2445 569 quae
2478 494 2749 550 vilissima
2780 498 2930 550 sunt.
2963 493 3045 551 Ob
3070 496 3179 551 hoc
3212 500 3407 552 autem

90 587 463 643 somniantur
510 603 544 642 a
591 587 833 660 populis,
884 587 964 642 eis
995 586 1207 641 scilicet
1256 587 1639 658 surgentibus,
1674 601 1708 639 a
1807 587 1885 642 sic
1914 603 1975 641 se
2008 584 2308 656 redarguit
2337 587 2398 639 ut
2429 584 2567 639 alios
2593 584 2912 639 devocetab
2944 585 3199 654 appetitu
3229 589 3409 639 terre-

90 692 303 731 somno
336 674 615 730 nihilesse
642 680 943 747 apparent,
968 675 1049 730 ita
1070 678 1127 730 et
1144 691 1344 730 eorum
1361 673 1709 748 prosperitas
1810 692 2038 730 norum.
2075 674 2299 728 Diceret
2320 673 2551 745 aliquis:
2578 673 2740 727 Unde
2770 672 2876 727 seis
2901 676 2954 726 te
2981 671 3410 743 suscipiendum

93 780 228 836 quae
260 780 407 818 vana
427 767 531 831 est,
566 764 811 832 deficiet,
833 764 913 819 eis
945 764 1002 819 in
1029 764 1221 819 futuro
1248 762 1629 833 surgentibus,
1654 763 1713 815 et
1810 782 1931 822 esse
1963 782 2081 818 cum
2110 764 2305 834 gloria,
2337 780 2468 817 cum
2492 767 2723 818 terrena
2754 761 2908 833 prius
2933 760 3244 833 appetieris
3267 761 3294 814 ἱ)
3324 761 3412 816 Ad

93 869 220 907 non
240 854 424 908 solum
448 855 584 907 tunc
603 853 966 924 apparebunt
980 852 1276 917 nihilesse,
1308 850 1408 905 sed
1427 850 1516 905 hic
1535 850 1711 905 etiam
1813 853 1967 924 quod
1992 853 2068 906 sic
2094 852 2357 924 adjungit
2386 869 2397 906 :
2431 851 2568 906 Inde
2596 851 2822 906 conﬁdo
2849 867 2943 904 me
2967 868 3087 903 cum
3111 849 3284 920 gloria
3299 864 3421 904 esse

93 941 302 1012 rediges
330 941 400 995 ad
429 940 651 994 nihilum
676 942 738 995 in
758 943 974 995 civitate
1004 947 1119 1008 tua,
1135 939 1419 995 scilicetin
1445 938 1709 1004 Ecclesia,
1812 940 2259 1012 suscipiendum,
2283 940 2417 1012 quia
2438 941 2563 1011 jam
2593 939 2780 1009 defecit
2804 957 2926 993 curo
2955 957 3092 1006 mea,
3125 938 3183 993 id
3216 941 3300 992 est
3331 955 3417 994 se-

95 1032 390 1100 imaginem
417 1031 669 1101 ipsorum,
692 1029 751 1083 id
776 1032 861 1083 est
881 1029 1228 1101 imaginaria
1454 1029 1609 1082 bona
1630 1026 1713 1098 ip-

95 1119 383 1191 ipsorum,
409 1118 564 1172 bona
601 1117 861 1172 videlicet
885 1119 1138 1183 terrena,
1161 1133 1288 1189 quae
1316 1116 1421 1187 ipsi
1446 1117 1718 1186 reputant

94 1222 243 1261 vera
271 1207 445 1273 bona,
469 1221 600 1259 cum
623 1221 737 1259 non
766 1204 880 1259 sint
902 1204 1008 1258 nisi
1055 1204 1270 1275 imago,
1303 1206 1362 1258 et
1392 1202 1552 1275 quasi
1586 1219 1716 1257 um-

95 1294 213 1350 bra
237 1296 548 1349 bonorum.
578 1292 743 1357 Quod
773 1295 859 1347 est
888 1292 1111 1347 dicere:
1165 1290 1423 1345 Ecclesia:
1452 1294 1562 1345 tuae
1594 1306 1721 1361 spe-

98 1383 330 1438 cialiter
348 1381 626 1437 revelabis
650 1382 773 1435 haec
808 1380 1157 1453 imaginaria
1187 1380 1361 1446 bona,
1393 1396 1521 1451 quae
1553 1377 1718 1449 impii

99 1474 382 1544 reputant
428 1487 663 1542 magna,
713 1470 857 1524 nihil
907 1486 1048 1535 esse,
1104 1468 1177 1522 ad
1222 1467 1720 1538 comparationem

103 1564 466 1616 aeternorum
490 1560 798 1613 bonorum.
841 1559 1035 1612 Posset
1055 1557 1235 1628 qumri
1256 1556 1407 1610 unde
1429 1555 1535 1611 scis
1564 1556 1721 1627 quod

102 1648 251 1704 mali
282 1647 578 1703 desolandi
595 1649 747 1701 sunt.
766 1647 832 1699 Et
854 1646 1007 1717 quod
1031 1646 1152 1699 haec
1167 1645 1319 1699 bona
1331 1645 1572 1699 nihilum
1597 1660 1719 1699 csse

1815 1030 2073 1084 cundum
2130 1029 2285 1101 quod
2344 1046 2495 1090 mea,
2525 1035 2573 1082 et
2595 1046 2683 1081 cor
2710 1028 3022 1083 secundum
3056 1027 3212 1100 quod
3245 1046 3420 1082 meum

1817 1121 1961 1173 erat.
1997 1116 2160 1181 Quod
2192 1120 2277 1170 est
2310 1116 2537 1171 dicere:
2573 1116 2788 1171 Defecit
2824 1117 2883 1169 in
2912 1133 3006 1170 me
3044 1116 3289 1171 carnalis
3319 1132 3421 1187 ap-

1818 1206 2048 1278 petitus,
2085 1208 2142 1260 et
2167 1204 2438 1276 cogitatio
2454 1208 2702 1272 terrena,
2721 1207 2779 1258 et
2821 1203 2955 1276 quia
2973 1204 3118 1259 Deus
3149 1209 3234 1259 est
3252 1204 3423 1259 cordis

1818 1297 1925 1348 mei
1937 1293 2290 1348 inhabitator
2318 1292 2670 1364 spiritaliter,
2698 1294 2761 1346 ut
2789 1292 2859 1347 de
2882 1292 2976 1347 illo
3009 1295 3128 1347 solo
3148 1292 3423 1364 cogitem,

1821 1385 1879 1439 et
1888 1400 2019 1454 pars
2050 1400 2187 1449 mea,
2222 1385 2285 1436 ut
2312 1399 2378 1435 ex
2409 1380 2679 1436 omnibus
2710 1381 2879 1434 rebus
2904 1397 3037 1435 eum
3072 1382 3259 1436 solum
3292 1397 3425 1451 par-

1820 1474 1936 1526 tem
1973 1471 2185 1542 eligam
2218 1472 2276 1525 et
2305 1473 2597 1541 appetam.
2626 1470 2695 1523 Et
2722 1469 2831 1523 hoc
2861 1472 2916 1522 in
2939 1476 3215 1536 aeternum,
3247 1473 3305 1524 et
3333 1468 3427 1524 hic

1818 1559 2031 1614 scilicet
2052 1562 2109 1613 et
2132 1558 2188 1612 in
2219 1559 2438 1613 futuro.
2474 1557 2637 1622 Quod
2672 1560 2758 1611 est
2778 1558 2993 1612 dicere:
3028 1558 3158 1613 Ideo
3187 1574 3281 1612 me
3306 1573 3428 1612 cum

1817 1650 1989 1720 gloria
2017 1648 2304 1721 suscipiet.
2346 1647 2652 1715 Quoniam,
2686 1646 2955 1701 omnibus
2981 1646 3225 1714 omissis,
3260 1647 3423 1703 illum

101 1736 525 1809 reputanturin
551 1734 817 1790 Ecclesia.
836 1734 923 1789 Ad
938 1734 1091 1805 quod
1108 1733 1184 1787 sic
1197 1733 1508 1804 respondet
1541 1750 1553 1787 :
1580 1733 1719 1788 Inde
1738 1737 1789 1796 B
1819 1740 2007 1794 solum
2035 1737 2226 1809 cogito
2255 1739 2311 1790 et
2334 1738 2557 1807 expeto.
2585 1735 2893 1808 Subjungit
2923 1752 3056 1790 vero
3070 1752 3430 1808 causas,qua-

102 1827 258 1882 mihi
309 1828 513 1881 notum
546 1829 633 1879 est
661 1825 788 1880 hoc.
826 1824 970 1888 Quia
993 1840 1081 1877 cor
1111 1839 1285 1877 meum
1322 1825 1719 1891 inﬂammatum

100 1923 206 1983 est,
241 1916 298 1970 id
334 1918 418 1970 est
448 1912 839 1968 illuminatum
886 1915 943 1967 et
973 1928 1307 1966 succensum
1356 1913 1597 1966 ﬂamma
1628 1928 1717 1966 sa-

101 2005 344 2077 pientiae
393 2001 660 2074 spiritalis
688 2018 702 2056 :
745 2009 795 2055 et
824 2018 965 2055 renes
995 2002 1100 2054 mei
1140 2002 1454 2055 commutati
1486 2010 1628 2067 sunt,
1659 2000 1720 2054 id

104 2096 201 2149 est
225 2091 634 2148 delectationes
657 2108 823 2157 mem,
859 2107 987 2162 quae
1018 2106 1122 2161 per
1138 2106 1306 2143 renes
1337 2089 1716 2160 accipiuntur,

101 2199 181 2237 eo
208 2180 433 2253 quodin
447 2179 680 2234 renibus
703 2178 1003 2233 delectatio
1026 2177 1270 2231 carnalis
1291 2180 1722 2243 est,commuta—

100 2275 187 2327 tae
214 2272 364 2331 sunt,
388 2271 451 2323 ut
480 2268 575 2340 qui
596 2267 752 2339 prius
774 2265 1170 2321 delectabarin
1186 2266 1570 2332 saecularibus,
1594 2281 1719 2320 mo-

1818 1844 1880 1881 re
1911 1829 2095 1897 Deum
2125 1824 2338 1896 cogitet
2358 1827 2663 1896 etappetat
2689 1824 2924 1896 singulis
2950 1824 3433 1896 singularcdden-

1822 1916 1916 1982 do,
1949 1915 2027 1969 sic
2052 1932 2064 1969 :
2099 1914 2234 1969 Dico
2265 1914 2419 1986 quod
2447 1912 2591 1967 Deus
2619 1913 2789 1968 cordis
2814 1914 2921 1968 mei
2932 1929 3223 1984 possessor
3248 1918 3352 1979 est,
3373 1917 3431 1969 et

1818 2023 1932 2060 ecce
1960 2005 2018 2059 in
2054 2004 2320 2075 prinsenti
2348 2006 2433 2057 est
2460 2020 2649 2069 causa,
2682 2020 2714 2057 ο
2747 2005 2916 2069 Deus,
2948 2019 3126 2074 quare
3158 2005 3212 2056 te
3254 2003 3423 2058 velim

1821 2110 1940 2148 esse
1972 2094 2076 2146 mei
2102 2091 2273 2145 cordis
2301 2106 2713 2161 possessorem,
2733 2093 2855 2161 quia
2884 2090 2964 2144 illi
2995 2093 3090 2162 qui
3117 2090 3429 2161 elongantsc

1821 2180 2181 2252 cogitatione
2212 2197 2243 2233 a
2287 2186 2332 2233 te
2372 2179 2619 2249 peribunt
2647 2178 2769 2232 sine
2799 2178 2935 2232 fine.
2971 2179 3038 2233 Et
3066 2195 3137 2233 ne
3168 2196 3426 2249 peream,

1822 2272 1932 2324 ate
1963 2268 2095 2322 nolo
2142 2266 2420 2336 elongari.
2452 2267 2520 2320 Et
2565 2268 2619 2320 te
2666 2270 2892 2338 partem
2946 2283 3138 2321 meam
3172 2266 3321 2338 eligo
3372 2271 3430 2323 et

110 2360 193 2415 do
231 2359 481 2413 delecter
510 2357 568 2411 in
599 2356 965 2427 spiritalibus.
1005 2353 1268 2409 Ostendit
1325 2356 1520 2407 autem
1566 2352 1719 2407 unde
1821 2360 2047 2429 expeto.
2110 2354 2252 2419 Quia
2294 2354 2596 2426 perdidisti,
2649 2354 2707 2409 id
2750 2358 2836 2409 est
2865 2355 3069 2428 perdes
3097 2372 3299 2409 onmem
3332 2357 3431 2428 qui

106 2449 190 2503 sit
238 2449 644 2511 commutatus,
676 2444 753 2498 sic
807 2444 1052 2497 addens:
1104 2443 1171 2495 Et
1200 2442 1537 2522 priusquam
1570 2457 1723 2496 com—
1820 2447 2128 2517 fornicatur
2156 2444 2250 2497 abs
2296 2453 2343 2499 te
2373 2442 2720 2505 recedendo,
2771 2447 2829 2497 et
2851 2443 3157 2522 diabplum
3185 2461 3429 2516 sequen-

108 2540 376 2591 mutarer
399 2535 640 2589 redactus
661 2551 777 2588 sum
810 2531 880 2586 ad
906 2532 1154 2597 nihilum,
1177 2516 1342 2585 idest
1373 2531 1445 2585 ad
1476 2530 1723 2585 nihilum
1823 2516 2403 2605 do,quiadulterinus
2427 2531 2667 2585 maritus
2697 2535 2801 2586 est.
3063 2533 3109 2587 Α
3163 2533 3431 2589 similitu-

108 2625 391 2680 virtutum
414 2627 471 2677 et
496 2622 735 2677 rationis
755 2637 922 2688 mete,
948 2624 1011 2674 ut
1036 2636 1293 2674 carerem
1318 2635 1384 2672 ex
1405 2622 1526 2674 toto
1544 2621 1630 2673 vel
1652 2619 1724 2673 ad
1826 2620 2294 2677 dinefornicarim
2310 2620 2958 2692 mulieris,qum,marito
2975 2621 3194 2688 relicto,
3217 2622 3435 2678 adulte-

109 2714 383 2780 nihilum,
416 2712 474 2767 id
501 2714 585 2765 est
610 2709 931 2782 appetitum
965 2708 1396 2779 temporalium,
1434 2725 1563 2779 qua:
1585 2706 1726 2762 nihil
1824 2710 2423 2776 rosociatur,etneme
2439 2708 2808 2780 perdasNolo
2823 2708 3091 2763 fornicari
3109 2710 3433 2765 recedendo

111 2805 271 2858 sunt.
295 2801 372 2856 Et
400 2801 543 2855 adeo
564 2816 678 2853 sum
702 2798 941 2852 redactus
966 2797 1037 2851 ad
1077 2797 1303 2851 nihilum
1350 2797 1505 2868 quod
1536 2798 1733 2850 nescivi
1828 2815 1862 2852 a
1892 2802 1970 2866 te,
2003 2799 2154 2851 velut
2201 2796 2296 2867 qui
2329 2796 2646 2850 fornicatur
2670 2797 2771 2849 abs
2802 2800 2857 2850 te
2888 2797 3233 2865 recedendo,
3261 2798 3320 2853 id
3351 2802 3436 2854 est

113 2891 275 2964 quod
308 2889 598 2961 agendum
630 2891 777 2942 esset
806 2887 1033 2958 etquod
1053 2886 1483 2953 dimittendum,
1508 2889 1566 2939 et
1583 2885 1727 2939 adeo
1829 2904 1947 2941 non
1965 2884 2374 2950 obedienstibi,
2401 2886 2554 2938 casto
2573 2900 2773 2939 amore
2788 2884 2885 2938 sed
2908 2884 3120 2939 timore
3145 2903 3159 2953 ;
3180 2904 3212 2941 a
3242 2885 3439 2942 simili-

112 2981 322 3053 postea
349 2994 492 3032 renes
517 2977 832 3031 commutati
855 2982 996 3041 sunt,
1025 2978 1081 3029 et
1104 2992 1193 3028 cor
1218 2992 1391 3027 meum
1422 2975 1728 3042 inﬂamma-

116 3075 259 3132 tum,
286 3066 436 3138 quod
462 3081 570 3136 ego
598 3064 693 3135 qui
740 3064 895 3135 prius
938 3064 1167 3118 rebellis
1202 3080 1360 3117 eram
1391 3066 1449 3117 et
1479 3062 1730 3116 imman-

114 3157 317 3210 suetus
366 3153 517 3225 apud
550 3156 604 3207 te
646 3152 912 3219 existens,
941 3150 999 3205 id
1031 3155 1114 3205 est
1145 3151 1201 3205 in
1233 3150 1646 3215 familiaritate,
1675 3151 1734 3204 et

112 3240 562 3313 beneplacentia
608 3245 727 3307 tua,
757 3240 936 3309 factus
962 3257 1079 3293 sum
1121 3246 1179 3293 ut
1196 3240 1527 3309 jumentum,
1564 3238 1621 3293 id
1647 3242 1733 3292 est

117 3329 411 3387 domitum
435 3328 673 3395 animal,
707 3330 765 3381 et
793 3330 1064 3399 paratum
1095 3327 1167 3381 ad
1182 3326 1559 3381 deferendum
1588 3343 1733 3381 onus

110 3421 548 3493 praeceptorum
595 3420 848 3482 tuorum,
887 3416 959 3470 ad
987 3416 1226 3470 modum
1253 3415 1526 3493 jumenti,
1578 3414 1733 3484 quod

112 3489 495 3564 mansuetum
534 3503 751 3559 animal
783 3506 887 3569 est,
933 3505 991 3558 et
1020 3504 1090 3558 ad
1123 3519 1266 3558 onus
1292 3489 1598 3557 ferendum
1629 3503 1733 3557 ha-

112 3597 262 3653 bile.
294 3593 369 3648 Et
402 3612 494 3664 ego
507 3610 708 3665 semper
732 3596 903 3647 tecum
925 3608 1044 3659 ero,
1071 3608 1187 3646 non
1213 3590 1447 3645 ulterius
1467 3594 1521 3644 te
1550 3589 1737 3644 deser-

114 3691 305 3741 turus.
342 3682 605 3739 Ostendit
639 3683 830 3735 autem
853 3679 1148 3751 quomodo
1179 3679 1363 3733 factus
1389 3681 1474 3732 est
1496 3677 1734 3748 jumen-

116 3778 250 3828 tum
275 3788 376 3843 per
397 3787 553 3835 eum,
599 3769 677 3823 sic
703 3785 715 3823 :
745 3768 888 3823 Vere
914 3769 1093 3838 factus
1120 3784 1239 3820 sum
1249 3768 1583 3836 jumentum,
1617 3782 1735 3820 non

117 3878 236 3936 per
250 3860 479 3926 me,sed
504 3875 606 3931 per
637 3861 711 3911 te.
751 3857 894 3911 Nam
928 3860 989 3911 tu
1021 3857 1254 3915 tenuisti.
1270 3854 1328 3909 id
1357 3857 1442 3909 est
1471 3871 1736 3926 perseve-

116 3966 260 4006 rare
290 3947 492 4014 fecisti,
526 3963 746 4000 manum
783 3945 1052 3998 dexteram
1076 3961 1269 4010 meam,
1315 3943 1375 3997 id
1411 3946 1496 3997 est
1519 3943 1737 3997 bonam

120 4037 529 4111 operationem
551 4050 768 4102 meam,
793 4050 920 4105 quae
948 4050 1051 4105 per
1074 4048 1312 4087 manum
1328 4032 1622 4087 dexteram
1643 4047 1735 4086 ac-

119 4128 357 4200 cipitur,
386 4142 489 4199 per
519 4140 695 4197 quam
725 4124 869 4177 solet
898 4138 1047 4193 saepe
1092 4120 1441 4193 prosperitas
1472 4119 1734 4192 intelligi,

122 4234 199 4274 eo
223 4215 380 4289 quod
424 4216 580 4270 bona
609 4210 867 4284 operatio
899 4211 1064 4266 cedat
1094 4210 1161 4264 ad
1192 4210 1656 4282 prosperitatem,
1690 4216 1739 4263 et

1831 2975 2029 3031 tudine
2053 2974 2290 3028 moechae
2336 2972 2613 3038 mulieris,
2645 2990 2771 3045 quae
2800 2972 2987 3044 potius
3019 2974 3233 3029 timore
3263 2993 3436 3047 quam

1832 3080 2031 3118 amore
2058 3061 2198 3116 mari
2211 3065 2264 3114 to
2289 3059 2501 3114 obedit:
2530 3078 2544 3129 ;
2572 3078 2719 3132 quas,
2747 3061 2792 3114 si
2814 3061 3072 3128 auderet,
3098 3062 3434 3118 fornicatur.

1834 3152 1967 3207 Dico
1998 3150 2157 3223 quod
2187 3149 2347 3203 illum
2376 3150 2581 3219 perdes
2608 3149 2704 3221 qui
2735 3150 2969 3220 elongat
2994 3169 3052 3205 se
3085 3168 3119 3205 a
3167 3155 3221 3206 te
3252 3155 3309 3207 et
3340 3154 3434 3224 qui

1832 3240 2171 3295 fornicatur.
2205 3237 2541 3291 Mihi'autem
2579 3237 2769 3292 bonum
2787 3238 2948 3304 cst,id
2971 3240 3226 3307 estutile,
3260 3241 3438 3299 adhae-

1831 3347 1943 3383 rere
1964 3327 2064 3383 tibi
2088 3327 2200 3380 Deo
2220 3326 2590 3397 cogitatione,
2615 3332 2664 3380 et
2678 3343 2877 3397 ponere
2895 3330 2948 3381 in
2984 3331 3036 3383 te
3056 3328 3288 3384 Domino
3314 3348 3440 3386 om-

1833 3418 1997 3473 nium
2030 3419 2086 3470 et
2108 3417 2247 3481 Deo,
2266 3414 2323 3469 id
2355 3417 2441 3469 est
2462 3418 2719 3470 creatore
2748 3433 2891 3487 spem
2918 3433 3109 3487 meam,
3136 3419 3195 3473 id
3227 3422 3312 3474 est
3339 3437 3441 3492 ap-

1832 3504 2081 3579 petitum
2114 3502 2516 3566 meum.Quod
2533 3505 2618 3556 est
2648 3503 2839 3559 dicere
2867 3522 2879 3559 :
2915 3505 3028 3561 Sed
3056 3524 3146 3562 me
3185 3525 3303 3563 non
3317 3526 3445 3581 per-

1836 3594 1955 3648 des.
1986 3593 2128 3646 Nam
2159 3608 2267 3663 ego
2301 3591 2439 3645 utile
2471 3590 2733 3645 existimo
2765 3592 2836 3646 de
2866 3595 2923 3646 te
2957 3594 3076 3648 solo
3105 3596 3446 3667 cogitare,et

1830 3685 1892 3736 te
1918 3681 2103 3736 solum
2131 3682 2423 3749 appetere,
2448 3681 2505 3732 et
2531 3682 2618 3733 cst
2646 3680 2787 3733 mihi
2821 3681 3064 3761 bonum,
3089 3683 3145 3736 id
3163 3686 3248 3736 est
3280 3685 3438 3753 utile,

1835 3776 1895 3823 ut
1923 3769 2233 3822 annunticm
2275 3766 2396 3820 aliis
2441 3783 2616 3820 omnes
2638 3766 3042 3837 praedicationes
3093 3776 3229 3835 tuas,
3273 3770 3329 3824 id
3360 3775 3446 3827 est

1837 3858 2038 3913 omnia
2064 3859 2350 3927 praecepta
2381 3859 2499 3923 tua,
2533 3872 2661 3927 quae
2693 3857 2753 3908 tu
2777 3855 2945 3926 jubes
2970 3856 3292 3927 praedicari.
3325 3860 3441 3933 Ego

1837 3946 1964 4001 dico
1996 3945 2490 4014 existensinportis
2514 3943 2639 4011 ﬁlia?
2656 3942 2809 4008 Sion,
2834 3942 2890 3996 id
2913 3947 2997 3997 est
3026 3944 3084 3999 in
3119 3945 3441 4015 virtutibus,

1837 4052 1966 4106 quas
2024 4037 2157 4088 sunt
2200 4035 2383 4104 porta:
2429 4049 2532 4104 per
2579 4049 2720 4104 quas
2766 4032 3011 4086 Ecclesia
3062 4033 3323 4090 introibit
3372 4037 3445 4093 ad

1837 4122 1999 4191 Sion,
2036 4122 2090 4175 id
2115 4124 2200 4175 est
2223 4120 2293 4174 ad
2328 4120 2679 4175 consortium
2719 4121 3077 4191 angelorum.
3110 4121 3280 4194 Cujus
3306 4124 3443 4181 Sion

1839 4210 2048 4265 dicitur
2073 4226 2192 4264 esse
2216 4209 2352 4275 filia=
2378 4225 2444 4262 eo
2478 4207 2631 4278 quod
2663 4207 2735 4261 ad
2764 4207 2886 4278 ejus
2908 4209 3168 4279 puritatis
3200 4216 3258 4265 et
3283 4212 3447 4268 inno-

120 4306 396 4361 dcduxisti
420 4322 502 4358 mc
532 4305 588 4357 in
614 4300 882 4356 voluntate
908 4306 1019 4366 tua,
1064 4299 1120 4353 id
1173 4303 1257 4352 est
1284 4298 1610 4369 promoveri
1643 4316 1735 4353 me
1757 4320 1810 4378 D
1840 4299 2042 4354 centiaz
2068 4296 2528 4361 similitudinem,
2560 4295 2842 4351 innocens
2869 4301 2926 4350 et
2957 4314 3101 4369 pura
3129 4298 3440 4357 consistat:

121 4393 313 4451 fecisti
341 4393 412 4448 de
433 4393 587 4447 bono
606 4390 664 4444 in
689 4388 893 4443 melius
919 4387 979 4442 in
998 4386 1299 4458 prmceptis
1313 4387 1520 4452 tuis,ut
1552 4388 1740 4458 magis

123 4487 188 4539 et
211 4480 396 4553 magis
417 4480 539 4552 ipsa
563 4478 943 4547 complerem,
977 4477 1034 4529 et
1063 4474 1143 4528 sic
1158 4475 1491 4545 jumentum
1513 4474 1736 4543 ﬁerem,

123 4575 189 4628 et
212 4570 271 4625 in
312 4570 503 4624 futuro
525 4566 812 4636 suscepisti,
845 4564 902 4619 id
925 4566 1010 4618 est
1032 4563 1301 4634 suscipies
1332 4579 1446 4630 me,
1479 4563 1549 4617 de
1583 4580 1740 4618 mor-

124 4660 231 4716 tali
245 4662 304 4713 et
324 4656 571 4730 passibili
593 4655 809 4711 faciens
824 4654 1214 4708 immortalem
1234 4655 1289 4707 et
1304 4651 1739 4725 impassibilem.

122 4755 178 4803 et
206 4748 315 4801 hoc
326 4763 443 4800 cum
467 4744 659 4814 gloria,
682 4743 740 4797 id
756 4745 842 4798 est
860 4741 939 4796 sic
959 4744 1019 4795 ut
1045 4758 1138 4795 me
1157 4740 1330 4795 facias
1346 4740 1660 4811 gloriosum
1688 4743 1746 4795 et

124 4839 192 4893 in
227 4835 423 4891 anima
453 4836 509 4889 et
555 4833 614 4887 in
645 4848 908 4904 corpore.
931 4831 1065 4902 Agit
1096 4833 1291 4884 autem
1324 4830 1395 4884 de
1437 4830 1619 4900 gloria
1649 4830 1746 4884 illa

127 4923 498 4990 admirative,
516 4924 718 4976 uteam
740 4938 860 4975 esse
879 4935 1155 4991 magnam
1178 4918 1546 4984 ostendat,sic
1570 4934 1582 4973 :
1603 4919 1745 4973 Vere

130 5030 233 5069 me
264 5011 497 5083 suscipis
523 5025 651 5063 cum
683 5008 888 5080 gloria.

209 5099 353 5167 Quid
377 5103 516 5154 enim
539 5099 674 5151 mihi
705 5105 777 5152 cst
805 5100 859 5150 in
897 5095 1038 5161 caelo,
1075 5095 1132 5150 id
1156 5097 1435 5167 estquam
1467 5112 1746 5167 magnum

132 5189 377 5263 quidem
407 5188 549 5243 mihi
582 5190 845 5261 paratum
881 5185 938 5239 in
970 5186 1130 5251 cmlo,
1158 5188 1376 5238 acterna
1400 5184 1584 5255 gloria
1606 5184 1749 5238 scili-

133 5283 251 5343 cet,
303 5280 519 5331 etcum
564 5276 701 5330 illud
756 5274 909 5347 quod
941 5272 1108 5328 estid
1151 5274 1291 5326 ccelo
1325 5289 1603 5342 magnum
1655 5273 1744 5339 sit,

136 5372 202 5423 et
228 5366 367 5420 illud
396 5380 625 5435 semper
666 5363 968 5435 oppetiisse
1020 5361 1363 5427 debuissem,
1415 5360 1555 5431 quod
1605 5360 1753 5415 colui

138 5472 254 5526 ego
287 5453 463 5508 miser
491 5451 613 5506 dari
646 5450 787 5506 mihi
817 5468 849 5505 a
880 5455 934 5505 te
954 5468 1107 5520 super
1130 5456 1344 5516 terram,
1375 5447 1431 5502 id
1463 5450 1547 5502 est
1576 5464 1751 5518 quam

141 5545 256 5598 vile
275 5542 413 5618 quid
457 5540 596 5614 petii
631 5539 752 5596 dari
786 5539 926 5596 mihi
953 5556 987 5596 a
1026 5542 1082 5593 te
1108 5537 1166 5593 in
1198 5537 1308 5593 boc
1338 5535 1582 5599 mundo,
1614 5534 1751 5591 dum

1838 4390 1925 4443 vel
1949 4385 2304 4442 intransitive
2323 4384 2480 4451 dicit,
2518 4384 2646 4439 filiae
2679 4384 2837 4450 Sion,
2859 4384 2935 4438 sie
2967 4404 2979 4438 :
3012 4386 3127 4457 Ego
3165 4387 3291 4443 dico
3322 4390 3441 4445 exi-

1839 4480 1994 4531 stens
2024 4475 2082 4529 in
2112 4473 2526 4546 prophetarum
2546 4472 2967 4545 sentcntiis,qui
2992 4491 3094 4545 per
3116 4477 3440 4534 doctrinam

1840 4568 2026 4637 portae
2053 4567 2217 4628 sunt;
2243 4578 2346 4633 per
2363 4579 2504 4632 quas
2536 4560 2671 4615 Sion
2703 4578 2907 4616 eorum
2926 4562 3064 4627 filia,
3090 4564 3145 4618 id
3160 4566 3442 4622 estimita-

1841 4651 2053 4719 trix,ad
2073 4651 2247 4705 vitam
2273 4649 2626 4704 introeat.Ar
2648 4648 2694 4703 si
2716 4650 2867 4705 dicat
2885 4667 2897 4704 :
2915 4650 3004 4707 Sic
3022 4653 3440 4724 eisprazdicabo

1842 4744 1902 4795 ut
1929 4740 1987 4794 in
2017 4738 2315 4793 virtutibus
2343 4753 2733 4809 perseverem:
2769 4740 2883 4794 «Ne
2902 4738 2946 4794 si
2976 4741 3142 4796 aliter
3162 4742 3437 4814 prmdica-

1842 4828 2045 4895 verim,
2073 4827 2350 4898 reprobus
2379 4825 2597 4880 efﬁciar
2624 4825 2679 4891 (Ι
2704 4824 2829 4882 Cor.
2854 4845 2925 4892 1x,
2946 4828 3056 4899 27).
3082 4850 3109 4875 »
3123 4830 3219 4883 Vel
3241 4831 3441 4885 sic.Sic

1844 4915 2608 4990 praedicabo,utaprophetis
2622 4931 2737 4969 non
2756 4915 3085 4969 dissentiam
3098 4917 3185 4969 .Et
3202 4918 3335 4988 quia
3348 4920 3445 4975 bo-

1845 5023 1985 5060 num
2012 5021 2131 5059 esse
2159 5005 2361 5074 reputo
2384 5002 2461 5057 sic
2484 5003 2818 5075 praedicare,
2837 5020 2950 5057 non
2965 5005 3272 5074 perdetme
3294 5009 3391 5063 Del
3415 5028 3441 5066 s

1846 5111 1977 5149 cum
2008 5090 2427 5147 fornicantibus
2445 5091 2516 5143 ab
2541 5109 2633 5146 eo.
2660 5092 2768 5144 Per
2799 5091 2905 5144 hoc
2936 5094 3131 5145 autem
3150 5096 3307 5164 quod
3333 5098 3441 5152 hoc

1849 5183 2021 5238 dicit:
2053 5181 2176 5236 aliis
2212 5180 2540 5250 exemplum
2578 5179 2675 5232 dat
2701 5180 2817 5232 Deo
2842 5179 3175 5234 adlnerendi
3198 5188 3254 5237 et
3286 5184 3341 5239 in
3371 5203 3439 5242 eo

1846 5288 2006 5344 spem
2039 5269 2317 5340 ponendi,
2340 5272 2397 5320 et
2436 5268 2492 5321 in
2529 5266 2704 5338 portis
2740 5267 2870 5321 filim
2902 5267 3039 5321 Sion
3072 5271 3449 5339 pra‘dicandi.

2307 5356 2374 5410 IN
2416 5354 2737 5410 PSALMUM
2780 5355 2996 5427 LXXJII]

1922 5446 2131 5502 Psalmi
2187 5445 2597 5515 septuagesimi
2649 5444 2809 5500 tertii
2861 5447 3074 5499 titulus.
3125 5444 3450 5506 Intellectum

1862 5534 2069 5606 Asaph,
2118 5531 2180 5591 id
2231 5534 2316 5587 est
2345 5530 2529 5588 ﬁdelis
2560 5531 2913 5609 Synagogae,
2944 5533 3033 5588 vel
3063 5536 3196 5593 ante
3233 5540 3464 5613 tempus
