3970 6040
555 356 691 422 1007
1139 349 1201 422 S.
1240 356 1589 422 BRUNONIS
1630 353 2272 421 CARTHUSIANORUM
2308 357 2788 422 INSTITUTORIS
2829 358 2983 421 OPP.
3023 356 3204 421 PARS
3232 360 3274 421 Ι.
3764 357 3887 418 ltuit

557 481 784 553 Christi,
832 478 920 541 vel
965 478 1025 541 in
1068 482 1332 558 tempore
1378 482 1794 560 persecutionis
1844 489 2240 557 martyrumA
2266 481 2552 560 simplices
2580 501 2807 559 pascuae
2839 481 3117 543 doctrinm
3171 482 3408 542 tum.Ac
3436 479 3482 542 si
3514 480 3721 541 dicat:
3760 481 3891 541 Cum

556 574 864 631 cxistentis.
900 572 1065 640 Quod
1105 578 1190 630 est
1222 574 1410 631 dicere
1443 592 1455 630 :
1489 575 1749 631 Psalmus
1796 573 1904 629 iste
1960 572 2019 628 in
2050 587 2163 645 quo
2268 574 2444 630 etiam
2483 593 2589 631 nos
2616 575 2797 648 afﬂigi
2828 575 2979 631 sinas
2998 574 3143 632 sicut
3163 574 3443 644 infideles,
3490 574 3635 631 facis
3676 573 3821 630 ideo
3843 578 3894 631 ut

556 666 807 720 occultus
836 664 1164 719 continetur
1186 663 2167 735 intellectus,estfidelisSynagogae
2267 662 2339 717 sis
2365 664 2530 718 nobis
2569 664 2765 719 iratus.
2800 664 2955 720 Hanc
2985 664 3350 737 questionem
3398 664 3558 732 facit,
3594 666 3665 719 ut
3700 668 3893 736 postea

556 771 683 826 qua!
702 754 795 808 hic
825 754 943 825 agit
974 754 1383 825 conquerendo
1424 754 1493 808 de
1523 753 1852 824 repulsione
1885 754 1942 806 et
1974 767 2172 824 perse-
2268 752 2465 806 solvat.
2499 751 2637 806 Orat
2658 757 2853 808 autem
2881 770 2984 826 pro
3008 771 3065 808 se
3093 754 3208 809 sic:
3247 753 3381 808 Dico
3412 752 3571 825 quod
3599 753 3891 824 populum

553 844 783 898 cntione
815 843 1143 897 Iudaeorum
1176 859 1211 897 a
1236 842 1511 897 Romanis
1548 842 1714 896 facta.
1754 843 1863 895 Pro
1916 855 2168 911 quorum
2266 840 2565 895 Iudaicum
2592 842 2918 913 repellis,et
2949 841 3229 914 quidquid
3255 841 3326 895 de
3357 840 3467 895 illis
3484 840 3560 896 sit
3594 841 3707 912 qui
3734 845 3891 895 aeter-

556 932 950 986 llemanorum
972 931 1153 984 salute
1175 933 1230 984 et
1251 929 1625 984 conversione
1648 932 1795 995 orat,
1814 945 1945 983 cum
1980 943 2173 1001 perse-

551 1022 844 1075 cutionem
870 1020 1025 1074 illam
1051 1036 1166 1073 non
1184 1018 1427 1073 fecerint
1449 1018 1957 1079 eaintentione,ut
1989 1019 2169 1071 Deum

553 1109 935 1175 vindicarent,
961 1108 1094 1162 licet
1122 1106 1218 1161 illa
1269 1107 1591 1178 persecutio
1621 1107 1693 1161 ad
1727 1106 1827 1162 Dei
1858 1105 2171 1160 vindictam

553 1199 738 1263 ﬁeret,
768 1197 868 1251 sed
900 1196 1088 1269 potius
1119 1212 1187 1249 ea
1210 1195 1552 1262 intentione,
1590 1198 1884 1249 utnomen
1899 1193 1996 1248 Dei
2022 1193 2173 1247 dele‘

552 1284 888 1351 rent,etsibi
913 1284 1044 1356 ipsis
1064 1284 1424 1355 triumphum
1442 1282 1605 1355 requi
1620 1282 1973 1353 rerent.Agit
1992 1281 2170 1336 etiam

553 1373 624 1428 de
657 1372 1050 1445 persecutione
1081 1372 1362 1437 ﬁdelium,
1399 1389 1503 1444 pro
1525 1371 1737 1443 quibus
1761 1370 1935 1425 etiam
1961 1371 2171 1437 orat,et

552 1461 663 1516 hoc
701 1478 769 1516 ea
793 1460 1118 1515 intentione
1148 1460 1285 1514 facit
1323 1464 1385 1514 ut
1408 1460 1551 1530 iusti
1580 1459 1783 1531 judicii
1817 1459 1916 1514 Dei
1946 1458 2168 1513 intelle-

2271 947 2407 984 nam
2442 930 2879 986 damnationem
2910 933 3376 1002 promeruerunt.
3410 929 3637 985 Saltem
3698 948 3892 984 memor

2271 1024 2376 1072 eslo
2403 1021 2818 1088 congregationis
2870 1026 2994 1086 tuae,
3049 1019 3230 1074 nostri
3290 1017 3500 1073 scilicet
3560 1018 3668 1090 qui
3705 1036 3890 1073 sumus

2272 1111 2642 1179 congregatio
2678 1112 2795 1175 tua,
2830 1125 2901 1162 ne
2934 1125 3038 1163 nos
3068 1108 3128 1162 in
3160 1111 3505 1180 perpetuum
3524 1107 3810 1178 repellas,
3844 1111 3890 1162 et

2272 1196 2437 1251 nobis
2454 1197 2631 1253 iratus
2653 1215 3018 1272 permaneas.
3043 1197 3219 1265 Quam
3241 1197 3780 1270 congregationem
3801 1215 3890 1269 per

2271 1289 2660 1344 antecessores
2690 1293 2913 1344 nastros
2940 1288 3316 1361 patriarchas,
3331 1288 3544 1343 scilicet
3572 1292 3635 1343 et
3648 1291 3889 1362 prophe-

2270 1378 2377 1433 tas'
2385 1379 2666 1449 possedisti
2701 1380 2768 1434 ab
2814 1381 2969 1434 initio
3013 1378 3203 1450 gentis
3230 1382 3463 1434 nostras.
3493 1380 3577 1433 Ac
3608 1380 3663 1434 si
3697 1380 3884 1434 dicat:

2272 1466 2415 1522 Cum
2450 1470 2531 1535 tu,
2562 1470 2729 1535 Deus,
2764 1484 3055 1538 possessor
3086 1469 3283 1522 noster
3311 1466 3405 1533 sis,
3432 1485 3468 1522 a
3491 1471 3783 1539 tempore
3806 1484 3887 1523 an-

554 1553 712 1603 etum
743 1549 802 1603 in
830 1549 995 1604 nobis
1024 1552 1282 1620 generet.
1313 1548 1546 1619 Adjung
1560 1548 1711 1603 endo
1735 1562 2170 1618 eausam,quare

554 1637 815 1694 infideles
836 1636 1293 1709 persecutionem
1317 1636 1612 1708 patiantur
1638 1636 1711 1691 ad
1733 1634 2171 1691 damnationem

2271 1558 2623 1612 tecessorum
2656 1560 2989 1612 nostrorum
3021 1573 3269 1629 quorum
3302 1557 3479 1611 fidem
3541 1556 3821 1611 imitatur
3844 1562 3889 1612 et

2272 1645 2353 1699 eis
2375 1646 2499 1717 jam
2540 1646 2818 1702 beneficia
2838 1647 3021 1700 multa
3045 1645 3420 1718 impenderis,
3447 1648 3506 1701 et
3532 1662 3757 1701 eorum
3788 1663 3890 1700 me-

556 1730 613 1782 et
644 1743 819 1798 quare
863 1725 1060 1780 fideles
1109 1725 1183 1779 ad
1220 1725 1620 1787 salvatiOnem,
1654 1725 1811 1796 quod
1858 1727 2168 1794 utrumque
2198 1802 2237 1807 _
2276 1750 2407 1788 mor
2436 1734 2630 1802 fueris,
2664 1751 2765 1790 oro
2789 1751 3017 1807 quoque
3042 1735 3222 1789 nostri
3258 1750 3489 1789 memor
3503 1735 3602 1801 sis,
3630 1752 3715 1789 ne
3745 1752 3781 1790 a
3807 1740 3891 1791 tua

556 1817 863 1872 Obscurum
895 1818 1038 1869 εΓδῖ·
1072 1814 1216 1869 cum
1257 1818 1454 1868 autem
1482 1818 1539 1868 εί
1566 1831 1671 1886 Pro
1711 1814 2172 1885 PCPSBCUlOIibUS
2195 1802 2248 1862 B
2270 1823 2458 1893 gratia
2488 1826 2859 1896 repellamur.
2894 1824 3016 1879 Non
3048 1823 3205 1878 enim
3235 1823 3329 1878 alii
3356 1824 3684 1896 pessessori
3725 1842 3890 1897 quam

553 1910 612 1960 ct
641 1921 745 1977 pro
776 1902 1087 1975 persecutis
1115 1906 1261 1970 erat,
1295 1902 1458 1957 nobis
1481 1902 1556 1957 sic
1588 1903 1792 1957 orandi
1826 1904 2163 1974 exemplum
2269 1911 2372 1968 tibi
2404 1915 2519 1969 Deo
2561 1914 2759 1985 subjici
2787 1914 3069 1980 volumus,
3099 1916 3157 1967 ei,
3201 1912 3330 1968 ideo
3352 1930 3557 1968 memor
3574 1921 3720 1982 εετο,
3747 1914 3894 1986 quod

554 1993 673 2048 dat.
702 1993 1106 2048 Etnotandum
1126 1991 1279 2063 quod
1299 1991 1531 2062 quando
1547 1990 1603 2044 in
1630 1990 1792 2045 titulo
1814 1992 2052 2064 ponitur
2080 1992 2163 2046 in-
2268 2001 2611 2056 beneﬁcium
2634 2003 2743 2057 hoc
2760 2002 2923 2057 nobis
2935 2002 3059 2074 jam
3083 2002 3394 2069 contulisti,
3413 2002 3642 2057 scilicet
3674 2003 3894 2056 regam.

555 2083 833 2148 tellectus,
889 2081 948 2135 in
997 2081 1220 2151 psalmo
1259 2079 1477 2150 aliquid
1516 2080 1827 2134 obscurum
1864 2080 2162 2135 intellectu
2265 2091 2336 2143 ειί
2358 2091 2542 2162 pretio
2570 2090 2773 2145 mortis
2801 2093 2913 2145 ιιιω
2935 2093 3161 2159 virgam,
3190 2090 3247 2144 id
3279 2094 3365 2144 εει
3387 2106 3646 2161 mgnum
3673 2090 3895 2144 Ιικτεάί-

557 2170 905 2236 continetur,
926 2169 1082 2223 verbi
1120 2168 1325 2238 gratia,
1360 2166 1417 2221 in
1449 2167 1557 2221 hoc
1579 2169 1823 2239 psalmo,
1851 2183 1954 2238 per
2004 2168 2163 2238 cujus
2268 2181 2392 2233 tatis
2419 2187 2538 2235 tua».
2649 2182 2735 2234 est,
2756 2198 2860 2236 nos
2993 2197 3191 2235 sumus
3216 2196 3463 2251 regnum
3493 2184 3673 2234 tuum
3713 2180 3894 2235 hare-

556 2256 1614 2329 evidentiaminte]ligitur,quareDeus
1630 2256 1814 2311 bones
1833 2256 2011 2328 afﬂigi
2024 2256 2167 2311 sicut
2271 2267 2568 2337 dilarium,
2588 2268 2647 2323 id
2669 2269 3026 2323 θειηδιυιιειθ
3044 2284 3291 2341 regnum
3320 2269 3461 2323 nulli
3478 2268 3576 2322 alii
3592 2270 3725 2323 Deo
3745 2269 3895 2339 prius

556 2351 615 2402 Cl
642 2349 824 2403 malos
862 2346 1098 2419 ρδῐίιυτ,
1120 2345 1277 2417 quod
1298 2344 1539 2400 ἷοΐείιᾶη
1571 2345 1846 2415 iniustum
1887 2362 2007 2400 θεεῦ
2038 2345 2164 2400 Vide
2188 2410 2195 2421 ,
2268 2356 2596 2424 subditum,
2622 2373 2655 2411 a
2686 2356 3061 2412 similitudine
3081 2356 3455 2429 possessionis
3473 2356 3890 2419 basreditariir,

555 2439 670 2505 tur,
692 2440 750 2491 et
773 2436 928 2507 quod
960 2435 1033 2489 ad
1063 2433 1504 2504 intelligendum
1539 2433 1843 2487 obscurum
1885 2437 1989 2487 est.
2049 2435 2160 2489 No-

553 2524 798 2581 tandum
829 2539 1059 2595 quoque
1088 2522 1222 2594 quia
1252 2521 1295 2576 si
1347 2521 1532 2576 fidelis
1562 2521 1751 2592 Aseph
1783 2523 1917 2575 ante
1951 2522 2159 2577 Christi

552 2618 779 2687 tempus
794 2612 1061 2678 existens,
1078 2614 1136 2665 et
1154 2608 1594 2665 damnationem
1611 2626 2003 2665 successorum
2037 2611 2159 2685 Spi-

549 2704 663 2760 ritu
684 2705 880 2758 sancto
906 2699 1246 2773 praevidens,
1271 2697 1427 2770 loqui
1451 2698 1990 2754 introducatur.Hoc
2004 2702 2160 2772 quod

548 2809 713 2849 more
729 2790 1064 2864 prepbetico
1095 2788 1382 2862 praeterito
1405 2787 1590 2859 ponit,
1620 2789 1812 2843 future
1830 2787 2158 2861 intelligen-

547 2884 688 2938 dum
719 2896 859 2937 esse.
894 2878 953 2934 Si
980 2894 1114 2933 vero
1144 2877 1241 2931 illa
1271 2876 1456 2931 fidelis
1488 2876 1795 2949 Synagoga
1827 2877 1899 2932 de
1928 2878 2156 2935 Iudaeis.

545 2988 673 3044 qua:
702 2970 762 3025 in
782 2973 1043 3040 tempore
1076 2970 1133 3021 et
1158 2969 1287 3039 post
1309 2965 1719 3037 persecutionis
1750 2970 1979 3038 tempus
1998 2967 2161 3022 exsti-

541 3062 612 3115 tit
636 3059 1078 3114 introducuntur
1106 3056 1350 3128 loquens
1377 3071 1391 3122 ;
1438 3054 1548 3109 hoc
1578 3054 1870 3126 praeterito
1902 3055 2156 3126 positum

540 3147 830 3219 prmterite
862 3161 1089 3217 quoque
1123 3144 1370 3214 legetur.
1406 3142 1738 3196 Notandum
1788 3142 1965 3196 etiam
2001 3145 2156 3215 quod

541 3253 673 3292 cum
697 3236 766 3290 de
797 3250 1000 3289 eorum
1027 3230 1403 3287 damnatione
1424 3230 1832 3300 conquerendo
1852 3233 1909 3284 et
1925 3248 2156 3302 compa-

543 3324 736 3380 ticndo
755 3325 920 3394 agat;
941 3319 1314 3375 admiscendo
1345 3317 1521 3372 etiam
1555 3334 1635 3383 se,
1656 3334 1723 3372 ex
1749 3319 2150 3389 cempassione

541 3412 721 3468 nimia
751 3424 1015 3476 numero,
1051 3424 1276 3473 eorum,
1310 3404 1473 3460 nobis
1501 3405 1827 3476 exemplum
1845 3407 1962 3475 dat,
1998 3409 2152 3480 quod

539 3500 715 3555 etiam
742 3496 989 3552 inimicis
1010 3499 1067 3551 et
1082 3493 1429 3550 damnandis
1460 3494 1714 3565 compati
1744 3494 2076 3550 debeamus.

616 3588 687 3646 Ut
713 3587 860 3660 quid,
888 3584 1054 3652 Deus,
1088 3582 1327 3654 repulz'sti
1350 3584 1403 3635 in
1418 3582 1575 3650 linem
1593 3581 1956 3653 repulsionis,
1990 3583 2049 3639 id
2066 3587 2152 3639 est

538 3675 879 3735 omnimoda
906 3672 1227 3746 repulsione
1260 3673 1317 3725 et
1348 3670 1405 3724 in
1437 3686 1678 3741 corpore
1720 3674 1777 3725 et
1808 3670 1865 3725 in
1897 3672 2095 3726 anima
2122 3672 2151 3728 ‘I

536 3765 1103 3825 Determinatautem
1136 3777 1278 3833 quos
1304 3758 1456 3815 dicat
1475 3760 1770 3831 repulsos;
1802 3777 1935 3814 cum
1966 3761 2146 3817 addit:

536 3858 606 3913 Et
635 3858 697 3911 ut
725 3853 882 3928 quod
911 3859 986 3907 est
1018 3852 1208 3913 iratus,
1250 3848 1310 3904 id
1349 3850 1436 3903 est
1464 3848 1839 3903 vehementer
1881 3865 2151 3905 accensus

535 3948 692 4018 [ανον
718 3952 857 4011 tuus,
880 3959 1035 4014 super
1071 3956 1188 3995 oves
1205 3954 1425 4010 pascuae
1467 3942 1589 4004 tuae,
1646 3936 1707 3991 id
1731 3939 1815 3992 est
1845 3937 1919 3992 ad
1947 3937 2056 3993 hoc
2087 3941 2150 3993 ut

536 4035 763 4090 Jndwos
787 4029 1098 4103 opprimat,
1131 4025 1228 4100 qui
1256 4027 1493 4081 fuerunt
1522 4042 1653 4081 oves
1682 4042 1907 4099 pascua:
1936 4030 2069 4095 tuae,
2092 4026 2152 4082 id

540 4126 629 4178 est
656 4137 800 4193 quos
827 4122 895 4193 tu
919 4116 1119 4193 pavjsti
1142 4115 1200 4170 in
1232 4113 1456 4187 pascuis
1486 4114 1647 4186 legis,
1677 4114 1749 4168 ad
1778 4114 2017 4169 modum
2047 4132 2149 4188 pa-

543 4188 712 4267 storis
739 4206 836 4281 qui
1095 4220 1225 4258 oves
1255 4202 1314 4257 in
1346 4200 1581 4274 optimis
1603 4202 1825 4273 pascuis
1853 4204 2049 4274 pascit.
2065 4205 2154 4260 Ira

541 4303 599 4355 et
626 4298 787 4353 furor
814 4292 1124 4367 aliquando
1150 4290 1441 4346 idem’cst.
1487 4290 1810 4363 Aliquando
1842 4290 2004 4347 furor
2049 4309 2153 4365 pro

543 4387 723 4445 nimia
750 4385 837 4441 ira
863 4363 1117 4457 ponitur.
1153 4378 1294 4434 Cum
1328 4382 1523 4434 autem
1577 4379 1669 4433 hic
1720 4378 1857 4433 dicit
1888 4363 2232 4436 iratusiestD

539 4479 699 4548 [ανον
746 4482 884 4540 tuus,
944 4467 1373 4526 vehementiam
1423 4467 1632 4523 furoris
1663 4466 1868 4523 innuit.
1909 4468 2154 4541 Ulqm'd,

543 4564 708 4631 Deus,
729 4560 983 4634 repulisti,
1015 4561 1074 4614 et
1111 4557 1289 4613 iratus
1319 4559 1404 4611 est
1435 4554 1599 4611 furor
1621 4559 1770 4623 tuus,
1803 4556 1958 4612 idem
1982 4560 2067 4613 est
2095 4557 2155 4612 in

546 4648 852 4715 sententia,
880 4646 981 4703 sed
1022 4645 1151 4700 ideo
1184 4642 1394 4715 repetit
1424 4643 1666 4699 dicendo
1702 4646 1870 4699 iratus
1898 4652 1973 4701 est
1998 4647 2157 4716 [ανον

549 4751 693 4805 ταας,
734 4741 798 4794 ut
826 4737 1001 4792 addat
1030 4734 1104 4790 ad
1155 4733 1728 4803 determinationem,
1774 4733 1976 4789 scililet
2003 4752 2157 4807 super

546 4850 663 4888 oves
684 4844 901 4902 pascuae
931 4823 1129 4880 ταθῇ,
1167 4822 1277 4876 hoc
1303 4824 1390 4876 est
1418 4838 1483 4877 ac
1514 4821 1560 4876 si
1587 4821 1833 4878 diceret:
1887 4823 2030 4878 Cum
2059 4824 2156 4879 Ju-

549 4918 705 4976 dzeOs
735 4915 875 4972 olim
902 4913 1045 4969 adeo
1086 4908 1369 4976 dilexeris,
1401 4909 1614 4964 mirum
1645 4909 1904 4982 pluribus
1933 4911 2159 4968 videtur

549 5025 677 5081 quee
702 5021 873 5061 causa
896 5004 982 5057 est
1003 5014 1181 5073 quare
1208 4997 1285 5052 sic
1306 5015 1404 5053 eos
1425 4998 1717 5070 repulisti;
1749 5001 1806 5054 et
1846 4998 1925 5054 sic
1955 5000 2155 5055 adver-

547 5113 676 5153 sum
694 5111 793 5150 eos
814 5092 976 5147 furor
1000 5092 1131 5145 tuus
1155 5085 1380 5143 exarsit.
1408 5085 1648 5141 Causam
1672 5089 1865 5142 autem
1888 5088 2160 5159 repulsio-

547 5186 636 5242 nis
668 5198 872 5239 eorum
901 5182 1102 5255 postea
1152 5173 1426 5237 ostendit,
1459 5175 1921 5246 persecutionem
1970 5176 2155 5249 ipsam

547 5270 980 5349 prmostendens
1002 5286 1017 5336 ;
1040 5267 1123 5322 vel
1141 5264 1310 5321 aliter
1332 5263 1613 5319 medietas
1641 5265 1811 5336 hujus
1833 5281 2023 5320 versus
2043 5266 2156 5340 legi

532 5359 754 5437 'potest,
777 5360 890 5415 sic:
930 5357 1002 5414 Ut
1026 5354 1174 5429 quid,
1204 5354 1373 5418 Deus,
1420 5353 1659 5425 γεραιὰςιί
1692 5355 1747 5407 in
1778 5354 1939 5424 ﬁnem
1961 5356 2153 5412 Judai-

544 5469 676 5510 ch
708 5449 1008 5524 populum.
1042 5445 1171 5500 Haec
1196 5460 1328 5516 pars
1351 5459 1545 5498 versus
1580 5459 1698 5498 non
1738 5444 2015 5498 mutatur.
2058 5446 2154 5501 Est

544 5540 719 5596 etiam
742 5538 929 5604 iratus,
977 5534 1036 5590 id
1062 5536 1149 5589 est
1186 5548 1490 5588 succensus
1515 5532 1672 5601 [ανον
1699 5537 1818 5586 tuus
1843 5548 1999 5604 super
2035 5552 2151 5590 oves

2264 2460 2443 2516 quam
2471 2445 2724 2515 possidet
2750 2445 2955 2518 aliquis
2979 2462 3097 2500 non
3132 2448 3208 2500 sic
3239 2450 3300 2500 ut
3332 2462 3462 2500 eam
3492 2444 3593 2499 alii
3640 2447 3889 2501 Domino

2261 2534 2542 2606 rapuerit,
2561 2535 2660 2590 sed
2672 2553 2799 2608 quae
2814 2535 2918 2590 sibi
2934 2552 3000 2590 ex
3022 2536 3200 2591 atavis
3214 2535 3584 2591 haereditario
3593 2535 3620 2606 j
3633 2552 3746 2591 ure
3762 2553 3888 2591 cen-

2257 2621 2448 2693 tinglt.
2480 2625 2558 2677 Ac
2588 2622 2632 2678 si
2663 2623 2849 2678 dicat:
2886 2624 3028 2679 Cum
3062 2642 3164 2679 nos
3187 2627 3383 2695 utpote
3412 2640 3677 2695 regnum
3708 2628 3888 2679 tuum«

2259 2711 2693 2766 hmreditarium
2717 2712 3024 2767 existentes
3050 2712 3367 2775 redemisti,
3387 2729 3489 2768 oro
3512 2730 3770 2785 quoque
3797 2730 3884 2769 no-

2259 2799 2361 2854 stri
2390 2817 2617 2856 memor
2646 2804 2789 2867 esto,
2811 2818 2884 2855 ne
2915 2800 3240 2874 redemptio
3260 2801 3356 2856 illa
3376 2800 3715 2856 deducatur
3744 2803 3806 2857 in
3827 2802 3885 2856 ir-

2260 2888 2457 2945 ritum.
2483 2890 2591 2944 Per
2603 2889 3086 2961 virgam,quidem
3107 2892 3396 2960 sceptrum
3419 2907 3432 2957 ;
3458 2905 3568 2961 per
3586 2895 3881 2963 sceptrum

2259 2993 2507 3048 regnum
2530 2976 2825 3048 accipitur,
2857 2994 2991 3033 cum
3006 2982 3296 3050 sceptrum
3320 2977 3482 3050 regni
3516 2978 3593 3033 sit
3626 2979 3878 3052 signum.

2195 3078 2240 3143 ο
2264 3064 2403 3129 Qua:
2431 3066 2607 3138 virga,
2630 3064 2691 3120 id
2731 3069 2816 3120 est
2842 3065 2995 3138 quod
3029 3082 3275 3138 regnum
3311 3065 3767 3122 hmreditarium
3811 3072 3881 3123 est

2258 3172 2405 3207 mons
2417 3154 2848 3221 Sion,sublimis
2877 3154 2936 3208 iu
2957 3153 3276 3221 virtutibus,
3309 3153 3523 3209 scilicet
3537 3155 3617 3209 ad
3643 3158 3881 3211 modum

2264 3243 2479 3298 montis
2508 3246 2566 3297 et
2594 3243 2891 3314 speculans
2924 3245 3163 3298 interna.
3197 3246 3258 3298 1n
3291 3260 3403 3315 quo
3433 3246 3648 3298 monte
3677 3249 3767 3312 tu,
3797 3246 3883 3318 qui

2264 3331 2466 3387 omnia
2497 3334 2681 3404 potes,
2728 3331 3042 3386 inhabitasti
3067 3349 3181 3387 non
3225 3331 3513 3387 localiter:
3546 3334 3656 3388 sed
3690 3351 3884 3389 secun-

2253 3419 2393 3475 dum
2418 3420 2822 3491 inoperantem
2854 3422 3122 3493 gratiam.
3140 3424 3219 3477 Ac
3249 3422 3293 3476 si
3322 3422 3473 3477 dicat
3501 3439 3515 3476 :
3542 3423 3677 3477 Non
3704 3440 3881 3494 perse

2253 3511 2339 3564 est
2365 3525 2532 3563 mons
2563 3508 2723 3577 Sion,
2750 3509 2849 3565 sed
2869 3527 2971 3580 per
2996 3511 3103 3564 hoc
3125 3511 3280 3582 quod
3318 3513 3379 3564 tu
3410 3512 3464 3563 in
3497 3528 3558 3564 eo
3586 3510 3881 3567 inhabitas

2251 3597 2567 3652 secundum
2582 3596 2988 3668 inoperantem
3002 3598 3248 3669 gratiam
3262 3602 3343 3660 ,ut
3363 3615 3498 3653 eum
3528 3599 3603 3653 ad
3620 3617 3777 3671 opus
3798 3601 3880 3655 bo-

2251 3702 2391 3740 num
2409 3687 2843 3758 promoveas.Et
2855 3686 2988 3758 quia
3004 3686 3487 3743 inhabitationem
3504 3690 3675 3742 tuam
3696 3689 3878 3761 ipsum

2252 3778 2517 3830 montem
2550 3774 2686 3829 Sion
2707 3774 2963 3836 effecisti,
2986 3791 3088 3831 oro
3113 3792 3341 3848 quoque
3371 3794 3574 3830 memor
3606 3777 3873 3849 ejusesto.

2328 3861 2465 3919 Dico
2507 3863 2563 3915 in
2592 3879 2693 3934 quo
2726 3862 3056 3931 inhabzlasti,
3109 3865 3164 3917 in
3193 3880 3250 3918 eo
3278 3863 3492 3919 scilicet
3525 3866 3697 3937 quod
3754 3872 3875 3921 sunt

2249 3969 2398 4007 mons
2416 3953 2473 4006 et
2495 3950 2715 4015 Sion,id
2738 3954 2824 4006 est
2866 3951 2928 4006 in
2967 3969 3036 4008 ea
3061 3952 3523 4009 consideratione
3555 3955 3726 4026 quod
3753 3958 3875 4011 sunt

2250 4038 2524 4095 sublimes
2546 4038 2604 4094 in
2636 4039 2936 4095 sanctitate
2957 4043 3016 4095 et
3036 4041 3393 4112 speculantes
3414 4043 3776 4099 aeternaNel
3808 4044 3875 4097 sic

2252 4127 2444 4183 littera
2472 4128 2801 4201 adaptatur,
2823 4129 3110 4184 sententia
3123 4132 3318 4185 tamen
3348 4129 3561 4185 eadem
3589 4131 3873 4187 existente

2254 4216 2417 4290 virga
2433 4217 2534 4272 illa
2548 4220 2823 4273 estmons
2844 4218 3002 4286 Sion,
3026 4216 3085 4272 in
3102 4234 3238 4290 quo,
3260 4218 3321 4274 id
3342 4220 3427 4273 est
3456 4219 3879 4275 consideratio-

2256 4321 2331 4360 ne
2362 4302 2519 4378 cujus
2540 4306 2644 4374 rei,
2671 4305 2884 4361 scilicet
2899 4307 3054 4378 quod
3068 4310 3155 4361 est
3176 4324 3344 4361 mons
3359 4306 3877 4375 Sion,inhabitasti

2256 4392 2316 4448 in
2344 4410 2411 4449 eo
2444 4397 2642 4449 monte
2675 4394 2991 4449 secundum
3022 4393 3427 4467 ineperantem
3451 4396 3746 4467 gratiam,
3779 4396 3880 4452 nisi

2257 4480 2411 4536 enim
2436 4480 2809 4550 inhabitares,
2839 4499 3209 4555 nequaquam
3227 4500 3395 4540 mons
3415 4501 3539 4539 esse
3554 4489 3785 4556 posset.
3820 4488 3879 4541 Et

2256 4570 2316 4625 in
2342 4587 2411 4625 eo
2444 4571 2598 4643 quod
2611 4588 2779 4627 mons
2802 4573 2906 4635 est,
2937 4574 2995 4626 te
3020 4570 3347 4627 inhabitare
3382 4572 3755 4629 considerari
3791 4591 3882 4648 p0-

2254 4660 2385 4713 test.
2420 4658 2557 4714 Orat
2582 4659 2759 4714 etiam
2790 4677 2895 4732 pro
2918 4660 3613 4734 persecutoribusJudaici
3654 4664 3880 4736 populi,

2256 4746 2530 4803 Romanis
2559 4748 2791 4804 scilicet.
2822 4749 2928 4813 Qui
2958 4766 3089 4804 cum
3120 4751 3399 4822 populum
3420 4752 3718 4822 persecuti
3750 4756 3879 4806 sunt

2258 4852 2377 4891 non
2426 4839 2706 4908 quantum
2737 4837 2810 4893 ad
2841 4836 2940 4892 Dei
2970 4836 3306 4904 vindictam,
3334 4837 3433 4893 sed
3470 4842 3775 4909 quantum
3813 4839 3877 4895 ad

2257 4922 2775 4996 ignominiam,sic:
2801 4925 2923 4981 Dixi
2949 4926 3105 5000 quod
3126 4925 3681 4998 rcpulisliludaicum
3702 4944 3878 5000 popu-

2258 5012 2379 5067 lum
2413 5028 2447 5067 a
2475 5015 2632 5068 terra
2659 5030 2762 5086 per
2792 5014 3103 5081 Romanos,
3145 5018 3203 5069 et
3238 5017 3319 5077 tu,
3338 5015 3508 5077 Deus,
3540 5014 3684 5083 leva,
3710 5015 3770 5071 id
3800 5019 3875 5070 est

2258 5102 2464 5165 exalia,
2488 5120 2679 5156 manus
2701 5109 2838 5171 tuas,
2866 5102 2923 5158 id
2963 5107 3049 5159 est
3085 5102 3407 5176 potentiam
3437 5105 3696 5158 tuamzin
3717 5105 3875 5172 ﬁnem

2256 5189 2573 5260 levationis,
2613 5190 2675 5246 id
2698 5194 2784 5247 est
2812 5191 3052 5247 omnino
3078 5192 3134 5245 in
3161 5190 3428 5263 superbius
3455 5209 3650 5247 eorum
3681 5191 3869 5264 depri-
3944 5254 3945 5275 χ

2257 5278 2519 5347 mendas,
2544 5297 2647 5353 per
2659 5295 2803 5352 quos
2822 5280 3052 5352 plebem
3068 5275 3362 5336 Iudaicam
3388 5279 3593 5353 repelli
3610 5279 3872 5352 permisi-
3944 5278 3945 5285 “

2253 5365 2344 5422 sti.
2376 5367 2455 5421 Ac
2485 5366 2530 5422 si
2571 5367 2756 5423 dicat:
2802 5369 2927 5424 Non
2958 5370 3145 5423 solum
3176 5384 3278 5424 ore
3309 5370 3371 5423 ut
3410 5367 3598 5423 nostri
3644 5384 3869 5424 memor

2250 5456 2344 5526 sis,
2368 5456 2468 5512 sed
2485 5456 2661 5513 etiam
2689 5474 2791 5514 oro
2816 5462 2876 5513 ut
2905 5459 3215 5514 exaltatam
3244 5457 3517 5514 ostendas
3537 5459 3861 5530 potentiam

2248 5537 2434 5605 tuam,
2458 5537 2840 5609 deprimendo
2859 5555 3062 5594 eorum
3091 5537 3475 5611 superbias,et
3495 5537 3757 5596 humiles
3775 5555 3863 5595 eos

534 5643 747 5701 pascuae
791 5631 916 5688 tua,
949 5637 1121 5696 super
1149 5638 1255 5677 nos
1283 5620 1520 5688 scilicet,
1548 5619 1888 5694 quospascis
1914 5623 1977 5679 ut
2014 5639 2148 5682 oves
2233 5625 2293 5681 et
2323 5626 2586 5683 subditos
2614 5626 2720 5683 tibi
2750 5627 3041 5696 faciendo,
3072 5629 3161 5684 vel
3191 5626 3304 5682 sic:
3346 5625 3490 5682 Leva
3513 5644 3714 5685 mnus
3734 5636 3856 5693 tuas,
