4004 6052
195 344 330 401 1009
1146 342 1502 403 EXPOSITIO
1540 348 1608 401 IN
1647 344 2075 403 PSALMOS.—
2115 343 2311 404 PSAI..
2354 343 2551 401 LXXIII
3376 351 3515 406 IOIO

186 466 248 521 id
289 470 376 521 est
419 466 747 538 potentiam
778 468 961 535 tuam,
998 466 1059 522 in
1299 468 1567 539 superbius
1612 485 1796 522 eorum
1822 464 1872 521 A
1896 469 2069 539 regis.
2100 469 2264 533 Quod
2303 469 2500 541 utique
2530 468 2575 522 si
2597 467 2853 535 scissent,
2886 486 3187 540 nunquam
3224 470 3295 524 de
3328 487 3395 525 ea
3427 489 3517 524 sn-

189 554 624 625 deprimendas.
656 556 722 610 Et
750 556 859 610 hoc
889 557 945 608 in
973 556 1154 625 ﬁnem,
1188 555 1245 610 id
1288 560 1374 611 est
1421 556 1480 610 in
1525 572 1792 610 consum-
1896 559 2243 631 perbissent.
2278 559 2651 613 Demonstrat
2682 574 2815 611 vero
2847 574 2880 611 a
2909 558 3186 628 partibus,
3222 561 3520 630 quomodo

188 642 535 697 mationem.
568 642 731 707 Quod
761 646 847 697 est
864 643 1052 698 dicere
1085 643 1276 700 :Adeo
1296 644 1616 716 potentiam
1637 648 1795 699 tuam
1897 648 1950 700 in
1981 655 2163 700 sancto
2188 644 2495 717 malignati
2525 649 2677 711 sunt,
2712 662 2845 700 cum
2901 645 3062 700 addit
3091 663 3104 699 :
3133 647 3274 701 Vere
3305 649 3359 700 in
3388 662 3518 702 san-

186 748 361 802 super
389 748 487 786 eos
513 732 701 786 exalta
731 735 792 786 ut
822 748 1024 788 eorum
1058 733 1353 803 superbias
1397 750 1464 788 ex
1501 736 1620 788 toto
1653 749 1793 788 con-
1894 739 1977 786 cto
2012 734 2313 805 malignati
2347 737 2499 800 sunt,
2534 751 2670 789 nam
2695 736 2749 787 in
2771 733 2997 804 idipsum
3020 733 3253 788 malitiae
3275 735 3516 790 tenden-

187 838 403 876 sumas.
1654 826 1667 834 “
1895 822 2003 886 tes,
2032 821 2090 876 id
2122 821 2284 875 estin
2303 821 2510 876 eadem
2537 820 2889 892 cogitatione
2912 823 3064 876 mala
3077 821 3517 876 concordantos.

259 908 524 964 Ostendit
552 912 746 965 autem
769 913 960 983 partes
980 926 1180 966 earum
1204 910 1625 981 superbiarum,
1654 926 1791 965 cum
1967 910 2308 965 Exciderunt
2337 911 2603 964 securibus
2633 910 2838 980 januas
2874 910 2989 981 ejus
3026 909 3255 981 templi,
3287 911 3443 980 quasi
3464 912 3520 963 in

187 997 677 1070 addit:Vereipsi
702 998 1359 1070 superbiashabuerunt,
1383 1015 1521 1053 nam
1541 1000 1793 1053 inimicus
1897 997 2028 1052 silva
2053 999 2321 1069 lignorum
2345 1000 2491 1054 solet
2541 999 2686 1053 fieri.
2744 998 2897 1053 Silva
2940 998 3236 1070 lignorum
3289 996 3520 1070 proprie

186 1085 483 1141 Romanus
514 1087 759 1159 populus
801 1086 905 1142 tibi
959 1087 1113 1141 mala
1163 1086 1278 1141 vita
1319 1103 1421 1142 sua
1464 1087 1793 1154 inimicans,
1901 1086 2108 1142 dicitur
2139 1104 2211 1142 ea
2234 1105 2362 1159 qua:
2390 1087 2461 1142 ad
2492 1088 2601 1142 hoc
2629 1088 2904 1159 deputata
2935 1090 3101 1142 estut
3133 1088 3370 1141 arbores
3400 1086 3522 1157 ejus

186 1177 411 1246 quanta
438 1175 765 1244 malignatus
791 1181 866 1229 est
909 1175 977 1231 in
1016 1182 1196 1229 sancto
1236 1177 1585 1242 sanctorum,
1619 1174 1679 1229 id
1716 1176 1802 1228 est
1899 1175 2288 1231 succidantur.
2323 1177 2447 1231 Non
2477 1179 2539 1230 ut
2565 1175 2910 1230 defendatur
2934 1174 3006 1229 ad
3022 1193 3167 1247 opus
3199 1192 3423 1248 pascua:
3445 1174 3524 1228 fe-

188 1279 369 1335 quam
400 1279 645 1335 magnas
673 1263 919 1318 malitias
948 1262 1002 1316 in
1035 1266 1232 1318 sancto
1265 1264 1481 1335 templo
1512 1267 1606 1318 tuo
1640 1279 1803 1318 exer—
1901 1280 2126 1319 rarum.
2160 1264 2410 1319 Arbores
2439 1264 2594 1319 enim
2616 1264 2829 1331 incisae,
2862 1264 3020 1334 ligna
3047 1263 3335 1318 dicuntur.
3358 1262 3519 1328 Quod

189 1352 324 1408 cuit.
346 1350 625 1407 Sanctum
656 1355 987 1407 sanctorum
1008 1349 1250 1405 interior
1268 1367 1401 1422 pars
1419 1351 1619 1422 templi
1641 1350 1801 1405 dice-
1904 1355 1989 1406 est
2014 1352 2206 1407 dicere
2238 1370 2250 1407 :
2272 1352 2407 1407 Sine
2430 1353 2755 1407 reverentia
2776 1352 3032 1424 qualibet
3049 1351 3257 1422 januas
3275 1351 3395 1423 ejus
3420 1367 3514 1404 ex-

189 1440 383 1507 batur,
402 1457 579 1512 quam
602 1442 754 1495 solus
769 1439 1022 1513 pontifex
1035 1441 1214 1495 semel
1235 1440 1294 1494 in
1312 1456 1466 1494 anno
1484 1456 1614 1494 cum
1633 1439 1805 1494 sacri-
1906 1440 2194 1509 ciderunt,
2226 1440 2373 1496 sicut
2396 1441 2519 1496 sine
2538 1442 2860 1495 reverentia
2881 1439 3019 1494 silva
3038 1439 3331 1511 lignorum
3345 1439 3519 1493 succi-

192 1526 332 1584 ﬁciis
346 1529 817 1601 intrabat,potest
833 1529 1009 1584 etiam
1028 1531 1219 1584 totum
1235 1529 1517 1601 templum
1540 1530 1804 1583 sanctum
1908 1529 2083 1584 ditur.
2109 1531 2217 1584 Per
2236 1529 2583 1585 excisionem
2595 1529 2933 1600 januarum,
2952 1545 3079 1600 quae
3097 1520 3280 1600 magis
3300 1531 3519 1582 ornatae

193 1616 327 1686 dici,
346 1634 414 1672 eo
427 1617 583 1690 quod
602 1617 927 1672 dedicatum
943 1617 1340 1686 esset,licetab
1358 1616 1613 1688 indignis
1628 1617 1807 1672 culto-
1907 1621 2102 1690 partes
2125 1617 2328 1688 templi
2360 1621 2546 1684 erant,
2582 1618 2772 1672 innuit
2797 1633 3028 1689 quoque
3068 1615 3516 1671 destructionem

193 1705 983 1778 ribusfrequentaretur.Non
998 1707 1186 1761 solum
1200 1722 1335 1761 vero
1353 1705 1655 1776 malignati
1673 1709 1806 1759 sunt
1907 1707 2153 1761 aliarum
2186 1706 2463 1778 partium.
2496 1705 2733 1777 Antiqui
2757 1721 3011 1775 namque
3044 1704 3231 1775 magis
3257 1704 3313 1758 in
3342 1703 3521 1775 portis

192 1794 290 1849 sed
321 1794 541 1865 gloriati
556 1801 680 1848 sunt
701 1795 772 1850 de
808 1794 1028 1849 malitia
1054 1795 1260 1865 suaqui
1285 1793 1507 1848 oderunt
1525 1798 1593 1847 te.
1619 1794 1804 1847 Dene-
1830 1782 1882 1840 Β
1906 1794 2261 1849 mdiﬁcandis
2290 1794 2619 1861 studebant,
2637 1797 2694 1848 et
2712 1810 2828 1849 non
2853 1794 3039 1848 solum
3064 1791 3523 1858 exciderunt,sed

193 1883 387 1955 gando
410 1885 627 1938 cultum
648 1883 752 1938 tibi
785 1883 1067 1951 debitum,
1098 1885 1156 1938 et
1177 1898 1395 1937 nomen
1424 1884 1588 1937 tuum
1613 1881 1805 1937 delere
1907 1883 2082 1939 etiam
2113 1884 2436 1954 deiecerunt,
2462 1883 2520 1938 id
2553 1886 2640 1937 est
2671 1885 3105 1956 prostraverunt
3130 1899 3225 1936 eas
3239 1881 3446 1952 januas
3467 1882 3522 1934 in

192 1970 511 2042 cupientes,
528 1971 1020 2039 Romaniscilicet,
1042 1974 1098 2025 in
1120 1972 1292 2027 medio
1319 1971 1671 2027 solemnitalis
1703 1977 1806 2024 tua:
1902 1974 2077 2029 securi
2103 1981 2151 2027 et
2174 1975 2337 2039 ascia,
2373 1973 2430 2027 id
2451 1976 2536 2027 est
2557 1972 2614 2026 in
2636 1970 3003 2043 percussione
3029 1970 3242 2025 securis
3263 1971 3319 2023 et
3332 1968 3516 2024 asciae.

188 2060 495 2133 paschalis,
519 2059 579 2115 id
599 2065 685 2115 est
705 2059 762 2115 in
786 2060 1056 2116 omnibus
1076 2058 1669 2116 diebussolemnitatis
1680 2075 1804 2131 pas-
1905 2063 2014 2117 Per
2031 2063 2153 2118 haec
2396 2061 2533 2128 duo,
2555 2060 2755 2116 omnia
2784 2060 3276 2115 ferramentorum
3306 2073 3523 2128 genera

193 2148 390 2216 chalis,
411 2148 1647 2220 quamlicetindigne,tameninhonoretuo
1662 2148 1805 2202 cele-
1907 2150 2190 2224 designat.
2222 2150 2364 2205 Cum
2396 2167 2531 2205 vero
2564 2149 2730 2222 ponit
2760 2150 2821 2204 in
2852 2149 3017 2215 ascia,
3042 2146 3520 2218 innuitquantam

183 2236 365 2310 .brare
391 2254 450 2292 se
482 2239 848 2308 putaverunt.
880 2237 1132 2309 Ideoque
1160 2240 1257 2292 tua
1279 2236 1505 2303 dicitur,
1536 2236 1692 2308 quod
1719 2237 1806 2290 est
1906 2239 2214 2295 habuerint
2250 2241 2533 2311 templum
2580 2237 2915 2293 destruendi
2956 2238 3332 2292 voluntatem.
3380 2234 3521 2289 Cum

195 2325 797 2381 dicere:Gloriatisunt
818 2327 1063 2381 Romani
1086 2327 1156 2382 de
1173 2343 1275 2381 sua
1290 2325 1591 2382 obsidione
1608 2329 1805 2396 ctper—
1910 2328 2048 2383 illud
2080 2346 2221 2399 opus
2250 2328 2475 2395 fabrile,
2506 2328 2659 2400 quod
2678 2325 3046 2381 ferramentis
3078 2324 3306 2396 magnis
3327 2323 3521 2378 delere

195 2415 507 2481 secutione,
542 2417 600 2469 et
619 2415 727 2468 hoc
749 2414 821 2469 ad
849 2414 1233 2470 intentionem
1254 2414 1368 2469 odii
1388 2417 1446 2468 et
1470 2413 1808 2484 ignominiae
1911 2435 2027 2473 non
2051 2422 2343 2489 poterant,
2375 2417 2525 2472 ascia
2553 2420 2610 2471 et
2640 2415 3010 2471 ferramentis
3037 2413 3159 2468 aliis
3206 2412 3394 2485 parvis
3423 2412 3521 2468 de-

194 2506 328 2557 tuaa.
363 2503 595 2574 Legitur
625 2519 877 2574 namque
909 2502 1067 2575 quod
1097 2498 1233 2574 quia
1279 2502 1337 2556 in
1382 2502 1599 2556 Pascha
1624 2500 1807 2556 Judazi
1910 2506 2128 2561 lebant.
2159 2507 2226 2560 Et
2257 2522 2375 2561 non
2407 2507 2594 2560 solum
2616 2503 3193 2575 dejeceruntjanuas,
3223 2502 3322 2556 sed
3347 2502 3522 2555 incen-

195 2592 510 2647 Dominum
529 2592 723 2646 Iesum
743 2590 1237 2657 cruciﬁxerunt,in
1260 2588 1698 2661 quadragesimo
1721 2607 1808 2644 se-
1910 2594 2103 2649 derunt
2130 2595 2252 2664 igni
2291 2596 2659 2649 sanctuarium
2699 2600 2849 2647 tuum
2882 2594 2934 2646 in
2983 2598 3125 2646 terra
3158 2589 3431 2663 positum,
3464 2587 3522 2642 id

195 2680 384 2736 eundo
407 2696 559 2735 anne
579 2682 707 2750 post
722 2679 948 2734 Domini
977 2677 1808 2752 passionem,inPaschaaRo-
1912 2687 1998 2738 est
2026 2684 2307 2755 templum
2342 2683 2498 2756 quod
2553 2681 2759 2736 dicitur
2799 2680 3211 2746 sanctuarium,
3258 2696 3325 2733 eo
3367 2676 3519 2749 quod

196 2768 384 2823 manis
420 2766 631 2822 obsessi
660 2768 893 2822 fuerunt
926 2768 1166 2839 (Josnpn.
1210 2764 1329 2821 Bel.
1358 2766 1545 2833 Jud.).
1570 2767 1639 2820 Et
1661 2765 1810 2821 sicut
1912 2771 1971 2826 in
2002 2788 2070 2827 eo
2098 2775 2296 2826 sancta
2325 2771 2793 2837 continebantur,
2826 2787 2959 2823 arca
2985 2768 3217 2833 scilicet,
3238 2770 3296 2820 et
3312 2765 3520 2820 cande—

194 2856 374 2911 Judaai
391 2855 450 2910 in
468 2856 564 2910 illo
576 2855 722 2910 festo
741 2855 812 2910 de
834 2855 1063 2911 Domini
1098 2858 1285 2910 morte
1318 2858 1450 2909 sunt
1498 2853 1697 2926 gavisi,
1732 2852 1811 2907 ita
1912 2861 2094 2927 labra,
2118 2863 2175 2914 et
2192 2862 2402 2915 caetera
2429 2859 2582 2913 talia,
2604 2858 2769 2922 Quod
2792 2855 3382 2928 enimsupponitz’gnz‘,
3403 2870 3516 2906 non

199 2948 258 3000 et
276 2943 522 3000 Romani
542 2943 601 2997 in
634 2942 842 2998 eodem
883 2943 1027 2999 festo
1059 2943 1131 2998 de
1179 2958 1383 2998 eorum
1416 2942 1714 2996 obsidione
1753 2945 1811 2996 et
1912 2948 2042 3003 ideo
2058 2946 2562 3014 dicit,utsuccendi
2587 2946 2901 3017 possetnisi
2928 2943 3197 3017 ignc,sed
3228 2944 3299 2998 ad
3338 2945 3523 2995 osten-

199 3032 597 3105 pel‘secutione
620 3033 754 3086 sunt
774 3030 972 3094 laetati.
996 3031 1151 3104 quod
1170 3030 1483 3102 superbum
1505 3029 1663 3083 valde
1678 3028 1802 3082 fllit-
1832 3060 1879 3121 α
1911 3037 2134 3092 sionem
2182 3036 2540 3091 vehementis
2572 3034 2919 3089 incensionis
2965 3034 3073 3087 hoc
3123 3030 3412 3104 supponit.
3457 3031 3522 3084 Et
3548 3074 3557 3081 .

199 3121 367 3192 Pejus
390 3121 546 3176 enim
573 3124 659 3175 est
690 3124 748 3176 et
776 3121 1096 3193 superbius,
1136 3121 1207 3175 de
1239 3119 1376 3174 mali
1420 3119 1808 3190 complctione
1846 3119 1856 3121 ⁷
1910 3125 2058 3180 bene
2089 3125 2253 3197 ponit
2278 3127 2520 3191 interra,
2542 3140 2606 3176 ac
2630 3122 2674 3177 si
2697 3123 2913 3177 diceret
2940 3139 2954 3176 :
2978 3121 3121 3177 Illud
3141 3120 3520 3191 quodinterru

198 3209 452 3280 gaudere
483 3227 659 3281 quam
691 3210 880 3282 ipsum
910 3210 1129 3264 malum
1153 3210 1467 3281 complere.
1493 3209 1689 3263 Etnon
1715 3224 1806 3263 so-
1910 3213 2165 3284 positum
2211 3216 2353 3280 erat,
2398 3210 2627 3266 incendi
2672 3212 2961 3281 potuerat,
3017 3208 3075 3262 in
3122 3206 3334 3261 caelesti
3386 3222 3521 3259 vero

196 3298 317 3353 lum
347 3297 578 3370 gloriati
606 3300 758 3365 sunt,
791 3298 891 3353 sed
923 3296 1098 3352 etiam
1133 3297 1291 3369 quod
1320 3297 1631 3369 superbum
1672 3296 1801 3364 fuit,
1910 3302 2155 3373 templo,
2176 3300 2331 3372 quod
2359 3300 2585 3371 perhoc
2607 3298 3061 3369 signiﬁcabatur,
3080 3295 3219 3350 nihil
3238 3294 3388 3366 juris
3419 3295 3520 3348 ha-

186 3392 484 3459 posuerunt
502 3403 657 3457 super
679 3404 966 3454 summum,
1000 3385 1060 3440 id
1096 3388 1182 3440 est
1222 3401 1394 3457 super
1424 3384 1678 3457 aliquem
1709 3402 1804 3439 ex-
1907 3388 2180 3443 buerunt.
2217 3389 2282 3442 Et
2315 3405 2418 3460 per
2446 3388 2555 3442 hoc
2573 3388 2645 3442 ad
2674 3386 2813 3441 illud
2843 3387 3125 3458 templum
3160 3400 3265 3439 nos
3295 3382 3399 3437 niti
3420 3383 3518 3437 ad-

196 3475 412 3531 celsum
443 3475 634 3529 locum
665 3478 817 3547 signa
836 3493 935 3529 sua
967 3493 983 3528 :
1015 3474 1182 3546 signa
1212 3473 1445 3540 scilicet,
1478 3472 1535 3527 id
1559 3476 1643 3527 est
1673 3472 1809 3526 talia
1908 3477 2196 3546 hortatur,
2220 3476 2278 3531 in
2310 3493 2421 3548 quo
2452 3477 2673 3530 nullum
2710 3474 2998 3547 patiemur
3034 3474 3106 3528 ab
3147 3471 3409 3527 hostibus
3441 3488 3523 3524 as-

196 3563 363 3636 signa
382 3580 508 3635 quae
530 3564 634 3636 ipsi
654 3582 771 3620 non
789 3566 1201 3635 reputaverunt
1222 3580 1344 3617 esse
1368 3561 1535 3632 signa
1556 3561 1675 3628 Dei,
1707 3561 1808 3616 sed
1908 3566 2118 3619 sultum
2133 3605 2145 3617 .
2165 3564 2503 3635 Priusquam
2526 3582 2659 3619 vero
2682 3564 3079 3628 incenderent,
3097 3561 3402 3631 polluerunt
3423 3559 3522 3613 lio-

194 3656 346 3724 signa
366 3671 484 3720 sua,
520 3652 577 3707 id
608 3656 694 3707 est
723 3653 887 3724 signa
926 3652 1179 3707 victoria:
1224 3667 1359 3705 sua).
1408 3651 1474 3704 Et
1518 3649 1595 3703 sic
1617 3666 1805 3720 posue-
1908 3653 2140 3708 micidio
2169 3656 2227 3707 et
2256 3654 2576 3725 sacrilegio,
2610 3656 2667 3706 et
2711 3652 2833 3707 aliis
2876 3650 3153 3723 perversis
3202 3647 3521 3703 actionibus

197 3750 325 3796 runt
345 3744 477 3796 sicut
511 3743 566 3795 in
589 3744 733 3795 exitu
766 3742 973 3807 solent,
992 3740 1159 3811 signa
1188 3738 1348 3811 poni,
1384 3737 1441 3791 id
1464 3736 1631 3791 estin
1671 3753 1807 3791 arcu
1911 3742 2311 3795 tabernaculum
2333 3743 2563 3796 nominis
2595 3742 2697 3807 tui,
2739 3741 2796 3793 id
2824 3743 2909 3793 est
2946 3738 3147 3811 gloria:
3190 3740 3323 3802 tuae,
3370 3739 3519 3789 tem-

198 3830 559 3901 triumphali,
611 3830 715 3884 sub
770 3847 883 3902 quo
935 3828 1201 3884 homines
1240 3827 1454 3881 intrant
1488 3827 1546 3880 et
1575 3828 1803 3880 exeunt.
1909 3831 2068 3902 plum
2103 3830 2336 3896 scilicet,
2371 3829 2525 3902 quod
2549 3829 2621 3883 ad
2659 3827 2907 3900 gloriam
2935 3826 3162 3880 nominis
3194 3827 3276 3893 tui
3303 3824 3517 3877 factum

197 3920 449 3991 Ideoque
481 3919 688 3975 dicitur
717 3918 913 3973 exitus.
950 3919 1044 3972 Vel
1082 3917 1140 3971 in
1160 3919 1347 3988 porta,
1380 3931 1483 3986 per
1512 3932 1686 3987 quam
1709 3915 1808 3970 ho-
1905 3917 2032 3976 fuit.
2067 3918 2223 3989 quod
2270 3917 2550 3972 nimirum
2593 3916 2691 3971 ad-
2723 3916 3049 3987 respectum
3107 3910 3520 3983 supercrelcstis

201 4010 389 4067 mines
406 4010 623 4065 intrant
644 4012 702 4063 et
730 4011 958 4063 exeunt.
989 4006 1195 4078 Tangit
1225 4008 1421 4060 autem
1456 4021 1683 4058 morem
1710 4021 1808 4059 an-
1907 4006 2108 4078 templi
2129 4004 2777 4070 tabernaculumdicitur,
2807 4020 2875 4058 eo
2900 4001 3053 4075 quod
3073 4000 3212 4055 illud
3233 4002 3515 4055 aeternum

202 4100 517 4173 tiquorum.
547 4097 811 4163 Quicum
834 4098 1086 4169 aliquam
1115 4095 1406 4150 civitatem
1445 4096 1722 4166 ceperant
1751 4096 1809 4148 et
1908 4096 1999 4164 sit,
2036 4096 2186 4151 istud
2214 4112 2347 4150 vero
2386 4093 2783 4150 transitorium
2820 4110 2832 4148 :
2866 4095 2923 4147 et
2952 4090 3087 4147 inde
3126 4090 3235 4144 hoc
3278 4086 3520 4159 contigit

205 4188 554 4255 devicerant,
588 4191 835 4243 statuam
867 4188 952 4241 vel
983 4186 1213 4257 signum
1247 4183 1691 4255 aliquod,super
1722 4198 1809 4237 ar—
1907 4185 2063 4256 quod
2107 4176 2454 4238 incenderunt
2500 4187 2558 4239 et
2595 4183 2927 4254 polluerunt,
2989 4179 3124 4252 quia
3170 4179 3421 4232 dixerunt
3459 4178 3515 4230 in

196 4295 331 4334 cum
363 4277 799 4350 triumphalem,
819 4277 904 4331 vel
921 4292 1092 4347 super
1103 4277 1355 4345 portam,
1380 4272 1436 4326 in
1460 4270 1807 4327 memoriam
1833 4334 1881 4350 ἢ
1905 4273 2060 4327 corde
2082 4289 2199 4331 suo.
2237 4274 2305 4327 Et
2332 4289 2448 4327 non
2503 4270 2670 4345 pauci
2700 4287 2764 4325 ex
2808 4268 2889 4324 eis
2920 4269 3029 4323 hoc
3064 4266 3329 4322 dixerunt
3359 4281 3370 4316 :
3406 4263 3518 4319 Sed

196 4367 450 4423 victoriae
472 4334 587 4422 sua).
601 4365 919 4439 ponebant.
946 4364 1230 4421 Cazterum
1255 4361 1391 4434 quia
1411 4359 1810 4425 RomaniJIic-
1832 4334 1884 4392 D
1908 4362 2151 4431 cognatio
2177 4378 2359 4414 eorum
2388 4358 2568 4425 simul,
2602 4358 2662 4413 id
2690 4360 2775 4412 est
2805 4355 2995 4411 omnis
3020 4371 3224 4410 eorum
3256 4350 3516 4408 collectio

195 4459 449 4513 rusalem
481 4455 739 4511 funditus
768 4470 986 4520 eversa,
1024 4454 1255 4523 portam
1282 4450 1341 4504 in
1373 4466 1488 4522 qua
1529 4447 1696 4519 signa
1726 4446 1805 4501 vi-
1908 4448 2260 4503 unanimiter
2281 4447 2551 4502 dixerunt
2584 4445 2819 4501 ineurde
2839 4441 3268 4510 suo,Faciamus
3290 4442 3518 4513 quiesce-

195 4546 393 4601 ctoriae
412 4562 528 4600 sum
552 4545 839 4616 ponerent
859 4558 975 4596 non
989 4540 1338 4602 habuerunt,
1371 4552 1541 4609 super
1555 4536 1807 4607 aliquem
1908 4554 1983 4604 re,
2009 4536 2067 4590 id
2096 4539 2181 4591 est
2205 4552 2450 4602 cessare,
2473 4553 2505 4588 a
2528 4542 2667 4588 terra
2698 4536 2820 4599 ista,
2855 4530 3067 4587 scilicet
3091 4549 3126 4589 a
3161 4529 3379 4596 Iudaea,
3402 4546 3516 4583 om-

197 4650 494 4690 summum
533 4635 725 4689 locum
764 4632 1103 4701 posuerunt,
1128 4628 1224 4701 qui
1258 4643 1375 4682 non
1396 4627 1809 4698 reputaverunt
1907 4642 1997 4678 nes
2011 4626 2172 4695 festos
2204 4624 2325 4679 dies
2346 4623 2454 4679 Dei
2481 4623 2832 4678 Iudaeorum.
2866 4622 2945 4675 Ac
2976 4619 3022 4675 si
3049 4620 3309 4675 dicerent
3341 4635 3355 4673 :
3382 4618 3519 4691 Ipsis

198 4739 322 4779 esse
356 4722 521 4794 signa
548 4719 784 4775 ultionis
809 4716 1210 4790 divinae,quod
1230 4714 1558 4770 debuissent
1583 4713 1804 4779 facere;
1909 4712 2016 4768 diis
2047 4711 2254 4768 nostris
2276 4712 2503 4785 spretis,
2534 4710 2724 4765 nescio
2767 4726 2941 4781 quem
2976 4711 3160 4765 Deum
3200 4708 3397 4763 colunt
3429 4704 3519 4761 cui

200 4809 302 4866 sed
327 4826 443 4864 suae
475 4807 747 4876 victoriae,
772 4806 926 4879 quod
957 4806 1154 4878 utique
1179 4802 1653 4878 superbissimum
1676 4800 1804 4856 fuit.
1906 4801 2053 4857 festa
2099 4800 2336 4856 faciunt.
2395 4800 2508 4855 Sed
2559 4816 2663 4855 nos
2714 4800 3001 4871 templum
3048 4799 3428 4862 destruamus,
3462 4797 3520 4849 et

200 4899 301 4952 Vel
327 4900 467 4953 sicut
494 4898 550 4950 in
571 4898 738 4958 exitu,
756 4894 815 4950 id
839 4896 925 4948 est
956 4894 1034 4948 ita
1065 4893 1384 4966 posuerunt
1405 4891 1549 4946 sicut
1567 4888 1810 4945 victores
1909 4893 1988 4948 sic
2010 4891 2288 4946 faciemus
2335 4890 2490 4964 quod
2525 4888 2771 4963 amplius
2820 4888 2880 4944 in
2930 4890 3038 4944 hac
3082 4891 3238 4943 terra
3276 4884 3357 4939 illi
3387 4883 3518 4937 festi

184 4990 430 5060 ponunt
443 4985 609 5058 signa
638 4988 694 5040 in
712 4983 1102 5053 exitu,scilicet
1123 4982 1356 5056 quando
1379 4983 1589 5036 exeunt
1612 4978 1803 5050 aliqua
1910 4980 2031 5036 dies
2057 4997 2174 5035 non
2206 4980 2670 5035 celebrabuntur.
2708 4979 2776 5032 Et
2805 4977 2941 5051 quia
2967 4978 3075 5031 hoc
3100 4976 3161 5031 in
3195 4973 3349 5030 corde
3376 4970 3519 5026 dixe-

182 5075 428 5137 ,civitate
461 5074 702 5144 devicta,
724 5079 775 5127 ct
800 5089 909 5127 non
932 5077 1295 5144 cognoverunt
1316 5070 1462 5124 hanc
1486 5067 1807 5133 victOriam,
1912 5077 2058 5140 runt,
2086 5070 2160 5125 ad
2189 5072 2382 5125 actum
2416 5068 2588 5123 etiam
2622 5068 3034 5140 perduxerunt.

203 5181 323 5221 non
354 5180 422 5218 ex
459 5180 563 5219 sua
600 5163 909 5236 probitate,
942 5160 1042 5215 sed
1081 5176 1148 5214 ex
1204 5158 1383 5213 divisa
1436 5156 1810 5228 dispositione
1984 5161 2391 5214 Demonstrata
2432 5155 2610 5227 igitur
2640 5154 2973 5210 Iudaeorum
3014 5150 3430 5226 persecutione,
3463 5150 3519 5203 et

206 5252 564 5323 contingere.
601 5251 700 5306 Vel
726 5251 806 5306 sic
835 5249 1063 5321 legitur,
1095 5247 1139 5302 si
1161 5262 1335 5318 super
1365 5262 1592 5301 summo
1620 5244 1698 5299 ibi
1719 5243 1810 5311 sit,
1913 5248 2312 5302 Romanorum
2339 5244 2566 5300 malitia
2596 5246 2653 5298 et
2682 5241 2971 5314 superbia,
3012 5239 3307 5312 subjungit
3336 5237 3521 5292 ﬁdelis

197 5341 366 5413 juxta
391 5341 798 5414 Augustinum,
832 5346 882 5397 et
910 5356 1015 5393 non
1039 5342 1416 5407 cognoverunt,
1448 5337 1605 5401 sicut,
1628 5334 1687 5388 id
1732 5336 1818 5388 est
1916 5336 2106 5408 Asaph
2119 5332 2542 5406 causamipsius
2561 5330 2989 5403 persecutionis,
3012 5331 3121 5385 hoc
3133 5328 3347 5384 scilicet
3365 5325 3522 5399 quod

208 5430 457 5503 qualiter
481 5430 566 5496 Iit,
590 5434 647 5486 in
675 5431 844 5497 exitu,
868 5443 1324 5500 supersummum,
1340 5424 1400 5479 id
1412 5424 1577 5479 estde
1590 5440 1821 5478 summa
1920 5426 2148 5496 tempus
2176 5421 2512 5479 visitationis
2535 5438 2648 5476 suae
2680 5437 2796 5476 non
2818 5421 3233 5493 cognoverunt.
3257 5419 3323 5472 Et
3343 5414 3525 5471 admi-

212 5520 316 5581 Dei
334 5520 727 5595 dispositione,
744 5518 902 5596 quod
913 5520 998 5575 est
1014 5515 1205 5574 dicere
1231 5532 1243 5571 :
1271 5514 1397 5571 Non
1422 5514 1821 5587 cognoverunt
1925 5515 2042 5568 scct
2060 5529 2118 5568 se
2140 5510 2461 5569 collectioni
2483 5526 2686 5568 eorum
2716 5507 3008 5584 loquendo
3031 5507 3101 5564 de
3131 5506 3259 5577 illis,
3283 5504 3440 5580 quasi
3469 5506 3527 5557 et

216 5609 467 5691 qualiter
492 5611 615 5670 haec
642 5608 879 5670 victoria
902 5605 1074 5668 exivit
1101 5604 1172 5665 de
1202 5601 1573 5683 dispositione
1604 5600 1818 5663 summi
1926 5600 2046 5680 ipse
2072 5602 2260 5680 Asapb
2280 5600 2570 5663 cisfuissct
2593 5598 2926 5672 conformis,
2950 5597 3274 5679 ignorando
3299 5600 3529 5675 tempus
