4004 6052
516 366 644 430 1011

1117 363 1542 428 S.BRUNONIS
1583 361 2214 426 CARTHUSIANORUM
2248 357 2718 427 INSTITUTORIS
2757 367 2912 426 OPP.
2949 359 3148 426 PARS.
3191 361 3215 424 Ι

3686 363 3823 424 1012

521 490 1170 558 visitationis(Luc.x1x,
1204 489 1318 556 «iii,
1358 508 1474 546 non
1501 493 1695 546 tamen
1719 487 1873 560 quod
1890 489 1970 544 eis
1987 506 2118 544 cono
2141 488 2198 548 Α
2221 488 2350 544 finis
2382 494 2586 562 etquae
2617 506 2890 544 mensura
2919 489 3114 543 futura
3144 487 3216 542 sit
3246 487 3304 542 in
3336 485 3662 542 irritatione
3689 487 3826 541 fide-

521 581 725 636 formis
755 582 1075 648 exstitisset,
1108 581 1207 634 sed
1243 580 1370 634 ideo
1403 581 1479 633 sic
1505 581 1642 650 agit,
1667 581 1800 652 quia
1817 597 1947 634 cum
1971 579 2118 650 ejus-

525 669 925 740 dem.originis
955 673 1122 736 esset,
1155 672 1211 723 et
1241 667 1485 722 nimium
1517 667 1568 721 ei
1599 669 2001 740 compatiatur,
2029 685 2118 722 er-

523 776 713 814 rorem
745 775 944 812 eorum
965 775 1127 811 suum
1151 760 1502 828 reputatnon
1529 757 1844 811 secundum
1863 757 2120 826 ejusdem

524 848 733 902 erroris
757 847 1152 901 habitudinem
1166 889 1179 912 ,
1195 846 1290 900 sed
1309 846 1622 900 secundum
1637 845 2116 916 compassionem.

526 934 647 992 Dixi
678 951 692 990 :
726 941 786 988 ut
819 935 948 1007 quid
976 935 1230 1004 repulistz'.
1263 935 1330 988 Et
1376 934 1599 988 ostendi
1631 933 1925 1006 quomodo
1959 933 2120 987 fuere

522 1025 752 1095 repulsi.
775 1023 934 1088 Quod
975 1023 1182 1078 merito
1201 1023 1441 1094 conligit
1471 1039 1606 1076 nam
1643 1039 1747 1077 nos
1771 1025 1918 1092 signa
1945 1027 2120 1075 nostra

523 1129 650 1176 non,
675 1111 732 1166 id
749 1116 832 1166 est
851 1129 1066 1176 nonne,
1090 1111 1318 1164 vidimus
1340 1112 1369 1163 ?
1398 1111 1539 1165 Vere
1564 1110 1828 1164 vidimus.
1857 1115 1933 1164 Ac
1963 1110 2006 1163 si
2042 1109 2122 1164 di-

521 1205 648 1256 cat:
674 1201 804 1254 ideo
821 1201 949 1271 jure
966 1199 1226 1272 contigit,
1251 1199 1385 1270 quia
1401 1203 1627 1268 tempus
1647 1198 1980 1253 visitationis
2002 1215 2119 1252 non

517 1288 892 1360 cognovimus
913 1293 1193 1362 quantum
1215 1289 1288 1342 ad
1302 1292 1525 1360 partem
1543 1289 1740 1354 nostri,
1759 1288 1933 1354 idest,
1955 1287 2120 1341 mulli

519 1394 584 1431 ex
615 1377 777 1432 nobis
799 1393 1144 1449 cognoscere
1177 1377 1505 1431 noluerunt.
1540 1376 1680 1430 Cum
1727 1379 1923 1430 tamen
1955 1375 2121 1446 signa

519 1465 832 1519 viderimus
858 1482 891 1518 a
919 1464 1127 1519 sanctis
1161 1464 1290 1518 viris
1322 1463 1612 1534 praedicta.
1659 1465 1756 1518 Vel
1792 1463 1869 1518 sic
1909 1463 2120 1534 legitur

520 1569 636 1607 non
671 1553 1100 1624 interrogative,
1123 1553 1254 1623 jure
1285 1552 1542 1623 contigit.
1560 1553 1702 1606 Nam
1730 1569 1835 1605 non
1862 1553 2118 1618 videmus,

516 1639 575 1696 id
603 1644 687 1694 est
717 1640 952 1713 quidam
983 1658 1047 1695 ex
1081 1641 1246 1696 nobis
1272 1657 1386 1694 non
1407 1644 1820 1711 cognoverunt,
1853 1643 2002 1710 signa
2024 1658 2118 1694 no-

513 1736 644 1796 stra,
671 1747 704 1783 a
735 1729 1029 1800 prophetis
1046 1728 1339 1800 praidicta.
1366 1729 1501 1792 Quae
1522 1729 1716 1800 utique
1743 1729 1784 1781 si
1809 1727 2004 1783 videre
2023 1745 2118 1782 vo-

2219 577 2358 632 lium
2391 577 2822 648 persecutionis.
2857 575 3341 648 Quandoquidem
3375 575 3434 630 in
3465 575 3662 648 granis
3709 592 3827 630 non

2219 671 2418 724 cesset.
2437 669 2571 722 Post
2589 666 3033 722 admirationem
3051 666 3186 720 facit
3201 681 3430 738 quoque
3443 665 3827 737 quaestionem

2219 755 2299 810 sic
2345 772 2358 810 :
2391 755 2548 822 Dico,
2595 773 2862 828 usquequo
2891 755 3276 826 impmperabz't
3320 756 3380 808 et
3417 753 3666 808 irritabit
3691 754 3721 808 ?
3765 755 3831 807 Et

2221 844 2500 916 quidquid
2517 845 2690 899 facias
2712 845 2782 900 de
2805 844 3152 912 infidelibus,
3171 843 3264 916 qui
3275 843 3427 914 juste
3444 843 3826 914 repelluntur;

2218 941 2277 985 ut
2297 933 2426 1005 quid
2445 935 2669 999 saltem,
2697 935 2889 986 avertis
2916 935 2971 986 in
2993 933 3176 1002 ﬁnem,
3201 931 3260 986 id
3289 935 3374 986 est
3413 949 3528 1004 qua
3556 932 3628 986 de
3657 949 3832 986 causa

2221 1039 2285 1076 ex
2307 1024 2428 1076 toto
2460 1022 2666 1076 videris
2688 1025 2946 1076 avertere
2971 1021 3035 1074 de
3065 1021 3236 1075 medio
3261 1023 3382 1075 sinu
3409 1027 3520 1087 tuo,
3553 1020 3614 1074 id
3642 1023 3730 1075 est
3760 1020 3830 1076 de

2221 1109 2560 1164 omnimoda
2581 1109 2935 1182 protectione
2963 1112 3079 1176 tua,
3115 1126 3341 1163 manum
3368 1116 3536 1164 tuam.
3559 1107 3832 1176 Et,idest

2219 1197 2431 1252 scilicet
2457 1197 2726 1252 dexteram
2750 1205 2922 1254 tuam.
2976 1197 3140 1262 Quod
3175 1200 3260 1252 est
3301 1197 3490 1252 dicere
3523 1213 3538 1252 :
3571 1197 3647 1252 Ut
3689 1195 3830 1269 quid

2217 1285 2608 1356 permittendo
2631 1285 2811 1358 affligi
2829 1303 3072 1341 manum
3098 1285 3396 1340 dexteram
3412 1288 3594 1354 tuam,
3614 1285 3832 1340 scilicet

2218 1374 2416 1429 ﬁdeles
2435 1391 2538 1446 per
2551 1392 2695 1448 quos
2707 1375 3000 1430 diabolum
3015 1391 3080 1428 ex
3089 1391 3244 1446 pugn
3252 1373 3464 1442 as,vide
3472 1374 3547 1430 ris
3559 1391 3658 1429 eos
3671 1391 3830 1430 aver-

2218 1467 2342 1518 tere
2369 1464 2611 1520 omnino
2632 1464 2702 1518 de
2725 1463 3082 1536 protectione
3107 1466 3205 1518 tua
3219 1462 3579 1521 omnimoda.
3598 1463 3827 1518 Etbene

2218 1553 2400 1624 ponit,
2433 1569 2552 1608 non
2583 1553 2653 1607 de
2676 1553 2824 1619 sinu,
2858 1553 2959 1608 sed
2985 1552 3050 1607 de
3072 1552 3242 1606 medio
3255 1553 3398 1608 sinu.
3423 1554 3500 1606 Ac
3518 1551 3562 1606 si
3576 1551 3824 1606 diceret:

2218 1641 2342 1696 Non
2376 1641 2501 1696 dico
2533 1641 2762 1712 quidem
2785 1640 2942 1712 quod
2972 1657 3090 1696 non
3121 1643 3390 1713 protegas
3415 1639 3606 1711 aliquo
3626 1637 3827 1700 modo,

2217 1745 2348 1784 cum
2377 1745 2472 1784 eos
2494 1732 2822 1784 constantes
2849 1729 3024 1783 facias
3055 1747 3068 1784 :
3099 1729 3196 1784 sed
3222 1746 3336 1783 non
3361 1727 3599 1783 omnino
3631 1730 3828 1799 prote-

515 1816 771 1883 luisseut,
796 1820 854 1871 et
883 1819 1110 1886 tempus
1139 1816 1474 1871 visitationis
1501 1817 1923 1886 cognovissent,
1957 1820 2014 1870 et
2043 1817 2120 1872 sic
2142 1794 2194 1856 B
2217 1817 2323 1890 gis,
2355 1817 2632 1889 quoniam
2667 1833 2765 1871 eos
2790 1817 2972 1888 afﬂigi
3005 1817 3308 1890 permittis.
3343 1815 3478 1881 Qua:
3495 1832 3635 1888 ergo
3658 1831 3831 1870 causa

513 1906 714 1976 repelli
743 1922 856 1959 non
898 1905 1374 1977 promeruissent,
1407 1908 1464 1960 et
1494 1922 1624 1960 ecce
1645 1905 1938 1976 quoddam
1969 1923 2033 1960 ex
2053 1905 2122 1960 si-

513 1993 662 2065 gnis,
689 1993 899 2048 scilicet
933 1993 1088 2066 quod
1107 1993 1230 2064 jam
1260 2011 1365 2046 non
1394 2000 1467 2047 est
1491 1994 1754 2064 prop/tcta
1797 1993 1979 2061 nobis,
2021 1993 2116 2066 qui

512 2082 584 2136 de
608 2082 802 2136 Messia
833 2081 1206 2153 prophetizet,
1241 2081 1392 2152 quod
1426 2082 1768 2152 praedictum
1802 2081 1958 2136 fuita
1991 2097 2118 2152 pro-

513 2169 720 2241 phetis.
747 2169 1036 2234 Quatenus
1066 2173 1194 2240 post
1223 2171 1270 2240 ej
1283 2187 1345 2224 us
1385 2169 1694 2224 adventum
1727 2172 1915 2224 essent
1945 2185 2122 2224 cessa-

514 2258 650 2325 turi,
669 2259 766 2330 qui
790 2276 1020 2330 semper
1041 2275 1215 2330 usque
1234 2259 1306 2313 ad
1328 2259 1448 2329 ejus
1466 2259 1776 2313 adventum
1799 2275 2123 2330 persevera-

514 2351 672 2402 runt.
701 2348 859 2402 Uude
891 2347 1120 2419 legitur,
1149 2367 1181 2400 <‹
1208 2364 1339 2402 cum
1373 2347 1592 2402 venerit
1623 2347 1864 2402 Sanctus
1893 2351 2120 2402 sancto-

515 2436 930 2504 rum,cessabit
969 2436 1158 2491 unctio
1197 2439 1384 2490 vestra
1443 2435 1607 2506 (Dan.
1659 2453 1734 2501 ix,
1775 2437 1884 2506 2t).
1935 2456 1964 2485 ››
1997 2436 2121 2490 Non

518 2523 675 2578 enim
705 2524 945 2578 ulterius
976 2524 1298 2578 necessaria
1324 2523 1432 2578 fuit
1455 2523 1780 2596 prophetia,
1819 2523 1916 2578 ubi
1947 2523 2126 2578 conti-

519 2611 606 2682 git
633 2611 756 2682 ipsa
782 2613 866 2666 rei
895 2611 1270 2683 experientia.
1305 2613 1373 2666 Et
1403 2628 1532 2666 cum
1555 2611 1685 2682 jam
1716 2627 1834 2666 non
1861 2612 1934 2666 sit
1961 2610 2124 2666 nobis

516 2703 821 2773 propheta,
847 2705 1087 2773 apparet
1114 2701 1270 2772 quod
1313 2717 1406 2754 nos
1445 2718 1550 2754 non
1596 2705 1864 2768 cognoscet
1901 2701 2126 2771 amplius

515 2789 762 2851 Messias,
791 2789 848 2843 id
872 2793 956 2843 est
981 2789 1261 2860 quosdam
1283 2806 1349 2843 ex
1377 2789 1542 2844 nobis
1557 2789 1844 2860 :repulsos,
1873 2789 1969 2862 qui
1991 2805 2126 2844 eum

517 2881 824 2932 venturum
858 2877 1074 2944 dicunt,
1107 2895 1224 2932 non
1255 2877 1336 2932 ita
1363 2877 1616 2932 visitabit
1665 2881 1725 2931 ut
1764 2877 1835 2932 ad
1875 2895 1972 2932 eos
2001 2893 2124 2933 cor-

521 2965 796 3038 poraliter
826 2965 1078 3032 veniens,
1131 2966 1202 3020 de
1237 2965 1566 3037 captivitate
1611 2966 1868 3037 ipsorum
1905 2983 2003 3020 eos
2039 2982 2130 3019 ex-

2219 1909 2304 1961 est
2331 1905 2486 1977 quod
2526 1922 2624 1961 eos
2653 1905 2880 1961 avertis.
2913 1906 2980 1959 Et
3012 1909 3096 1960 est
3125 1905 3233 1959 hoc
3251 1905 3499 1977 positum
3517 1904 3672 1976 quod
3689 1903 3834 1958 dicit

2219 2011 2460 2048 manum
2492 1993 2671 2048 averti
2703 1993 2774 2048 de
2807 1993 2954 2060 sinu,
2988 2009 3021 2047 a
3059 1992 3433 2048 similitudine
3463 1991 3717 2048 historiae
3761 1992 3835 2046 de

2216 2083 2424 2154 Moyse.
2459 2082 2630 2154 Cujus
2659 2098 2864 2136 manus
2895 2081 2964 2136 de
3001 2081 3131 2136 sinu
3174 2084 3428 2136 extracta
3465 2083 3693 2154 leprosa
3727 2095 3836 2153 ap-

2218 2170 2411 2242 paruit
2438 2169 2634 2235 [Exod.
2667 2186 2742 2236 1v,
2775 2169 2852 2240 6),
2885 2168 3047 2241 quasi
3071 2169 3323 2224 diceret:
3347 2168 3698 2241 Repellendo
3733 2185 3841 2223 eos

2220 2259 2534 2312 secundum
2567 2273 2774 2329 corpus
2803 2273 2836 2312 a
2861 2257 3218 2329 protectione
3244 2261 3506 2329 tua,qua:
3536 2256 3838 2328 ﬁguraba-

2221 2350 2314 2401 tur
2337 2363 2440 2418 per
2464 2346 2654 2400 sinum
2685 2346 2880 2418 Moysi,
2909 2345 3046 2400 facis
3077 2363 3174 2401 eos
3195 2345 3370 2401 videri
3393 2346 3549 2412 viles,
3582 2346 3842 2417 qualiter

2221 2435 2446 2506 leprosa
2477 2451 2682 2488 manus
2705 2433 2910 2488 affecta
2940 2434 3061 2488 vilis
3089 2433 3495 2506 apparuit,per
3508 2450 3684 2506 quam
3704 2449 3837 2488 ma-

2225 2539 2364 2578 num
2394 2523 2498 2594 ipsi
2527 2521 3031 2578 denotabanturin
3054 2521 3316 2594 passione
3335 2522 3473 2578 viles
3490 2523 3835 2594 apparituri.

2296 2612 2462 2666 Facta
2477 2610 2815 2682 qumstione,
2834 2610 3056 2664 accedit
3071 2609 3144 2664 ad
3158 2611 3530 2677 solutionem,
3551 2611 3629 2666 sic
3648 2628 3662 2664 :
3683 2610 3834 2677 Dixi,

2226 2715 2259 2754 o
2287 2698 2598 2766 auditores,
2630 2699 3012 2770 quaestionem
3033 2698 3318 2754 faciendo.
3369 2698 3442 2754 Ut
3465 2699 3594 2770 quid
3615 2702 3833 2766 avertis,

2228 2789 2336 2842 etc.
2373 2788 2440 2841 Et
2460 2787 2567 2840 hoc
2614 2787 2764 2858 quod
2803 2786 3036 2858 quaesivi
3069 2786 3283 2842 scilicet
3315 2803 3492 2860 quare
3523 2804 3654 2842 suos
3685 2789 3838 2843 Deus

2228 2875 2404 2946 afﬂigi
2422 2878 2720 2946 permittat
2736 2873 2977 2942 videtur,
2997 2874 3238 2930 forsitan
3254 2874 3374 2930 fieri
3393 2875 3620 2947 injuste,
3636 2880 3696 2931 et
3711 2877 3836 2931 sine

2229 2965 2484 3036 qualibet
2515 2964 2780 3019 utilitate.
2809 2963 2954 3018 Deus
2983 2970 3181 3030 autem,
3215 2962 3271 3018 id
3303 2967 3389 3018 est
3438 2963 3651 3018 scilicet
3688 2965 3839 3018 Deus

521 3055 736 3108 trahat.
771 3055 838 3108 Et
865 3053 974 3108 hoc
1004 3053 1158 3125 quod
1193 3054 1428 3108 ulterius
1475 3070 1594 3109 non
1644 3053 1855 3120 veniet,
1899 3055 2126 3126 signum
2155 3073 2204 3133 α
2231 3060 2405 3107 noster
2420 3071 2511 3107 rex
2534 3060 2656 3108 ante
2673 3052 2884 3120 saecula,
2904 3053 3168 3124 perhanc
3191 3051 3446 3108 fidelium
3475 3051 3841 3108 eversionem

524 3145 612 3197 est
644 3145 874 3213 tempus
904 3141 1278 3212 plenitudinis
1301 3143 1426 3213 jam
1459 3142 1773 3196 advenisse.

598 3231 781 3285 Causa
811 3229 1156 3302 repulsionis
1195 3230 1528 3285 Judazorum
1573 3235 1822 3296 ostensa,
1867 3231 2002 3302 quia
2032 3231 2131 3286 ad-

536 3317 771 3374 miratio
803 3321 860 3370 et
885 3317 1124 3388 quaestio
1149 3317 1270 3370 ﬁeri
1299 3321 1511 3390 posset,
1529 3335 1707 3388 quare
1723 3319 2136 3374 saltemﬁdeles

531 3402 989 3478 persecutionem
1028 3403 1341 3476 patiantur.
1367 3406 1446 3459 De
1473 3405 1726 3476 ipsorum
1743 3407 2137 3476 persecutione

448 3555 454 3562 ι
533 3491 874 3566 admirative
897 3491 1102 3562 agit,et
1120 3493 1499 3563 qumstionem
1522 3493 2137 3566 facit,utpcstmodum

750 3580 950 3646 solvat,
965 3579 1044 3634 sic
1062 3597 1075 3635 :
1099 3579 1332 3634 Ostendi
1347 3580 1574 3636 Iudaeos
1590 3598 1709 3636 esse
1722 3564 2145 3655 repulsos,quia

534 3670 781 3724 videndo
798 3667 983 3739 signa,
1003 3668 1312 3723 noluerunt
1327 3672 1550 3740 tempus
1574 3669 1910 3725 visitationis
1933 3686 2142 3742 cogno-

535 3774 712 3814 scere.
740 3757 864 3811 Non
889 3757 1075 3812 solum
1109 3773 1242 3810 vero
1273 3758 1358 3811 est
1387 3757 1704 3829 persecutio
1737 3757 1796 3812 in
1837 3758 2036 3828 paleis,
2084 3759 2142 3816 id

537 3846 700 3901 estin
733 3845 1060 3900 infidelibus
1091 3843 1186 3916 qui
1217 3848 1690 3916 promeruerunt,
1721 3846 1824 3899 sed
1854 3847 2034 3900 etiam
2081 3847 2140 3902 in

537 3935 752 4008 granis,
777 3935 933 3990 idest
954 3933 1008 3988 in
1032 3933 1318 4000 fidelibus,
1341 3933 1437 4004 qui
1475 3934 1616 3988 nihil
1651 3934 1954 4006 promeriti
1987 3939 2140 4004 sunt,

537 4027 623 4078 est
639 4021 959 4096 persecutio
978 4021 1104 4076 etin
1121 4020 1284 4075 dictis
1307 4025 1363 4074 et
1383 4020 1443 4074 in
1466 4021 1650 4077 factis.
1682 4023 1750 4075 Et
1777 4039 1816 4092 q
1839 4023 2142 4094 nandoqui-

537 4113 670 4165 dem
695 4110 894 4164 fideles
903 4111 1346 4180 persequuntur,
1363 4125 1624 4180 usquequo
1649 4108 1794 4162 Deus
1811 4111 2137 4180 impmpera-

535 4200 614 4254 hit
645 4197 754 4252 tuis
783 4213 888 4268 per
918 4195 1070 4250 dicta
1099 4197 1366 4259 inimicus,
1397 4195 1458 4249 id
1487 4200 1572 4250 est
1602 4195 1849 4251 infidelis
1863 4199 2134 4268 populus!

533 4287 970 4358 lstudjusquequo
993 4301 1108 4339 non
1129 4286 1214 4338 est
1225 4283 1454 4355 signum
1473 4285 1770 4356 temporis,
1790 4287 1884 4356 sed
1912 4304 2140 4344 mensu-

533 4393 632 4432 rae.
665 4377 743 4428 Ac
775 4374 817 4428 si
847 4373 998 4428 dicat
1029 4389 1042 4428 :
1075 4373 1388 4428 Videbatur
1415 4375 1572 4429 locus
1589 4375 2000 4446 persecutionis
2015 4393 2134 4432 esse

532 4462 831 4519 tantumin
850 4461 1058 4532 paleis;
1076 4461 1175 4516 sed
1193 4464 1498 4533 postquam
1517 4463 1584 4517 ad
1605 4479 1788 4534 grana
1799 4465 2136 4536 pervenien-

531 4551 604 4606 do
621 4567 738 4604 non
759 4541 958 4616 eessat,
974 4567 1258 4622 usquequo,
1279 4549 1336 4604 id
1358 4553 1444 4604 est
1463 4550 1536 4605 ad
1551 4567 1726 4622 quem
1747 4553 1984 4608 modum
2003 4571 2133 4626 per-

531 4638 726 4694 mittes
742 4637 1042 4694 inimicum
1057 4637 2019 4714 inferreﬁdelibustuisimproperia
2030 4660 2135 4716 per

529 4727 680 4783 dicta
693 4727 722 4782 ?
740 4727 904 4791 Quod
917 4731 1000 4782 est
1021 4728 1210 4782 dicere
1227 4744 1240 4780 :
1257 4728 1572 4783 Putabatur
1587 4728 2000 4801 improperatio
2012 4750 2130 4788 ces-

525 4819 719 4870 satura
735 4814 1125 4886 perveniendo
1153 4815 1226 4870 ad
1256 4833 1456 4887 grana.
1476 4817 1587 4872 Sed
1607 4834 1738 4871 cum
1754 4817 1880 4888 jam
1908 4818 1966 4872 in
1997 4819 2132 4890 ipsis

527 4903 722 4976 granis
737 4905 927 4958 locum
946 4903 1176 4971 habeat,
1191 4904 1492 4976 ignoratur
1503 4922 1630 4977 quae
1651 4923 1921 4961 mensura
1933 4911 1990 4961 et
2006 4909 2132 4979 quis

523 4993 653 5048 linis
665 4992 1042 5048 sitfuturusin
1059 5009 1148 5048 ea.
1167 4993 1232 5046 Et
1258 5009 1434 5064 usque
1456 4994 1529 5048 ad
1553 5010 1724 5065 quem
1765 4995 2006 5049 modum
2036 4996 2129 5050 ad-

519 5083 778 5136 rersarius
797 5080 1337 5153 infidelispOpulus?
1353 5080 1774 5152 Irritatz‘n/i‘nem
1789 5082 2126 5139 irritationis

518 5186 708 5223 nomen
729 5176 896 5222 tuum.
916 5168 1107 5222 Irritat
1123 5170 1532 5240 compendiose
1557 5171 1807 5242 positum
1829 5174 1932 5226 est.
1953 5171 2123 5236 Quasi

514 5275 665 5331 pone
673 5260 778 5320 ret,
795 5274 892 5330 usq
899 5275 1062 5330 aequo
1074 5258 1403 5313 adversarius
1423 5259 1521 5314 irri
1530 5260 1706 5315 tando
1722 5262 1777 5314 te
1797 5262 1852 5313 in
1861 5261 2020 5328 ﬁnem
2029 5303 2042 5328 ,
2063 5261 2122 5317 id

517 5349 602 5401 est
615 5346 857 5402 omnino
870 5363 974 5418 per
989 5345 1244 5402 fidelium
1262 5349 1745 5420 persecutionem,
1761 5348 2122 5419 blasphema-

514 5434 797 5490 bitnomen
808 5441 980 5504 tuum,
995 5451 1111 5490 non
1134 5451 1292 5503 voce,
1309 5436 1410 5492 sed
1437 5436 1561 5508 ipsa
1582 5436 1841 5492 fidelium
1858 5454 2120 5508 persecu-

513 5522 692 5578 tione.
709 5523 988 5580 Fidelium
1003 5541 1256 5597 namque
1273 5526 1615 5596 persecutio,
1639 5525 1740 5580 Dei
1760 5525 2014 5581 nominis
2029 5530 2116 5582 est

499 5607 941 5684 blasphematio.
961 5613 1130 5676 Quasi
1151 5613 1300 5669 dicat
1325 5616 1405 5688 :A
1437 5615 1612 5672 modo
1632 5615 1939 5688 ignoratur
1979 5615 2111 5688 quis

2233 3149 2476 3213 operatus
2504 3149 2576 3195 est
2605 3141 2828 3196 salutem
2851 3146 2910 3196 et
2939 3158 3054 3196 non
3087 3157 3401 3212 paucorum
3441 3143 3708 3208 salutem,
3741 3141 3845 3196 sed

2233 3231 2289 3282 in
2324 3228 2493 3283 medio
2525 3237 2694 3298 terrm,
2723 3229 2781 3284 id
2813 3232 2895 3283 est
2915 3228 2973 3282 in
3003 3228 3420 3284 communitate
3448 3232 3844 3284 terrenarum.

2237 3316 2402 3381 Quod
2423 3319 2508 3370 est
2538 3317 2728 3371 dicere
2763 3333 2777 3370 :
2810 3316 2935 3370 Non
2966 3315 3226 3370 videatur
3250 3316 3484 3371 fortuita
3513 3317 3602 3370 vel
3631 3316 3850 3388 injusta

2237 3421 2441 3460 eorum
2473 3406 2720 3470 aversio;
2757 3407 2894 3459 nam
2929 3421 3032 3476 per
3057 3420 3187 3458 eam
3220 3404 3315 3458 ille
3345 3403 3440 3476 qui
3473 3407 3620 3460 Deus
3649 3410 3757 3473 est,
3791 3406 3854 3460 id

2241 3497 2326 3548 est
2354 3497 2579 3549 creator
2603 3497 2662 3548 et
2681 3510 2778 3550 rex
2798 3501 2973 3548 noster
2987 3499 3112 3549 ante
3130 3493 3318 3550 saecula
3339 3494 3602 3561 existens,
3626 3494 3728 3566 qui
3747 3511 3856 3551 nos

2239 3583 2383 3637 rexit
2398 3583 2470 3638 ab
2490 3584 2708 3637 aeterno
2727 3587 2858 3638 ante
2878 3582 3087 3636 saecula
3100 3581 3494 3654 dispositione,
3517 3582 3696 3637 modo
3717 3599 3855 3639 vero

2240 3670 2522 3743 regitipsa
2534 3670 2614 3725 rei
2629 3669 3257 3743 experientia,operatus
3267 3677 3341 3725 est
3355 3671 3576 3726 salutem
3589 3687 3724 3726 com
3733 3688 3858 3726 mu-

2243 3759 2396 3814 niter
2425 3758 2778 3814 omnismodi
2808 3761 3198 3814 terrenorum.
3226 3758 3324 3813 Vel
3345 3757 3622 3814 sic:Deus
3643 3776 3854 3832 opera-

2241 3851 2334 3902 tus
2359 3849 2442 3902 est
2462 3847 2704 3901 salutem
2730 3846 3037 3901 hominum
3079 3862 3183 3918 per
3211 3862 3414 3901 eorum
3462 3847 3849 3904 aversionem.

2241 3937 2388 3990 Deus
2419 3934 2544 3990 dico
2574 3952 2666 3988 rex
2696 3940 2868 3988 noster
2900 3935 3146 3988 mmedio
3178 3941 3332 3988 terrae
3362 3935 3629 4004 existens,
3657 3935 3721 3990 id
3766 3939 3852 3991 est

2240 4023 2300 4078 in
2317 4023 2514 4079 Judasa
2534 4023 2908 4094 corporaliter
2922 4023 3207 4090 habitans,
3231 4039 3358 4094 qua!
3372 4023 3431 4076 in
3453 4024 3646 4079 medio
3663 4028 3849 4080 terra-

2241 4129 2370 4166 rum
2385 4111 2492 4167 sita
2507 4115 2612 4166 est.
2643 4113 2708 4165 Et
2727 4111 2992 4183 quamvis
3012 4111 3070 4164 in
3097 4111 3289 4166 medio
3311 4115 3597 4166 terrarum
3619 4113 3852 4168 habita-

2238 4201 2402 4267 verit,
2436 4199 2751 4254 secundum
2787 4199 2940 4272 quod
2971 4200 3170 4266 homo,
3217 4202 3352 4254 ante
3397 4201 3604 4255 saecula
3641 4205 3847 4258 tamen

2238 4292 2325 4346 est
2359 4288 2676 4344 secundum
2725 4287 2881 4360 quod
2919 4289 3086 4342 Deus.
3127 4289 3206 4342 Ac
3243 4287 3288 4341 si
3317 4287 3512 4342 dicat:
3559 4289 3849 4346 Dominus

2232 4379 2392 4434 Jesus
2415 4395 2513 4433 rex
2543 4381 2757 4443 noster,
2780 4393 2884 4447 per
2905 4393 3106 4432 eorum
3138 4375 3484 4447 passionem,
3506 4374 3716 4430 mundi
3751 4392 3848 4430 sa-

2234 4466 2694 4539 lutcmjoper‘atus
2711 4468 2813 4520 est.
2837 4464 3002 4529 Quod
3023 4464 3256 4536 quidem
3269 4464 3458 4518 facere
3467 4461 3676 4534 potuit;
3703 4479 3848 4519 nam

2235 4560 2292 4612 et
2321 4557 2365 4612 si
2394 4556 2573 4611 homo
2605 4554 2664 4608 in
2704 4557 2862 4608 terra
2889 4553 3174 4626 apparuit,
3221 4555 3356 4608 ante
3395 4551 3601 4607 sacula
3639 4555 3845 4607 tamen

2234 4645 2384 4700 Deus
2415 4643 2621 4699 existit.
2656 4643 2776 4709 Vel,
2809 4644 2862 4695 in
2895 4641 3064 4697 medio
3097 4649 3249 4696 terrae
3273 4641 3538 4708 existens,
3566 4639 3627 4695 id
3656 4644 3746 4696 est
3780 4641 3842 4696 in

2238 4732 2430 4788 medio
2460 4731 2814 4798 Iudaeorum,
2848 4730 2944 4802 qui
2989 4729 3230 4802 simplex
3275 4712 3655 4800 terra
3682 4732 3844 4797 sunt,

2235 4837 2351 4875 non
2379 4819 2679 4893 spiritales.
2717 4818 2980 4874 Ostendit
3008 4834 3142 4873 vero
3188 4817 3372 4888 ipsam
3409 4818 3678 4883 salutem,
3709 4816 3795 4872 sic
3823 4835 3838 4872 :

2230 4909 2372 4963 Vere
2404 4911 2670 4980 operatus
2696 4924 2756 4962 es
2773 4908 3038 4974 salutem,
3069 4923 3102 4962 o
3131 4907 3298 4960 Deus.
3328 4905 3472 4960 Nam
3520 4912 3577 4959 tu
3620 4903 3720 4976 qui
3761 4905 3841 4961 ad

2227 4997 2336 5051 hoc
2362 4995 2651 5067 impotens
2681 4994 2985 5062 videbaris,
3014 4996 3069 5048 in
3100 4995 3299 5050 virtute
3319 4999 3412 5048 tua
3443 4992 3705 5049 fidelibus
3729 4993 3837 5049 da-

2224 5086 2304 5152 ta,
2337 5084 2393 5139 id
2423 5089 2508 5138 est
2531 5101 2636 5157 per
2664 5083 3051 5139 constantiam
3081 5099 3254 5154 quam
3288 5081 3491 5138 dedisti
3511 5081 3593 5136 eis
3617 5081 3677 5136 in
3705 5097 3839 5154 per»

2224 5173 2541 5240 secutione,
2560 5173 2886 5241 conﬁrmasti
2913 5175 2969 5226 in
2998 5171 3112 5227 ﬁde
3140 5188 3306 5238 mare,
3339 5171 3466 5226 illos
3494 5169 3708 5225 scilicet
3727 5171 3832 5242 qui

2223 5261 2408 5316 difﬂui
2437 5264 2602 5316 erant
2633 5277 2734 5333 per
2755 5277 2998 5328 errores,
3025 5260 3096 5315 ad
3119 5260 3360 5314 modum
3379 5259 3732 5330 maris,quos
3747 5258 3835 5314 fe-

2221 5349 2342 5405 cisti
2363 5350 2422 5404 in
2455 5350 2568 5404 fide
2601 5349 2848 5404 stabiles.
2887 5349 3123 5404 Multum
3151 5347 3428 5404 nimirum
3465 5349 3704 5422 operata
3740 5349 3836 5403 est

2219 5438 2544 5494 constantia
2569 5440 2890 5511 martyrum
2915 5438 2988 5493 ad
3005 5437 3179 5492 ﬁdem
3195 5435 3538 5492 infidelium.
3561 5433 3830 5498 Quorum

2215 5529 2473 5600 profecto
2500 5527 2842 5594 constantia,
2874 5526 2917 5580 si
2951 5525 3268 5592 defecisset,
3298 5542 3415 5581 non
3446 5523 3642 5598 utique
3661 5526 3830 5581 tanta

2211 5615 2534 5674 infidelium
2547 5615 2855 5673 multitudo
2870 5632 2975 5688 per
2989 5617 3191 5673 ecrum
3209 5613 3540 5688 exemplum
3553 5611 3832 5672 credidis-
