3970 6040
234 286 370 338 1013
1181 279 1536 339 EXPOSITIO
1575 282 1642 339 IN
1683 281 2016 341 PSALMOS.
2049 316 2120 326 —
2157 283 2351 342 PSAI..
2396 283 2590 340 LXXIII
3415 288 3546 345 IOIi

229 406 334 460 set.
356 404 555 459 Etnon
566 403 752 459 solum
772 403 1104 472 conﬁrmasti
1116 420 1261 458 mare
1275 405 1329 457 in
1358 405 1551 458 virtute
1571 407 1827 467 tuorum,
1860 416 1912 474 Α
1934 405 2248 472 noctem,id
2261 409 2346 460 est
2366 405 2646 477 quosdam
2662 403 2822 459 valde
2836 404 3020 460 claros
3035 405 3090 460 in
3114 405 3224 461 ﬁde
3241 410 3300 462 et
3317 407 3538 464 intelle-

229 493 328 547 sed
347 492 524 546 etiam
545 491 750 546 eadem
769 492 974 546 virtute
988 495 1336 563 cooperante
1360 509 1464 564 per
1483 494 1832 563 exemplum,
1936 494 2127 560 ctu,ad
2141 493 2572 548 similitudinem
2591 493 2700 546 diei
2737 511 2752 556 ;
2789 496 2845 546 et
2864 493 3146 564 quosdam
3164 495 3450 567 simplices
3482 502 3542 552 et

227 581 616 646 contribulasti,
662 580 818 634 idest
835 581 1159 634 destruxisti
1183 581 1240 634 in
1273 581 1434 652 aquis
1472 581 1836 651 baptismatis
1937 581 2206 635 obscuros
2236 583 2289 635 in
2321 582 2612 635 intellectu
2655 581 2727 635 ad
2753 581 3196 636 similitudinem
3238 585 3440 639 noctis.
3472 587 3540 639 Et

227 671 409 740 capita
439 667 748 735 draconum,
773 669 828 722 id
855 669 1296 740 estprincipalia
1320 669 1472 724 vitia.
1499 671 1635 734 Qua:
1649 671 1836 742 capita
1935 669 2029 723 ille
2068 670 2176 723 dies
2211 677 2328 723 tuus
2362 677 2454 736 est,
2511 670 2568 723 id
2597 673 2680 723 est
2719 686 2822 742 per
2848 674 2902 724 te
2930 671 3146 724 factum
3169 673 3254 724 est
3282 673 3538 728 ofﬁcium

228 758 592 820 dicuntur,eo
607 759 760 830 quod
778 758 928 812 inter
949 762 1156 813 caetera
1174 757 1664 829 vitiaprincipalia
1679 762 1832 826 sunt,
1935 758 2401 830 praedicatorum,
2445 766 2496 813 et
2514 775 2619 812 nox
2649 765 2740 811 tua
2774 766 2874 812 est.
2901 759 2968 813 Et
2987 759 3094 812 boc
3119 757 3256 813 dicit
3287 759 3442 828 ideo,
3468 778 3542 816 ne

228 845 373 901 sicut
391 848 562 918 caput
583 846 914 918 principalis
945 863 1078 919 pars
1096 849 1180 900 est
1210 846 1484 919 corporis;
1506 849 1682 919 capita
1706 847 1833 904 dico
1933 849 2233 916 putaretur
2253 847 2546 903 conversio
2569 847 2887 903 inﬁdelium
2908 863 3014 919 per
3043 848 3193 902 solos
3209 848 3545 920 praedicato-

229 951 264 989 a
292 935 638 990 draconibus
661 951 766 1007 per
793 935 1222 1006 suggestionem
1247 935 1425 1003 illata,
1448 935 1506 990 id
1530 938 1615 990 est
1633 934 1837 1006 aspiri-
1936 950 2026 989 res
2042 936 2368 1008 contigisse,
2394 943 2444 990 et
2465 943 2522 990 tu
2547 936 2914 1006 fabricaturus
2934 954 2986 991 es
3011 953 3114 1008 per
3136 936 3346 1003 fontes,
3372 937 3432 992 id
3462 942 3548 992 est

227 1023 381 1078 tibus
411 1024 700 1095 malignis,
735 1024 830 1096 qui
851 1024 1130 1080 dracones
1161 1023 1446 1091 dicuntur,
1478 1040 1546 1079 eo
1575 1025 1729 1097 quod
1748 1040 1834 1078 as-
1933 1026 1998 1076 tu
2013 1023 2193 1078 fecisti
2211 1042 2460 1078 auroram
2474 1025 2775 1092 etsotem,id
2795 1028 2879 1080 est
2894 1026 3082 1080 minus
3103 1026 3441 1082 accensosin
3468 1028 3548 1082 di-

231 1111 339 1166 tuti
370 1115 504 1166 sunt
533 1115 589 1166 et
614 1112 799 1167 nocivi
851 1116 910 1167 ut
938 1112 1236 1168 dracones.
1288 1111 1453 1176 Quod
1483 1116 1568 1168 est
1599 1112 1786 1167 dicere
1819 1127 1833 1166 :

233 1199 358 1253 Non
386 1201 571 1255 solum
593 1217 690 1255 eos
713 1201 810 1272 qui
838 1216 997 1255 mare
1029 1204 1196 1255 erant
1227 1200 1584 1257 conﬁrmasti
1611 1201 1668 1254 in
1699 1199 1836 1266 ﬁde,

233 1289 335 1343 sed
364 1288 539 1343 etiam
573 1305 675 1359 per
688 1289 1040 1360 baptismum
1056 1289 1113 1343 in
1135 1290 1362 1344 eisvitia
1380 1288 1721 1361 principalia
1740 1288 1838 1342 de-

1937 1111 2307 1184 lectione,qui
2328 1129 2430 1184 per
2445 1128 2715 1168 auroram
2735 1113 3110 1185 designantur
3122 1129 3235 1185 qua
3247 1114 3544 1182 rutilante,

1938 1197 2118 1270 frigus
2136 1205 2482 1256 nocturnum
2725 1201 2922 1273 incipit
2947 1201 3174 1274 depelli,
3193 1202 3324 1256 licet
3342 1220 3460 1258 non
3483 1221 3548 1258 ex

1939 1293 2083 1355 toto,
2118 1293 2174 1344 et
2207 1307 2304 1344 aer
2333 1291 2752 1362 aliquantulum
2781 1291 2986 1344 calere.
3029 1291 3094 1342 Et
3136 1290 3315 1358 fecisti
3364 1291 3550 1362 magis
3626 1330 3630 1332 -

233 1377 434 1443 levisti,
471 1377 795 1448 amalignis
816 1377 1105 1448 spiritibus
1131 1365 1702 1446 illata,etliocfecisti
1738 1393 1841 1447 per
1941 1394 2209 1434 accensos
2230 1379 2450 1433 fervore
2494 1379 2811 1445 cliaritatis,
2846 1379 2941 1449 qui
2975 1395 3078 1448 per
3115 1379 3296 1433 solem
3340 1381 3549 1435 merito

233 1467 564 1538 exemplum
591 1466 925 1520 constantiae
958 1470 1212 1533 tuorum,
1247 1471 1304 1521 et
1333 1483 1450 1520 non
1494 1468 1676 1521 solum
1708 1465 1838 1531 hoc,
1940 1467 2483 1540 intelliguntur,quo
2501 1468 2758 1522 fervente
2778 1467 2958 1538 frigus
2997 1470 3345 1522 nocturnum
3369 1468 3554 1539 magis

231 1555 333 1610 sed
361 1555 540 1610 etiam
571 1559 631 1609 tu
662 1573 764 1627 per
792 1555 1175 1610 constantiam
1190 1559 1423 1611 tuorum
1453 1553 1841 1626 confregisti,id
1940 1556 2261 1628 expellitur,
2286 1559 2344 1610 et
2391 1573 2489 1611 aer
2509 1556 2724 1611 calidus
2745 1555 3012 1623 efﬁcitur,
3033 1559 3090 1610 et
3113 1563 3168 1608 tu
3183 1555 3357 1610 etiam
3382 1558 3558 1626 fecisti

232 1649 318 1700 est
343 1644 582 1700 omnino
611 1645 933 1700 destruxisti
965 1645 1019 1700 in
1073 1645 1184 1708 tuis
1228 1645 1604 1711 conﬁrmatis,
1665 1645 1840 1714 capita
1940 1661 2043 1716 per
2073 1644 2226 1716 ipsos
2255 1645 2444 1700 fontes
2478 1646 2728 1699 terminos
2753 1643 2991 1710 terrw,id
3011 1648 3096 1698 est
3122 1661 3326 1699 omnes
3355 1645 3554 1700 termi-

233 1733 504 1801 draconis,
531 1733 590 1788 id
612 1737 696 1788 est
722 1733 1075 1805 principatus
1099 1734 1402 1801 daemonis,
1435 1733 1699 1789 omnium
1724 1733 1840 1786 dte-
1866 1758 1917 1817 B
1941 1735 2144 1788 nantes
2175 1736 2232 1788 et
2263 1733 2530 1788 ﬁnientes
2559 1733 2618 1787 in
2648 1749 2707 1787 se
2738 1733 3161 1801 terrenitatem,
3193 1736 3251 1788 ct
3272 1733 3449 1788 etiam
3471 1734 3555 1787 fe-
3621 1767 3637 1777 ο

232 1822 564 1878 moniorum
581 1822 876 1895 principis,
908 1822 1062 1895 quod
1080 1825 1165 1878 est
1186 1823 1407 1878 dicere:
1437 1822 1532 1876 His
1557 1819 1843 1894 potentias
1943 1822 2313 1877 cistiaestatem
2344 1830 2392 1877 et
2414 1839 2521 1886 ver,
2562 1821 2621 1876 id
2651 1825 2735 1876 est
2782 1822 3040 1876 laborem
3089 1821 3181 1876 hic
3222 1825 3280 1876 et
3335 1833 3554 1877 merce-

232 1927 338 1982 per
363 1911 748 1966 constantiam
778 1914 1014 1966 tuorum
1045 1911 1104 1966 in
1137 1911 1217 1966 eis
1235 1910 1584 1978 annihilasti,
1619 1925 1758 1981 quas
1782 1908 1841 1962 in
1945 1911 2080 1967 dem
2113 1911 2170 1966 in
2202 1912 2418 1968 futuro.
2450 1914 2560 1967 Per
2588 1928 2688 1966 ver
2713 1910 2926 1983 quippe
2982 1910 3269 1966 bonorum
3310 1928 3552 1984 operum

235 1999 314 2054 eis
345 1999 645 2054 obtinebat
674 1999 1006 2071 principalis
1059 1999 1342 2067 diabolus,
1387 2015 1490 2070 per
1540 2000 1841 2072 peccatum
1943 2001 2109 2056 labor
2134 2001 2430 2072 accipitur,
2464 2017 2532 2055 eo
2584 2000 2738 2072 quod
2778 1999 2836 2054 in
2864 2015 2994 2054 vere
3029 2016 3242 2054 messes
3271 2000 3557 2055 semincn-

236 2080 410 2160 primi
428 2088 822 2142 hominilelis
839 2089 995 2142 enim
1015 2105 1120 2159 per
1143 2091 1373 2143 tuorum
1396 2087 1739 2160 martyrium
1771 2085 1841 2140 ad

235 2176 412 2230 ﬁdem
430 2176 662 2244 vocatis,
695 2179 1008 2246 potestates
1031 2177 1143 2231 illm
1167 2176 1371 2232 deleta)
1409 2179 1562 2242 sunt,
1593 2191 1719 2247 quae
1751 2190 1843 2228 ca-

234 2264 357 2335 pita
382 2263 813 2331 dicebantur,eo
839 2266 992 2337 quod
1011 2265 1093 2320 eis
1110 2265 1843 2333 dominabantur,sicutca-

239 2354 343 2423 put
366 2351 489 2406 aliis
504 2354 783 2408 membris
827 2353 1196 2422 dominatur;
1221 2357 1278 2408 et
1308 2371 1425 2408 non
1459 2355 1644 2408 solum
1671 2355 1845 2423 capita

236 2441 482 2494 draconis
510 2442 840 2511 confregisti,
871 2442 970 2497 sed
987 2441 1163 2496 etiam
1184 2441 1374 2496 dedisti
1398 2459 1514 2496 eum
1532 2441 1845 2496 draconem

234 2547 426 2595 escam,
455 2529 513 2583 id
543 2533 628 2584 cst
653 2531 1157 2600 consumptionem
1175 2530 1391 2601 populis
1409 2529 1762 2600 Ethiopian,
1787 2529 1845 2582 id

239 2621 325 2672 est
343 2617 567 2689 populis
594 2619 652 2672 in
671 2618 783 2673 ﬁde
799 2618 1176 2686 conﬁrmatis,
1203 2635 1346 2690 quos
1358 2635 1518 2672 mare
1534 2617 1726 2673 vocavi
1758 2635 1845 2672 su-

233 2705 448 2776 perius,
475 2705 571 2777 qui
620 2706 776 2784 prius
819 2706 1110 2778 Ethiopes
1142 2708 1394 2774 fuerunt,
1413 2707 1470 2761 id
1497 2710 1582 2762 est
1607 2705 1756 2778 nigri
1784 2705 1842 2759 in

236 2795 676 2867 peccatis.Quod
689 2797 972 2851 estdicere
995 2815 1006 2851 :
1026 2798 1148 2852 Non
1169 2798 1354 2852 solum
1372 2796 1692 2868 potentiam
1729 2795 1843 2851 ori-

240 2885 495 2956 ginalem
530 2885 579 2939 ei
614 2885 914 2953 abstulisti,
945 2886 1045 2940 sed
1077 2885 1249 2941 etiam
1265 2887 1412 2940 hanc
1438 2885 1760 2957 potentiam
1775 2885 1841 2937 ﬁ-

238 2971 460 3027 delibus
473 2974 714 3044 tuis,per
727 2977 1047 3046 martyrum
1063 2974 1447 3029 constantiam
1463 2973 1839 3040 conﬁrmatis,

1945 2093 2038 2144 tur
2055 2093 2112 2144 et
2130 2091 2304 2144 flores
2332 2093 2729 2161 procreentur.
2747 2091 2854 2143 Per
2869 2091 3127 2143 aestatem
3148 2104 3370 2143 merces
3391 2093 3553 2144 teter-

1946 2195 2043 2246 na,
2078 2195 2146 2234 eo
2173 2179 2328 2250 quod
2364 2179 2422 2232 in
2463 2180 2658 2233 testate
2692 2193 2904 2232 messes
2941 2180 2999 2231 et
3024 2177 3238 2231 fructus
3287 2177 3558 2248 colligan-

1945 2271 2057 2322 tur.
2090 2266 2255 2331 Quod
2288 2270 2619 2338 utrumque,
2642 2283 2746 2338 per
2771 2265 3178 2337 praedicatores
3217 2265 3552 2321 hominibus

1945 2355 2216 2411 innotuit.
2253 2356 2367 2410 Hoc
2401 2359 2596 2410 autem
2628 2354 2781 2426 quod
2807 2371 2911 2426 per
2929 2358 3119 2425 partes
3139 2353 3347 2425 posuit.

2019 2443 2270 2498 Dicendo
2288 2450 2406 2497 tuus
2417 2448 2490 2499 est
2503 2443 2630 2510 dies,
2664 2446 2774 2496 etc.
2787 2484 2800 2506 ,
2835 2443 3143 2497 conﬁrmat
3158 2442 3555 2498 universaliter

1947 2532 2220 2602 ponendo
2253 2532 2329 2586 sic
2364 2548 2376 2586 :
2408 2532 2550 2585 Vere
2571 2535 2670 2585 tua
2697 2535 2829 2585 sunt
2860 2531 2978 2585 dies
3011 2534 3067 2586 et
3098 2548 3230 2598 uox,
3264 2548 3471 2586 aurora
3498 2534 3556 2587 et

1945 2621 2029 2674 sol
2055 2637 2067 2673 :
2091 2620 2235 2674 Nam
2260 2627 2316 2672 tu
2327 2619 2616 2690 plasmasti
2634 2637 2714 2686 ca,
2733 2619 2790 2674 id
2807 2623 2965 2674 csttu
2999 2619 3203 2674 creasti
3228 2622 3290 2673 ut
3321 2620 3459 2674 talia
3474 2637 3557 2674 es-

1947 2710 2094 2774 sent,
2131 2725 2246 2763 non
2277 2708 2474 2780 utique
2499 2726 2530 2762 a
2563 2709 2818 2762 fontibus
2847 2711 3040 2763 creata
3066 2711 3217 2774 sunt,
3253 2712 3310 2762 et
3335 2709 3471 2780 quia
3498 2716 3555 2762 tu

1935 2798 2313 2868 plasmastisea
2335 2797 2490 2864 talia,
2524 2814 2725 2850 memor
2741 2803 2844 2851 esto
2860 2797 3018 2867 hujus
3032 2796 3452 2867 plasmationis,
3494 2800 3556 2851 ut

1946 2885 2120 2941 facias
2146 2903 2275 2941 eam
2307 2902 2695 2957 perseverare,
2725 2903 2796 2940 ne
2819 2885 2877 2941 in
2907 2884 3312 2953 eisdeﬁciat,et
3327 2902 3554 2940 necesse

1947 2977 2031 3028 est
2054 2977 2113 3028 ut
2136 2975 2243 3029 hoc
2266 2991 2449 3030 orem.
2484 2975 2624 3028 Nam
2659 2976 2901 3028 inimicus
2922 2973 3188 3041 inﬁdelis,
3221 2974 3552 3046 scilicetpo-

235 3061 511 3128 dedisti,ut
528 3040 659 3117 eum
683 3040 1178 3130 consumerent,id
1192 3065 1276 3118 est
1299 3063 1420 3134 ejus
1447 3062 1677 3117 insidias
1715 3063 1838 3117 etin
1868 3040 1915 3100 Ο
1943 3063 2131 3135 pulus,
2188 3065 2586 3134 improperavit,
2648 3063 2706 3116 id
2737 3066 2818 3117 est
2849 3062 3202 3134 improperia
3224 3062 3433 3118 inferet
3449 3040 3551 3116 tibi

235 3167 294 3205 se
324 3154 381 3205 et.
407 3150 464 3205 in
497 3151 642 3221 aliis,
666 3155 723 3206 et
751 3169 884 3208 eum
912 3152 1180 3224 fugarent
1202 3153 1273 3207 ab
1307 3153 1546 3207 obsessis
1594 3150 1844 3224 corpori-

237 3239 362 3306 bus,
400 3240 860 3312 devorarentque
896 3240 1040 3295 sicut
1059 3257 1186 3295 esca
1202 3241 1578 3295 consumitur.
1607 3240 1702 3294 Vel
1719 3239 1794 3294 sic
1825 3254 1840 3294 :

233 3326 446 3383 Dedisti
468 3347 583 3382 eum
602 3331 813 3400 populis
829 3329 1158 3401 (Ethiopian
1172 3346 1362 3397 escam,
1395 3329 1451 3384 id
1470 3332 1556 3384 est
1577 3329 1840 3400 incorpo-

237 3418 547 3485 rationem,
573 3418 785 3473 scilicet
819 3422 879 3472 ut
921 3419 1360 3490 incorporarent
1399 3435 1534 3473 eum
1557 3417 1660 3472 sibi
1695 3417 1753 3471 in
1776 3417 1840 3471 ﬁ-

234 3505 325 3572 de,
357 3523 472 3560 non
507 3507 820 3561 secundum
850 3524 1006 3574 eum,
1067 3507 1166 3560 sed
1197 3507 1513 3560 secundum
1573 3505 1844 3559 membra

233 3596 376 3666 ejus.
415 3595 579 3660 Quod
607 3599 691 3651 est
723 3596 913 3650 dicere
942 3595 1194 3651 :Dedisli
1217 3595 1296 3650 eis
1310 3596 1843 3666 facultatem,quze-

235 3685 371 3740 dam
402 3685 524 3756 ejus
554 3685 821 3740 membra
850 3684 958 3739 sibi
985 3684 1415 3756 incorporandi.

305 3775 427 3828 Non
451 3775 636 3829 solum
666 3790 798 3828 vero
835 3775 956 3829 haec
1011 3774 1208 3828 omnia
1238 3773 1417 3828 fecisti
1446 3789 1549 3845 per
1575 3775 1840 3828 constan-

235 3861 375 3916 tiam
405 3863 764 3928 tuorum,sed
789 3878 891 3932 per
921 3862 1029 3915 hoc
1047 3861 1200 3933 quod
1223 3864 1284 3915 tu
1301 3862 1552 3932 dirupisti
1570 3862 1765 3931 fontes,
1785 3860 1842 3916 id

234 3953 318 4005 est
345 3950 654 4005 exuberare
685 3949 864 4004 fecisti
899 3949 1178 4022 sapientia
1228 3949 1379 4021 ipsos
1438 3953 1739 4021 martyres,
1771 3949 1842 4003 ad

235 4039 474 4095 modum
496 4038 671 4094 fontis
688 4037 882 4105 clausi,
917 4038 1076 4109 cujus
1089 4039 1348 4092 clausura
1374 4055 1438 4092 ex
1462 4037 1642 4093 nimia
1667 4037 1842 4110 ipsius

233 4127 409 4181 fontis
430 4127 837 4182 exuberatione
877 4126 1245 4197 dirumpitur.
1277 4125 1441 4191 Quod
1497 4130 1581 4181 est
1607 4127 1797 4180 dicere
1825 4141 1837 4179 :

235 4216 484 4271 Nimiam
515 4216 857 4286 sapientiam
887 4233 952 4270 ex
983 4215 1064 4270 eis
1091 4233 1364 4270 emanare
1397 4215 1599 4282 fecisti,
1624 4221 1672 4270 et
1691 4213 1842 4286 ipsos

1943 3150 2173 3206 Domino
2196 3152 2498 3219 omnium;
2552 3151 2821 3224 quodque
2864 3151 3047 3222 magis
3079 3150 3396 3206 nefandum
3444 3155 3548 3218 est,

1944 3243 2007 3294 ut
2035 3257 2132 3295 eos
2164 3240 2400 3294 devocet
2421 3257 2454 3294 a
2476 3243 2532 3294 te
2560 3240 2984 3312 blasphemabit
3008 3243 3064 3294 te
3108 3239 3313 3294 verbis.
3370 3239 3435 3293 Et
3478 3256 3550 3294 ne

1943 3329 2053 3384 illis
2083 3329 2452 3402 improperiis
2478 3330 2846 3393 devocentur,
2878 3328 3090 3383 Memor
3119 3335 3222 3382 esto
3268 3331 3329 3382 ut
3358 3344 3549 3400 perse-

1943 3433 2142 3471 verare
2170 3417 2363 3483 facias,
2393 3420 2450 3471 et
2470 3433 2586 3472 non
2605 3419 2791 3472 solum
2810 3415 3230 3488 improperabit
3251 3415 3355 3471 tibi
3387 3415 3552 3470 dictis

1942 3507 2042 3561 sed
2063 3513 2115 3559 et
2128 3505 2368 3576 papulas
2394 3508 2661 3576 insipiens,
2715 3505 2963 3560 inﬁdelis
2995 3506 3225 3572 scilicet,
3287 3505 3549 3573 incitavit,

1943 3593 2002 3648 id
2032 3597 2117 3649 est
2147 3593 2426 3661 incitabit,
2459 3611 2646 3648 nomen
2674 3601 2844 3661 tuum,
2869 3594 3265 3666 persequendo
3288 3597 3434 3649 tuos.
3460 3595 3549 3647 In-

1943 3682 2142 3738 citabit
2169 3683 2578 3754 compendiose
2613 3682 2864 3754 positum
2897 3685 3002 3749 est,
3022 3682 3174 3754 quod
3203 3686 3287 3736 est
3307 3699 3371 3736 ac
3395 3683 3439 3736 si
3471 3683 3553 3736 di-

1943 3776 2035 3827 cat
2065 3789 2077 3826 :
2115 3772 2410 3826 Incitando
2434 3775 2511 3837 te,
2547 3771 2604 3826 id
2631 3774 2715 3826 est
2743 3771 3136 3842 exasperando
3175 3773 3252 3836 te,
3282 3770 3548 3842 blasphe-

1943 3861 2125 3915 mabit
2147 3877 2360 3916 nomen
2393 3863 2578 3925 tuum,
2610 3861 2667 3914 id
2717 3864 2798 3913 est
2840 3862 3215 3931 persequetur
3241 3861 3388 3922 tuos,
3420 3875 3549 3930 quas

1941 3950 2260 4022 persecutio
2284 3949 2393 4003 erit
2426 3948 2786 4019 blasphemia
2817 3947 3071 4004 nominis
3101 3946 3204 4015 tui,
3238 3951 3294 4002 et
3325 3947 3549 4019 perhoc

1942 4038 2200 4093 incitabit
2221 4053 2276 4093 te
2294 4039 2363 4093 ad
2388 4038 2722 4092 vindictam.
2752 4038 2829 4092 Ne
2862 4053 2995 4092 vero
3027 4035 3106 4090 tui
3132 4035 3187 4090 in
3215 4035 3549 4091 incitatione

1941 4126 2039 4181 illa
2065 4127 2334 4182 deﬁciant
2369 4144 2487 4199 prae
2519 4127 2749 4193 timore,
2780 4142 3009 4180 memor
3048 4129 3168 4180 esto
3197 4129 3258 4180 ut
3289 4141 3386 4179 eos
3417 4141 3546 4196 per-

1942 4231 2200 4270 severare
2228 4215 2420 4270 facias.
2457 4213 2601 4279 Quia
2621 4230 2755 4269 vero
2773 4213 3000 4285 papulas
3027 4215 3271 4285 insipiens
3289 4216 3546 4285 imprope-

233 4306 407 4375 fontes
429 4304 609 4358 fecisti
630 4309 899 4372 torrentes,
925 4304 981 4358 id
1001 4307 1084 4358 est
1103 4304 1346 4358 fluentes
1366 4303 1734 4374 cumimpetu
1769 4303 1841 4358 ad
1869 4324 1920 4383 D
1944 4304 2086 4358 rabit
2108 4305 2220 4370 tibi,
2251 4307 2308 4358 et
2355 4305 2596 4357 incitabit
2627 4319 2818 4359 nomen
2849 4310 3021 4370 tuum,
3056 4306 3118 4357 ut
3149 4319 3252 4376 per
3282 4303 3390 4356 hoc
3420 4306 3548 4357 tuos

236 4393 478 4449 modum
512 4393 783 4448 torrentis
799 4411 812 4461 ;
831 4395 1075 4447 etomne
1090 4393 1547 4447 adversariorum
1570 4392 1844 4462 objectio-

237 4499 340 4538 nes
369 4482 752 4554 impellentes,
777 4481 1229 4553 utnulluspossit
1251 4481 1514 4535 resistere
1541 4480 1838 4552 sapientia:

237 4574 294 4626 et
317 4571 539 4644 spiritui
581 4570 678 4643 qui
719 4570 1224 4642 loquebatur(Act.
1243 4586 1316 4638 γι,
1353 4572 1456 4639 10).
1481 4571 1549 4623 Et
1571 4569 1841 4640 peripsos

235 4660 754 4723 torrentessiccasti,
775 4658 932 4711 idest
961 4657 1290 4712 annihilasti
1319 4658 1390 4712 ad
1418 4657 1659 4712 modum
1675 4675 1838 4729 aquai

238 4764 330 4802 exs
343 4747 534 4802 iccatzr
551 4749 744 4814 ﬂuvios
757 4746 1024 4808 Ethan,id
1051 4751 1135 4801 est
1153 4747 1336 4802 varias
1363 4752 1420 4802 et
1444 4747 1613 4801 falsas
1631 4746 1839 4801 doctri-

238 4852 342 4890 nas
357 4836 586 4906 gentilis
598 4834 814 4905 populi,
835 4835 1039 4906 quibus
1053 4835 1192 4890 alios
1205 4835 1582 4890 imbuebatad
1601 4835 1839 4890 modum

237 4923 564 4980 fluviorum.
591 4923 888 4978 Habebant
920 4923 1076 4977 enim
1119 4924 1400 4995 quasdam
1440 4923 1729 4979 doctrinas
1749 4943 1843 4978 su-

238 5012 754 5084 perstitiosas,quas
770 5011 1121 5082 theologicas
1139 5012 1426 5079 dicebant,
1447 5012 1504 5066 id
1522 5015 1607 5067 est
1625 5030 1842 5068 sermo-

241 5117 342 5155 nes
360 5101 430 5154 de
449 5100 688 5154 deorum
703 5100 947 5170 origine,
980 5115 1106 5170 quin
1135 5115 1236 5170 per
1271 5099 1560 5155 doctrinas
1577 5101 1847 5171 praedica-

241 5191 435 5244 torum
473 5187 779 5242 exinanita:
809 5190 960 5241 sunt.
990 5187 1226 5241 Multum
1245 5187 1400 5241 enim
1423 5189 1494 5242 ad
1518 5189 1842 5244 instructio-

243 5294 377 5332 nem
400 5275 531 5330 ﬁdei
548 5275 794 5344 obesset,
825 5275 870 5330 si
898 5275 1065 5346 hujus
1083 5275 1238 5330 modi
1260 5276 1481 5330 fallacia
1507 5282 1844 5349 superesset.

243 5366 429 5422 Etban
445 5365 658 5436 quippe
675 5365 916 5418 robustus
932 5363 1532 5433 interpretatur.Unde
1545 5381 1650 5437 per
1666 5366 1849 5422 Etlian

245 5453 478 5528 gentilis
496 5453 1043 5527 populusaccipitur,
1060 5451 1157 5524 qui
1175 5451 1230 5506 in
1262 5452 1475 5508 erroris
1500 5453 1852 5509 suifuitobs-

1941 4390 2045 4446 sibi
2066 4392 2409 4446 conformet.
2431 4391 2565 4459 Oro,
2587 4391 2849 4458 Domine,
2892 4407 3009 4445 non
3037 4392 3099 4444 ut
3128 4389 3322 4444 tradas
3342 4405 3547 4460 corpo-

1939 4497 2005 4535 ra
2043 4480 2114 4534 ad
2146 4479 2544 4550 aflligendum,
2579 4479 2730 4552 quod
2761 4479 2841 4533 eis
2882 4479 3046 4534 valde
3095 4478 3232 4533 utile
3275 4481 3390 4543 est;
3423 4477 3546 4545 sed,

1939 4586 2004 4623 ne
2033 4567 2214 4623 tradas
2257 4571 2464 4622 animas
2494 4569 2855 4636 conﬁtentium
2885 4567 3008 4624 tibi.
3052 4567 3295 4621 Animas
3335 4567 3551 4621 scilicet

1939 4657 2196 4711 ﬁdelium
2231 4661 2482 4722 tuorum,
2510 4655 2868 4710 laudantium
2896 4659 2952 4710 te
2990 4655 3330 4710 omnimoda
3380 4654 3548 4709 laude

1942 4746 2131 4812 bestiis,
2165 4746 2220 4800 id
2275 4749 2359 4799 est
2385 4744 2735 4813 inﬁdelibus,
2771 4745 3088 4799 bestialiter
3119 4744 3455 4811 viventibus,
3489 4743 3549 4799 id

1941 4838 2025 4888 est
2056 4833 2526 4888 irrationabiliter
2556 4851 2718 4889 more
2750 4833 3085 4888 bestiarum.
3121 4833 3286 4896 Quod
3334 4837 3427 4887 est
3470 4833 3550 4887 di-

1941 4939 2070 4977 cere
2097 4940 2109 4976 :
2141 4923 2206 4976 Et
2233 4922 2275 4976 si
2303 4939 2546 4994 corpora
2578 4921 2868 4993 permittis
2907 4920 3109 4992 afﬁigi,
3167 4938 3284 4975 non
3343 4921 3549 4976 saltem

1941 5015 2149 5066 animas
2174 5027 2376 5066 eorum
2408 5012 2711 5082 permittas
2749 5010 2947 5066 bestiis
2991 5008 3371 5078 conformori,
3417 5027 3549 5064 cum

1943 5101 2052 5156 hoc
2080 5100 2153 5154 sit
2195 5100 2344 5171 quod
2382 5103 2434 5153 te
2462 5100 2684 5154 assidue
2717 5099 2969 5154 laudent.
2999 5097 3067 5151 Et
3115 5114 3180 5152 ne
3227 5097 3552 5153 obltviscaris

1947 5191 2002 5242 in
2029 5189 2187 5258 ﬁnem
2215 5187 2536 5253 oblivionis,
2571 5187 2627 5241 id
2661 5190 2744 5241 est
2782 5202 3215 5259 usquequaque.
3271 5187 3339 5242 Et
3390 5186 3437 5240 si
3478 5187 3555 5241 vi-

1949 5276 2136 5332 dearis
2184 5276 2240 5331 id
2292 5275 2784 5348 persecutionibus
2843 5273 3100 5331 oblivisci
3149 5273 3372 5330 animas
3407 5291 3550 5345 pau-

1939 5383 2133 5438 perum
2164 5372 2396 5433 tuorum,
2460 5364 2744 5421 tradendo
2791 5381 2888 5421 eas
2925 5364 3142 5420 bestiis.
3183 5365 3338 5421 Tunc
3395 5365 3555 5420 enim

1954 5453 2193 5510 omnino
2243 5471 2338 5509 eas
2390 5454 2844 5522 oblivisceretur,
2896 5453 2941 5510 si
3021 5469 3118 5510 eas
3185 5453 3379 5510 bestiis
3429 5469 3565 5508 con-

247 5540 824 5602 tinationerobustus.
845 5541 911 5596 Et
929 5539 1396 5614 peripsosfontes
1421 5541 1602 5597 fecisti
1626 5540 1780 5597 diem
1796 5549 1856 5602 et
1955 5543 2193 5601 formari
2223 5546 2536 5615 pateretur.
2588 5544 2675 5599 Ne
2716 5543 3046 5602 obliviscaris
3083 5545 3140 5600 in
3185 5543 3363 5614 ﬁnem,
3410 5540 3570 5601 idem
