3970 6040
415 288 552 358 una

1025 283 1084 340 s.
1125 273 1470 340 BRUNONIS
1511 265 2148 341 eAanUSIA’Nonuu
2185 267 2655 339 INSTITUTORIS
2694 267 2851 336 ori).
2889 276 3068 336 psus
3107 268 3130 336 ‘1

3598 281 3740 338 1016

413 410 500 462 est
521 404 677 476 quod
707 407 765 460 et
786 420 852 458 ne
871 402 1054 458 tradas
1072 404 1270 473 bestiis,
1293 405 1393 460 sed
1421 390 1652 460 causam
1687 403 2026 478 interponit,
2047 411 2102 467 Α
2153 461 2158 466 ,

417 493 510 549 ubi
543 493 680 548 dicit
711 509 1030 565 pauperum
1063 496 1318 559 tuorum,
1351 511 1414 547 ac
1436 495 1650 549 sidicat
1671 495 1824 550 :Non
1857 493 2031 548 debes

417 581 827 647 oblivisci,cum
849 597 1127 652 pauperes
1149 581 1822 652 sintspiritu,mundanis
1845 581 2031 636 omni-

416 671 522 725 bus
550 687 654 741 pro
673 673 725 723 te
758 668 1002 725 omissis.
1031 670 1166 724 Dico
1195 687 1258 723 ne
1279 670 1728 738 obliviscaris,sed
1743 671 1929 742 potius
1947 687 2028 724 re-

415 761 555 830 spice
583 761 640 812 in
659 763 1027 812 testamentum
1059 764 1230 826 tuum,
1259 757 1315 812 id
1341 760 1424 812 est
1447 758 1502 812 in
1522 760 1749 812 ﬁrmam
1785 757 2028 830 promis-

418 847 642 903 sionem
667 849 827 900 tuam
865 863 938 900 ne
965 845 1023 900 in
1053 845 1276 900 irritum
1303 845 1682 901 deducantur.
1712 845 2030 901 Promisisti

420 936 580 992 enim
613 953 626 990 :
661 959 688 986 ‹‹
718 937 856 990 Ecce
885 951 995 1007 ego
1018 935 1304 989 vobiscum
1347 952 1473 988 sum
1505 933 1776 990 omnibus
1832 935 2032 990 diebus

419 1041 598 1096 nsque
627 1024 700 1079 ad
729 1023 1292 1078 consummationem
1337 1023 1526 1077 saeculi
1585 1023 1804 1094 (Aluit/4.
1839 1039 2027 1090 xxvnl,

422 1113 1019 1186 20).»Testamentum
1049 1111 1257 1166 dicitur
1297 1112 1572 1182 scriptum
1611 1111 1842 1183 aliquod
1874 1111 2030 1184 quod

421 1202 522 1254 sub
556 1199 781 1254 testium
826 1199 1166 1254 auctoritate
1197 1200 1595 1254 conﬁrmatur.
1637 1200 1886 1270 Ideoque
1925 1215 2030 1270 pro

421 1288 590 1342 ﬁrma
622 1287 1000 1360 promissione
1034 1288 1286 1358 ponitur,
1339 1304 1403 1340 ac
1435 1287 1480 1340 si
1512 1287 1662 1342 dicat
1696 1304 1708 1341 :
1739 1287 1826 1340 Ne
1845 1287 2030 1341 oblivi-

416 1377 598 1442 sceris,
630 1375 730 1429 sed
759 1376 966 1445 adjnva
995 1392 1093 1430 eos
1129 1375 1276 1430 sicut
1303 1376 1548 1429 ﬁrmiter
1578 1375 1904 1446 promisisti.
1929 1374 2036 1428 Os-

419 1463 605 1519 tendit
641 1467 836 1517 autem
869 1463 1229 1518 adversarios
1263 1463 1470 1518 merito
1503 1463 1611 1517 dici
1656 1463 1884 1528 bestias,
1917 1462 2030 1516 sic:

418 1553 561 1606 Vere
593 1551 788 1606 bestia}
813 1555 966 1612 sunt,
998 1554 1123 1623 quia
1156 1551 1338 1621 repleti
1359 1558 1482 1604 sunt
1538 1553 1884 1622 iniquitatum
1928 1549 2036 1623 ipsi

420 1643 516 1712 qui
539 1641 810 1695 obscurati
829 1647 972 1706 sunt,
999 1640 1056 1694 id
1086 1643 1171 1694 est
1200 1641 1465 1694 excmcati
1531 1632 1589 1694 in
1626 1640 1921 1694 intellectu
1980 1642 2037 1692 in

2594 493 2661 546 ΙΝ
2696 490 3026 548 PSALMUM
3055 490 3270 549 LXXIV.

2201 581 2420 635 Titulus
2437 579 2844 651 septuagesimi
2887 579 3097 651 quarti.
3127 579 3194 633 In
3217 581 3376 648 finem
3405 595 3470 634 ne
3494 596 3738 634 corrum-

2121 687 2244 740 pas.
2271 669 2520 724 Psalmus
2549 669 2736 738 Asaph
2765 669 2976 722 cantici.
3007 668 3198 740 Asaph
3226 668 3462 740 quidem
3495 670 3595 741 qui
3620 668 3742 740 Sy-

2133 775 2341 828 nagoga
2367 755 2799 828 interpretatur,
2827 755 2920 810 hic
2942 772 3044 826 pro
3067 755 3285 810 inﬁdeli
3318 755 3632 829 Synagoga
3653 773 3746 812 ac-

2133 846 2364 917 cipitur,
2393 861 2520 916 quae
2545 843 2749 898 Christi
2773 843 3040 898 membra
3065 843 3434 902 conformare
3489 844 3599 900 sibi
3647 845 3744 900 in-

2134 933 2344 1000 tendit,
2375 935 2578 988 contra
2605 949 2780 1005 quam
2800 931 3054 988 Christus
3079 933 3138 987 in
3169 933 3278 991 hoc
3292 933 3516 1006 psalmo
3536 951 3739 1005 agens,

2131 1023 2442 1078 conﬁrmat
2467 1038 2600 1076 suos
2636 1021 2698 1075 in
2724 1021 2891 1076 laude
2913 1021 3036 1088 Dei,
3067 1021 3196 1076 etin
3210 1021 3544 1076 narratione
3571 1021 3746 1077 mira-

2132 1111 2337 1166 bilium
2369 1110 2823 1182 ejus.Nunquam
2846 1109 3108 1180 ejusdem
3123 1110 3319 1181 Asaph
3336 1110 3744 1166 admonitione

2132 1199 2477 1266 defeeturos,
2506 1215 2652 1271 quos
2677 1198 2931 1254 ostendit
2951 1197 3008 1252 in
3033 1197 3238 1268 judicii
3264 1198 3356 1254 die
3375 1216 3437 1254 se
3466 1214 3743 1254 remune-

2133 1289 2418 1343 raturum.
2449 1287 2595 1342 Cum
2642 1303 2742 1342 eos
2773 1285 2926 1356 juste
2949 1285 3243 1352 exaltabit,
3275 1287 3374 1352 qui
3409 1287 3501 1342 hic
3558 1286 3746 1341 humi-

2133 1375 2368 1441 liantur,
2415 1379 2688 1430 eteorum
2732 1375 3086 1428 adversarios
3127 1374 3478 1442 humiliabit,
3509 1375 3610 1447 qui
3651 1373 3745 1428 hic

2135 1463 2838 1518 exaltantur.Adhortatur
2858 1478 3086 1534 quoque
3102 1462 3451 1530 inﬁdeles,ut
3466 1463 3748 1518 desistant

2137 1551 2336 1623 inique
2377 1569 2550 1622 agere
2585 1556 2642 1606 et
2669 1550 2863 1622 inique
2896 1551 3072 1623 loqui,
3105 1568 3178 1606 ne
3200 1552 3354 1622 juste
3412 1569 3448 1606 a
3502 1555 3748 1624 potente

2129 1639 2322 1710 judice
2353 1640 2726 1696 damnentur.
2749 1639 2836 1694 Ad
2860 1639 2970 1694 hoc
2997 1642 3191 1695 autem
3224 1658 3460 1696 suorum
3478 1659 3746 1713 perseve-

419 1729 660 1782 dmnibus
675 1729 928 1794 terrai,id
949 1728 1106 1782 estin
1127 1728 1394 1783 domibus
1425 1728 1671 1784 terrenis
1697 1727 2034 1795 habitando,
2062 1727 2112 1786 B
2135 1730 2388 1786 rantiam
2417 1729 2477 1784 in
2513 1730 2679 1784 laude
2721 1733 2779 1785 et
2801 1729 3156 1785 mirabilium
3189 1730 3524 1786 narratione
3541 1730 3667 1797 Dei,
3690 1734 3752 1785 et

423 1817 578 1888 quod
601 1821 684 1870 est
704 1816 927 1871 dicere:
959 1816 1102 1871 Solis
1132 1817 1493 1889 corporibus,
1525 1834 1653 1888 quae
1701 1819 1835 1872 sunt
1861 1819 2039 1870 terre-

421 1922 511 1960 nae
539 1891 764 1972 domus,
825 1905 1033 1960 intenti
1083 1909 1236 1972 sunt,
1296 1907 1627 1978 voluptuose
1655 1923 1715 1960 se
1767 1905 2035 1960 habendo

421 2010 584 2056 more
612 1993 948 2056 bestiarum,
977 1993 1222 2064 ideoque
1255 1994 1481 2066 penitus
1512 1993 1816 2060 obscurati,
1847 1997 1904 2048 et
1933 1993 2038 2048 ini-

423 2081 707 2152 qnitatum
738 2081 1067 2152 rep!eli.Vel
1081 2081 1139 2136 in
1155 2082 1422 2137 domibus
1437 2083 1677 2138 terrenis
1694 2081 2033 2147 habitando,

422 2169 480 2223 id
502 2173 587 2223 est
606 2169 821 2224 similes
845 2169 952 2223 illis
979 2169 1074 2241 qui
1099 2169 1226 2239 jam
1254 2170 1466 2224 mortui
1493 2170 1549 2224 in
1581 2169 1822 2225 terrenis
1848 2169 2032 2224 domi-

423 2259 528 2313 bus
559 2257 773 2324 sunt,id
788 2261 873 2311 est
893 2257 952 2312 in
973 2257 1438 2329 sepulcris.0uod
1457 2257 1774 2313 estdicere:
1795 2259 1920 2313 Jam
1938 2273 2032 2312 om

425 2345 565 2400 nino
593 2344 648 2420 in
683 2344 828 2400 vitiis
861 2345 1095 2413 mortui,
1129 2346 1649 2417 suntiniquitatum
1672 2346 1893 2416 repleti.
1921 2345 2034 2400 Oro

421 2437 697 2505 respice,et
719 2449 820 2503 per
837 2435 945 2488 hoc
961 2435 1265 2506 contingit,
1299 2442 1647 2489 neavertatur
1675 2452 1710 2489 a
1737 2438 1789 2489 te
1821 2435 2037 2489 humilis

421 2523 685 2594 populus,
718 2521 931 2576 scilicet
957 2537 1276 2593 pauperum
1308 2521 1410 2576 tibi
1437 2522 1694 2576 subditus
1717 2523 2033 2581 humiliter.

423 2611 535 2664 lloc
569 2613 760 2663 autem
795 2609 948 2663 idem
995 2614 1078 2665 est
1115 2612 1269 2681 quod
1294 2611 1552 2682 superius
1601 2610 1790 2684 posuit
1830 2613 2039 2666 animas

411 2715 712 2770 pauperum
743 2705 958 2752 tuorum
983 2717 1047 2751 ne
1075 2698 1418 2757 obliviscaris.
1445 2699 1544 2753 sed
1579 2697 1710 2753 ideo
1745 2699 2042 2770 repetit,ut

425 2785 690 2842 ostendat
731 2786 998 2841 effectum
1028 2785 1126 2858 qui
1189 2791 1543 2858 sequeretur,
1589 2787 1632 2841 si
1665 2791 2036 2842 averteretur.

492 2875 629 2930 Dico
645 2893 709 2928 ne
718 2882 990 2930 avertatur
1010 2873 1493 2928 humilisHumilis
1715 2876 1840 2930 dico
1859 2875 2042 2946 [actus

423 2965 693 3034 confusus,
739 2962 784 3018 si
827 2980 1056 3018 aversus
1077 2963 1272 3029 fuerit,
1301 2963 1456 3034 quod
1482 2967 1567 3016 est
1598 2964 1786 3018 dicere
1814 2981 1828 3018 :
1862 2964 1969 3029 Qui
1995 2963 2041 3018 si

423 3055 776 3106 averteretur
807 3051 1148 3106 omnimoda
1177 3051 1518 3106 confusione
1561 3053 2038 3108 contunderetur.

425 3139 557 3194 Ideo
571 3155 671 3194 oro
686 3137 1208 3202 neavertatur.Quia
1228 3138 1270 3192 si
1290 3139 1535 3210 populus
1549 3137 1782 3192 humilis
1795 3143 1900 3194 ate
1923 3157 2042 3194 non

425 3227 598 3284 fuerit
617 3243 865 3294 aversus,
906 3227 1016 3282 hoc
1069 3227 1370 3297 continget
1409 3227 1547 3298 quia
1581 3245 1791 3298 pauper
1818 3235 1870 3280 et
1899 3229 2042 3300 inops

427 3315 720 3372 laudabunt
749 3333 938 3368 nomen
964 3323 1136 3381 tuum,
1166 3315 1223 3369 id
1254 3318 1338 3370 est
1366 3315 1578 3386 singuli
1624 3315 1824 3370 fideles
1845 3317 1916 3372 de
1947 3321 2043 3372 tuo

427 3403 631 3459 humili
661 3404 898 3474 populo,
929 3403 1025 3474 qui
1051 3420 1110 3458 se
1139 3403 1494 3473 reputabunt
1534 3419 1836 3475 pauperes,
1865 3404 1926 3459 id
1962 3408 2048 3460 est

428 3491 840 3546 insufﬁcientes
870 3507 973 3563 per
1005 3508 1064 3546 se
1093 3491 1348 3559 liberari,
1379 3495 1436 3546 et
1465 3493 1688 3564 inopes,
1742 3493 1800 3548 id
1828 3497 1914 3548 est
1957 3495 2046 3549 in-

429 3579 776 3634 sul‘ﬁcientes
803 3595 908 3650 per
935 3579 1113 3634 alium
1137 3597 1311 3652 quam
1341 3597 1443 3653 per
1482 3584 1535 3636 te
1569 3581 1848 3652 adjuvari.
1899 3583 2046 3638 Lau-

428 3668 631 3722 dabunt
660 3685 848 3722 nomen
880 3675 1050 3738 tuum,
1088 3667 1144 3722 id
1177 3672 1260 3722 est
1289 3669 1580 3724 laudando
1607 3672 1662 3722 te
1692 3686 1846 3736 voce,
1874 3671 2046 3726 corde

429 3760 488 3810 et
517 3772 712 3828 opere.
752 3757 1209 3828 magniﬁcabunt
1235 3773 1449 3812 nomen
1477 3761 1662 3812 tuum.
1697 3759 1766 3812 Et
1796 3758 1925 3814 ideo
1957 3776 2046 3812 ea:-

427 3862 581 3915 surge
610 3845 780 3918 Deus,
813 3845 870 3899 id
900 3848 984 3900 est
1015 3849 1220 3917 potens
1251 3861 1465 3918 apparo
1523 3845 1851 3916 adjuvando
1901 3863 1999 3902 eos
2029 3863 2044 3914 ;

430 3936 488 3996 et
505 3934 613 3988 hoc
628 3933 802 3988 modo
822 3933 1036 3987 scilicet
1056 3949 1394 4003 exsurgere:
1416 3933 1612 3987 Judica
1629 3935 1686 3988 in
1702 3935 1810 3988 tuis
1828 3951 2045 3990 causam

432 4021 664 4084 tmtmjd
681 4025 764 4076 est
775 4022 931 4091 justo
947 4021 1168 4092 judicio
1185 4020 1572 4092 dispositionis
1585 4022 1974 4090 tum,del‘ende
1989 4022 2046 4076 in

433 4108 513 4164 eis
531 4126 762 4164 causam
776 4113 971 4178 tuam;
997 4125 1060 4162 ac
1089 4108 1132 4162 si
1177 4109 1329 4164 dicat
1359 4125 1371 4162 :
1404 4109 1512 4179 Ipsi
1525 4113 1898 4181 susceperunt
1923 4126 2050 4166 cau-

433 4214 554 4252 sam
584 4201 766 4264 tuam,
791 4197 862 4252 ad
891 4195 1325 4251 defendendum
1358 4201 1560 4260 contra
1590 4198 1884 4254 catholica:
1915 4199 2048 4255 ﬁdei

2138 1817 2677 1873 remunerationem
2707 1834 2941 1873 suorum
2973 1821 3031 1872 et
3053 1818 3375 1874 infidelium
3409 1819 3666 1875 ostendit
3689 1822 3753 1872 ut

2138 1906 2214 1962 sic
2249 1921 2577 1978 perversam
2605 1907 2799 1975 Asaph
2828 1923 2862 1960 a
2891 1905 3149 1960 ﬁdelium
3195 1907 3596 1978 persecutione
3648 1907 3752 1960 de-

2137 1993 2495 2055 vocando,ad
2519 1993 2615 2048 Dei
2634 1994 2865 2048 laudem
2881 1995 3144 2066 exemplo
3157 2011 3391 2049 suorum
3407 1994 3630 2050 invitet.
3662 1995 3754 2049 Ti-

2137 2081 2291 2134 tulus
2313 2079 2546 2152 quidem
2559 2079 2636 2134 sic
2667 2079 2976 2152 adaptatur
3011 2097 3024 2134 :
3054 2079 3162 2136 Iste
3179 2081 3420 2152 psalmus
3447 2084 3668 2150 cantici,
3689 2082 3752 2137 id

2139 2171 2226 2222 est
2261 2168 2484 2223 bonum
2513 2171 2740 2239 opus,et
2757 2167 3069 2236 canticum,
3103 2168 3164 2224 id
3183 2173 3270 2225 est
3284 2171 3542 2242 jocunda
3557 2187 3758 2226 remu-

2140 2255 2363 2310 neratio
2390 2256 2528 2310 boni
2544 2255 2752 2326 operis.
2770 2255 2902 2310 Ideo
2917 2255 3560 2328 diciturpsalmucantici
3577 2277 3593 2326 ;
3610 2275 3756 2330 pro-

2139 2344 2358 2416 positus
2389 2347 2476 2399 est
2499 2343 2624 2411 tibi,
2654 2359 2687 2398 ο
2719 2344 2908 2414 Asapli
2936 2344 3202 2412 inﬁdelis,
3231 2347 3550 2402 adhortans
3578 2350 3634 2400 te
3661 2346 3754 2401 sui

2139 2431 2448 2499 evidentia,
2478 2449 2544 2486 ne
2567 2447 2874 2502 corrumpas
2901 2432 3088 2503 ipsum
3118 2436 3450 2500 tractatum,
3502 2437 3559 2488 in
3585 2435 3754 2504 ﬁnem

2139 2519 2535 2592 respiciens,id
2550 2523 2636 2575 est
2654 2521 2711 2574 in
2735 2519 3045 2589 Christum,
3079 2522 3166 2576 cui
3189 2539 3322 2577 eum
3341 2523 3614 2588 ascribas,
3647 2522 3754 2594 qui

2138 2609 2232 2664 hic
2263 2625 2438 2680 agere
2459 2607 2864 2663 videtur.Nam
2882 2608 2927 2662 si
2942 2609 3041 2663 alii
3073 2626 3204 2664 eum
3238 2610 3604 2678 attribueres,
3633 2612 3751 2666 uti-

2141 2713 2253 2768 que
2283 2712 2704 2769 corrumperes.
2731 2696 2882 2752 Nulli
2912 2696 3071 2752 enim
3103 2697 3210 2752 nisi
3242 2697 3463 2754 Christo
3518 2715 3756 2771 compe-

2139 2785 2232 2852 tit,
2267 2789 2330 2838 ut
2359 2785 2510 2840 dicat
2545 2801 2557 2840 :
2589 2783 2709 2854 Ego
2739 2787 3057 2855 conﬁrmavi
3083 2786 3353 2841 columnas
3391 2787 3525 2857 ejus,
3557 2794 3608 2840 et
3633 2805 3752 2841 om-

2143 2874 2242 2927 nia
2271 2890 2474 2927 cornua
2511 2879 2854 2944 peccatorum
2885 2875 3250 2945 con/“ﬁngam,
3298 2879 3432 2943 etc.,
3487 2891 3617 2947 quas
3653 2875 3753 2930 hic

2144 2960 2302 3015 dicit.
2336 2961 2480 3016 Cum
2501 2964 2698 3016 autem
2727 2961 2866 3017 talia
2894 2961 2953 3016 in
2973 2979 3034 3016 se
3062 2963 3274 3018 habeat
3293 2980 3420 3036 quae
3451 2963 3556 3018 soli
3585 2963 3752 3018 Chri-

2143 3052 2231 3104 sto
2269 3049 2640 3119 conveniunt,
2697 3050 2824 3121 ipsa
2868 3051 2954 3105 sui
3008 3051 3294 3106 evidentia
3337 3055 3394 3108 te
3445 3051 3754 3107 inﬁdelem

2144 3139 2355 3210 Asaph,
2389 3155 2516 3209 quae
2547 3138 2778 3193 sinistre
2810 3139 3134 3212 Scripturas
3171 3139 3595 3212 interpretaris,
3650 3140 3760 3195 ad-

2144 3229 2346 3282 monet
2370 3244 2441 3282 ne
2473 3245 2608 3282 eum
2639 3244 2998 3299 corrumpas,
3029 3228 3128 3288 sed
3176 3227 3397 3283 Christo
3448 3228 3756 3284 attribuas.

2219 3312 2603 3385 Conﬁtebimur
2642 3317 2764 3384 tibi,
2796 3315 2960 3386 Deus,
2996 3316 3260 3371 Trinitas.
3293 3317 3414 3388 Ego
3443 3321 3502 3371 et
3540 3317 3657 3371 mei
3691 3333 3764 3372 ex

2146 3399 2331 3468 nimia
2347 3401 2582 3473 quidem
2608 3402 2935 3470 dilectione,
2965 3406 3023 3457 et
3047 3402 3182 3474 quia
3206 3419 3390 3458 unum
3413 3406 3500 3458 est
3524 3402 3761 3475 spirita-

2145 3488 2276 3544 liter
2305 3507 2437 3544 cum
2459 3490 2624 3558 eis,se
2652 3490 2927 3546 membris
2941 3491 3224 3562 adjungit,
3253 3508 3390 3546 cum
3405 3491 3543 3546 dicit
3566 3489 3766 3565 Con/i-

2143 3578 2394 3647 tebimur,
2419 3595 2484 3633 ac
2515 3579 2560 3633 si
2595 3579 2748 3634 dicat
2777 3597 2791 3634 :
2823 3580 3015 3650 Asaph
3053 3579 3304 3634 inﬁdelis
3347 3597 3382 3634 a
3437 3580 3609 3635 laude
3657 3585 3766 3637 tua

2147 3683 2310 3738 meos
2334 3667 2610 3722 devocare
2629 3667 2896 3734 intendit,
2927 3668 3082 3740 quod
3124 3669 3335 3722 frustra
3367 3671 3472 3723 est.
3506 3667 3654 3724 Nam
3689 3670 3766 3726 ad

2149 3755 2265 3810 mei
2296 3756 2624 3826 exemplum
2652 3757 3102 3824 conﬁtebuntur,
3121 3756 3177 3810 id
3191 3756 3762 3826 estlaudabuntmei,

2148 3843 2580 3914 opereﬁepetit
2599 3847 2794 3898 autem
2821 3846 2884 3898 ut
2913 3844 3090 3901 addat
3108 3843 3638 3914 siczConﬁtebimur,
3671 3846 3763 3902 in-

2147 3947 2323 4002 quam
2335 3949 2386 3998 ,o
2399 3947 2556 4003 pere,
2575 3939 2622 3984 et
2643 3931 2820 3986 etiam
2843 3935 3025 3986 invoca
3033 3932 3199 3988 bimus
3215 3950 3404 3987 nomen
3421 3932 3662 4000 tuum,id
3675 3937 3766 3988 est

2148 4018 2390 4074 interius
2415 4019 2472 4073 in
2505 4019 2701 4074 anima
2746 4019 2900 4074 bona
2926 4020 3233 4076 devotione
3265 4021 3602 4076 vocabimus
3661 4041 3766 4079 nec

2149 4123 2286 4160 men
2311 4111 2501 4173 tuum,
2541 4108 2698 4178 quod
2729 4111 2812 4162 est
2837 4108 3134 4176 Dominus,
3185 4109 3344 4180 quod
3400 4112 3486 4164 est
3517 4109 3714 4166 dicere
3743 4129 3758 4168 :

2149 4195 2519 4250 Censuernnt
2539 4195 2657 4250 mei
2693 4200 2745 4251 te
2777 4199 2958 4250 Deum
2991 4213 3133 4265 esse,
3173 4200 3234 4250 et
3266 4213 3488 4253 nomen
3517 4201 3762 4256 tuumin

434 4286 824 4352 adversarios;
857 4285 956 4339 sed
986 4284 1122 4356 quia
1152 4301 1254 4356 per
1275 4301 1334 4340 se
1367 4285 1772 4342 insufﬁeientes
1803 4292 1955 4355 sunt,
1961 4290 2053 4360 ju-
2073 4293 2125 4352 D
2148 4282 2411 4338 interiori
2444 4300 2544 4338 suo
2569 4282 2826 4337 vocando
2849 4284 3300 4351 venerabuntur,
3333 4284 3418 4338 vel
3447 4284 3529 4340 sic
3557 4303 3570 4339 :
3599 4284 3763 4340 Invo-

435 4377 521 4428 sto
546 4374 762 4445 judicio
797 4378 892 4428 tuo
917 4373 1164 4428 defende
1198 4373 1256 4428 in
1285 4373 1364 4428 eis
1395 4390 1625 4429 causam
1639 4379 1829 4431 tuam:
1855 4381 1913 4432 et
1931 4394 2048 4432 non

434 4462 620 4516 solum
651 4462 780 4528 hoc,
808 4460 908 4515 sed
953 4459 1130 4515 etiam
1181 4477 1382 4516 memor
1433 4469 1538 4518 esto
1589 4465 2044 4534 improperiorum,

437 4555 649 4603 tuorum
675 4548 952 4615 ﬁdelium,
984 4565 1171 4604 eorum
1188 4549 1402 4604 scilicet
1426 4550 1502 4604 im
1509 4552 1914 4624 properiorum
1929 4571 2047 4625 qua?

436 4643 544 4692 tota
575 4637 688 4704 die,
721 4637 780 4690 id
799 4639 884 4692 est
903 4637 1125 4708 jugiter
1152 4638 1218 4692 ab
1251 4639 1530 4710 insipiente
1561 4638 1775 4694 inﬁdeli
1834 4643 2044 4712 populo

431 4735 555 4782 sunt
593 4725 674 4780 eis
727 4726 952 4788 collata,
1011 4725 1168 4798 quod
1216 4729 1301 4780 est
1331 4726 1522 4782 dicere
1553 4743 1566 4782 :
1601 4727 1688 4782 Ne
1725 4728 2046 4785 obliviscaris

434 4815 666 4889 quando
697 4831 794 4870 eos
819 4813 877 4868 in
908 4813 1100 4869 futuro
1129 4830 1484 4881 remuneres,
1518 4815 1674 4886 quod
1707 4832 1810 4886 pro
1853 4820 1910 4872 te
1942 4817 2045 4873 im-

433 4902 703 4976 properia
731 4902 1016 4958 sustinent
1043 4901 1116 4956 ab
1147 4900 1360 4974 impiis,
1385 4903 1488 4957 etsi
1519 4902 1612 4958 hic
1631 4902 1874 4958 videaris
1903 4905 2044 4960 obli-

2147 4371 2384 4426 cabimus
2415 4387 2515 4426 ore
2546 4389 2735 4425 nomen
2767 4378 2938 4439 tuum,
2969 4372 3124 4443 quod
3149 4375 3236 4426 est
3268 4371 3494 4428 dicere:
3527 4373 3758 4430 Nomen

2147 4464 2294 4527 tum,
2329 4460 2486 4532 quod
2525 4464 2612 4514 est
2652 4460 2950 4528 Dominus,
3005 4461 3328 4517 invocando
3386 4463 3638 4518 orabunt
3678 4469 3760 4532 te,

2147 4551 2264 4605 mei
2284 4552 2568 4623 exemplo,
2605 4553 2663 4605 et
2688 4567 2805 4606 non
2822 4551 3011 4606 solum
3041 4552 3173 4615 hoc,
3201 4551 3302 4607 sed
3333 4557 3389 4606 et
3417 4554 3765 4610 narrabimus

2365 4640 2488 4694 aliis
2519 4638 2786 4694 mirabilia
2817 4646 2930 4707 tua,
2955 4639 3109 4712 quod
3130 4643 3216 4695 est
3244 4639 3434 4696 dicere
3474 4657 3488 4696 :
3515 4642 3635 4713 Ego
3654 4659 3766 4714 per

2145 4745 2308 4783 meos
2339 4727 2590 4782 narrabo
2617 4727 2742 4782 aliis
2775 4726 3065 4782 mirabilia
3091 4731 3210 4796 tua,
3250 4729 3464 4784 scilicet
3491 4729 3767 4786 incarna-

2144 4815 2367 4872 tionem
2398 4817 2456 4870 et
2481 4815 2843 4870 nativitatem
2873 4833 3090 4886 meam,
3129 4820 3186 4872 et
3233 4817 3438 4873 mundi
3485 4818 3764 4892 redemp-

2139 4904 2386 4974 tionem,
2419 4907 2478 4958 et
2495 4907 2705 4959 caetera
2735 4903 3024 4960 mirabilia
3054 4923 3183 4977 qua:
3209 4922 3312 4977 per
3343 4923 3437 4962 me
3468 4909 3757 4979 operaris.

429 4991 562 5046 visci
590 5009 607 5044 :
635 4992 702 5046 Et
721 4989 1046 5045 obliviscaris
1068 5005 1214 5044 voces
1235 4991 1574 5044 inimicorum
1605 4997 1842 5060 tuorum,
1877 4992 1935 5047 id
1953 4997 2040 5049 est
2141 4992 2212 5046 Ut
2242 4991 2452 5048 auditis
2483 4991 2840 5047 mirabilibus
2871 4992 3012 5062 istis,
3043 4993 3116 5048 ad
3149 4997 3207 5050 te
3222 4997 3662 5063 convertantur,
3697 5004 3758 5056 et

429 5077 804 5152 improperia,
837 5095 966 5150 quae
989 5077 1101 5133 tuis
1137 5077 1396 5133 inferunt
1421 5093 1526 5149 per
1555 5079 1751 5147 verba,
1786 5081 1924 5152 quin
1978 5082 2037 5137 in
2139 5081 2294 5136 bono
2327 5098 2429 5136 suo
2459 5081 2574 5136 mei
2605 5082 3056 5151 conﬁtebuntur,
3090 5085 3149 5138 et
3169 5083 3518 5138 invocabunt
3547 5087 3607 5140 et
3623 5103 3756 5142 nar-

426 5169 619 5224 futuro
670 5182 1026 5234 remuneres,
1062 5169 1120 5220 et
1149 5165 1194 5220 si
1225 5166 1318 5222 hic
1349 5167 1590 5222 videaris
1643 5168 1918 5236 oblivisci,
1981 5171 2040 5224 et
2135 5169 2370 5224 rabunt.
2403 5169 2538 5225 Ideo
2574 5187 2825 5242 namque
2855 5188 2976 5224 cum
3030 5187 3273 5242 accepero
3323 5188 3357 5227 a
3385 5175 3634 5244 paterna
3661 5174 3753 5230 di-

427 5257 672 5330 dignum
724 5257 811 5310 est
847 5254 934 5310 Ne
979 5254 1326 5311 obliviscaris.
1379 5257 1524 5311 Nam
1577 5257 1824 5328 superbia
1855 5274 2037 5313 eorum
2134 5259 2448 5331 spositione
2472 5259 3008 5330 tempusjudicandi,
3046 5276 3156 5332 ego
3180 5260 3280 5332 qui
3308 5260 3400 5316 hic
3445 5277 3480 5316 a
3531 5262 3752 5319 Judmis

424 5347 520 5420 qui
537 5352 586 5402 te
605 5345 850 5412 oderunt,
913 5346 1043 5400 tuos
1073 5343 1498 5420 persequendo,
1529 5363 1732 5422 semper
1779 5347 2034 5418 ascendit,
2129 5345 2415 5422 judicatus
2444 5333 2572 5404 sum
2593 5347 2824 5420 injuste,
2861 5347 3104 5420 justitia,
3162 5347 3223 5406 id
3247 5352 3334 5405 est
3351 5348 3752 5425 justajudicia

423 5432 486 5496 id
515 5436 600 5495 est.
626 5431 829 5499 crescit
845 5435 905 5494 et
929 5432 1234 5495 exaltatur.
2126 5435 2398 5517 iudicabo,
2427 5437 2858 5500 remunerando
2881 5453 3065 5508 meos,
3096 5440 3270 5516 prout
3291 5437 3516 5514 justum
3545 5439 3748 5504 fuerit.
