4004 6052
282 308 418 376 ἰοίἸ

1256 301 1614 370 EXPOSITIO
1652 310 1722 368 1N
1760 306 2096 369 PSALMOS.
2129 343 2198 354 —
2228 313 2422 371 PSAL.
2457 305 2651 370 LXXIV

3454 320 3590 379 lOl8

277 437 413 493 Dico
435 434 593 507 quod
611 432 729 488 mei
753 417 1080 487 nafrabunt
1107 430 1234 486 aliis
1256 431 1546 487 mirabilia
1564 436 1659 487 tua
1682 435 1745 487 ut
1763 448 1896 488 con-
1914 438 1967 495 Α
1991 432 2089 505 qui
2115 433 2208 489 hic
2236 450 2342 505 per
2382 432 2713 504 superbiam
2763 435 3063 502 exaltatur,
3111 445 3161 490 et
3207 438 3367 507 hunc,
3414 441 3471 495 id
3514 444 3599 496 est

275 526 595 590 vertantur,
628 525 686 577 et
716 536 946 576 necesse
981 523 1085 575 est.
1118 520 1265 575 Nam
1308 526 1449 574 terra
1495 538 1621 593 quas
1662 521 1735 575 ad
1781 521 1891 575 hoc

277 612 430 669 facta
450 612 577 679 fuit,
610 614 673 665 ut
706 609 890 665 solida
912 613 969 663 et
996 608 1166 663 ﬁrma
1194 608 1254 664 in
1287 608 1588 664 virtutibus
1627 610 1795 676 esset,
1825 607 1889 661 li-

277 700 526 773 que/acta
549 705 644 766 est,
674 698 732 753 id
751 702 838 753 est
854 697 1191 753 inconstans
1212 699 1269 752 et
1286 696 1491 751 difﬂua
1516 697 1668 751 facta
1696 699 1800 763 est,
1830 695 1891 750 in

278 788 432 843 vitiis
458 792 516 843 et
543 788 602 842 in
630 786 975 841 inﬁdelitate
1006 802 1128 841 sua.
1156 785 1244 840 Ad
1273 784 1892 856 similitudinemliqui-

280 876 367 932 dae
391 875 497 944 rei,
521 892 649 948 quas
681 874 884 930 difﬂua
918 878 1024 930 est.
1057 875 1138 929 Ne
1168 891 1304 929 vero
1322 873 1777 945 intelligeremus
1799 872 1891 927 hic

279 964 375 1036 agi
402 964 473 1020 de
504 967 658 1019 terra
686 964 815 1031 hac,
849 979 1027 1034 quam
1060 962 1334 1017 usualiter
1358 966 1578 1017 terram
1628 961 1890 1027 dicimus,

279 1051 619 1125 quaeulique
640 1050 954 1123 liquefacta
982 1066 1100 1105 non
1122 1052 1228 1118 est,
1254 1049 1730 1105 determinathoc
1758 1065 1891 1104 cum

279 1140 476 1195 addit:
501 1140 575 1194 Et
611 1156 787 1195 omnes
825 1141 922 1211 qui
948 1139 1193 1193 habitant
1235 1140 1291 1191 in
1319 1156 1381 1192 ea
1420 1141 1595 1204 terra,
1625 1137 1779 1209 quod
1811 1140 1895 1193 est

280 1229 516 1284 dicere:
554 1228 782 1284 Scilicet
827 1244 1005 1282 omnes
1049 1226 1317 1282 homines
1361 1226 1489 1281 dico
1532 1226 1890 1298 liquefactos,

278 1320 377 1389 qui
401 1317 648 1371 habitant
677 1318 734 1370 in
763 1333 822 1370 ea
850 1319 1167 1383 terra,tam
1184 1316 1431 1386 gentiles
1450 1331 1623 1387 quam
1646 1314 1890 1383 Judzeos;

279 1405 381 1460 sed
407 1422 498 1476 ego
519 1404 616 1477 qui
646 1404 940 1476 impotens
970 1404 1171 1459 videor
1189 1409 1248 1459 et
1268 1403 1502 1458 humilis
1529 1420 1541 1458 :
1564 1402 1899 1473 Con/irmavi

280 1493 549 1548 columnas
578 1493 710 1563 ejus,
735 1493 793 1547 id
816 1496 900 1547 est
923 1491 1207 1546 mittendo
1226 1491 1506 1564 Spiritum
1537 1492 1896 1562 paracletum

281 1582 343 1638 in
374 1582 488 1636 ﬁde
533 1585 590 1637 et
629 1582 859 1649 virtute,
911 1583 968 1635 et
1023 1580 1287 1635 doctrina
1344 1580 1767 1652 praedicatores,
1800 1580 1896 1651 qui

284 1674 457 1725 erunt
484 1671 769 1725 columna:
793 1670 917 1741 ejus
949 1674 1136 1736 terrae,
1161 1669 1220 1723 id
1251 1672 1334 1723 est
1352 1685 1457 1740 per
1472 1667 1896 1741 praedicationis

1995 522 2172 576 alium
2193 523 2498 594 populum,
2527 521 2741 576 scilicet
2768 522 3054 591 ﬁdelium,
3085 525 3181 595 qui
3211 526 3300 582 hic
3331 528 3448 583 Deo
3467 544 3601 583 con-

1973 608 2250 672 ﬁtentur,
2276 610 2498 677 exultat,
2522 610 2579 664 id
2597 614 2683 664 est
2701 610 3057 665 beatitudine
3070 615 3287 668 aeterna
3304 616 3596 684 exaltabit,

1990 697 2088 769 qui
2110 698 2201 753 hic
2231 715 2336 769 per
2362 698 2762 754 tribulationes
2790 699 3171 755 humiliantur
3194 719 3207 769 ;
3236 705 3295 757 et
3314 720 3446 759 vere
3460 704 3601 767 alios

1989 784 2337 852 humiliabit,
2371 790 2428 841 et
2452 786 2594 842 alios
2646 787 2936 854 exaltabit,
2968 790 3094 859 quia
3121 791 3178 843 in
3209 807 3396 858 manu,
3428 790 3487 846 id
3518 794 3604 847 est

1992 872 2053 927 in
2084 876 2393 944 potestate,
2426 875 2652 929 Domini
2685 875 2815 930 Jesu
2848 876 3073 931 venturi
3103 877 3214 932 erit
3252 879 3394 933 calix
3414 879 3604 950 plenus

1992 964 2168 1030 misto,
2194 962 2253 1017 id
2286 966 2373 1017 est
2403 962 2643 1019 mistura
2668 962 2781 1018 vini
2812 964 2979 1031 meri,
3025 966 3180 1036 quod
3234 968 3320 1022 est
3364 967 3553 1023 dicere
3588 983 3600 1022 :

1991 1051 2052 1104 In
2080 1053 2367 1122 potestate
2401 1051 2636 1106 Domini
2658 1052 2769 1106 erit
2782 1052 3088 1123 judicium,
3126 1054 3466 1111 redundans
3493 1056 3599 1110 mi-

1995 1141 2152 1194 stura
2178 1139 2293 1194 vini
2324 1140 2492 1206 meri,
2526 1140 2583 1195 id
2609 1144 2692 1195 est
2732 1140 2791 1194 in
2831 1158 2944 1212 quo
2989 1143 3319 1197 continetur
3366 1144 3608 1199 mistura

1995 1243 2176 1298 {equas
2208 1228 2718 1295 remunerationis,
2742 1246 2869 1300 quas
2888 1230 3085 1285 vinum
3119 1231 3345 1297 dicitur,
3360 1249 3429 1288 eo
3453 1231 3607 1304 quod

1997 1314 2109 1370 alia
2137 1332 2272 1387 pars
2297 1316 2420 1385 ejus
2467 1316 2645 1371 dulcis
2686 1318 2813 1384 erit,
2844 1322 3127 1388 quantum
3158 1320 3231 1373 ad
3261 1320 3465 1386 bonos,
3497 1320 3609 1375 alia

1995 1420 2128 1458 vero
2160 1420 2360 1458 amara
2384 1408 2667 1475 quantum
2681 1406 2756 1460 ad
2772 1407 2973 1461 malos.
2992 1407 3242 1478 Utraque
3260 1410 3458 1462 tamen
3475 1425 3609 1480 pars

1999 1508 2164 1546 mera
2192 1493 2320 1559 erit,
2350 1492 2526 1569 id_es_t
2547 1494 2723 1569 j_usta,
2757 1499 2814 1548 et
2839 1495 2910 1549 ab
2934 1495 3099 1549 omni
3132 1495 3411 1566 injustitia
3439 1513 3606 1569 pura.
3714 1538 3733 1545 ι

1999 1579 2153 1634 Calix
2177 1583 2373 1635 autem
2625 1581 2910 1652 judicium
2947 1583 3175 1650 dicitur,
3194 1564 3266 1639 eo
3289 1564 3514 1656 quod-in
3538 1603 3604 1639 eo

1997 1668 2215 1723 mistim
2248 1673 2491 1741 utraque
2519 1672 2911 1726 remuneratio
2938 1673 3349 1740 continebitur,
3387 1673 3608 1729 sicutin

284 1758 540 1814 ofﬁcium
552 1762 610 1813 et
629 1774 732 1829 per
751 1759 1102 1830 exemplum,
1119 1760 1176 1813 et
1190 1756 1512 1813 doctrinam
1533 1757 1896 1822 suam,erunt
1919 1754 1970 1812 B
1997 1757 2171 1811 calice
2190 1758 2487 1829 poculum,
2514 1761 2571 1812 et
2600 1759 2708 1814 hoc
2744 1762 2832 1814 est
2864 1776 2928 1814 ac
2952 1760 2995 1815 si
3023 1760 3207 1816 dicat:
3236 1762 3378 1816 Vere
3404 1766 3609 1832 potens

282 1849 672 1904 sustentacula
692 1848 954 1903 Ecclesiae
975 1849 1046 1903 de
1060 1847 1307 1903 terrenis
1320 1846 1668 1913 constituta},
1697 1862 1897 1917 quem-

282 1937 604 1993 admodum
628 1937 914 1992 columnaa
942 1936 1250 1991 domorum
1271 1937 1655 1991 sustentacula
1669 1938 1820 1990 sunt.

356 2027 422 2080 Et
453 2042 556 2097 per
584 2026 884 2080 columnas
917 2024 1309 2091 conﬁrmatas,
1340 2024 1458 2078 dixi
1485 2025 1699 2095 iniquis,
1725 2023 1782 2077 id
1813 2026 1899 2078 est

283 2113 477 2170 dicam
519 2113 848 2169 inﬁdelibus
873 2131 886 2168 :
920 2112 1104 2169 Nolite
1132 2113 1318 2185 inique
1337 2128 1517 2185 agere,
1545 2111 1605 2166 id
1636 2115 1718 2167 est
1746 2112 1895 2167 desi-

280 2201 413 2256 stite
441 2218 475 2257 a
499 2218 675 2273 prava
693 2200 942 2269 actione,
964 2208 1015 2255 et
1038 2200 1480 2272 delinquentibus,
1522 2199 1582 2254 id
1612 2202 1699 2254 est
1725 2215 1897 2271 prave

283 2291 818 2363 agentibus,dicam
853 2308 867 2344 :
894 2289 1085 2345 Nolite
1111 2289 1350 2344 exaltare
1368 2305 1553 2356 cornu,
1591 2288 1649 2343 id
1679 2292 1764 2343 est
1794 2305 1896 2343 uo-

288 2378 389 2433 lite
429 2378 739 2434 sublimare
793 2377 1127 2452 superbiam
1168 2380 1443 2446 vestram,
1489 2375 1797 2447 gloriando
1829 2376 1900 2431 de

280 2484 460 2541 prava
478 2467 877 2525 actione.Cum
892 2467 1048 2523 enim
1064 2467 1284 2521 malum
1298 2465 1370 2519 sit
1388 2482 1561 2537 prave
1585 2481 1780 2537 agere,
1798 2480 1897 2535 pe-

277 2555 375 2628 jus
403 2558 490 2610 est
519 2572 700 2610 cornu
731 2555 1004 2623 exaltare,
1033 2554 1091 2608 id
1121 2558 1207 2608 est
1236 2554 1307 2609 de
1329 2570 1505 2625 prava
1529 2554 1755 2609 actione
1775 2555 1898 2626 glo-

282 2643 512 2712 riando,
527 2643 858 2717 superbiam
872 2660 1085 2715 augere
1098 2646 1156 2698 et
1174 2642 1486 2698 sublimare
1497 2684 1510 2696 .
1521 2642 1801 2714 Superbia
1820 2642 1902 2697 ni-

285 2732 501 2788 mirum
518 2749 622 2804 per
642 2748 821 2787 cornu
843 2731 1138 2802 accipitur,
1168 2731 1324 2803 quod
1345 2731 1404 2785 in
1435 2732 1615 2786 altum
1634 2731 1821 2786 tendit
1847 2734 1905 2785 et

287 2820 543 2892 rigidum
565 2823 671 2889 est,
695 2838 762 2876 eo
783 2821 939 2893 quod
959 2821 1083 2891 ipsa
1106 2837 1206 2874 cor
1226 2819 1389 2888 illud,
1417 2820 1506 2874 cui
1540 2819 1707 2887 inest,
1727 2818 1903 2873 nimis

286 2911 469 2965 altum
488 2914 546 2965 et
564 2909 817 2981 rigidum
830 2909 984 2964 facit.
1002 2908 1163 2963 Unde
1184 2908 1384 2979 regina
1403 2908 1673 2964 vitiorum
1698 2908 1904 2963 dicitur

291 2987 456 3068 esse;
472 3002 531 3054 et
552 2999 733 3053 nollite
760 2998 1000 3053 extollere
1027 3014 1190 3052 cornu
1216 3003 1468 3064 vestrum,
1508 2996 1567 3051 id
1606 3000 1691 3052 est
1727 2996 1902 3053 subli-

297 3064 500 3143 mitate
525 3087 855 3160 superbiam
885 3090 1129 3141 vestram
1161 3086 1221 3140 in
1256 3088 1465 3148 altum,
1493 3085 1552 3141 id
1577 3089 1663 3140 est
1700 3090 1903 3142 contra
1928 3064 1976 3124 ο

291 3174 1264 3248 Deumaltissimum.Exponitvero
1291 3175 1540 3248 qualiter
1573 3192 1690 3230 non
1723 3178 1903 3232 extol-

290 3266 416 3321 lant
443 3266 646 3320 contra
665 3267 847 3320 Deum
892 3281 1098 3333 cornu,
1137 3282 1269 3321 cum
1310 3264 1490 3332 addit,
1522 3265 1719 3319 scilicet
1742 3265 1904 3320 nolite

291 3354 439 3426 loqui
446 3356 781 3425 iniquitatem
800 3353 1055 3410 adversus
1066 3353 1264 3421 Deum,
1284 3353 1742 3425 blasphemando
1767 3370 1904 3408 eum

288 3443 685 3515 aliquomodo.
712 3444 809 3497 llle
835 3444 1047 3516 quippe
1078 3460 1178 3498 cor
1203 3443 1377 3498 nimis
1405 3445 1461 3496 in
1492 3442 1663 3497 altum
1685 3443 1905 3498 extollit

289 3533 386 3606 qui
419 3532 479 3586 in
511 3533 692 3587 Deum
726 3532 1152 3604 blasphemiam
1184 3532 1323 3604 agit.
1339 3532 1439 3586 Vel
1470 3531 1581 3586 sic:
1607 3531 1796 3586 Nolite
1820 3549 1906 3586 ex-

287 3622 464 3677 tollere
480 3620 559 3687 in,
583 3620 760 3688 idest,
789 3624 993 3676 contra
1014 3622 1196 3676 altum
1218 3621 1405 3675 Deum
1440 3637 1531 3674 cor
1560 3627 1811 3689 vestrum,
1844 3619 1903 3675 id

289 3713 375 3765 est
399 3708 730 3782 superbiam
772 3712 1044 3776 vestram,
1076 3709 1147 3763 de
1180 3725 1248 3764 eo
1277 3710 1431 3763 male
1472 3707 1800 3780 cogitando.
1836 3708 1903 3762 Et

288 3798 451 3852 nolite
477 3798 621 3869 loqui
663 3814 763 3853 ore
801 3797 1082 3853 adversum
1125 3797 1302 3852 Deum
1341 3799 1702 3869 iniquitatem,
1730 3797 1793 3852 id
1818 3800 1903 3852 est

289 3885 735 3957 blasphemiam,
767 3886 878 3941 hoc
907 3903 1028 3941 non
1060 3888 1338 3941 mutatur.
1379 3885 1510 3940 Dico
1547 3903 1560 3939 :
1593 3885 1777 3940 Nolite
1797 3887 1900 3939 ini-

284 3991 389 4045 gue
416 3991 591 4044 agere,
625 3976 683 4028 et
708 3973 868 4031 nolite
888 3974 1034 4046 loqui
1056 3974 1303 4029 adversus
1328 3973 1526 4041 Deum,
1558 3977 1611 4028 et
1642 3976 1751 4029 hoc
1770 3974 1901 4030 ideo

289 4061 450 4117 vobis
501 4064 585 4116 est
633 4062 1081 4129 observandum,
1116 4062 1251 4134 quia
1278 4062 1452 4132 judex
1491 4065 1768 4117 venturus
1795 4066 1900 4131 est,

289 4148 505 4204 scilicet
529 4148 1214 4221 Christus,quijudicabit
1247 4147 1500 4204 districto
1531 4154 1771 4223 agentes
1791 4150 1900 4205 ini-

293 4253 426 4309 que.

361 4325 538 4380 Judex
566 4326 693 4382 dico
724 4343 888 4400 neque
934 4326 1000 4380 ab
1042 4328 1260 4394 oriente,
1297 4344 1463 4399 neque
1508 4327 1574 4381 ab
1616 4327 1901 4397 occidente,

287 4432 453 4487 neque
481 4432 515 4470 a
552 4415 765 4470 desertis
794 4415 1080 4483 montibus,
1108 4415 1322 4471 scilicet
1352 4433 1543 4489 neque
1578 4417 1648 4472 ab
1684 4421 1899 4485 austro,

288 4503 387 4559 ubi
417 4506 552 4558 sunt
578 4507 807 4559 montes
836 4520 941 4576 pro
971 4503 1155 4559 nimio
1168 4507 1311 4559 aestu
1341 4504 1580 4559 calentis
1610 4521 1769 4560 zona:
1801 4506 1903 4561 de-

291 4592 449 4661 serti,
482 4609 671 4665 neque
695 4610 729 4648 a
748 4592 1167 4664 septentrione,
1183 4609 1298 4665 qua
1315 4595 1545 4649 montes
1560 4609 1664 4664 pro
1690 4591 1904 4665 frigida

291 4696 438 4736 zona
470 4681 682 4736 deserti
713 4683 868 4743 sunt,
891 4697 956 4735 ac
986 4680 1032 4735 si
1062 4680 1215 4735 dicat
1242 4697 1255 4735 :
1278 4680 1591 4736 Timendus
1616 4684 1703 4736 est
1722 4682 1901 4752 judex

285 4768 405 4836 ille,
425 4770 587 4841 cujus
617 4768 987 4841 praesentiam
1016 4785 1193 4823 nemo
1216 4769 1432 4841 poterit
1463 4768 1739 4841 effugere.
1775 4771 1900 4825 Non

287 4856 445 4911 enim
476 4856 671 4912 localis
699 4858 786 4911 est
808 4859 1083 4911 venturus
1121 4856 1193 4910 ab
1241 4856 1488 4927 oriente,
1519 4858 1606 4912 vel
1647 4858 1721 4913 ab
1757 4858 1903 4914 occi-

286 4944 482 5012 dente,
499 4947 586 5001 vel
611 4947 684 5001 ab
706 4948 921 5013 austro,
939 4947 1029 5002 vel
1054 4963 1089 5000 a
1116 4946 1532 5018 septentrione,
1560 4947 1661 5002 sed
1687 4947 1900 5020 ubique

286 5035 395 5102 est,
417 5035 475 5087 et
494 5050 624 5089 vere
672 5050 789 5089 non
822 5036 907 5088 est
951 5033 1149 5089 localis
1179 5033 1250 5087 ab
1278 5034 1472 5106 aliqua
1499 5035 1705 5090 mundi
1728 5036 1902 5108 plaga

284 5124 578 5176 venturus.
618 5121 763 5176 Deus
804 5121 960 5176 enim
983 5122 1149 5192 iudex
1177 5121 1272 5175 ille
1297 5128 1390 5176 est.
1416 5123 1484 5176 Et
1511 5122 1646 5177 inde
1678 5125 1902 5179 constat

283 5209 529 5265 localem
544 5226 676 5264 eum
691 5226 810 5265 non
828 5226 970 5277 esse,
984 5209 1305 5265 secundum
1334 5209 1591 5264 divinam
1609 5214 1897 5279 naturam,

274 5312 419 5361 cum
451 5299 648 5353 tamen
678 5298 999 5353 secundum
1025 5298 1344 5353 humanam
1356 5298 1635 5353 sitlocalis
1654 5316 1668 5366 ;
1688 5301 1745 5353 et
1764 5298 1899 5354 inde

285 5386 571 5442 constabit
600 5403 734 5443 eum
773 5403 893 5442 esse
916 5387 1199 5459 judicem,
1234 5386 1332 5459 qui
1365 5388 1512 5442 Deus
1559 5390 1663 5455 est,
1694 5388 1795 5460 qui
1824 5388 1900 5443 ad

284 5475 396 5535 hoc
424 5478 633 5550 potens
660 5479 770 5545 est,
800 5476 959 5549 quod
983 5477 1126 5533 hunc
1146 5474 1422 5544 humiliat,
1438 5474 1498 5531 id
1515 5477 1900 5553 estpopulum

286 5563 489 5641 inique
517 5564 820 5642 agentium
844 5563 1175 5624 bumiliahit
1192 5562 1573 5624 damnatione
1594 5568 1898 5641 perpetua,

2000 1847 2109 1901 erit
2139 1846 2212 1900 ad
2239 1846 2665 1901 humiliandum
2697 1851 2755 1901 et
2781 1848 2855 1902 ad
2885 1850 3274 1907 exaltandum.
3308 1851 3454 1905 Nam
3489 1851 3609 1922 ipse

1996 1934 2056 1989 in
2076 1936 2358 2007 potestate
2368 1935 2654 2004 judicium
2668 1936 2923 2004 habebit,
2944 1937 3001 1991 in
3019 1954 3132 2008 quo
3162 1938 3379 1994 mistim
3401 1940 3607 2011 duplex

1997 2023 2394 2078 remuneratio
2428 2023 2853 2092 continebitur;
2881 2029 2938 2080 et
2962 2026 3115 2080 hunc
3133 2027 3371 2082 calicem
3390 2029 3609 2083 inclina-

1997 2115 2094 2178 vit,
2128 2111 2187 2167 id
2224 2115 2311 2167 est
2341 2112 2633 2180 extendet,
2665 2130 2728 2185 ea
2754 2113 2851 2167 hoc
2895 2116 3094 2185 potato
3139 2117 3195 2168 in
3234 2116 3374 2170 hunc
3402 2120 3608 2188 potan-

2000 2200 2161 2256 dum.
2194 2202 2242 2254 A
2277 2199 2657 2255 similitudine
2687 2202 2982 2273 pincernaa
3015 2203 3113 2274 qui
3144 2220 3260 2259 uno
3293 2204 3610 2276 potato,in-

2000 2289 2179 2344 clinat
2198 2288 2437 2344 calicem
2457 2289 2531 2343 ad
2563 2289 2762 2344 alium.
2786 2290 2853 2344 Et
2874 2307 2938 2344 ea:
2964 2292 3061 2345 hoc
3094 2294 3151 2345 in
3180 2294 3296 2358 hoc,
3325 2293 3611 2348 neutrali—

2000 2380 2090 2433 ter
2120 2377 2370 2448 positum
2386 2381 2490 2445 est,
2510 2393 2576 2431 ac
2609 2377 2653 2432 si
2681 2377 2834 2432 dicat
2860 2379 2992 2433 :Vix
3022 2381 3132 2435 hoc
3157 2384 3355 2453 potato
3387 2381 3610 2436 inclina-

2005 2466 2098 2533 bit,
2113 2466 2171 2520 id
2189 2468 2274 2520 est
2294 2469 2633 2538 promptum
2654 2466 2827 2521 faciet
2841 2467 3127 2538 judicium
3144 2485 3332 2537 suum,
3352 2469 3411 2524 in
3433 2469 3613 2525 alium

2002 2554 2346 2627 potandum,
2380 2555 2536 2627 quod
2590 2558 2677 2610 est
2728 2555 2919 2611 dicere
2954 2573 2967 2610 :
3005 2558 3318 2629 Postquam
3346 2574 3479 2613 suos
3502 2560 3612 2614 sal-

2003 2643 2191 2698 vando
2242 2643 2721 2711 remuneraverit,
2765 2646 2950 2701 malos
2980 2645 3314 2702 damnando
3336 2646 3491 2718 juste
3520 2663 3611 2702 re-
3708 2646 3723 2655 ’

2004 2748 2316 2787 munerare
2340 2731 2622 2787 intendet.

2078 2819 2223 2885 Quia
2236 2837 2370 2875 vero
2397 2823 2707 2892 utramque
2728 2821 3266 2878 remunerationem
3284 2822 3482 2878 vinum
3497 2839 3615 2879 me-

2002 2924 2135 2962 rum
2166 2911 2488 2976 vocaverat,
2513 2926 2586 2963 nc
2614 2909 2693 2964 sic
2723 2927 2792 2965 ex
2822 2913 2946 2966 toto
2976 2928 3140 2966 mera
3168 2910 3610 2982 intelligeretur,

2002 2998 2067 3050 ut
2083 2995 2141 3050 in
2166 2997 2326 3051 nulla
2342 3001 2507 3067 parte
2532 3014 2734 3052 amara
2759 2997 3219 3068 videretur,eam
3250 3002 3539 3055 austeram
3558 3002 3616 3054 et

2006 3099 2276 3155 asperam
2303 3101 2424 3139 esse
2444 3084 2721 3153 ostendit,
2739 3090 3025 3157 quantum
3038 3087 3111 3142 ad
3126 3086 3612 3151 damnandos,sic:

2005 3172 2142 3228 Dico
2174 3174 2289 3226 vini
2301 3174 2456 3228 meri.
2476 3172 2892 3229 Verumtamen
2921 3174 3056 3230 licet
3077 3191 3239 3230 mera
3267 3175 3338 3231 sit
3368 3174 3618 3231 retribu-

2006 3259 2109 3328 tio,
2125 3262 2235 3331 [ωας
2264 3262 2378 3332 ejus
2392 3260 2581 3316 calicis
2601 3279 2707 3318 non
2734 3268 2810 3316 est
2833 3264 3127 3331 exinanita,
3150 3263 3210 3317 id
3240 3266 3324 3318 est
3355 3263 3614 3335 quamvis

2005 3349 2102 3404 illa
2130 3349 2440 3405 retributio
2471 3367 2652 3418 mera,
2682 3351 2773 3419 sit,
2807 3354 3004 3407 tamen
3024 3351 3131 3406 faex
3143 3354 3228 3406 est
3247 3354 3529 3424 quantum
3542 3352 3617 3406 ad

2005 3437 2216 3509 impios
2241 3442 2492 3509 austera,
2513 3440 2729 3495 scilicet
2745 3442 2802 3495 et
2820 3441 3049 3497 turbida
3076 3441 3147 3496 ad
3171 3441 3412 3496 modum
3438 3440 3613 3495 fascis:

2005 3530 2063 3581 et
2090 3528 2216 3582 talis
2253 3528 2384 3595 faex,
2412 3544 2540 3599 qua:
2571 3545 2899 3599 nunquam'
2924 3529 3036 3585 erit
3080 3529 3397 3598 exinanita,
3430 3529 3490 3584 id
3533 3532 3619 3583 est

2003 3631 2132 3686 qua:
2163 3632 2465 3687 nunquam
2493 3616 2884 3684 evacuabitur,
2917 3618 3018 3671 sed
3048 3620 3268 3672 asterna
3294 3618 3421 3672 erit.
3456 3619 3524 3671 Et
3550 3634 3618 3672 ex

2004 3719 2074 3756 ea
2096 3702 2235 3758 fasce
2254 3703 2427 3758 bibent
2452 3721 2631 3758 omnes
2648 3711 2949 3775 peccatores
2969 3712 3120 3759 terrae
3147 3706 3244 3777 qui
3279 3710 3433 3761 terra
3463 3709 3615 3773 sunt,

2009 3789 2069 3845 id
2100 3795 2185 3845 est
2213 3792 2583 3847 solummodo
2612 3792 2857 3847 terrenis
2884 3792 3351 3848 inhiantes.Nam
3377 3793 3423 3847 si
3450 3794 3616 3849 abso-

2003 3879 2123 3933 lute
2153 3896 2356 3934 omnes
2383 3884 2713 3950 peccatores
2738 3884 3003 3952 poneret,
3034 3884 3171 3935 tunc
3200 3897 3406 3936 omnes
3435 3881 3620 3937 bonos

2003 3966 2143 4022 fasce
2185 3969 2472 4039 potandos
2515 3986 2636 4023 esse
2674 3968 3026 4041 perhiberet.
3053 3969 3249 4024 Nullus
3280 3969 3437 4024 enim
3470 3969 3617 4026 adeo

1998 4055 2209 4127 justus,
2239 4057 2334 4128 qui
2367 4059 2575 4112 saltem
2605 4057 2908 4113 venialiter
2924 4076 3043 4113 non
3058 4061 3275 4131 peccet.
3290 4059 3389 4112 Vel
3412 4075 3618 4114 omnes

2007 4148 2342 4217 peccatores
2372 4145 2642 4214 terrae,id
2672 4149 2759 4201 est
2788 4146 2885 4219 qui
2915 4146 3127 4218 ubique
3156 4150 3446 4202 terrarum
3460 4150 3614 4215 sunt,

2004 4238 2128 4290 tam
2157 4234 2405 4306 gentiles
2436 4251 2611 4309 quam
2637 4234 2837 4303 Judaei,
2860 4239 3165 4307 peccantes
3181 4236 3396 4292 scilicet
3422 4235 3616 4291 crimi-

2006 4324 2231 4379 naliter.
2266 4324 2383 4379 Hoc
2404 4327 2600 4379 autem
2623 4327 2811 4378 totum
2836 4323 2993 4391 dicit,
3028 4327 3293 4380 utmalos
3322 4328 3616 4380 exterren-

2005 4412 2102 4480 do,
2118 4429 2152 4466 a
2163 4412 2411 4483 peccatis
2427 4429 2526 4467 eos
2542 4414 2822 4468 retrahat.
2843 4414 3156 4485 Postquam
3171 4418 3368 4469 autem
3390 4431 3520 4470 suos
3535 4416 3615 4469 lo-

2004 4505 2247 4572 quentes
2264 4500 2600 4568 introduxit,
2624 4501 2694 4556 ab
2717 4517 2784 4556 eo
2803 4501 2928 4555 loco
2958 4500 3055 4555 ubi
3086 4502 3338 4573 positum
3368 4507 3453 4558 est
3482 4503 3623 4557 Dixi

2003 4590 2221 4660 iniquis,
2245 4606 2424 4662 usque
2466 4589 2540 4643 ad
2583 4606 2676 4659 ego
2701 4606 2839 4644 sum.
2854 4591 2981 4660 Ipse
3013 4589 3189 4645 etiam
3210 4590 3270 4646 in
3291 4608 3393 4647 sua
3416 4607 3612 4664 perso-

2002 4694 2079 4732 na
2099 4693 2296 4749 agens,
2318 4676 2570 4733 ostendit
2599 4677 2723 4733 aliis
2754 4678 2939 4733 verbis
2959 4695 3196 4734 suorum
3222 4680 3283 4735 in
3314 4680 3469 4736 bono
3490 4697 3619 4752 per-

2002 4764 2556 4831 severantiam,etin
2570 4764 2764 4820 futuro
2792 4769 3089 4834 eorum,et
3112 4767 3288 4822 etiam
3321 4768 3616 4822 malorum

2002 4850 2471 4919 retributionem,
2499 4851 2644 4907 sicut
2674 4853 2734 4908 in
2766 4871 3015 4927 persona
3045 4870 3283 4909 suorum
3306 4856 3612 4927 utramque

2001 4941 2540 4998 remunerationem
2567 4943 2921 5010 ostenderat,
2950 4946 3009 4997 et
3032 4942 3100 4996 id
3125 4941 3199 4997 ad
3218 4943 3327 4997 hoc
3354 4942 3515 5011 facit,
3549 4945 3621 4997 ut

2003 5035 2310 5103 utramque
2341 5030 2878 5085 remunerationem
2898 5030 3257 5086 ostendendo
3277 5046 3609 5103 perversam

1998 5120 2213 5193 Asapb,
2248 5122 2452 5175 contra
2494 5135 2672 5191 quam
2702 5118 2796 5173 hic
2839 5118 2979 5189 agit,
3014 5118 3200 5190 magis
3230 5118 3531 5191 magisque
3574 5136 3609 5175 a

2001 5207 2227 5264 malitia
2257 5210 2503 5273 revocet,
2538 5210 2596 5261 et
2625 5207 2734 5260 hoc
2761 5205 2838 5261 sic
2869 5205 3033 5261 dicit:
3066 5205 3201 5261 Dico
3223 5207 3378 5279 quod
3398 5206 3461 5262 de
3477 5207 3609 5278 fere

2004 5298 2177 5352 bibent
2190 5304 2507 5368 peccatores.
2538 5294 2659 5365 Ego
2684 5301 2863 5349 autem
2889 5295 3220 5349 annuntiabo
3248 5297 3305 5350 in
3336 5296 3610 5364 saeculum,

1999 5385 2058 5442 id
2083 5389 2169 5441 est
2197 5386 2297 5441 sed
2328 5384 2443 5440 mei
2461 5384 2599 5439 faece
2624 5400 2741 5439 non
2775 5383 3036 5457 potandi,
3058 5384 3509 5453 annuntiabunt,
3550 5383 3611 5441 id

1999 5477 2086 5532 est
2105 5474 2429 5531 narrabunt
2442 5472 2733 5529 mirabilia
2754 5476 2853 5529 tua
2870 5471 3018 5542 aliis,
3051 5472 3122 5529 de
3140 5474 3521 5547 generatione
3547 5473 3607 5531 in

1998 5562 2650 5641 generationem,usque
2662 5561 2723 5622 in
2734 5563 3009 5624 saeculum
3021 5562 3281 5624 futurum
3290 5566 3370 5636 ,et
3379 5564 3573 5623 cantat
3585 5582 3618 5625 ο
