3970 6040
441 295 572 349 1019

426 416 543 474 Deo
570 412 761 480 Jacob,
782 411 841 469 id
866 418 952 470 est
968 430 1099 472 cum
1122 414 1504 471 delectatione
1524 413 1841 468 laudabunt
1853 413 2033 465 Deum
2058 414 2114 472 Α

430 505 799 571 luctatorum,
817 504 878 559 ut
891 519 990 559 eos
1010 501 1461 559 viriliterluctari
1472 501 1858 556 faciatcontra
1878 498 2032 553 vitia.

427 592 506 649 Et
543 611 650 665 ego
679 595 737 647 in
765 593 958 647 futuro
993 594 1331 663 confrzngam
1364 608 1562 645 cornua
1585 595 1948 660 peccatorum,
1978 585 2036 640 id

1048 284 1106 346 S.
1147 280 1493 345 BRUNONIS
1532 275 2164 343 CARTHUSIANORUM
2197 277 2665 338 INSTlTU'l‘ORIS
2706 277 2860 337 OPP.
2896 280 3073 337 PARS
3111 282 3133 336 ῐ

3622 286 3767 339 1020

2596 408 2666 462 IN
2711 407 3039 464 PSALMUM
3089 375 3279 463 LX'XV.

2204 497 2420 552 Titulus
2443 496 2848 569 septuagesimi
2882 497 3089 570 quinti.
3110 496 3181 553 In
3215 498 3377 567 ﬁnem
3412 498 3470 551 in
3510 496 3768 553 laudibus

2139 586 2407 644 Psalmus.
2435 585 2623 657 Asaph
2652 588 2923 641 canticum
2958 586 3032 640 ad
3055 585 3328 656 Assyrios,
3371 586 3532 657 quod
3562 587 3645 640 sic
3672 604 3772 641 ex-

426 687 513 738 est
534 699 601 738 ex
630 685 753 736 toto
787 680 1081 736 destruam
1109 684 1437 752 peccatores
1460 680 1698 751 propter
1724 674 2038 742 cornua,.id
2136 675 2392 747 ponitur.
2414 675 2668 731 Psalmus
2694 675 2800 729 iste
2831 678 2917 729 est
2941 674 3144 745 Asaph,
3176 675 3235 729 id
3258 678 3345 729 est
3365 674 3557 729 ﬁdelis
3573 675 3765 747 Syna-

425 776 510 827 est
539 774 777 844 pr0pter
790 770 1173 826 sublimitates
1197 768 1480 841 superbiae
1495 784 1636 835 suae,
1661 773 1710 821 et
1727 764 2039 820 exaltabun-

429 866 515 915 tur
547 874 747 915 cornua
789 859 944 930 justi,
976 857 1035 913 id
1063 860 1147 913 est
1169 856 1306 929 justi
1358 855 1762 911 exaltabuntur
1800 853 2039 924 propter

425 948 806 1003 sublimitates
826 947 1100 1001 virtutum
1122 948 1181 1000 et
1201 946 1489 1000 bonorum
1513 957 1756 1013 operum
1778 955 2035 1005 suorum,

429 1053 556 1110 quae
570 1036 627 1090 in
641 1036 821 1091 altum
844 1035 1093 1090 tendunt
1112 1037 1174 1088 ut
1193 1049 1433 1088 cornua.
1448 1032 1548 1086 Vel
1561 1030 1728 1084 aliter
1743 1044 2042 1101 exponun-

427 1129 541 1193 tur,
562 1125 726 1195 juxta
753 1124 1141 1195 Augustinum
1171 1123 1231 1178 hi
1263 1123 1376 1177 duo
1404 1138 1617 1187 versus,
1657 1119 1871 1173 scilicet
1900 1118 2037 1170 hunc

2138 781 2305 849 gogee
2335 763 2637 836 dirigentis
2662 780 2721 819 se
2752 766 2807 818 in
2834 764 3016 833 ﬁnem,
3049 763 3109 818 id
3133 767 3219 819 est
3251 763 3311 818 in
3343 764 3670 826 Christum,
3706 766 3769 820 et

2139 870 2257 909 non
2288 852 2348 907 in
2373 852 2817 925 vituperatione,
2851 852 2951 907 sed
2974 852 3034 907 in
3064 852 3349 908 laudibus.
3364 852 3768 908 Laudatenim

2139 957 2270 996 cum
2302 940 2411 995 dici
2435 941 2518 994 Tu
2536 940 2812 1008 terribilis,
2838 944 2972 1009 etc.,
2996 942 3422 1012 etestpsalmus
3449 941 3561 996 iste
3586 943 3768 995 canti-

2138 1047 2278 1098 cum,
2297 1028 2356 1084 id
2383 1031 2469 1084 est
2493 1045 2627 1083 cum
2656 1046 2888 1084 summa
2919 1029 3303 1084 delectatione
3322 1032 3380 1084 et
3388 1028 3766 1101 jucunditate

2139 1120 2398 1191 prolatus
2409 1118 2479 1172 ad
2502 1119 2757 1189 Assyrios
2768 1117 3193 1174 convincendos
3218 1121 3278 1173 et
3307 1117 3767 1173 convertendos.

426 1214 692 1279 humiliat,
723 1214 857 1279 etc.,
884 1215 942 1266 et
964 1210 1409 1278 inclinavit,etc.,
1436 1210 1481 1263 si
1512 1209 1622 1263 hoc
1635 1206 1791 1279 quod
1819 1205 2038 1260 dictum
2137 1208 2225 1262 Ad
2253 1209 2479 1263 Iudaeos
2499 1208 2711 1263 scilicet
2741 1208 2837 1280 qui
2859 1224 3063 1263 revera
3091 1207 3305 1279 Assyrii
3336 1211 3493 1276 sunt,
3520 1211 3770 1281 propter

428 1304 513 1356 est
538 1318 550 1355 :
583 1300 718 1354 Dixi
746 1300 967 1371 iniquis,
991 1302 1049 1354 et
1087 1298 1248 1353 nolite
1274 1300 1452 1368 inique
1471 1312 1646 1365 agere,
1675 1296 1735 1348 et
1774 1292 1936 1347 nolite
1967 1292 2038 1345 lo-

425 1391 521 1462 qui
549 1388 795 1443 adversus
821 1390 997 1443 Deum
1028 1389 1381 1459 iniquitatem,
1407 1387 1477 1441 de
1499 1383 1633 1438 solis
1655 1381 1864 1437 Judzeis
1889 1381 2039 1436 dica-

426 1482 551 1547 tur;
586 1478 682 1549 qui
718 1477 1182 1532 antonomastice
1210 1475 1390 1548 iniqui
1422 1476 1574 1529 sunt.

500 1566 568 1619 Et
586 1566 697 1620 hoc
713 1565 790 1619 sic
812 1564 1022 1619 dicitur
1041 1581 1054 1618 :
1075 1564 1211 1618 Dixi
1238 1580 1343 1634 per
1361 1579 1522 1617 meos
1552 1559 1762 1632 iniquis
1784 1558 1994 1614 Iudaeis
2021 1575 2036 1614 :

428 1652 615 1709 Nolite
638 1655 815 1724 inique
840 1670 1014 1723 agere,
1033 1658 1082 1706 et
1100 1651 1333 1706 exaltare
1345 1668 1530 1717 cornu,
1558 1652 1668 1705 etc.
1688 1650 1875 1702 Ethoc
1906 1647 2037 1701 ideo

2139 1297 2573 1352 similitudinem
2600 1314 2789 1370 pravae
2811 1297 3051 1352 actionis
3067 1296 3455 1369 Assyriorum,
3476 1314 3663 1369 quam
3684 1312 3771 1350 re-

2138 1387 2427 1443 tinebant.
2460 1385 2616 1440 Sicut
2666 1385 2823 1440 enim
2855 1386 3068 1457 Assyrii
3100 1403 3133 1440 a
3162 1386 3291 1457 lege
3333 1385 3511 1457 Moysi
3563 1384 3767 1451 alieni,

2137 1475 2364 1530 Judaaos
2389 1473 2673 1546 persecuti
2715 1476 2869 1542 sunt,
2916 1473 2997 1528 ita
3022 1478 3080 1528 et
3114 1473 3454 1529 Judaeorum
3496 1490 3771 1546 perversa

2140 1580 2295 1637 pars,
2329 1580 2492 1619 veros
2544 1563 2771 1618 Judazos
2826 1564 2900 1618 ad
2956 1562 3134 1618 ﬁdem
3189 1562 3396 1618 Christi
3456 1579 3772 1618 conversos

2143 1668 2556 1725 usquequaque
2572 1650 2856 1722 persecuti
2872 1650 3361 1707 sunt.Secundum
3379 1654 3578 1707 autem
3597 1652 3774 1722 hujus

429 1742 565 1813 quia
590 1740 924 1811 Deus'judex
948 1747 1044 1804 est,
1069 1739 1167 1812 qui
1188 1756 1307 1795 non
1336 1738 1528 1793 veniet
1555 1738 1622 1792 ab
1651 1739 1869 1804 oriente,
1902 1739 2037 1802 etc.,
2065 1729 2117 1789 B
2144 1740 2296 1796 vocis
2332 1739 2899 1812 interpretationem,
2952 1740 3109 1812 quod
3162 1743 3247 1795 est
3295 1740 3577 1812 Assyrius,
3623 1740 3769 1795 falso

431 1829 527 1902 qui
559 1828 812 1884 districta
836 1828 1121 1900 judicabit
1151 1844 1248 1883 vos
1277 1827 1593 1882 secundum
1625 1841 1804 1898 Opera
1828 1826 2037 1890 vestra,

429 1921 489 1974 et
507 1917 567 1973 in
588 1917 697 1973 hoc
724 1920 968 1985 constat,
983 1916 1139 1989 quod
1156 1914 1214 1970 in
1240 1916 1432 1971 futuro
1461 1913 1714 1970 districte
1734 1910 2041 1983 judicabit,

433 2007 567 2080 quia
591 2006 682 2061 hic
706 2007 830 2078 jam
846 2005 1065 2078 judicio
1087 2021 1188 2060 suo
1209 2005 1350 2059 hunc
1371 2003 1642 2069 humiliat,
1671 2011 1722 2056 et
1743 2002 1881 2055 hunc
1901 1999 2043 2053 exal-

430 2105 531 2152 tat.
554 2096 877 2162 Judaicum,
910 2094 1124 2149 scilicet
1167 2094 1468 2165 populum,
1502 2090 1599 2164 qui
1629 2089 1892 2145 sublimis
1922 2089 2048 2142 erat

435 2186 497 2242 in
531 2185 736 2240 notitia
761 2184 925 2255 legis,
959 2184 1032 2238 ad
1061 2182 1324 2255 gentium
1367 2177 1890 2251 comparationem,
1918 2190 2047 2246 qua:

437 2274 632 2344 legem
675 2272 902 2345 penitus
929 2269 1299 2343 ignorabant,
1316 2268 1585 2323 humiliat
1606 2264 1945 2322 excaecando
1958 2304 1972 2330 ,
1989 2265 2047 2318 et

442 2362 596 2417 hunc
623 2361 836 2416 scilicet
855 2358 1134 2432 gentilem
1179 2359 1480 2431 populum,
1514 2356 1612 2428 qui
1653 2353 1886 2409 humilis
1923 2355 2048 2407 erat

441 2453 614 2522 atque
636 2447 989 2520 repudiatus,
1004 2443 1633 2513 exaltat,illuminando
1656 2459 1789 2498 eum
1803 2440 2046 2513 spiritali

431 2535 578 2609 legis
606 2535 919 2591 intellectu.
941 2534 1186 2606 Exponit
1210 2536 1401 2588 autem
1423 2531 1833 2605 qualiterhunc
1857 2528 2045 2583 humi-

434 2626 559 2688 liet,
582 2630 640 2681 et
654 2625 1056 2691 huncexaltet,
1074 2640 1204 2678 cum
1237 2621 1432 2677 addit:
1460 2621 1605 2676 Vere
1630 2621 1769 2674 hunc
1799 2616 2048 2671 humiliat

433 2722 486 2769 et
513 2715 650 2769 hunc
684 2713 904 2780 exultat,
946 2714 1074 2786 quia
1118 2714 1175 2765 in
1214 2729 1403 2778 manu,
1455 2709 1514 2765 id
1544 2712 1629 2764 est
1669 2708 1730 2762 in
1762 2707 2047 2779 potestate

435 2803 667 2860 Domini
691 2806 777 2857 est
796 2802 959 2870 calix,
972 2804 1132 2857 vetus
1152 2802 1260 2868 lex,
1287 2800 1498 2855 scilicet
1510 2816 1638 2871 quae
1659 2797 1801 2853 calix
1817 2795 2044 2861 dicitur,

435 2909 504 2948 eo
536 2892 693 2964 quod
714 2891 772 2945 in
802 2908 870 2946 ea
890 2890 1212 2945 intellectus
1237 2888 1585 2956 continetur,
1616 2891 1678 2942 ut
1693 2885 1965 2959 poculum
1988 2882 2045 2937 in

2144 1829 2356 1901 Assyrii
2385 1827 2563 1883 Judaei
2587 1828 2874 1883 dicuntur.
2906 1828 3168 1900 Assyrius
3197 1828 3355 1884 enim
3386 1828 3600 1884 dicitur
3639 1828 3773 1883 diri-

2147 1935 2310 1991 gens.
2342 1917 2553 1989 Assyrii
2580 1915 2757 1987 igitur
2784 1916 2966 1971 Judaei
2999 1916 3288 1985 dicuntur,
3318 1934 3436 1972 non
3470 1917 3634 1990 quod
3654 1917 3770 1971 sint

2146 2005 2204 2061 in
2237 2004 2443 2061 divinis
2475 2005 2775 2077 prmceptis
2814 2005 3133 2078 dirigentes
3178 2023 3257 2074 se,
3303 2006 3405 2061 sed
3452 2005 3589 2078 quia
3644 2022 3770 2060 sese

2146 2096 2296 2151 solos
2327 2094 2643 2166 dirigentes
2687 2110 2812 2150 esse
2855 2094 3233 2150 mentiantur.
3283 2095 3450 2149 Juxta
3498 2092 3659 2166 quod
3708 2094 3769 2148 in

2148 2181 2458 2254 Evangelio
2517 2181 2730 2252 legitur
2771 2198 2784 2235 :
2817 2201 2848 2235 ι
2900 2182 3014 2237 Nos
3063 2182 3236 2255 Moysi
3271 2181 3533 2256 discipuli
3566 2199 3769 2237 sumus

2151 2271 2336 2345 (Joan.
2370 2285 2444 2335 1x,
2480 2268 2591 2341 28).
2617 2268 2797 2323 nAlibi
2820 2285 2954 2324 vero
2985 2270 3056 2325 de
3080 2269 3215 2340 ipsis
3242 2271 3539 2342 legitur:«
3570 2271 3771 2342 Popu-

2146 2361 2234 2415 lus
2245 2359 2336 2413 hic
2356 2357 2522 2413 labiis
2537 2374 2632 2413 me
2654 2359 3032 2427 honorat,cor
3051 2361 3246 2414 autem
3260 2375 3463 2414 eorum
3485 2359 3668 2430 longe
3685 2361 3771 2414 est

2147 2466 2181 2504 a
2204 2465 2297 2503 me
2317 2446 2450 2513 (Isa.
2483 2464 2631 2512 xxix,
2664 2451 2749 2515 lit;
2782 2445 2963 2501 Marc.
2995 2464 3094 2515 vn,
3120 2448 3197 2518 6).
3238 2466 3268 2497 ι
3303 2446 3771 2502 ContraJudeeos

2147 2537 2383 2609 quidem
2410 2537 2666 2607 psalmus
2693 2535 2798 2590 iste
2830 2536 2979 2590 bene
3008 2552 3179 2607 agere
3197 2535 3428 2592 dicitur.
3459 2536 3609 2590 Nam
3634 2534 3769 2607 quia

2144 2627 2473 2681 Judueorum
2497 2641 2628 2697 pars
2649 2641 2916 2697 perversa
2946 2624 3017 2680 de
3043 2624 3132 2679 his
3159 2625 3469 2691 vocabulis,
3505 2641 3639 2697 qua:
3678 2624 3768 2678 in-

2141 2716 2295 2788 juste
2312 2714 2419 2769 sibi
2445 2713 2788 2776 ascribebat,
2813 2712 3194 2786 gloriabatur,
3221 2713 3465 2769 dicendo
3497 2711 3769 2768 videlicet

2148 2820 2210 2859 se
2253 2803 2480 2858 Judaaos
2525 2800 2656 2868 dici,
2690 2804 2748 2855 et
2779 2801 3154 2870 Hierusalem,
3187 2804 3247 2857 et
3285 2802 3480 2871 Israel,
3516 2805 3574 2856 et
3603 2801 3764 2856 Sion.

2147 2891 2341 2962 Asaph
2387 2889 2575 2945 fidelis
2600 2906 2699 2944 eos
2726 2889 3032 2945 humiliare
3064 2889 3340 2958 intendit,
3372 2889 3768 2962 comprobans

438 2979 636 3037 calice.
671 2979 825 3035 Calix
851 2979 978 3035 dico
1000 2978 1189 3050 plenus
1232 2979 1368 3032 meri
1395 2979 1526 3044 vini,
1556 2978 1614 3031 et
1637 2976 1825 3051 plenus
1868 2974 2044 3075 misto,
2072 3015 2119 3075 α
2150 2996 2267 3035 non
2291 2979 2444 3050 juste
2470 2977 2560 3032 his
2585 2993 2683 3032 eos
2710 2977 2999 3032 vocabulis
3026 2978 3128 3032 uti.
3167 2978 3492 3034 Ostendens
3531 2993 3768 3050 quoque

438 3070 498 3126 id
528 3072 615 3125 est
639 3067 977 3124 redundans
1004 3083 1149 3139 puro
1180 3070 1239 3122 et
1267 3065 1508 3137 spiritali
1542 3065 1860 3129 intellecta,
1887 3061 2047 3134 quod
2075 3061 2119 3075 ’⁸⁸
2149 3067 2247 3141 qui
2254 3068 2409 3138 juste
2428 3066 2693 3121 dicantur
2713 3066 2892 3121 Judaei
2916 3070 2973 3120 et
2993 3067 3349 3122 Hierusalem
3382 3070 3442 3121 et
3470 3066 3637 3122 Sion.
3657 3067 3765 3121 De-

438 3173 670 3216 merum
727 3156 924 3212 vinum
980 3155 1210 3224 dicitur,
1265 3172 1333 3211 eo
1384 3154 1539 3226 quod
1595 3168 1806 3226 purum
1851 3154 1936 3206 est
1992 3152 2047 3205 et

437 3244 855 3313 dulcissimum,
890 3249 947 3299 et
988 3244 1283 3299 laetiﬁcans
1331 3225 1508 3297 corda
1763 3239 2044 3306 fidelium,

435 3333 509 3390 ad
536 3331 776 3390 modum
828 3332 942 3386 vini
1000 3331 1167 3399 meri,
1201 3335 1259 3386 et
1301 3331 1634 3386 redundans
1684 3329 1854 3383 misto
1892 3328 2043 3394 vino,

338 3440 341 3447 '
434 3421 495 3477 id
526 3425 612 3477 est
638 3418 871 3475 turbido
900 3422 958 3475 et
993 3423 1244 3487 austero,
1282 3419 1438 3491 quod
1470 3418 1645 3473 etiam
1675 3417 1784 3472 faex
1817 3416 2044 3483 dicitur,

432 3510 648 3567 scilicet
696 3508 912 3564 carnali
966 3509 1261 3563 intellectu
1306 3508 1379 3563 ad
1429 3508 1683 3563 litteram
1742 3504 1838 3578 qui
1899 3506 2047 3560 bene

435 3598 672 3654 mistum
696 3596 894 3652 vinum
930 3598 989 3652 et
1025 3597 1134 3651 faex
1164 3595 1390 3663 dicitur,
1439 3612 1507 3651 eo
1552 3595 1707 3668 quod
1749 3593 2047 3649 turbidum

432 3690 517 3744 est
548 3690 606 3743 et
635 3690 950 3742 austerum.
984 3684 1071 3740 Ad
1098 3684 1540 3740 similitudinem
1565 3683 1721 3738 misti
1751 3682 2049 3754 vini‘quod

432 3778 542 3833 faex
592 3776 819 3844 dicitur,
874 3780 933 3831 et
980 3776 1134 3830 hunc
1175 3774 1412 3830 calicem
1464 3773 1741 3830 inclinavit
1768 3790 1831 3827 ex
1858 3773 1953 3826 hoc
1993 3774 2049 3825 in

432 3868 550 3933 hoc,
584 3865 641 3921 id
670 3869 755 3921 est
780 3883 848 3920 ex
876 3865 1111 3921 Iudaico
1161 3866 1375 3937 p0pulo
1419 3866 1617 3934 potato
1671 3861 1956 3917 convertit
1985 3860 2044 3915 in

434 3954 714 4027 gentilem
766 3954 1065 4025 pOpulum,
1109 3969 1285 4024 quem
1334 3951 1469 4007 inde
1518 3950 1768 4022 potavit.-
1818 3950 2048 4004 Verum-

2149 3159 2482 3211 monstrans
2510 3154 2748 3225 insuper
2789 3158 2848 3209 et
2890 3155 3167 3211 falsorum
3198 3154 3535 3211 Judaaorum
3565 3155 3631 3210 in
3657 3155 3765 3209 hoc

2147 3246 2354 3300 seculo
2385 3244 2913 3312 excmcationem,et
2932 3243 2988 3298 in
3003 3244 3197 3300 futuro
3217 3244 3537 3299 maximum
3554 3260 3764 3299 eorum

2145 3336 2489 3388 tremorem.
2521 3330 2859 3402 Adjungens
2888 3334 3090 3403 postea
3117 3347 3389 3386 verorum
3425 3331 3765 3386 Iudaeorum

2147 3422 2528 3478 salvationem
2552 3436 2566 3475 :
2595 3421 2836 3492 propter
2879 3420 3063 3475 bonas
3093 3419 3473 3492 cogitationes
3500 3422 3558 3474 et
3582 3435 3766 3491 opera

2145 3512 2322 3580 bona,
2354 3525 2600 3582 quorum
2629 3508 2918 3580 exemplo,
2950 3507 3103 3579 ipsos
3127 3524 3424 3580 perversos
3454 3508 3766 3563 adVersum

2148 3616 2291 3672 quos
2317 3597 2434 3670 agit
2465 3598 2764 3664 admonet,
2789 3596 2862 3651 ad
2890 3596 3216 3651 vovendum
3247 3597 3365 3652 Deo
3398 3597 3554 3652 bona
3584 3613 3767 3669 Opera

2149 3683 2481 3759 cogitando,
2503 3688 2561 3741 et
2590 3685 2663 3739 ad
2692 3684 3053 3740 reddendum
3087 3684 3406 3757 operando,
3435 3684 3764 3758 adjungens

2102 3818 2105 3819 ν
2149 3792 2380 3830 causam
2411 3790 2588 3846 quare
2615 3774 2724 3829 hoc
2754 3773 3088 3828 faciendum
3116 3773 3210 3828 sit.

2218 3863 2396 3919 Notus
2421 3865 2477 3917 in
2504 3862 2695 3917 Judaea
2721 3861 2889 3928 Deus,
2912 3877 2978 3916 ac
3000 3861 3045 3916 si
3080 3862 3258 3917 dicat:
3283 3862 3468 3918 Nolite
3499 3862 3766 3918 inﬁdeles

2146 3952 2324 4007 Judaei
2348 3951 2583 4023 gloriari
2600 3951 2671 4005 de
2697 3951 2806 4005 hoc
2827 3950 3087 4017 nomine,
3101 3950 3257 4022 quod
3272 3955 3357 4006 est
3370 3951 3591 4019 Judesa,
3608 3951 3764 4024 quod

437 4047 634 4108 tamen,
666 4041 799 4095 licet
845 4040 1081 4095 inclinet
1111 4041 1366 4112 potando
1421 4041 1575 4094 hunc
1619 4042 1677 4093 et
1720 4039 1894 4106 hunc,
1930 4054 2046 4093 non
2146 4041 2356 4113 injuste
2377 4039 2534 4095 vobis
2551 4039 2853 4094 ascribitis.
2882 4041 2942 4094 ln
2963 4038 3163 4094 Judma
3194 4056 3447 4113 namque
3475 4042 3631 4096 Deus
3658 4057 3764 4095 no-

437 4129 644 4184 eodem
678 4127 852 4183 modo
903 4130 1066 4200 potat
1097 4131 1427 4199 utrumque,
1465 4144 1604 4182 nam
1645 4128 1757 4196 [ωε
1801 4126 1922 4196 ejus
1953 4143 2044 4181 ca-
2144 4133 2238 4185 tus
2267 4131 2372 4199 est,
2407 4128 2465 4183 id
2498 4132 2595 4183 est:
2612 4128 2692 4183 illi
2726 4128 2822 4200 qui
2868 4144 3071 4183 revera
3113 4128 3313 4183 Judzea
3351 4132 3507 4196 sunt,
3562 4129 3627 4184 id
3680 4133 3764 4184 est

439 4216 565 4273 licis
593 4233 699 4271 non
746 4221 820 4270 est
867 4217 1164 4283 exinanita,
1198 4215 1258 4270 id
1309 4219 1394 4271 est
1423 4215 1669 4270 carnalis
1727 4215 2047 4269 intellectus
2148 4221 2329 4275 Deum
2353 4216 3203 4288 pureconﬁtentes,DeiChristi
3235 4217 3503 4272 notitiam
3520 4218 3763 4273 habent.

445 4306 568 4376 ejus
596 4302 741 4377 legis
764 4319 881 4360 non
909 4302 1271 4360 cxinanietur
1301 4322 1333 4359 a
1360 4303 1590 4372 Iudaeis,
1618 4305 1718 4360 sed
1740 4306 1798 4360 in
1823 4306 1903 4361 eis
1923 4323 2049 4377 per-
2073 4301 2127 4363 D
2150 4308 2272 4373 Qua
2299 4324 2431 4362 cum
2460 4306 2723 4374 careatis,
2777 4322 2894 4361 non
2950 4305 3148 4379 utique
3176 4305 3375 4362 Judeea
3405 4307 3559 4373 estis,
3604 4309 3667 4361 et
3710 4307 3765 4360 in

438 4391 742 4461 severabit,
776 4390 930 4465 quod
960 4394 1045 4448 est
1077 4390 1266 4448 dicere
1299 4410 1313 4449 :
1347 4394 1487 4448 Ecce
1517 4392 1744 4448 Judeeos
1783 4411 2046 4465 perseve-
2147 4396 2319 4451 Israel
2336 4413 2592 4467 magnum
2620 4397 2704 4450 est
2721 4412 2909 4449 nomen
2939 4394 3071 4465 ejus,
3097 4395 3253 4466 quod
3283 4398 3370 4449 est
3389 4411 3453 4449 ac
3490 4394 3536 4449 si
3567 4395 3763 4451 dicat:

441 4486 643 4542 ranter
669 4482 915 4554 potabit.
934 4481 1162 4537 Perhoc
1179 4482 1583 4537 auteminnuit
1600 4481 1753 4554 quod
1770 4484 2049 4554 populum
2150 4486 2344 4558 Neque
2371 4485 2441 4539 de
2477 4485 2585 4539 hoc
2612 4483 2852 4539 nomine
2884 4483 3041 4555 quod
3071 4486 3156 4538 est
3187 4485 3378 4552 Israel,
3403 4483 3764 4556 gloriamini.

440 4571 722 4645 gentilem
754 4586 917 4625 mero
944 4569 1075 4625 vino
1106 4571 1350 4642 potabit,
1390 4573 1447 4625 et
1483 4570 1742 4641 quamvis
1781 4570 1920 4626 faece
1959 4572 2052 4627 hic.
2150 4573 2220 4628 In
2245 4572 2416 4628 Israel
2427 4572 2587 4627 enim
2617 4588 2894 4642 magnum,
2917 4570 2976 4626 id
3004 4574 3089 4626 est
3118 4572 3437 4643 gloriosum
3464 4575 3553 4627 est
3571 4588 3768 4627 nomen

437 4660 620 4716 Judaei
648 4661 941 4732 potentur,
974 4663 1176 4731 gentes
1204 4675 1338 4713 vero
1385 4673 1547 4714 mero
1579 4659 1731 4727 vino,
1762 4661 1958 4714 tamen
1994 4660 2051 4715 in
2153 4662 2285 4733 ejus,
2321 4661 2382 4716 id
2409 4664 2494 4715 est
2536 4660 2633 4733 qui
2667 4676 2867 4715 revera
2897 4660 3070 4714 Israel
3102 4663 3254 4725 sunt,
3294 4676 3513 4715 nomen
3555 4660 3765 4715 Christi

438 4750 633 4806 futuro
674 4748 744 4804 de
786 4764 950 4803 mero
1003 4747 1205 4802 bibent
1234 4763 1457 4813 omnes,
1491 4747 1550 4803 id
1580 4751 1666 4802 est
1699 4748 2054 4804 omnismodi
2154 4748 2481 4821 glorificant
2506 4751 2563 4803 et
2604 4747 3007 4819 magniﬁcant.
3044 4747 3208 4812 Quod
3236 4748 3413 4820 igitur
3445 4765 3576 4803 cum
3611 4747 3769 4820 apud

443 4843 776 4915 peccatores
802 4842 972 4894 terrae
999 4854 1116 4893 non
1148 4837 1335 4891 solum
1362 4838 1625 4908 gentiles,
1643 4839 1742 4893 sed
1772 4841 1831 4893 et
1849 4838 2050 4895 Judaei.
2151 4852 2250 4892 vos
2282 4853 2400 4892 non
2428 4853 2733 4909 magnum,
2767 4836 2867 4891 sed
2895 4836 3237 4891 vilissimum
3262 4837 3489 4905 existat,
3512 4854 3634 4892 non
3657 4838 3768 4892 uti-

442 4927 608 4993 Quod
637 4931 722 4984 est
752 4927 942 4984 dicere
967 4943 980 4981 :
1014 4924 1184 4981 Dabit
1212 4925 1271 4980 in
1298 4925 1492 4980 futuro
1514 4925 1872 4981 intellectum
1895 4927 2055 4999 spiri—
2154 4942 2265 4997 que
2289 4926 2458 4981 Israel
2471 4925 2623 4993 estis,
2638 4924 2697 4979 id
2722 4928 2807 4979 est
2838 4926 3019 4980 Deum
3036 4924 3313 4992 videntes,
3332 4932 3381 4980 et
3405 4926 3587 4996 factus
3615 4934 3691 4979 est
3715 4928 3770 4979 in

440 5019 620 5075 talem
644 5017 899 5091 reliquiis
922 5016 1277 5078 Judieorum,
1297 5031 1425 5086 quin
1456 5017 1625 5071 salvae
1659 5016 1823 5085 flent,
1845 5019 1904 5072 et
1930 5016 2006 5072 sic
2036 5033 2049 5072 :
2138 5016 2142 5021 ’
2146 5031 2280 5085 pace
2303 5014 2444 5068 locus
2464 5013 2599 5084 ejus.
2618 5015 2681 5067 In
2694 5012 2805 5068 alia
2826 5012 3204 5068 translatione
3224 5013 3471 5068 habetur
3487 5030 3544 5068 in
3560 5011 3767 5071 Solem.

443 5106 797 5163 omnismodi
813 5107 1144 5178 peccatores
1158 5119 1319 5158 mero
1349 5103 1723 5175 potabuntur.
1743 5104 1877 5160 Dico
1900 5105 2056 5177 quod
2156 5102 2271 5157 Sed
2287 5102 2421 5174 quia
2437 5101 2620 5157 Solem
2646 5118 2763 5172 pax
2791 5101 3230 5173 interpretatur,
3254 5118 3361 5174 pra
3386 5101 3569 5158 Solem
3604 5102 3772 5174 ponit

440 5193 622 5251 Judaei
654 5197 881 5249 tantum
924 5193 984 5248 in
1014 5192 1131 5248 fine
1170 5190 1377 5246 mundi
1409 5191 1615 5247 bibent
1653 5209 1903 5248 merum.
1936 5193 2057 5264 Ego
2147 5207 2437 5263 pocem,ae
2462 5189 2506 5245 si
2539 5190 2754 5245 diceret
2781 5191 2894 5245 :De
2926 5191 3036 5245 hoc
3063 5207 3293 5263 quoque
3311 5190 3587 5246 vocabulo
3613 5191 3772 5264 quod

444 5285 644 5347 autem,
676 5279 735 5335 id
760 5284 845 5336 est
874 5280 1011 5349 mei,
1045 5280 1173 5351 jam
1203 5278 1338 5334 inde
1388 5280 1593 5351 potati,
1628 5281 2061 5336 annuntiabunt
2159 5283 2245 5334 est
2270 5280 2483 5348 Salem,
2511 5278 2807 5349 superbire
2829 5278 3103 5333 desistite.
3136 5278 3205 5332 In
3244 5278 3426 5334 Solem
3446 5280 3666 5353 quippe
3685 5281 3774 5351 fo-

444 5367 507 5422 in
533 5369 830 5438 saeculum,
863 5371 922 5424 et
946 5372 1155 5425 caetera
1175 5383 1305 5441 qua:
1333 5385 1514 5442 usque
1541 5368 1602 5424 in
1640 5369 1818 5425 finem
1850 5369 2057 5441 psalmi
2158 5376 2271 5424 ctus
2290 5376 2362 5424 est
2393 5368 2532 5424 locus
2561 5368 2676 5440 ejus
2707 5367 2948 5442 Christi,
2972 5367 3035 5442 id
3065 5370 3156 5442 est
3191 5367 3251 5422 in
3293 5368 3403 5423 illis
3434 5368 3533 5441 qui
3566 5385 3773 5426 revera

448 5459 602 5525 sunt,
635 5473 753 5512 non
784 5461 1104 5515 mutantur.
1191 5439 1211 5441 ἡ
1417 5439 1440 5442 ἡ
1850 5439 1869 5441 _
2161 5457 2500 5534 Solymitani
2515 5439 2666 5529 sunt,
2682 5457 2894 5514 scilicet
2905 5439 3320 5532 290pacem
3333 5439 3619 5515 habentes
3637 5475 3772 5518 cum
