3970 6040
1275 317 1632 385 EXPOSI’I‘IO
1669 322 1740 382 IN
1776 317 2110 382 PSALMOS.
2140 357 2209 367 —
2238 312 2432 383 PSAL.
2476 318 2645 381 Lxxv
3481 328 3620 383 1022

317 318 443 385 l02l

308 448 426 505 Deo
459 453 516 504 et
536 464 668 505 cum
682 448 947 521 proximo
968 466 982 517 ;
1006 451 1207 504 manet
1223 450 1371 504 Deus
1384 465 1502 504 non
1525 447 1914 514 localiter,sed
1934 450 1988 508 A
2016 445 2267 513 mientis,
2284 445 2381 517 qui
2413 446 2599 501 donec
2631 460 2902 500 somnum
2932 444 3244 516 compleat,
3274 448 3392 502 non
3415 446 3623 501 excita-

307 537 662 611 spiritaliter,
694 538 838 593 sicut
859 536 1064 609 aliquis
1086 537 1144 591 in
1172 538 1295 592 loco
1311 537 1502 608 aliquo
1526 536 1915 591 manet.Juxta
2014 537 2128 601 tur,
2160 534 2473 589 Inﬂdelitas
2497 536 2692 588 autem
2720 549 2958 588 somnus
2971 532 3198 601 dicitur,
3219 550 3287 589 eo
3310 534 3464 607 quod
3482 551 3614 606 gra-

311 626 467 698 quod
490 628 742 683 Joannes
772 627 1120 699 evangelista
1140 628 1414 681 testatur:
1440 648 1467 675 ‹‹
1494 625 1598 689 Qui
1631 627 1829 679 manet
1853 624 1912 678 in
2012 626 2107 678 vat
2138 622 2381 690 animas,
2407 622 2551 677 sicut
2569 639 2808 678 somnus
2834 637 3096 693 corpora.
3113 622 3275 677 Unde
3287 624 3613 694 Apostolus:

308 715 587 773 cha'ritate
605 721 756 788 (quae
780 731 980 770 revera
1005 717 1063 769 et
1084 714 1292 769 merito
1325 730 1430 785 pax
1450 713 1679 778 dicitur)
1708 712 1767 766 in
1795 715 1909 767 Deo

307 809 508 861 manet
527 810 585 860 et
614 807 761 860 Deus
782 803 840 858 in
858 820 926 858 eo
944 801 999 871 (Ι
1015 803 1270 869 Joan.1v,
1291 804 1394 869 l6).
1421 822 1448 851 »
1469 802 1757 856 Craterum
1773 799 1910 872 quia

308 893 407 949 Dei
441 895 596 949 locus
619 909 737 948 esse
762 891 1023 958 renuitis,
1059 907 1165 946 nec
1196 889 1387 945 Salem
1412 890 1569 961 juste
1588 887 1902 956 vocamini;

305 989 355 1036 et
383 982 641 1036 habitatio
684 980 797 1051 ejus
851 983 936 1034 est
984 982 1040 1033 in
1080 978 1236 1045 Sion,
1284 995 1348 1033 ac
1388 978 1432 1033 si
1464 982 1735 1051 poneret:
1762 976 1901 1032 Sion

307 1070 481 1125 etiam
508 1069 616 1124 hoc
627 1068 991 1136 vocabulum,
1022 1066 1197 1122 nolite
1215 1067 1373 1122 vobis
1385 1070 1727 1139 arroganter
1741 1063 1904 1120 attri-

306 1157 505 1212 buere.
538 1156 606 1209 In
635 1156 770 1212 Sion
798 1155 1010 1227 quippe
1040 1155 1297 1210 habitatio
1333 1156 1445 1226 ejus
1475 1155 1680 1210 Christi
1711 1156 1814 1219 est,
1848 1150 1908 1205 id

308 1249 394 1299 est
422 1244 481 1299 in
510 1244 621 1300 illis
639 1244 736 1316 qui
768 1243 904 1299 Sion
923 1247 1057 1297 sunt
1071 1243 1210 1307 veri,
1237 1243 1505 1298 videlicet
1524 1243 1908 1314 speculatores

308 1336 681 1389 aeternorum.
715 1332 969 1388 Christus
990 1332 1307 1387 secundum
1341 1331 1747 1405 imperantem
1776 1346 1908 1401 gra-

306 1422 449 1477 tiam
479 1422 718 1477 habitat.
749 1421 1163 1477 Verumtamen
1192 1423 1325 1494 quia
1356 1423 1601 1494 procula
1621 1420 1781 1476 vobis
1802 1422 1907 1487 est,

309 1511 551 1565 minime
565 1510 799 1582 quidem
823 1508 961 1564 Sion
981 1510 1135 1565 estis.
1151 1510 1289 1565 Inde
1303 1526 1436 1565 vero
1451 1513 1675 1565 constat
1699 1525 1831 1563 eum
1849 1507 1909 1561 in

309 1598 446 1654 Sion
479 1599 763 1667 habitare,
794 1599 931 1671 quia
953 1599 1046 1665 ibi,
1076 1598 1135 1653 id
1167 1601 1251 1653 est
1280 1598 1334 1652 in
1361 1597 1498 1654 Sion
1532 1601 1589 1652 et
1608 1597 1913 1652 lsraelcon-

304 1687 492 1757 fregit,
522 1686 581 1741 id
611 1689 695 1742 est
722 1688 961 1743 omnino
995 1687 1284 1741 dextruxit
1299 1689 1819 1757 potentiasarcuum,
1853 1684 1913 1738 id

2013 733 2041 763 «
2066 712 2168 776 Qui
2203 712 2520 778 dormiunt,
2555 715 2729 791 nocte
2758 710 3055 765 dormiunt
3085 709 3143 783 (Ι
3161 710 3339 765 Thess.
3379 725 3436 779 v,
3468 714 3546 782 '7).
3580 728 3613 766 >>

2010 800 2079 853 Et
2106 800 2243 855 alibi
2279 816 2292 853 :
2331 801 2532 855 «Hora
2560 802 2646 855 est
2692 799 2821 870 jam
2872 815 2976 853 nos
3021 797 3092 853 de
3142 813 3349 853 somno
3378 816 3614 871 surgere

2007 885 2185 952 (Rom.
2221 904 2340 957 xm,
2376 888 2484 959 11).
2518 908 2545 937 ››
2580 888 2649 942 Et
2679 888 2813 958 quia
2864 887 3176 954 dormient,
3210 886 3315 958 ipsi
3344 888 3455 941 vivi
3478 887 3615 942 divi-

2009 977 2207 1030 tiarum
2227 976 2403 1031 futuri
2422 993 2525 1047 pro
2539 976 2906 1047 reputatione
2927 992 3174 1043 sua,non
3193 975 3511 1031 secundum
3527 976 3614 1032 rei

2005 1064 2332 1127 veritatem,
2358 1066 2502 1120 nihil
2521 1068 2830 1119 invenerunt
2856 1066 2911 1118 in
2930 1064 3173 1119 manibus
3187 1081 3313 1133 suis,
3344 1064 3500 1137 quod
3526 1067 3613 1119 est

2010 1151 2199 1207 dicere
2224 1170 2237 1207 :
2270 1156 2394 1224 Ipse
2422 1152 2520 1226 qui
2544 1171 2603 1209 se
2635 1155 2785 1208 solos
2816 1153 3130 1224 opinantur
3157 1152 3380 1208 futuros
3404 1151 3608 1208 divites

2009 1245 2229 1296 azterna
2256 1242 2457 1313 gloria,
2502 1242 2561 1297 in
2609 1242 2700 1296 die
2726 1242 2928 1314 judicii
2970 1242 3112 1296 nihil
3156 1241 3528 1296 beatitudinis
3552 1242 3612 1297 in

2010 1330 2317 1402 praesentia
2339 1330 2423 1384 sui
2461 1330 2777 1397 invenient,
2795 1348 2829 1384 a
2847 1316 3222 1386 similitudine
3247 1329 3610 1397 dormientis,

2010 1418 2108 1489 qui
2140 1418 2364 1473 divitias
2396 1420 2548 1475 inter
2578 1436 2787 1473 manus
2825 1418 3039 1472 habere
3071 1418 3418 1485 somniat,et
3443 1417 3615 1489 evigi-

2011 1506 2135 1560 lans
2163 1506 2303 1561 nihil
2352 1507 2411 1562 in
2472 1508 2739 1562 manibus
2779 1506 3015 1564 invenit.
3063 1508 3431 1562 Demonstrat
3478 1522 3611 1562 vero

2011 1594 2164 1649 unde
2198 1595 2530 1650 dormitatio
2562 1596 2658 1650 illa
2675 1596 2936 1666 contigit,
2956 1598 3013 1649 et
3030 1599 3268 1665 propter
3280 1611 3455 1666 quam
3481 1610 3613 1649 cauo

2010 1699 2134 1737 sam
2158 1699 2175 1736 :
2215 1700 2286 1737 ne
2312 1683 2522 1754 injuste
2556 1700 2586 1737 a
2615 1685 2734 1738 Deo
2758 1683 3039 1755 permissa
3060 1700 3180 1737 esse
3205 1683 3485 1749 videatur,
3501 1682 3610 1737 sic:

306 1779 393 1847 est
421 1776 806 1832 instrumenta
833 1776 930 1831 illa
948 1793 1054 1849 per
1082 1793 1387 1848 quaearcus
1413 1777 1620 1831 laedere
1650 1776 1908 1848 possunt,
1932 1771 1983 1829 B
2009 1772 2470 1838 Dormitaverunt,
2506 1772 2768 1844 inquam,
2792 1771 2849 1826 id
2868 1773 2953 1825 est
2969 1771 3292 1839 dormient;
3324 1774 3383 1826 et
3409 1771 3520 1826 hoc
3548 1773 3613 1826 ab

304 1879 433 1935 quae
452 1864 582 1920 ideo
602 1866 873 1936 potentiae
893 1864 1177 1929 dicuntur,
1198 1864 1436 1934 sagittas
1454 1863 1808 1918 scilicet.Per
1821 1877 1905 1915 sa-

306 1952 482 2023 gittas
498 1952 778 2008 nimirum
803 1970 931 2025 qua!
950 1953 1109 2024 quasi
1128 1953 1327 2007 furtim
1349 1956 1407 2007 et
1422 1951 1742 2024 improvide
1756 1966 1910 2005 acce-

306 2041 509 2096 dentes
530 2041 767 2108 lzrdunt,
794 2041 911 2096 doli
933 2041 1030 2113 qui
1062 2042 1311 2096 latenter
1330 2044 1498 2095 nocet
1530 2039 1908 2112 accipientur,

305 2132 365 2184 et
393 2130 655 2199 confregit
680 2130 755 2184 ibi
775 2136 1002 2184 scutum.
1048 2131 1158 2184 Per
1188 2133 1411 2184 scutum
1439 2145 1553 2201 quo
1584 2127 1909 2200 protegitur

307 2216 532 2288 aliquis,
556 2217 873 2287 pertinacia
898 2218 1216 2290 peccatoris
1246 2219 1474 2289 culpam
1501 2233 1665 2272 suam
1704 2215 1905 2271 defen-

303 2305 490 2360 dentis
513 2294 1091 2377 intelligitur,scilicet
1105 2323 1338 2361 omnem
1357 2305 1737 2377 pertinaciam
1754 2304 1811 2358 in
1826 2304 1906 2358 eis

308 2392 608 2460 destruxit,
643 2410 714 2448 ne
740 2410 799 2449 se
850 2395 1089 2450 ulterius
1115 2395 1185 2450 de
1216 2393 1463 2467 peccatis
1494 2396 1783 2459 excusent,
1806 2392 1906 2448 sed

303 2479 493 2553 potius
509 2480 733 2535 homini
749 2481 1108 2537 confessione
1126 2487 1466 2551 accusent,et
1475 2482 1800 2553 gladium,id
1823 2484 1906 2536 est

304 2568 672 2625 manifestam
705 2571 1192 2641 persecutionem,
1226 2589 1351 2643 quae
1372 2588 1475 2644 per
1491 2571 1749 2643 gladium
1766 2587 1904 2625 con-

305 2673 446 2729 grue
472 2657 798 2715 denotatur.
831 2658 955 2723 Quo
974 2659 1281 2714 manifesta
1308 2658 1373 2714 fit
1393 2659 1732 2732 persecutio,
1759 2658 1904 2713 scili-

305 2749 396 2800 cet
425 2746 534 2800 hoe
560 2745 619 2800 in
646 2746 728 2800 eis
758 2747 1061 2819 confregit,
1078 2764 1151 2802 ne
1177 2746 1904 2819 ﬁdelesulteriuspersequi

304 2833 611 2889 manifeste
629 2840 1012 2907 praesumant;
1043 2839 1101 2890 et
1117 2835 1256 2907 quid
1273 2836 1418 2891 irem
1440 2852 1544 2907 per
1556 2834 1910 2906 singula,bel-

304 2921 414 2977 lum
443 2938 617 2978 omne
643 2923 721 2977 ibi
739 2924 1044 2996 confregit,
1066 2927 1127 2977 ut
1144 2924 1202 2978 in
1218 2925 1374 2979 nullo
1395 2926 1509 2980 Deo
1530 2926 1620 2979 vel
1646 2922 1907 2995 proximo

303 3011 547 3066 rebelles
575 3010 840 3079 existant,
869 3028 996 3083 quae
1025 3027 1159 3065 eum
1189 3010 1248 3065 in
1272 3012 1453 3080 vobis,
1475 3027 1508 3066 ο
1541 3011 1802 3066 inﬁdeles
1819 3012 1910 3066 Ju-

304 3097 434 3166 daei,
469 3098 732 3154 nondum
751 3100 1045 3155 confracta
1062 3100 1196 3168 sint,
1215 3103 1440 3156 constat
1466 3099 1663 3172 utique
1691 3116 1792 3155 vos
1812 3117 1910 3155 ne-

307 3203 418 3259 que
444 3186 578 3243 Sion
594 3203 715 3242 esse
739 3204 926 3260 neque
941 3190 1131 3243 Israel.
1150 3187 1414 3244 Ostendit
1432 3193 1626 3244 autem
1648 3206 1753 3260 per
1769 3189 1908 3261 quid

301 3275 361 3330 in
387 3275 467 3329 eis
503 3275 817 3347 confringit
866 3276 1026 3343 talia,
1088 3277 1306 3332 faciens
1362 3278 1779 3349 apostropham
1823 3277 1898 3331 ad

308 3366 510 3432 Deum,
541 3379 673 3418 cum
705 3365 1026 3436 gratiarum
1057 3365 1302 3432 actione,
1336 3366 1444 3421 sic:
1480 3367 1549 3420 Et
1577 3383 1682 3438 per
1709 3368 1817 3423 hoc
1846 3366 1906 3422 in

303 3452 386 3507 eis
420 3452 738 3523 confringis
767 3453 876 3508 hoc
906 3454 1061 3525 quod
1087 3459 1143 3507 tu
1160 3471 1220 3509 es
1250 3453 1556 3508 illuminans
1576 3471 1675 3509 eos
1697 3472 1730 3510 o
1762 3457 1910 3511 Deus

302 3540 417 3595 ﬁde
455 3543 514 3595 et
543 3541 875 3610 cognitione
902 3541 1005 3609 tui,
1040 3545 1097 3597 et
1120 3543 1229 3597 hoc
1246 3542 1587 3611 mirabiliter,
1620 3543 1679 3598 id
1710 3547 1795 3598 est
1808 3560 1910 3615 per

304 3628 614 3684 manifesta
639 3628 948 3696 mirabilia,
982 3645 1086 3700 per
1111 3632 1239 3685 tuos
1262 3634 1520 3701 operata,
1549 3647 1677 3703 puaa
1702 3631 1913 3686 illumi-

306 3708 464 3773 nati'o
488 3732 593 3789 per
622 3717 900 3772 miracula
947 3718 1224 3788 processit
1251 3735 1284 3771 a
1315 3719 1599 3786 montibus,
1633 3723 1692 3774 et
1726 3736 1843 3774 non
1877 3736 1911 3774 a

305 3804 474 3861 malis
490 3805 806 3872 montibus,
839 3805 938 3860 sed
959 3823 993 3860 a
1017 3804 1312 3861 montibus
1340 3809 1569 3875 aeternis,
1599 3807 1810 3863 scilicet
1839 3810 1910 3863 ab

308 3895 601 3968 apostolis,
633 3894 730 3967 qui
763 3898 990 3951 montes
1022 3900 1153 3950 sunt
1178 3896 1237 3950 in
1268 3897 1590 3964 virtutibus,
1614 3901 1671 3951 et
1685 3898 1907 3964 aeterni,

306 3982 367 4038 id
386 3987 471 4038 est
484 3984 556 4038 ad
572 3983 1127 4049 aeternitatem,alios
1140 3984 1517 4055 praedication
1530 4003 1559 4040 e
1575 4003 1676 4041 sua
1696 3985 1909 4041 ducen-

309 4073 503 4126 tes.De
516 4072 897 4127 excazcatione
913 4072 1145 4143 quidem
1161 4088 1563 4145 perversorum
1580 4075 1911 4129 Judaaorum

309 4158 597 4214 socialiter
626 4159 965 4231 interponit,
995 4163 1059 4214 ut
1075 4177 1172 4217 eos
1196 4160 1553 4234 increpando
1571 4162 1642 4217 ab
1668 4162 1914 4218 inﬁdeli-

308 4249 426 4303 tate
452 4249 748 4303 retrahere
779 4248 1016 4304 nitatur.

1935 3057 1983 3117 C

2009 1863 2388 1932 increpatione,
2420 1860 2477 1915 id
2500 1865 2585 1915 est
2610 1861 2681 1915 ab
2708 1859 3076 1914 induratione
3108 1864 3200 1912 tua
3231 1859 3552 1931 continget,
3578 1877 3607 1915 ο

2009 1949 2154 2004 Deus
2182 1950 2371 2016 Jacob,
2388 1950 2448 2003 id
2469 1952 2554 2005 est
2568 1948 2825 2004 ﬁdelium
2850 1947 3088 2002 viriliter
3107 1946 3616 2002 luctantium.Dor-

2008 2042 2331 2093 mitaverunt
2360 2038 2515 2093 idem
2575 2040 2661 2093 est
2692 2037 2845 2109 quod
2901 2039 2959 2091 et
3003 2036 3405 2090 dormierunt:
3438 2039 3497 2091 et
3525 2039 3613 2092 est.

2006 2134 2318 2201 utrumque
2329 2145 2433 2201 pro
2447 2129 2637 2183 futuro
2650 2128 2921 2201 positum.
2946 2126 3239 2181 lnduratio
3258 2126 3493 2198 quidem
3511 2142 3603 2181 eoo

2004 2235 2133 2273 rum
2144 2261 2157 2285 ,
2179 2200 2352 2290 digne
2382 2216 2698 2290 increpatio
2864 2200 2880 2285 I
2902 2216 3204 2283 dicitur,eo
3219 2215 3372 2286 quod
3383 2214 3615 2286 signum

2006 2311 2112 2375 est,
2149 2323 2248 2362 eos
2276 2307 2531 2378 maligne
2557 2308 2760 2359 contra
2789 2307 2973 2359 Deum
3005 2304 3206 2376 egisse,
3230 2303 3476 2374 ideoque
3505 2318 3610 2378 pu-

2005 2396 2249 2451 niendos
2276 2411 2429 2450 esse:
2462 2392 2975 2465 sicutincrepautia
2988 2393 3164 2448 verba
3184 2391 3349 2462 signa
3377 2394 3529 2459 sunt,
3552 2374 3612 2445 ὲι

2004 2483 2312 2557 praeteritas
2346 2499 2537 2556 pravae
2569 2481 2827 2548 actionis,
2860 2484 2916 2536 et
2932 2482 3138 2536 futurae
3153 2480 3406 2547 ultionis,
3435 2484 3495 2535 et
3523 2482 3610 2541 est

2006 2590 2072 2628 ac
2101 2572 2147 2627 si
2176 2572 2359 2627 dicat:
2391 2572 2526 2627 Ideo
2559 2570 2870 2638 dormient,
2888 2569 3023 2642 quia
3050 2573 3113 2624 tu
3142 2586 3242 2625 eos
3269 2567 3607 2624 excwcando

2006 2661 2101 2716 ind
2113 2659 2564 2732 urasti.Apponit
2575 2676 2803 2732 quoque
2816 2675 3045 2714 causam
3060 2656 3612 2724 dormitationis,sic:

2009 2749 2205 2804 Omnes
2230 2749 2346 2803 illic
2370 2748 2587 2803 scilicet
2620 2747 3018 2802 dormitabunt
3036 2747 3129 2817 qui
3155 2745 3521 2811 ascenderunt,
3553 2743 3611 2799 et

2006 2839 2105 2910 qui
2133 2838 2571 2909 perseveranter
2599 2835 2913 2890 ascendent
2923 2851 3098 2907 equos,
3117 2834 3177 2889 id
3193 2837 3278 2889 est
3293 2832 3610 2905 superbiae,

2008 2942 2135 2999 quae
2170 2942 2275 2996 per
2295 2941 2473 2997 equos
2503 2925 2832 2991 denotatur,
2880 2940 2948 2978 eo
3002 2923 3157 2995 quod
3203 2921 3452 2994 superba
3480 2918 3604 2975 ani-

2009 3014 2186 3070 malia
2216 3013 2348 3081 sint,
2376 3012 2531 3085 quod
2553 3016 2638 3066 est
2663 3011 3037 3079 dicere,-ideo
3065 3012 3367 3074 indurasti,
3402 3009 3537 3082 quia
3551 3024 3611 3063 se

2009 3103 2182 3157 nimis
2195 3103 2251 3156 in
2269 3101 2537 3173 superbia
2551 3101 3086 3169 sublimaverunt,et
3104 3101 3288 3156 adhuc
3300 3099 3616 3154 sublimant

2009 3191 2298 3248 Christum
2332 3190 2709 3263 negligenda,
2758 3208 2793 3245 a
2821 3189 3197 3245 similitudine
3229 3190 3482 3251 illorum,
3515 3185 3614 3259 qui

2008 3297 2187 3353 equos
2217 3278 2606 3345 ascendendo,
2639 3295 2697 3334 se
2728 3279 3003 3334 sublimes
3027 3278 3263 3333 faciunt.
3299 3276 3605 3349 Sequitur:

2085 3369 2169 3423 Tu
2201 3369 2451 3423 terribilis
2480 3385 2549 3423 es.
2580 3368 2747 3433 Quod
2761 3367 3255 3424 siccontinuatur:
3288 3367 3423 3422 Dico
3456 3365 3613 3438 quod

2009 3461 2072 3512 tu
2088 3457 2461 3529 omnipotens
2487 3474 2570 3524 es,
2590 3456 2727 3512 Sion
2748 3457 3216 3524 illuminansJ’u,
3242 3453 3612 3528 inquam,qui

2011 3546 2259 3600 terribilis
2296 3562 2369 3612 es,
2411 3545 2471 3599 id
2516 3548 2601 3599 est
2632 3546 2900 3601 terribilis
2930 3546 3044 3600 eris
3087 3545 3322 3600 veniens
3353 3544 3429 3598 ad
3455 3542 3606 3614 judi-

2009 3634 2187 3701 cium,
2222 3632 2498 3704 Gregorio
2530 3632 2609 3687 sic
2654 3636 2988 3701 attestante,
3048 3638 3106 3688 et
3148 3633 3392 3688 blandus
3414 3630 3606 3702 justis,

2010 3728 2068 3778 et
2095 3721 2364 3776 terribilis
2417 3722 2718 3793 apparebit
2759 3722 3001 3793 injustis.
3024 3721 3101 3776 Et
3127 3725 3245 3794 quis
3272 3721 3468 3775 resistet
3517 3720 3617 3774 tibi

2008 3811 2183 3866 tunc?
2212 3825 2408 3876 nemo,
2435 3825 2500 3863 ac
2527 3809 2572 3863 si
2597 3809 2813 3864 diceret
2842 3825 2854 3862 :
2884 3811 3043 3864 Nunc
3069 3807 3482 3881 quoquomodo
3509 3807 3612 3863 tibi

2008 3898 2299 3965 resistunt,
2328 3896 2583 3952 dicentes
2602 3914 2661 3951 se
2692 3898 2878 3951 solum
2911 3896 3213 3951 hominem
3242 3900 3300 3950 et
3326 3895 3615 3966 impoten-

2009 3990 2150 4054 tem,
2182 3986 2284 4040 sed
2318 3989 2453 4039 tunc
2473 4002 2845 4058 nequaquam
2871 3985 3134 4039 resistere
3165 3984 3606 4056 poterunt.Nam

2010 4082 2219 4141 extunc,
2250 4073 2308 4128 id
2326 4077 2413 4128 est
2430 4090 2499 4127 ex
2529 4072 2909 4145 illotempore
2934 4089 3113 4145 usque
3140 4072 3200 4128 in
3222 4076 3507 4128 internum
3528 4075 3609 4128 ira

2013 4170 2126 4232 tua,
2159 4162 2219 4217 id
2251 4165 2338 4216 est
2356 4161 2610 4216 vindicta
2626 4164 2746 4229 tua,
2772 4161 3083 4217 manifesta
3098 4161 3226 4230 erit,
3255 4161 3430 4217 modo
3447 4162 3607 4216 latet.

2009 4253 2179 4308 Juxta
2226 4251 2383 4324 quod
2441 4250 2580 4305 alibi
2624 4250 2971 4306 Psalmista:
3013 4251 3199 4306 «Cum
3230 4250 3505 4305 exarserit
3550 4250 3612 4305 in

383 4335 521 4391 Dico
551 4335 706 4408 quod
738 4338 799 4390 tu
830 4352 890 4391 es
920 4335 1057 4391 Sion
1089 4339 1147 4391 et
1177 4335 1390 4407 Salem,
1424 4339 1483 4392 et
1508 4339 1703 4409 Israel,
1733 4342 1790 4394 et
1812 4341 1908 4394 Ju-
1932 4342 1985 4402 D
2008 4339 2166 4396 brevi
2195 4339 2283 4395 ira
2340 4339 2462 4410 ejus
2509 4338 2684 4399 (Psal.
2718 4356 2779 4406 ιι,
2816 4343 2957 4406 l2),»
3011 4343 3071 4394 et
3112 4343 3249 4394 tunc
3275 4339 3339 4394 de
3362 4338 3486 4393 caelo
3513 4354 3605 4394 ve-

317 4423 505 4478 daaam
525 4423 857 4492 illuminans,
876 4425 1156 4496 gentilem
1171 4427 1449 4498 populum
1471 4426 1783 4494 scilicet,de
1796 4445 1911 4499 qua

307 4509 735 4567 illuminatione
763 4513 971 4567 turbati
997 4520 1121 4566 sunt
1150 4512 1366 4569 invidia
1407 4531 1583 4569 omnes
1612 4517 1909 4585 insipientes

306 4599 481 4667 corde,
515 4600 766 4672 perversi
799 4600 1012 4656 scilicet
1035 4601 1239 4669 Judaei,
1272 4602 1367 4673 qui
1401 4619 1518 4657 non
1551 4602 1738 4658 solum
1769 4603 1903 4659 insi-

302 4686 526 4758 pientes
552 4692 685 4743 sunt
714 4687 772 4742 in
803 4705 998 4759 opere,
1027 4690 1124 4744 sed
1149 4690 1326 4744 etiam
1378 4690 1438 4745 in
1469 4690 1658 4746 cordis
1684 4692 1902 4763 cogita-

306 4777 489 4844 tione,
522 4794 652 4832 cum
684 4782 923 4851 propter
948 4779 1103 4834 mala
1116 4779 1325 4834 merita
1350 4797 1450 4834 sua
1480 4780 1744 4836 excaecati
1767 4781 1900 4836 sint.

302 4865 450 4922 Sunt
480 4868 701 4923 etenim
730 4868 921 4940 plures
947 4868 1045 4941 qui
1076 4868 1304 4924 tametsi
1335 4868 1672 4941 insipienter
1701 4874 1895 4942 agant,

304 4971 677 5029 nequaquam
697 4960 895 5011 tamen
912 4973 969 5011 se
992 4958 1143 5012 male
1164 4974 1336 5030 agere
1354 4958 1904 5032 ignorant.ldeoque

297 5042 541 5100 minime
572 5048 706 5099 sunt
746 5044 1080 5116 insipientes
1139 5046 1330 5101 corde.
1367 5046 1530 5102 Unde
1584 5046 1646 5103 in
1675 5048 1904 5104 Actibus

296 5135 692 5204 apostolorum
713 5134 944 5206 legitur,
969 5135 1264 5191 audientes
1283 5135 1623 5208 Judaei,quia
1642 5136 1904 5193 Samaria

294 5220 515 5292 recepit
542 5221 782 5277 verbum
832 5220 1083 5288 Domini,
1119 5224 1177 5276 et
1205 5222 1411 5295 repleti
1442 5226 1576 5278 sunt
1599 5225 1718 5280 zelo
1754 5224 1897 5296 (Aet.

292 5324 414 5377 xm,
452 5310 558 5380 l4).
582 5329 611 5359 »
672 5310 738 5363 Et
766 5309 979 5364 turbati
1010 5309 1340 5364 dormierunt
1364 5328 1608 5365 somnum
1634 5329 1808 5379 suum,
1840 5311 1900 5367 id

2009 4428 2174 4484 niens
2204 4428 2466 4483 localiter
2488 4428 2802 4483 secundum
2819 4427 2972 4500 quod
2999 4430 3177 4484 homo
3212 4429 3407 4499 fecisti,
3435 4428 3494 4483 id
3523 4429 3608 4483 est

2006 4516 2181 4571 facies
2204 4516 2490 4586 judicium,
2522 4519 2579 4569 et
2603 4532 2721 4570 non
2753 4517 3008 4570 occultur
3032 4516 3132 4571 sed
3163 4516 3429 4583 auditum,
3450 4515 3607 4571 idest

2006 4604 2253 4660 audibile
2266 4604 2536 4659 omnibus
2547 4603 3004 4659 etmanifestum.
3019 4606 3184 4660 Juxta
3195 4606 3351 4677 quod
3365 4605 3576 4677 legitur
3593 4620 3607 4660 :

2006 4693 2563 4765 «Congregabuntur
2573 4694 2706 4747 ante
2720 4709 2852 4748 eum
2866 4709 3069 4748 omnes
3082 4696 3367 4765 gentes,et
3381 4709 3608 4765 separa-

2004 4782 2093 4837 bit
2107 4798 2260 4848 eas,»
2284 4784 2397 4835 etc.
2416 4780 2637 4852 (Matth.
2654 4799 2778 4845 xxv,
2794 4782 3044 4853 32.)Dico
3060 4782 3350 4837 auditores
3366 4781 3502 4853 quia
3516 4781 3603 4837 fa-

2006 4870 2118 4925 ciet
2136 4869 2387 4925 audibile
2407 4869 2717 4940 judicium.
2736 4871 2901 4925 Terra
2927 4875 3123 4925 autem
3146 4871 3380 4938 tremuit,
3395 4875 3444 4923 et
3459 4871 3605 4941 quie-

2006 4961 2102 5026 vit,
2126 4957 2183 5012 id
2208 4960 2294 5013 est
2321 4959 2539 5012 terreni
2570 4961 2924 5030 peccatores,
2955 4958 3168 5012 scilicet
3195 4956 3330 5012 solis
3360 4957 3605 5013 terrenis

2004 5047 2096 5102 hic
2109 5048 2317 5102 intenti
2337 5047 2654 5115 timebunt,
2674 5047 2732 5102 id
2748 5050 2833 5101 est
2852 5046 3142 5102 timebunt
3160 5045 3345 5113 valde,
3367 5049 3426 5101 et
3443 5045 3603 5117 quia.

2003 5138 2183 5205 scent,
2216 5136 2395 5191 velint
2427 5135 2636 5202 nolint,
2668 5134 2727 5189 id
2769 5137 2855 5189 est
2883 5134 3185 5189 cessabunt
3209 5133 3281 5188 ab
3302 5132 3601 5205 impietate

2001 5240 2124 5292 sua,
2168 5240 2287 5279 non
2318 5226 2520 5277 tamen
2539 5223 2612 5277 ad
2644 5221 2729 5276 sui
2745 5221 3122 5277 commodum
3151 5222 3249 5294 qui
3268 5222 3361 5276 hic
3378 5237 3599 5277 cessare

2000 5313 2327 5385 negligunt,
2362 5328 2483 5364 cum
2514 5315 2815 5379 exsurgeret
2856 5314 2912 5367 in
2934 5310 3198 5382 judicium
3224 5310 3392 5378 Deus,
3421 5308 3483 5364 id
3513 5313 3598 5366 est

293 5400 381 5453 est
410 5397 518 5453 sibi
542 5399 834 5467 nocivum,
865 5398 1079 5453 scilicet
1100 5400 1477 5470 complebunt
1495 5400 1898 5457 infidelitatem
1945 5405 1954 5413 '
1997 5402 2134 5455 tunc
2148 5399 2481 5455 tremebunt
2494 5402 2553 5454 et
2565 5397 2889 5471 quiescent,
2907 5415 3041 5454 cum
3052 5401 3201 5455 Deus
3222 5398 3474 5453 Christus
3490 5397 3590 5469 qui

292 5502 482 5555 suam,
515 5491 578 5541 ut
604 5503 903 5560 nunquam
934 5488 1007 5544 ab
1037 5504 1106 5543 ea
1129 5486 1630 5556 desistant,donec
1655 5489 1715 5543 in
1748 5494 1897 5546 tem-

290 5587 434 5651 pore
458 5572 855 5648 reliquiarum,
871 5574 931 5630 in
956 5575 1073 5632 fine
1096 5574 1349 5632 mundia
1367 5575 1740 5632 similitudine
1760 5578 1896 5636 dor-

1998 5489 2098 5543 Hic
2127 5490 2419 5559 impotens
2446 5488 2694 5552 videtur,
2727 5490 3002 5560 exsurget
3039 5490 3095 5542 in
3120 5485 3407 5558 judicium,
3433 5484 3494 5539 id
3510 5488 3598 5540 est

1997 5579 2203 5649 potens
2222 5575 2523 5648 apparebit
2545 5576 2606 5633 in
2622 5573 2921 5648 judicium
2946 5575 3204 5645 veniens,
3225 5582 3286 5629 ut
3304 5575 3523 5645 faceret,
3540 5572 3602 5627 id
