4004 6052
403 261 541 336 M23

397 397 498 459 ubi
718 397 922 461 abono
944 415 1119 499 opere
1130 408 1355 499 cessant
1373 423 1388 465 :
1408 424 1537 499 quae
1552 392 2010 486 congrue293
2031 438 2084 499 Α

403 505 516 548 nox
537 490 764 561 dicitur,
791 507 860 549 eo
888 492 1045 567 quod
1076 492 1137 550 in
1168 511 1238 552 ea
1282 494 1618 556 incedentes
1663 499 2011 558 offensacula

399 579 651 654 plurima
679 583 956 651 sentiunt,
980 583 1123 639 sicut
1143 584 1200 640 in
1234 590 1402 642 nocte
1434 589 1798 645 ambulantes
1826 591 2008 646 offen-

399 668 567 725 dunt.
594 671 695 727 Vel
725 672 971 726 manibus
999 675 1126 727 meis
1156 675 1405 729 extensis
1447 684 1616 743 nocte,
1650 677 1710 732 id
1758 681 1843 732 est
1889 681 2011 733 tota

396 756 514 812 vita
544 774 695 824 mea,
728 775 856 830 quae
880 760 1027 815 bene
1049 760 1121 814 ad
1141 762 1639 832 comparationem
1658 763 1784 818 vitae
1800 764 2008 819 futurae

398 861 511 901 nox
541 846 768 914 dicitur,
804 864 872 902 eo
904 849 1061 920 quod
1082 849 1324 904 obscura
1360 850 1433 904 sit
1461 854 1527 904 ut
1563 868 1695 906 nox.
1742 854 1845 907 Illa
1872 870 2007 909 vero

395 934 557 1005 quasi
589 934 711 990 dies
739 936 1077 1003 clarissima,
1099 938 1256 1008 quod
1282 942 1366 993 est
1396 938 1585 994 dicere
1620 957 1631 994 :
1666 942 1728 994 In
1777 940 1884 995 hoc
1912 958 2007 996 me

393 1022 702 1092 exaudivit,
737 1025 894 1096 quod
925 1040 1059 1080 eum
1092 1028 1214 1080 tota
1243 1026 1358 1081 vita
1390 1043 1520 1082 mea
1548 1031 1608 1082 et
1636 1029 1694 1082 in
1718 1029 2006 1100 prosperis

393 1114 451 1166 et
480 1110 539 1165 in
565 1112 835 1180 adversis,
871 1116 930 1167 et
968 1129 1068 1169 ore
1117 1117 1174 1169 et
1217 1113 1524 1170 devotione
1570 1120 1627 1172 et
1667 1117 2004 1189 operatione

390 1202 665 1273 exquisivi,
699 1200 757 1256 id
785 1204 869 1257 est
900 1204 1062 1258 extra
1088 1202 1202 1257 alia
1241 1204 1440 1259 omnia
1483 1205 1738 1277 quaesivi,
1792 1206 2006 1262 scilicet

389 1305 525 1344 eum
552 1291 739 1344 solum
767 1290 1001 1363 quaesivi
1032 1291 1305 1347 omnibus
1335 1293 1458 1347 aliis
1486 1294 1856 1365 contemptis.

460 1379 529 1432 Et
557 1379 714 1450 quod
744 1378 977 1452 quaesivi
993 1381 1120 1451 jam
1152 1397 1219 1435 ex
1245 1384 1409 1453 parte
1438 1382 1615 1450 dedit,
1641 1386 1699 1437 et
1718 1382 1777 1438 in
1806 1383 1999 1439 futuro

386 1465 698 1538 perfectius
749 1467 909 1523 dabit
958 1472 1065 1523 :et
1113 1469 1464 1541 exquirendo
1519 1487 1675 1538 eum,
1724 1489 1831 1526 non
1885 1489 2001 1527 sum

388 1554 631 1626 deceptus
660 1556 732 1611 ab
763 1555 957 1628 aliqua
987 1558 1356 1630 suggestione
1383 1560 1741 1631 occultasive
1759 1577 2000 1634 prospe-

386 1644 557 1699 ritate
586 1645 778 1716 aliqua
803 1661 838 1700 a
869 1645 1119 1714 diabolo,
1136 1647 1223 1702 vel
1253 1664 1287 1701 a
1305 1648 1564 1718 quolibet
1588 1650 1710 1720 ejus
1730 1651 1998 1706 membro

1355 276 1715 343 EXPOSlTlO
1752 282 1823 343 IN
1860 280 2198 347 PSALMOS.
2238 317 2308 333 --
2349 285 2545 351 PSAL.
2588 287 2782 354 LXXVI

3579 293 3714 367 l026

2113 395 2281 455 nobis
2296 398 2493 474 contig
2504 398 2667 459 ithoc
2677 401 2917 476 propter
2926 399 3152 479 culpam
3174 402 3499 482 primorum
3513 425 3720 485 paren-

2114 487 2261 557 tum,
2296 505 2402 563 per
2432 507 2608 563 quam
2651 491 2828 561 etiam
2859 492 3035 550 vitam
3067 497 3347 556 mternam
3396 499 3713 571 amisimus,

2110 592 2285 647 quam
2309 578 2491 635 donec
2503 582 3288 654 recuperemus,incessanter
3302 588 3710 647 existimemus.

2110 665 2178 720 Et
2207 667 2519 739 cogitando
2549 670 2679 738 hoc,
2711 671 2996 727 meditatus
3024 690 3140 727 sum
3181 692 3411 749 quoque
3453 687 3620 747 nocte,
3653 681 3713 737 id

2110 756 2194 808 est
2215 756 2334 810 tota
2361 756 2476 811 vita
2505 775 2639 813 mea
2662 761 2747 814 vel
2770 767 2939 827 nocte,
2971 761 3029 815 id
3055 766 3139 817 est
3165 765 3340 820 etiam
3368 768 3427 822 in
3464 769 3711 825 adversi-

2108 844 2247 909 tate,
2282 843 2341 898 in
2367 861 2482 916 qua
2508 847 2701 917 plures
2729 848 3010 904 desistunt
3034 852 3107 907 ab
3131 853 3467 925 hujusmodi
3495 858 3712 929 cogita-

2106 929 2285 997 tione,
2336 933 2619 988 meditatus
2670 953 2789 990 sum
2835 937 3046 993 scilicet
3084 956 3156 995 an
3215 942 3507 999 defectum
3558 946 3711 1002 hunc

2108 1034 2366 1090 unquam
2397 1022 2639 1078 evadere
2667 1040 2986 1096 possemus.
3022 1026 3162 1083 Cum
3186 1032 3339 1086 corde
3368 1049 3478 1088 meo
3510 1050 3708 1106 agens,

2106 1107 2267 1177 quasi
2291 1124 2422 1163 cum
2449 1111 2561 1165 alia
2596 1127 2863 1183 persona,
2893 1116 2952 1170 id
2983 1119 3069 1171 est
3112 1120 3255 1174 mihi
3302 1120 3362 1175 in
3402 1123 3555 1177 corde
3600 1140 3712 1178 meo

2106 1195 2289 1250 multa
2318 1213 2618 1269 opponens
2645 1205 2702 1256 et
2730 1204 2976 1260 solvens.
3003 1205 3081 1262 Ει
3105 1208 3159 1260 in
3194 1207 3301 1263 hac
3330 1210 3711 1266 meditatione

2105 1285 2448 1353 exercitabar,
2482 1287 2540 1344 id
2570 1292 2655 1344 est
2683 1290 2954 1364 frequens
2975 1296 3033 1348 et
3052 1295 3282 1351 sedulus
3310 1300 3569 1355 eram.Et
3586 1317 3707 1357 non

2102 1388 2311 1443 parum
2359 1378 2687 1460 exercitabar
2732 1397 2746 1434 :
2796 1382 2897 1436 sed
2933 1383 3204 1439 scobebam
3245 1386 3364 1456 [al.,
3410 1389 3702 1460 scopebam]

2101 1463 2346 1532 spiritum
2358 1456 2563 1532 'meum,
2588 1466 2647 1521 id
2669 1471 2753 1522 est
2771 1469 3062 1525 fodiebam
3086 1472 3345 1528 animam
3367 1456 3584 1543 meam,
3605 1456 3708 1532 sci:-

2100 1550 2234 1604 licet
2263 1552 2618 1621 profundam
2651 1554 2936 1611 faciebam
2983 1558 3244 1615 animam
3282 1579 3478 1618 meam
3517 1565 3702 1632 valde,

2100 1638 2499 1711 investigando
2531 1659 2544 1696 :
2578 1659 2614 1696 a
2649 1644 3027 1701 similitudine
3046 1647 3246 1717 foveae,
3276 1667 3403 1722 quae
3429 1652 3702 1709 fodiendo

388 1733 603 1800 oblata,
621 1749 747 1805 quas
767 1750 861 1789 me
877 1735 949 1790 ab
973 1734 1348 1807 exquisitione
1363 1736 1460 1791 Dei
1484 1738 1826 1807 retraheret,
1844 1739 1982 1811 quod

2100 1727 2390 1798 profunda
2418 1729 2501 1784 ﬁt.
2533 1729 2698 1795 Quod
2743 1736 2829 1788 est
2859 1733 3047 1790 dicere
3077 1752 3090 1789 :
3115 1737 3176 1791 In
3210 1739 3525 1809 profundas
3546 1758 3704 1813 quaa-

387 1825 475 1877 est
495 1822 905 1896 dicerezNeque
929 1825 1217 1896 suggestio
1240 1842 1428 1897 neque
1444 1828 1796 1900 prosperitas
1807 1829 2000 1901 aliqua

386 1927 421 1965 a
452 1909 702 1980 diabolo,
730 1912 843 1968 sive
868 1914 1138 1969 membro
1165 1913 1287 1984 ejus
1310 1913 1467 1969 illata
1492 1932 1588 1971 me
1615 1916 1880 1987 decipere
1902 1933 1999 1990 po-

383 1998 514 2067 tuit,
546 2002 609 2054 ut
637 2000 708 2055 ab
736 2001 1113 2073 exquisitione
1144 2001 1245 2057 Dei
1283 2007 1725 2059 me‘revocaret.
1753 2004 1999 2077 Exponit

383 2090 579 2143 autem
610 2089 904 2159 quomodo
927 2106 1045 2144 non
1078 2089 1151 2144 sit
1175 2090 1446 2162 deceptus
1480 2107 1492 2145 :
1525 2091 1666 2147 Vere
1718 2108 1835 2147 non
1867 2108 1995 2147 sum

386 2174 692 2248 deceptus;
727 2192 865 2232 nam
892 2181 1067 2232 renuit
1088 2180 1272 2233 anima
1288 2196 1404 2233 mea
1426 2180 1688 2234 consolari
1707 2181 1779 2235 ab
1806 2181 1997 2252 aliqua

351 2280 464 2333 're,
499 2266 605 2322 nisi
636 2284 669 2322 a
698 2269 820 2323 solo
852 2269 990 2333 Deo,
1018 2267 1175 2340 quod
1221 2270 1306 2322 est
1354 2268 1546 2323 dicere
1580 2285 1593 2323 :
1628 2269 1814 2324 Omne
1853 2270 1997 2324 sola-

384 2354 531 2410 tium
562 2358 932 2411 terrenorum
953 2356 1243 2411 bonorum
1259 2356 1601 2429 contempsi,
1617 2361 1675 2412 et
1696 2374 1895 2412 memor
1905 2359 1997 2427 [ui

378 2444 487 2502 Dei
509 2445 896 2511 solummodo,
929 2444 987 2499 id
1034 2448 1122 2499 est
1160 2445 1218 2500 in
1264 2445 1551 2500 memoria
1596 2462 1824 2518 semper
1857 2462 1991 2500 eum

378 2532 553 2589 habui
584 2549 690 2605 per
720 2532 918 2599 fidem,
952 2538 1003 2586 et
1049 2535 1362 2587 exercitatus
1398 2551 1515 2587 sum
1554 2534 1615 2588 in
1658 2534 1990 2605 cognitione

378 2623 533 2693 ejus;
575 2638 639 2677 ac
663 2622 708 2677 si
735 2621 953 2677 diceret
986 2637 999 2676 :
1035 2620 1178 2676 Cum
1212 2621 1271 2676 in
1304 2638 1439 2678 eum
1462 2623 1587 2693 jam
1630 2622 1746 2678 ﬁde
1778 2623 1987 2678 transi-

375 2711 609 2777 liissem,
635 2709 890 2765 laboravi
923 2710 996 2765 ad
1026 2710 1135 2765 hoc
1161 2713 1225 2765 ut
1254 2711 1647 2783 cognitionem
1683 2712 1986 2784 mysterio-

374 2815 506 2855 rum
533 2801 655 2871 ejus
679 2799 957 2854 haberem
982 2815 1000 2852 :
1029 2805 1080 2852 et
1108 2798 1168 2852 in
1185 2799 1295 2853 hoc
1315 2799 1583 2854 exercitio
1610 2800 1804 2870 defecit
1829 2801 1988 2872 spiri-

377 2896 458 2945 tus
488 2906 651 2951 meus,
682 2888 743 2943 id
770 2890 857 2943 est
881 2886 1081 2943 anima
1106 2904 1260 2956 mea,
1284 2888 1344 2943 id
1369 2893 1455 2943 est
1486 2888 1838 2945 insufficiens
1876 2888 1985 2944 fuit

374 2977 782 3051 mysteriorum
814 2976 936 3047 ejus
966 2975 1218 3047 perfecte
1249 2977 1645 3048 cognitionem
1672 2978 1979 3050 attingere.

371 3067 616 3140 Exponit
644 3066 877 3138 quidem
910 3066 1204 3138 quomodo
1235 3065 1577 3121 exercitatus
1601 3066 1981 3129 est,addendo

369 3159 449 3213 sic
482 3175 495 3212 :
524 3157 659 3212 Dico
686 3158 1004 3211 exercitatus
1032 3173 1168 3224 sum,
1203 3154 1261 3210 in
1302 3155 1742 3227 investigatione
1779 3156 1979 3227 cogni-

366 3247 540 3303 tionis
570 3245 691 3308 Dei,
725 3248 782 3300 et
810 3262 927 3299 non
961 3260 1165 3316 parum
1198 3244 1431 3316 quidem
1464 3245 1776 3297 exercitatus
1804 3259 1816 3298 :
1841 3260 1979 3298 nam

366 3337 792 3406 anticipaverunt
810 3333 1026 3403 vigilias
1047 3331 1289 3387 aliorum
1308 3330 1562 3385 fidelium
1583 3331 1728 3384 oculi
1756 3334 1861 3385 mei
1890 3330 1977 3385 in-

366 3423 625 3489 teriores,
659 3421 811 3494 quod
844 3423 931 3476 est
975 3421 1163 3475 dicere
1196 3437 1209 3475 :
1244 3419 1407 3474 Ratio
1439 3435 1571 3473 mea
1608 3435 1737 3490 quae
1784 3419 1979 3473 oculus

349 3498 450 3566 'est
470 3511 702 3576 animus,
739 3500 1077 3581 anticipavit
1118 3508 1355 3580 vigilias,
1388 3507 1446 3561 id
1491 3510 1575 3561 est
1608 3522 1978 3578 supergressa

364 3602 449 3654 est
478 3599 618 3655 alios
649 3598 849 3653 fideles
879 3596 1184 3668 vigilantes
1210 3600 1268 3651 et
1318 3595 1546 3651 sedulos
1590 3594 1652 3648 in
1704 3594 1974 3650 exercitio

362 3685 708 3759 cognitionis
745 3684 1155 3757 mysteriorum
1184 3684 1304 3749 Dei,
1336 3686 1397 3737 ut
1422 3699 1555 3737 cum
1589 3682 1648 3736 in
1681 3682 1791 3738 hoc
1812 3682 1975 3738 valde

360 3776 474 3831 sint
490 3775 693 3843 seduli,
714 3776 902 3847 magis
920 3774 1030 3829 illis
1059 3774 1286 3829 sedulus
1306 3771 1541 3827 fuerim.
1569 3772 1636 3825 Et
1661 3786 1793 3825 cum
1824 3769 1974 3824 anti-

360 3865 606 3936 cipando
624 3863 868 3937 vigilias,
890 3866 1090 3918 tamen
1115 3860 1319 3924 defeci,
1339 3861 1582 3915 turbatus
1603 3877 1720 3914 sum
1758 3859 1816 3913 in
1847 3857 1971 3914 ani-

358 3971 457 4009 ma
481 3953 680 4009 dolore
726 3952 861 4026 quia
902 3950 1259 4007 deﬁciebam.
1296 3948 1373 4002 Et
1421 3948 1556 4003 licet
1602 3946 1860 4001 dolerem
1899 3945 1970 4000 de

360 4042 606 4109 defectu,
648 4058 750 4096 non
793 4058 909 4095 sum
956 4043 1158 4094 tamen
1206 4038 1411 4092 locutus
1448 4033 1867 4107 blasphemiam
1908 4033 1970 4089 in

360 4131 541 4185 Deum
553 4129 715 4198 ,sicut
735 4127 901 4183 multi
914 4127 1057 4182 illud
1073 4125 1481 4197 blasphemant
1496 4121 1651 4194 quod
1665 4137 1972 4193 cognosce-

358 4235 423 4274 re
454 4219 786 4291 nequeunt;
828 4214 989 4288 quasi
1046 4214 1306 4269 diceret:
1345 4211 1502 4267 Licet
1554 4209 1814 4266 dolerem
1871 4225 1967 4263 me

2099 1814 2314 1871 stiones
2355 1817 2709 1875 deducebam
2757 1822 3014 1878 animam
3062 1841 3300 1882 meam:
3334 1830 3422 1882 vel
3465 1831 3701 1886 scobere

2098 1905 2336 1975 ponitur
2354 1922 2460 1978 pro
2482 1924 2753 1980 purgare,
2768 1910 2914 1966 sicut
2942 1913 3111 1968 multi
3131 1914 3702 1991 aiferunt,siclegitur

2097 1993 2237 2048 hoc:
2261 1994 2329 2048 Et
2353 1997 2824 2055 utexercitationi
2844 2017 2991 2057 meae
3012 2003 3454 2076 nullacogitatio
3471 2010 3702 2064 terrena

2098 2086 2356 2150 noceret,
2370 2084 2659 2167 Ecqbqbam
2686 2090 2930 2159 spiritum
2955 2106 3151 2157 meum,
3182 2091 3240 2147 id
3269 2098 3355 2148 est
3378 2096 3698 2167 purgaham

2095 2157 2752 2244 animam294meam
2767 2177 2840 2231 ah
2855 2178 3016 2232 omni
3028 2157 3407 2238 sollicitudine
3419 2157 3703 2244 saeculari.

2097 2260 2357 2316 Ostendit
2388 2264 2584 2317 autem
2610 2263 2668 2318 in
2707 2280 2821 2335 quo
2852 2265 3187 2324 meditando
3231 2272 3543 2327 exercitatus
3589 2276 3695 2342 est,

2095 2364 2226 2403 cum
2253 2349 2331 2404 sic
2357 2350 2623 2422 adiungit
2656 2367 2668 2405 :
2704 2351 2840 2407 Dico
2888 2354 3172 2410 meditatus
3217 2374 3335 2412 sum
3380 2376 3503 2414 cum
3542 2362 3697 2417 corde

2092 2453 2225 2502 meo,
2260 2438 2474 2492 scilicet
2502 2439 2581 2493 sic
2614 2441 2844 2511 agendo
2881 2459 2893 2495 :
2921 2442 3186 2515 Nunquid
3213 2447 3268 2499 in
3296 2452 3693 2520 .zeternumpro-

2079 2524 2234 2595 jiciet
2246 2542 2351 2580 nos
2363 2525 2528 2594 Deus,
2553 2545 2587 2582 a
2619 2527 2973 2599 perfectione
2996 2532 3341 2603 cognitionis
3365 2552 3503 2604 suae,
3522 2555 3557 2592 a
3581 2555 3695 2610 qua

2090 2628 2195 2683 per
2226 2618 2524 2684 peccatum
2554 2616 2691 2671 Adae
2727 2617 2820 2673 hic
2850 2618 3092 2690 projecti
3122 2637 3318 2677 sumus
3349 2641 3363 2679 :
3398 2623 3561 2688 Quod
3610 2630 3695 2683 est

2089 2701 2280 2757 dicere
2311 2719 2324 2757 :
2359 2704 2584 2759 Erimus
2613 2722 2843 2777 semper
2872 2706 3210 2778 imperfecte
3250 2711 3436 2766 Deum
3475 2730 3690 2785 cogno-

2086 2794 2329 2857 scentes,
2362 2792 2506 2846 sicut
2532 2793 2706 2848 modo
2731 2795 2967 2850 sumus?
2993 2796 3062 2850 Et
3091 2814 3255 2864 num,
3296 2797 3355 2853 id
3389 2802 3476 2855 est
3520 2820 3693 2858 nonne

2085 2886 2307 2949 apponet
2335 2879 2500 2947 Deus,
2537 2888 2596 2934 ut
2624 2881 2794 2937 adhuc
2817 2884 2886 2938 sit
2910 2884 3077 2939 nobis
3105 2887 3486 2957 complacitior,
3517 2889 3577 2946 id
3606 2895 3691 2947 est

2086 2967 2271 3038 magis
2302 2970 2669 3039 complacens
2700 2973 2757 3023 et
2782 2970 3020 3026 dilectus
3039 2972 3067 3027 ?
3097 2973 3260 3037 Quod
3314 2979 3399 3030 est
3447 2977 3636 3034 dicere
3668 2997 3686 3034 :

2012 3040 2060 3098 Ο
2082 3056 2207 3125 Ipse
2234 3054 2331 3126 qui
2350 3055 2473 3126 jam
2500 3054 2560 3110 in
2589 3056 2756 3111 nobis
2781 3074 2847 3112 ex
2874 3062 3040 3129 parte
3061 3061 3271 3131 posuit,
3306 3067 3369 3118 ut
3399 3081 3534 3119 eum
3567 3067 3690 3122 dili-

2082 3159 2371 3213 geremus,
2403 3148 2459 3199 et
2490 3144 2654 3199 nobis
2678 3148 3051 3217 complacitus
3070 3154 3237 3217 esset,
3268 3168 3463 3208 nonne
3498 3156 3685 3213 adhuc

2082 3230 2139 3285 in
2166 3231 2360 3286 futuro
2381 3240 2627 3304 apponet,
2653 3240 2712 3286 ut
2753 3237 2822 3289 sit
2850 3236 3230 3307 complacitior,
3264 3239 3322 3295 id
3365 3246 3452 3297 est
3501 3245 3687 3316 magis

2079 3322 2139 3374 et
2163 3320 2415 3390 perfecte
2447 3320 2708 3391 dilectus,
2752 3323 2919 3378 nobis
2956 3324 3207 3395 perfecte
3236 3328 3321 3383 sui
3352 3331 3683 3405 cognitione

2077 3407 2370 3464 illustratis
2390 3408 2418 3464 ?

2149 3497 2431 3562 Quoniam
2460 3497 2634 3570 igitur
2659 3499 3110 3558 indeterminate
3151 3504 3393 3575 dixerat,
3440 3513 3684 3583 nunquid

2064 3586 2339 3655 proficiet,
2376 3590 2559 3641 etnon
2596 3596 2820 3657 apponet
2854 3589 3326 3661 indeterminate,
3359 3600 3418 3652 et
3459 3604 3682 3657 constet

2075 3673 2210 3744 quia
2236 3674 2425 3740 multi,
2453 3690 2658 3729 omnes
2686 3676 2901 3730 scilicet
2926 3677 2983 3731 in
3020 3678 3359 3738 infidelitate
3393 3687 3677 3756 morituri,

2073 3759 2133 3813 in
2164 3763 2451 3815 aeternum
2482 3765 2614 3815 sunt
2633 3761 2997 3832 projiciendi,
3028 3767 3086 3818 et
3116 3782 3416 3839 nunquam
3429 3771 3510 3825 eis
3535 3775 3680 3831 Deus

2070 3849 2437 3918 complacitior
2454 3847 2680 3903 futurus
2705 3849 2798 3916 sit,
2823 3850 3213 3908 determinate
3232 3855 3302 3910 de
3324 3864 3679 3930 regeneratis

2071 3936 2516 4009 quasritsingula
2541 3937 2780 4010 singulis
2808 3940 3104 3997 reddendo
3145 3942 3249 3998 sic:
3271 3944 3394 4000 Dixi
3422 3946 3677 4006 indeter-

2071 4024 2594 4097 minate.Nunquid
2623 4028 2679 4080 in
2707 4033 2965 4082 aeternum
2998 4030 3247 4101 projiciet
3294 4050 3399 4089 nos
3448 4036 3594 4093 Deus
3642 4057 3678 4095 a

2069 4113 2424 4185 perfectione
2474 4113 2822 4185 cognitionis
2848 4132 2963 4172 suae
2985 4117 3012 4171 ?
3040 4119 3154 4173 Aut
3182 4118 3263 4174 ita
3292 4120 3675 4184 determinate

2068 4217 2303 4272 possum
2334 4218 2595 4273 qumrere
2629 4219 2641 4257 :
2677 4204 2943 4258 abscindet
2968 4204 3112 4260 Deus
3142 4209 3199 4261 in
3225 4209 3387 4277 ﬁnem
3404 4212 3673 4271 abseisio-

360 4286 625 4374 deficere,
661 4322 778 4360 non
810 4286 1008 4358 tamen
1040 4301 1381 4373 indignatus
1422 4315 1550 4354 sum
1594 4299 1668 4354 ob
1696 4298 1828 4366 hoc,
1869 4286 2039 4353 autD
2067 4291 2175 4357 nis.
2202 4290 2262 4346 id
2290 4293 2376 4345 est
2406 4290 2465 4345 in
2498 4296 2844 4364 perpetuum
2878 4295 3297 4351 misericordiam
3320 4316 3493 4369 suam,
3521 4305 3669 4360 scili-

359 4395 575 4467 aliquid
606 4394 813 4450 locutus
837 4395 1041 4448 contra
1072 4393 1253 4446 Deum
1282 4387 1681 4462 blasphemiae,
1699 4388 1758 4441 et
1776 4386 1834 4440 in
1855 4386 1965 4441 hoc

357 4482 649 4557 praecribit
675 4480 841 4537 nobis
852 4481 1108 4536 formam
1128 4495 1246 4534 non
1262 4494 1382 4533 esse
1405 4475 1850 4547 indignandum,
1864 4475 1964 4529 sed

354 4572 641 4644 patienter
703 4569 1127 4635 sustinendum,
1199 4566 1245 4621 si
1302 4563 1543 4638 quilibet
1604 4563 1676 4617 ab
1727 4560 1963 4633 alicujus

355 4658 612 4732 mysterii
643 4657 1037 4730 cognitionem
1064 4656 1176 4711 cito
1208 4654 1539 4727 pertingere
1580 4650 1798 4723 nequit.

422 4747 561 4803 Inde
591 4763 725 4802 vero
773 4745 916 4800 mihi
958 4743 1238 4817 patientia
1273 4742 1372 4797 illa
1422 4738 1686 4811 contigit,
1723 4740 1787 4793 ut
1841 4754 1960 4793 non

351 4853 533 4892 essem
567 4836 787 4903 locutus,
818 4834 954 4906 quia
987 4834 1221 4904 cogitavi
1245 4832 1355 4886 dies
1377 4832 1641 4900 antiquos,
1663 4827 1722 4881 in
1754 4826 1959 4898 quibus

348 4926 533 4980 Adam
560 4929 618 4980 et
647 4925 759 4979 Eva
774 4922 1175 4978 inobedientes
1189 4919 1324 4974 facti
1352 4918 1423 4973 de
1440 4917 1699 4989 perfecta
1712 4914 1959 4985 Deicog-

348 5013 590 5080 nitione,
623 5028 820 5085 quam,
853 5010 897 5066 si
928 5009 1384 5081 perseverarent,
1410 5007 1577 5060 erant
1599 5002 1957 5069 habituri,ad

349 5102 639 5157 defectum
668 5100 1077 5174 pervenerunt,
1111 5096 1183 5151 ad
1207 5110 1380 5168 quem
1394 5092 1611 5164 pariter
1634 5108 1738 5146 nos
1751 5106 1955 5145 omnes

348 5192 727 5257 attraxerunt,
761 5196 811 5243 et
837 5204 1006 5242 annos
1030 5190 1274 5251 aeternos,
1297 5199 1442 5255 quos
1470 5197 1574 5254 per
1593 5180 1779 5234 Adam
1804 5178 1955 5233 alni-

347 5279 545 5347 simus,
573 5278 631 5334 id
660 5280 744 5333 est
770 5276 949 5332 vitam
982 5276 1262 5329 aeternam
1296 5273 1352 5326 in
1384 5276 1554 5324 mente
1589 5268 1771 5335 habui,
1810 5281 1953 5338 quos

346 5368 393 5422 si
423 5367 840 5433 habuissemus,
874 5381 991 5419 non
1029 5361 1227 5434 utique
1272 5357 1604 5415 deficientes
1649 5368 1902 5410 essemus
1933 5370 1947 5421 ;

346 5456 501 5528 quod
523 5457 609 5511 est
626 5455 842 5511 dicere:
865 5453 998 5507 Ideo
1019 5450 1309 5523 patienter
1329 5449 1483 5503 hunc
1504 5443 1793 5500 defectum
1822 5441 1948 5509 tuli,

345 5562 419 5601 ne
450 5544 586 5600 inde
629 5557 1048 5610 mumurarem,
1091 5537 1228 5613 quia
1266 5534 1503 5609 cegitavi
1545 5532 1701 5605 quod
1747 5530 1956 5587 merito

2064 4383 2155 4434 cet
2166 4379 2582 4451 perfectionem
2599 4382 2955 4453 cognitionis
2969 4401 3241 4456 suae,quaa
3257 4404 3488 4445 summa
3503 4392 3671 4450 mise-

2063 4467 2311 4522 ricordia
2328 4470 2411 4522 est
2431 4470 2489 4521 et
2502 4457 2798 4524 beatitudo
2821 4487 2853 4523 a
2872 4473 3209 4540 generatione
3228 4475 3419 4545 prima
3443 4496 3572 4551 quae
3597 4483 3670 4538 sit

2063 4555 2380 4610 secundum
2406 4558 2748 4612 vetustatem
2778 4557 2938 4626 Adae,
2961 4576 3140 4631 usque
3170 4564 3225 4616 in
3275 4570 3667 4634 generationem

2061 4642 2376 4698 secundam
2393 4644 2607 4711 eundo,
2625 4661 2754 4715 quas
2766 4644 2832 4699 fit
2848 4647 3165 4704 secundum
3180 4650 3489 4722 Spiritum?
3501 4656 3665 4721 Quod

2061 4734 2147 4787 est
2158 4731 2347 4787 dicere
2374 4748 2387 4786 :
2414 4731 2572 4787 Sicut
2582 4733 3000 4805 perfectionem
3021 4754 3136 4793 suae
3152 4741 3519 4811 cognitionis,
3536 4763 3663 4818 qua:

2060 4836 2278 4891 magna
2297 4819 2808 4891 misericordiaest,
2831 4824 3130 4881 abscindet
3163 4825 3221 4880 in
3256 4828 3456 4897 finem,
3487 4831 3546 4887 id
3580 4838 3666 4890 est

2058 4909 2119 4964 in
2139 4912 2423 4963 internum
2443 4908 2871 4979 abinﬁdelibus,
2887 4913 2985 4983 qui
3006 4915 3373 4971 solummodo
3383 4934 3665 4989 generan-

2056 5000 2152 5052 tur
2167 4996 2355 5069 prima
2373 4998 2768 5068 generatione,
2784 5016 2911 5071 quin
2936 5000 2999 5054 fit
3020 5017 3123 5072 per
3136 5004 3659 5076 concupiscentiam

2055 5086 2264 5153 carnis,
2295 5084 2592 5141 abscindet
2633 5086 2809 5141 etiam
2853 5088 3123 5143 eamdem
3170 5091 3566 5163 cognitionem
3598 5098 3656 5155 in

2053 5176 2254 5242 ﬁnem,
2286 5176 2344 5230 et
2371 5174 2461 5228 hic
2481 5173 2696 5229 scilicet
2727 5177 2784 5229 et
2827 5174 2887 5231 in
2932 5176 3123 5234 futuro
3152 5196 3185 5234 a
3230 5180 3511 5252 ﬁdelibus,
3558 5189 3652 5260 qui

2053 5265 2409 5335 generantur
2434 5262 2685 5316 secunda
2714 5264 3091 5334 generatione
3120 5285 3224 5339 per
3249 5270 3601 5341 baptismum
3636 5294 3649 5332 :

2050 5353 2171 5408 Aut
2194 5352 2527 5406 obliviscetur
2558 5352 2794 5405 misereri
2812 5351 2960 5407 Deus
2981 5355 3009 5408 ?
3036 5356 3190 5411 Istud
3228 5374 3361 5414 vero
3392 5361 3466 5415 ad
3513 5363 3652 5420 illud

2049 5443 2268 5512 spectat
2293 5439 2449 5511 quod
2500 5455 2674 5510 supra
2720 5440 2909 5513 posuit
2940 5458 2952 5496 :
2984 5442 3063 5498 Et
3104 5460 3209 5499 non
3246 5455 3490 5518 apponet,
3539 5457 3649 5509 etc.

2052 5529 2217 5596 Quod
2244 5528 2321 5585 sic
2350 5527 2564 5601 legitur
2590 5545 2605 5597 ;
2635 5527 3218 5613 Dixiindeterminate
3250 5534 3483 5594 :Nonne
3497 5557 3653 5616 appo-
