4004 6052
359 248 495 314 ιοὶτ

961 247 1020 309 S.
1061 247 1408 310 BRUNONIS
1445 241 2079 309 CARTHUSIANORUM
2113 240 2584 305 INSTITUTORIS
2623 236 2779 304 OPP.
2820 237 3001 300 PARS
3036 239 3061 300 Ῑ

3527 236 3669 304 1028

354 385 444 438 net
472 377 649 437 adhuc
673 380 734 433 ut
759 374 1118 450 δονηρὶαοίιίον
1152 374 1267 431 sit?
1290 374 1404 429 Aut
1441 371 1522 429 ita
1572 371 1956 429 determinate
1979 371 2035 436 Α
2073 386 2469 461 cognitionem
2513 384 2598 445 ωί
2638 383 2854 443 venire.
2901 384 2970 441 Ει
3011 386 3099 443 via
3131 389 3243 455 tua,
3277 399 3311 442 ο
3348 382 3515 457 Deus,
3566 398 3673 460 per

353 485 586 543 possum
606 468 815 524 dicere.
842 465 1187 522 Obliviscetur
1197 464 1340 519 Deus
1364 463 1618 529 misereri,
1642 461 1702 517 id
1722 463 1807 516 est
1828 476 1960 516 cum

353 561 502 615 Deus
513 560 637 631 jam
658 555 955 627 incceperit
971 553 1230 608 misereri
1246 553 1530 619 fidelibus,
1551 550 1741 606 dando
1772 549 1853 604 eis
1873 548 1959 604 di-

352 648 662 706 lectionem
686 645 792 707 sui,
824 662 891 700 ex
921 646 1084 714 parte
1105 643 1438 696 obliviscetur
1466 641 1615 695 hanc
1636 638 1959 694 misericor-

356 738 535 799 diam,
552 752 671 792 non
690 732 1043 806 perficiendo
1059 748 1189 785 eam
1207 730 1433 803 inipsis,
1460 729 1615 801 quod
1639 731 1724 782 est
1758 727 1959 781 incon-

350 826 589 883 veniens
628 822 969 889 maximum,
1002 820 1214 875 scilicet
1246 823 1306 873 ut
1335 821 1482 874 Deus
1513 816 1729 889 aliquid
1759 814 1957 871 oblivi-

351 918 541 972 scatur
561 913 589 969 ?
617 911 867 983 Singulis
894 925 1030 965 vero
1076 908 1312 979 singulis
1337 907 1598 973 redditis,
1634 904 1800 977 ponit
1834 921 1961 959 sen-

350 1004 592 1059 tentiam
607 1002 681 1056 ad
706 1003 1014 1070 utrumque
1033 996 1424 1068 supradictum
1444 996 1958 1067 spectantem,cum

353 1091 548 1149 addit:
573 1090 692 1145 Aut
711 1088 790 1144 sic
824 1087 1012 1142 dicere
1036 1101 1309 1157 possum:
1334 1084 1623 1139 continebit
1649 1084 1704 1136 in
1743 1084 1825 1135 ira
1855 1082 1956 1135 mi-

350 1179 667 1237 sericordias
721 1194 865 1243 suas,
912 1175 1127 1230 scilicet
1168 1172 1516 1245 cognitionis
1564 1171 1648 1226 sui
1703 1173 1763 1225 et
1816 1168 1956 1224 dile-

349 1268 554 1328 ctionis
571 1264 1019 1340 perfectionem?
1041 1263 1204 1328 Quod
1217 1266 1302 1317 est
1321 1262 1510 1317 dicere
1538 1278 1550 1315 :
1568 1260 1709 1314 Cum
1732 1260 1962 1313 natura-

346 1359 480 1415 liter
508 1360 719 1428 praesto
745 1354 817 1409 sit
835 1354 908 1408 ad
926 1351 1320 1407 miserendum
1345 1349 1610 1404 fidelibus
1638 1348 1699 1402 in
1724 1348 1915 1402 futuro
1943 1363 1956 1400 :

347 1464 454 1521 per
474 1443 957 1500 illuminationem
972 1441 1056 1495 sui
1076 1439 1343 1511 perfecta:
1358 1437 1678 1493 dilectionis
1697 1441 1754 1491 et
1769 1435 1962 1507 cogni-

349 1534 545 1601 tionis,
574 1530 891 1588 continebit
905 1547 939 1585 a
964 1529 1227 1583 ﬁdelibus
1246 1528 1349 1582 has
1370 1525 1792 1581 misericordias
1809 1542 1958 1592 suas,

351 1641 425 1679 ne
455 1624 534 1679 eis
559 1621 819 1677 conferat
848 1622 1085 1690 propter
1116 1616 1264 1671 iram
1311 1633 1489 1688 quam
1525 1618 1729 1670 contra
1779 1631 1960 1686 genus

348 1712 675 1768 humanum
705 1710 881 1765 habet
911 1708 981 1762 de
997 1708 1232 1779 peccato
1257 1704 1548 1777 originali,
1584 1702 1740 1775 quod
1766 1703 1962 1757 incon-
1983 1742 2034 1801 Β

350 1803 590 1859 veniens
609 1801 856 1856 videtur.

420 1889 844 1957 Quaestionibus
882 1885 969 1941 his
1016 1884 1200 1951 factis,
1237 1882 1311 1938 ad
1362 1883 1697 1938 solvendum
1743 1881 1963 1937 accedit

350 1980 431 2035 sic
455 1997 468 2035 :
492 1980 629 2036 Dico
655 1976 811 2049 quod
830 1975 1111 2029 meditatus
1133 1990 1252 2027 sum
1285 1989 1406 2026 cum
1437 1972 1593 2027 corde
1617 1988 1729 2025 meo
1782 1987 1960 2043 oppo-

353 2069 548 2126 nendo
568 2067 646 2123 sic
671 2063 1228 2136 :Nunquidprojiciet
1247 2060 1391 2115 Deus
1419 2062 1474 2113 in
1517 2068 1774 2115 aeternum
1802 2075 1907 2113 nos
1934 2059 1962 2113 ‘I

330 2159 421 2214 °Et
444 2158 647 2212 contra
667 2156 817 2209 hanc
843 2150 1269 2225 appositionem
1283 2149 1404 2204 dixi
1414 2150 1565 2203 hanc
1591 2148 1957 2203 solutionem.

352 2246 518 2303 Nunc
538 2246 683 2314 ccepi.
704 2242 869 2306 Quod
900 2242 985 2295 est
1015 2239 1204 2293 dicere
1228 2237 1404 2293 :Vere
1433 2253 1551 2292 non
1576 2237 1830 2307 proficiet
1859 2251 1964 2290 nos

353 2338 710 2391 ineternum:
737 2334 795 2385 et
821 2329 931 2385 erit
956 2328 1126 2382 adhuc
1147 2326 1530 2397 complacitior.
1564 2327 1631 2379 Et
1678 2325 1813 2379 inde
1851 2325 1963 2379 hoc

355 2425 472 2478 scio
507 2440 523 2475 :
557 2420 691 2493 quia
736 2435 878 2472 nunc
918 2418 1047 2487 ccepi
1079 2431 1467 2486 cognoscere;
1507 2431 1573 2468 ac
1612 2414 1656 2468 si
1692 2414 1908 2469 diceret
1943 2428 1958 2466 :

357 2513 495 2568 Pars
510 2506 860 2581 cognitionis
880 2508 937 2559 et
950 2502 1270 2559 dilectionis
1287 2502 1409 2573 ejus
1425 2502 1483 2555 in
1504 2501 1784 2573 principio
1799 2502 1871 2556 ab
1894 2518 1961 2555 eo

354 2598 501 2656 mihi
534 2598 668 2653 data
697 2595 871 2650 arrha
900 2596 957 2647 et
985 2592 1195 2663 pignus
1220 2593 1326 2655 est,
1353 2589 1509 2661 quod
1539 2589 1847 2661 perfectius
1868 2606 1962 2645 co-

353 2702 629 2761 gnoscam
658 2700 792 2740 eum
823 2684 882 2737 et
906 2680 1167 2752 diligam.
1198 2679 1265 2732 Et
1293 2678 1430 2733 inde
1460 2678 1635 2733 etiam
1664 2678 1777 2733 scio
1795 2696 1810 2746 ;
1830 2676 1966 2750 quia

357 2774 667 2850 perfectius
681 2784 1029 2842 cognoscam
1048 2770 1108 2822 et
1123 2766 1384 2838 diligam,
1398 2766 1676 2838 quoniam
1705 2768 1815 2821 haec
1844 2783 1961 2819 mu-

356 2867 486 2920 tatio
514 2866 599 2918 est
613 2863 840 2916 dexterae
862 2857 1092 2923 Excelsi,
1122 2855 1181 2911 id
1212 2858 1297 2909 est
1326 2856 1436 2909 hoc
1481 2855 1637 2926 quod
1669 2858 1964 2910 mutamur

2061 495 2237 552 quam
2269 478 2343 534 ad
2366 477 2448 533 tui
2476 476 2871 549 cognitionem
2896 477 2953 531 et
2974 475 3345 532 dilectionem
3361 474 3671 548 perfectius

2059 568 2342 635 venimus,
2367 571 2422 623 in
2446 573 2625 623 sancto
2642 568 2974 621 sanctorum
2996 565 3219 621 Christo
3241 564 3405 621 nobis
3422 568 3507 620 est
3533 580 3671 637 pro-

2062 654 2334 727 posito,id
2356 659 2441 710 est
2460 655 2519 709 in
2543 653 2950 709 conformitate
2969 653 3113 723 ejus.
3151 651 3316 719 Quod
3337 654 3424 706 est
3440 651 3631 708 dicere
3653 667 3669 709 :

2061 745 2170 799 Per
2202 744 2324 814 ejus
2357 742 2832 798 conformitatem
2865 741 2940 796 ad
2964 743 3021 795 te
3042 740 3325 796 venimus.
3358 741 3508 812 Ergo
3533 739 3671 811 quia

2058 832 2213 887 viam
2234 835 2396 887 tuam
2424 832 2483 887 in
2509 848 2577 888 eo
2602 830 2878 904 proponis
2917 829 3105 897 nobis,
3126 831 3243 901 quis
3275 828 3417 883 Deus
3444 844 3673 900 magnus

2059 916 2146 967 est
2168 914 2301 966 sicut
2340 916 2399 967 tu
2433 912 2578 966 Deus
2606 919 2780 966 noster
2805 911 3070 979 existens,
3110 927 3144 966 a
3174 926 3518 983 quocunque
3544 926 3664 965 non

2060 1002 2347 1075 reputeris
2377 1001 2572 1057 Deus?
2601 1000 2659 1055 id
2700 1003 2784 1056 est
2806 1002 2925 1073 quis
2957 1017 2992 1054 a
3020 999 3290 1071 gentibus
3317 998 3462 1053 Deus
3491 1014 3663 1071 repu-

2060 1094 2211 1146 tatus
2226 1094 2312 1145 est
2330 1107 2580 1160 magnus,
2622 1092 2759 1144 sicut
2789 1092 2851 1144 tu
2882 1105 3057 1161 quem
3087 1103 3191 1143 nos
3217 1089 3401 1143 Deum
3429 1091 3666 1159 reputa-

2061 1180 2230 1235 mus?
2260 1180 2473 1234 Nullus.
2507 1179 2650 1234 Nam
2682 1186 2739 1233 tu
2768 1196 2820 1233 cs
2850 1177 2995 1233 Deus
3015 1180 3109 1250 qui
3118 1178 3262 1248 facis
3291 1177 3581 1244 mirabilia,
3612 1180 3674 1233 et

2062 1269 2248 1323 nullus
2271 1268 2414 1323 alius
2429 1267 2567 1323 facit
2596 1266 2914 1323 mirabilia:
2950 1268 3017 1321 Et
3045 1281 3177 1321 ecce
3207 1265 3502 1332 mirabilia,
3527 1265 3677 1320 scili-

2064 1361 2153 1412 cet
2177 1364 2359 1411 notam
2378 1358 2557 1426 fecisti
2581 1358 2645 1411 in
2668 1357 2884 1428 populis
2912 1358 3161 1410 virtutem
3184 1361 3351 1409 tuam.
3386 1353 3553 1419 Quod
3584 1356 3675 1409 est

2063 1446 2253 1501 dicere
2278 1465 2290 1501 :
2336 1446 2490 1501 Istud
2519 1444 2785 1500 mirabile
2812 1444 2921 1499 fuit
2950 1444 3104 1515 quod
3131 1446 3333 1498 notum
3356 1442 3538 1497 fecisti
3568 1458 3676 1514 per

2062 1534 2490 1606 praedicatores,
2520 1533 2579 1589 in
2608 1532 2837 1605 populis
2863 1532 3126 1604 gentium
3152 1536 3209 1587 et
3235 1531 3566 1586 Judaaorum
3589 1530 3679 1585 Fi-

2061 1621 2203 1677 lium
2231 1628 2417 1688 tuum,
2442 1621 2538 1693 qui
2565 1621 2740 1676 virtus
2768 1624 2868 1675 tua
2884 1619 3118 1675 dicitur:
3144 1636 3212 1674 eo
3234 1618 3389 1691 quod
3410 1635 3515 1692 per
3535 1634 3676 1674 eum

2061 1711 2407 1767 mirabiliter
2443 1715 2501 1766 et
2524 1714 2794 1782 potenter
2820 1709 3093 1781 operaris.
3128 1709 3196 1763 Et
3223 1724 3352 1763 ecce
3390 1707 3545 1763 aliud
3559 1706 3674 1762 mi-

2060 1799 2242 1854 rabile
2262 1799 2417 1871 quod
2441 1801 2498 1852 in
2526 1799 2737 1853 brachio
2770 1805 2882 1867 tuo,
2914 1798 2974 1854 id
3007 1800 3093 1853 est
3114 1798 3171 1852 in
3192 1796 3333 1852 Filio
3365 1798 3487 1863 tuo,
3516 1795 3673 1851 dicto

2065 1889 2296 1955 brachio,
2327 1905 2395 1943 eo
2426 1888 2582 1960 quod
2606 1905 2710 1960 per
2738 1905 2874 1943 eum
2920 1888 3213 1943 diabolum
3242 1902 3557 1958 expugnas,
3589 1902 3676 1940 re-

2064 1977 2275 2031 demisti
2302 1976 2566 2049 passione
2598 1977 2797 2045 crucis,
2816 1977 3078 2049 populum
3126 1983 3276 2030 tuum
3314 1975 3529 2030 factum
3561 1990 3668 2045 per

2064 2066 2266 2133 ﬁdem,
2290 2066 2569 2138 populum
2603 2065 2729 2120 dico
2759 2066 2902 2135 ﬁlios
2931 2066 3221 2131 effectum,
3244 2064 3302 2118 id
3332 2067 3417 2118 est
3445 2063 3544 2135 qui
3569 2061 3678 2118 filii

2064 2154 2145 2208 tui
2167 2171 2268 2225 per
2288 2153 2793 2225 regenerationem
2809 2144 2995 2209 effecti
3018 2151 3340 2209 sunt.Filios
3355 2152 3480 2207 dico
3505 2150 3678 2206 Jacob

2062 2249 2113 2296 et
2136 2242 2350 2313 Josepli,
2384 2242 2443 2296 id
2474 2246 2560 2297 est
2586 2241 2886 2297 Iudaicum
2922 2242 3199 2313 populum
3259 2243 3318 2295 et
3367 2239 3681 2312 gentilem.

2064 2331 2329 2401 Congrue
2362 2330 2640 2385 nimirum
2658 2348 2762 2403 per
2784 2331 2957 2386 Jacob
2980 2330 3254 2402 accipitur
3280 2328 3677 2400 Judaicus,per

2061 2418 2272 2489 Ioseph
2303 2434 2437 2473 vero
2489 2417 2722 2488 gentilis
2750 2418 3009 2489 populus.
3044 2417 3219 2471 Jacob
3258 2432 3509 2487 namque
3540 2429 3676 2468 cum

2065 2506 2271 2577 angelo
2303 2506 2597 2574 luctando,
2625 2507 2698 2560 ab
2723 2522 2791 2560 eo
2823 2522 3122 2577 percussus
3134 2521 3248 2560 uno
3274 2504 3421 2575 pede
3436 2503 3678 2558 claudus

2065 2593 2298 2648 effectus
2322 2598 2435 2648 est:
2472 2598 2530 2649 et
2553 2593 3019 2649 benedictionem
3042 2593 3288 2664 suscepit
3316 2591 3472 2664 (Gen.
3501 2607 3673 2658 xxxn,

2065 2683 2161 2748 24,
2212 2685 2302 2748 25,
2336 2686 2443 2752 29).
2484 2682 2573 2737 Sic
2604 2682 2937 2737 Judaeorum
2974 2682 3218 2754 populus
3254 2697 3387 2735 cum
3419 2678 3672 2735 Domino

2064 2770 2287 2824 luctans
2328 2786 2342 2837 ;
2387 2770 2527 2825 dum
2558 2770 2734 2842 ipsius
2762 2773 3051 2841 prmeepta
3080 2769 3138 2823 in
3166 2768 3393 2824 irritum
3426 2767 3605 2836 duxit,
3638 2783 3675 2823 a

2066 2857 2316 2912 Domino
2350 2858 2605 2913 caecitate
2638 2874 2958 2929 percussus,
2988 2874 3102 2912 uno
3133 2857 3281 2929 pede
3309 2856 3671 2923 claudicavit,

355 2955 425 3009 de
456 2949 790 3024 ignorantia
809 2947 909 3003 Dei
934 2945 1007 3001 ad
1036 2946 1158 3016 ejus
1188 2943 1603 3015 cognitionem,
1637 2947 1696 2998 et
1726 2945 1797 3000 de
1830 2944 1961 2999 odio
2067 2946 2285 3001 scilicet
2314 2946 2610 3001 intellectu
2641 2946 2959 3001 carnalium
2993 2945 3517 3001 observantiarum:
3556 2961 3672 3016 quo

357 3044 429 3098 ad
452 3026 822 3097 dilectionem
857 3033 1141 3106 contingit
1168 3049 1273 3104 per
1304 3032 1601 3087 dexteram
1629 3034 1864 3099 Excelsi,
1903 3033 1964 3088 id
1992 3024 2039 3085 C
2065 3035 2245 3088 solam
2278 3035 2529 3089 litteram
2578 3033 2895 3088 intellexit:
2926 3051 3043 3089 non
3075 3033 3246 3089 etiam
3278 3033 3352 3088 ad
3381 3031 3673 3104 spiritum,

356 3134 441 3185 est
472 3146 575 3202 per
591 3127 796 3182 Filium
832 3123 1044 3179 Excelsi
1075 3121 1257 3176 Patris
1283 3124 1341 3175 et
1366 3121 1784 3192 omnipotentis
1817 3138 1830 3176 :
1866 3121 1963 3193 qui

354 3219 504 3274 bene
535 3218 771 3271 dextera
799 3213 923 3283 ejus
947 3211 1174 3266 dicitur.
1199 3210 1306 3262 Per
1328 3225 1461 3263 eum
1488 3208 1647 3262 enim
1670 3209 1963 3263 diabolum

356 3301 680 3358 debellavit.
711 3299 876 3364 Quod
906 3300 990 3351 est
1042 3296 1232 3350 dicere
1258 3313 1275 3348 :
1306 3296 1447 3351 Cum
1499 3295 1754 3350 Christus
1783 3296 1967 3351 Patris

358 3390 571 3447 Excelsi
606 3388 796 3453 Filius,
845 3385 943 3457 qui
976 3387 1172 3439 tantus
1197 3386 1282 3439 est
1308 3386 1365 3437 et
1388 3387 1509 3437 tam
1548 3388 1773 3453 potens,
1816 3385 1967 3439 hanc

356 3478 741 3535 mutationem
759 3472 1130 3544 incosperitin
1158 3471 1342 3537 nobis,
1366 3472 1521 3526 haud
1538 3488 1829 3544 quaquam
1862 3474 1968 3529 du»

357 3569 517 3624 bium
545 3571 629 3622 est
644 3564 784 3638 quin
816 3578 947 3618 eam
975 3560 1234 3633 perficiat
1266 3560 1326 3614 in
1375 3561 1591 3629 futuro,
1626 3565 1685 3615 ut
1714 3563 1966 3633 perfecte

357 3674 487 3712 eum
504 3655 811 3727 diligamus
827 3654 884 3705 et
900 3648 1608 3721 cognoscamus.Ostendit
1627 3648 1802 3721 igitur
1814 3650 1966 3705 unde

356 3742 721 3817 comprobari
736 3742 911 3813 queat
923 3739 1291 3793 eumPatrem
1311 3753 1432 3792 esse
1447 3738 1738 3793 Excelsum
1754 3739 1967 3793 adden-

357 3835 430 3891 do
465 3833 543 3888 sic
582 3850 594 3887 :
634 3831 770 3886 Dico
800 3829 1022 3886 dextera
1045 3826 1276 3881 Excelsi.
1308 3827 1376 3880 Et
1402 3829 1465 3880 ut
1493 3843 1628 3880 eum
1669 3827 1963 3881 Excelsum

318 3943 337 3958 ο
570 3917 1119 3988 etOmnipotentem
1151 3931 1272 3969 esse
1294 3916 1966 3986 comprobarem,memor

353 4014 446 4083 fui
461 4024 685 4081 operum
700 4006 933 4062 Domini
954 4003 1159 4069 Patris,
1183 4003 1243 4058 id
1263 4007 1349 4057 est
1365 4002 1422 4056 in
1452 4003 1741 4074 frequenti
1771 4021 1963 4059 recor-

355 4098 589 4153 datione
606 4094 982 4163 habui,quam
1001 4091 1250 4162 gloriose
1267 4093 1324 4144 et
1342 4090 1682 4145 mirabiliter
1695 4095 1964 4163 operatus

355 4190 493 4241 esta
518 4181 722 4238 mundi
754 4178 1059 4252 principio,
1096 4181 1155 4231 et
1204 4194 1308 4248 per
1356 4178 1464 4231 hoc
1490 4194 1623 4232 eum
1667 4180 1961 4235 Excelsum

2067 3122 2178 3177 alio
2207 3125 2409 3177 tamen
2451 3124 2746 3178 intellectu
2777 3126 2966 3178 rectus
2997 3139 3328 3189 remanens,
3376 3122 3678 3177 intellectu

2064 3211 2326 3267 videlicet
2370 3212 2681 3268 moralium
2732 3215 3177 3285 praeceptorum,
3224 3210 3284 3265 in
3316 3226 3429 3283 quo
3458 3198 3676 3264 'littera

2070 3300 2297 3354 tantum
2327 3300 2644 3356 insistenda
2668 3305 2811 3355 erat.
2841 3303 2904 3355 In
2939 3302 3101 3372 parte
3126 3316 3355 3372 quoque
3376 3298 3678 3353 salvando-

2066 3404 2197 3443 rum
2237 3389 2705 3445 benedictionem
2737 3389 3022 3463 adOptivae
3071 3387 3365 3443 filiationis
3402 3386 3671 3460 suscepit.

2063 3477 2260 3548 Josepli
2289 3477 2524 3549 quidem
2546 3481 2908 3548 augmentalio
2931 3478 3157 3533 dicitur.
3181 3476 3341 3531 Unde
3359 3493 3463 3549 per
3480 3475 3678 3546 Joseph

2068 3566 2301 3637 gentilis
2330 3567 2578 3638 p0pulus
2598 3566 2975 3637 accipitur,ad
3003 3568 3387 3637 augmentum
3411 3563 3673 3618 Ecclesiae

2065 3655 2371 3724 primitivaa
2398 3655 2469 3710 de
2487 3655 2694 3710 Iudaeis
2725 3655 3048 3726 adjunctus,
3065 3655 3129 3708 Et
3157 3670 3287 3709 ecce
3319 3653 3475 3709 aliud
3494 3653 3674 3707 mira-

2065 3743 2199 3809 bile,
2224 3744 2379 3816 quod
2404 3760 2509 3815 per
2540 3743 2807 3799 notitiam
2834 3742 2936 3797 filii
2965 3743 3214 3797 viderunt
3236 3749 3283 3795 te
3312 3742 3445 3808 fide,
3470 3758 3503 3796 ο
3526 3741 3675 3794 Deus

2065 3833 2255 3898 Pater,
2301 3824 2477 3904 aquae,
2537 3849 2665 3904 quae
2696 3831 2854 3902 prius
2899 3833 3234 3903 ignorantes
3265 3833 3431 3884 erant
3457 3828 3674 3884 scilicet

2064 3923 2284 3991 gentes.
2310 3921 2385 3975 ad
2413 3920 2852 3975 similitudinem
2877 3936 3160 3992 aquarum
3189 3919 3581 3973 inconstantes
3612 3921 3674 3972 et

2065 4008 2300 4064 diffluaa.
2328 4009 2401 4063 Ut
2432 4008 2608 4080 igitur
2633 4008 2831 4075 addat,
2856 4008 3067 4079 repetit
3094 4009 3208 4063 sic:

2143 4097 2421 4165 Viderunt,
2453 4096 2716 4169 inquam,
2750 4104 2797 4151 te
2827 4114 3000 4169 aquae,
3038 4103 3087 4151 et
3118 4098 3448 4161 timuerunt;
3477 4101 3527 4149 et
3558 4101 3669 4148 tur-

2062 4185 2196 4240 batae
2222 4192 2346 4239 sunt
2370 4185 2562 4254 abyssi.
2598 4184 3059 4256 Praaposteratio.
3089 4186 3169 4240 Ac
3198 4184 3243 4239 si
3274 4184 3452 4239 dicat:
3489 4187 3547 4237 et
3582 4183 3668 4253 ip-

355 4290 475 4330 esse
504 4270 645 4326 mihi
677 4267 963 4341 apparuit.
998 4266 1082 4320 Ab
1128 4266 1240 4319 hac
1286 4264 1479 4336 itaque
1512 4267 1799 4322 memoria
1843 4285 1961 4323 non

2063 4291 2136 4329 5&3
2176 4290 2338 4344 aquae
2369 4289 2497 4345 quae
2528 4272 2684 4344 prius
2733 4273 2790 4327 in
2838 4272 3177 4327 inﬁdelitate
3210 4275 3397 4338 erant,
3431 4269 3504 4324 ad
3540 4286 3666 4324 mo-

356 4362 649 4428 desistam,
697 4358 799 4413 sed
854 4357 1210 4411 incessanter
1260 4371 1458 4409 memor
1510 4373 1597 4409 ero
1634 4358 1963 4411 mirabilium

356 4465 596 4523 operum
620 4454 827 4501 tuorum
854 4445 921 4499 ab
933 4446 1083 4499 initio
1096 4442 1297 4498 mundi
1315 4443 1597 4499 factorum
1607 4445 1755 4501 .HEBC
1768 4449 1962 4502 autem

355 4540 470 4595 duo
491 4535 801 4592 commoda
826 4533 968 4587 mihi
996 4533 1131 4588 inde
1159 4531 1506 4603 provenient
1543 4550 1555 4587 :
1588 4537 1871 4606 quatenus
1913 4542 1963 4591 et

353 4626 651 4685 meditabor
678 4626 735 4677 in
756 4622 998 4677 omnibus
1023 4622 1264 4692 operibus
1311 4623 1436 4684 tuis,
1480 4622 1884 4695 adimplendis,
1912 4632 1961 4680 et

352 4715 627 4774 exercebar
657 4711 952 4784 operando
993 4712 1048 4762 in
1080 4710 1537 4765 adinventionibus
1567 4714 1689 4777 tuis,
1706 4712 1762 4767 id
1785 4718 1871 4768 est
1900 4714 1959 4769 in

353 4800 657 4880 praeceptis
672 4798 785 4854 tuis
802 4814 929 4870 quae
946 4800 1009 4851 tu
1032 4796 1395 4851 adinvenisti.
1421 4796 1583 4861 Quod
1616 4804 1700 4855 est
1730 4801 1919 4855 dicere
1941 4819 1958 4854 ε

353 4896 467 4949 Has
488 4893 632 4947 duas
646 4887 922 4943 utilitates
934 4885 1217 4957 adipiscar
1235 4885 1305 4940 de
1318 4886 1778 4943 consideratione
1792 4890 1962 4945 mira-

351 4982 556 5037 bilium
586 4981 839 5043 tuorum,
873 4974 1031 5047 quod
1060 4973 1352 5028 meditabor
1377 4976 1670 5046 quomodo
1697 4980 1795 5032 tua
1813 4995 1962 5048 prae-

352 5072 520 5141 cepta
544 5080 723 5138 opere
752 5064 1099 5133 compleam,
1129 5066 1187 5117 et
1216 5065 1387 5133 prout
1415 5067 1617 5132 potero
1652 5067 1957 5136 aperabor.

421 5157 592 5213 Facta
623 5149 1084 5221 interpositione,
1103 5153 1166 5205 ut
1180 5150 1514 5205 ostenderet
1532 5168 1636 5222 per
1649 5152 1785 5222 quid
1807 5169 1960 5210 com-

349 5241 678 5320 probaverit
704 5241 888 5294 Deum
912 5239 1207 5293 Excelsum
1224 5255 1371 5305 esse,
1404 5238 1797 5310 aequipollenti
1821 5258 1958 5296 voce

347 5331 559 5406 repetit
590 5327 746 5400 quod
776 5342 948 5398 supra
991 5326 1181 5396 posuit
1223 5344 1235 5380 :
1283 5325 1420 5380 Hace
1474 5328 1693 5379 mutatio
1732 5327 1958 5383 dexterae

288 5454 297 5459 -
346 5418 582 5483 Επεὶ-εἱ,
612 5419 674 5470 ut
704 5432 773 5469 ea
802 5413 1099 5469 occasione
1132 5414 1191 5469 in
1223 5413 1455 5468 laudem
1486 5414 1585 5468 Dei
1615 5422 1956 5488 prorumpat

345 5509 426 5565 sic
456 5523 471 5563 :
504 5506 636 5561 Din
660 5501 810 5578 quod
846 5517 985 5557 nunc
1007 5504 1152 5577 cepi,
1177 5517 1210 5557 ο
1240 5501 1383 5558 Deus
1408 5501 1481 5559 ad
1503 5500 1871 5563 dilectionem
1896 5510 1955 5565 et

2061 4362 2201 4417 dum
2232 4363 2570 4433 abyssorum
2598 4362 2922 4433 profunda,
2946 4361 3189 4416 turbatae.
3212 4362 3343 4414 sunt
3372 4358 3527 4413 bona
3543 4361 3663 4412 tur-

2062 4452 2316 4518 batione,
2350 4454 2409 4505 et
2443 4451 2763 4506 timuerunt
2794 4450 2863 4505 de
2897 4449 3064 4505 malis
3116 4448 3256 4503 actis
3284 4447 3418 4503 suis.
3448 4447 3516 4501 Et
3543 4463 3664 4501 non

2062 4556 2258 4612 paucas
2284 4555 2478 4611 aquai:
2508 4538 2609 4593 sed
2638 4537 2920 4592 multitudo
2946 4539 3149 4592 sonitus
3174 4552 3459 4607 aquarum,
3488 4534 3547 4589 id
3579 4538 3667 4588 est

2061 4629 2257 4683 multa:
2283 4644 2447 4699 aquas
2469 4630 2759 4694 sonantes,
2788 4626 2848 4681 id
2872 4628 2959 4681 est
2981 4642 3113 4681 cum
3134 4624 3314 4679 nimio
3337 4623 3525 4679 sonitu
3540 4639 3665 4677 ver-

2060 4717 2290 4783 borum,
2321 4715 2419 4770 Dei
2451 4714 2751 4786 praeceptis
2777 4715 3145 4781 rebellantes,
3160 4713 3294 4769 Dico
3317 4710 3669 4785 quodnotam

2058 4804 2235 4873 fecisti
2252 4807 2503 4858 virtutem
2530 4809 2699 4869 tuam,
2728 4806 2788 4856 et
2815 4801 3060 4859 viderunt
3086 4810 3133 4855 te
3173 4818 3345 4872 aquae.
3379 4801 3447 4853 Et
3474 4798 3532 4854 id
3561 4816 3669 4871 per

2058 4893 2168 4947 hoc
2197 4890 2461 4962 contigit,
2490 4890 2626 4961 quia
2653 4890 2834 4957 nubes,
2862 4889 2921 4962 id
2948 4893 3032 4944 est
3044 4888 3450 4962 praedicatores
3476 4888 3667 4941 Eccle-

2060 4979 2157 5033 sia:
2188 4961 2537 5048 complures,
2599 4977 2852 5032 dederunt
2877 4961 3056 5031 eocem
3088 4975 3530 5047 praedicationis,
3562 4991 3668 5048 per

2060 5083 2235 5138 quam
2254 5083 2419 5138 aquae
2435 5065 2509 5120 ad
2529 5066 2629 5121 Dei
2651 5066 2827 5121 fidem
2850 5069 2908 5119 et
2924 5065 3189 5120 notitiam
3212 5080 3494 5119 conversae
3510 5065 3663 5117 sunt.

2060 5156 2256 5209 Posset
2277 5153 2457 5225 quaeri
2486 5169 2498 5207 :
2535 5153 2720 5217 Quare
2742 5157 2980 5229 propter
3004 5151 3449 5225 praedicatorum
3462 5167 3666 5205 vocem

2058 5260 2212 5314 aquae
2243 5242 2471 5296 turbatae
2518 5245 2646 5309 sint,
2681 5259 2809 5297 cum
2838 5242 2945 5313 ipsi
2974 5241 3341 5296 solummodo
3370 5240 3439 5294 de
3455 5238 3668 5293 ludatis

2055 5331 2312 5385 fuerint?
2335 5330 2418 5384 Ad
2452 5331 2607 5400 quod
2639 5330 2717 5384 sic
2742 5330 3053 5402 respondet
3080 5346 3091 5383 :
3124 5329 3265 5383 Vere
3293 5330 3531 5399 propter
3560 5342 3659 5381 vo-

2055 5436 2183 5475 cem
2212 5418 2658 5490 priedicatorum
2670 5437 2822 5491 aqua?
2848 5418 3173 5473 turbantur.
3201 5416 3419 5470 Etenim
3449 5418 3659 5485 sagittae

2039 5517 2143 5567 ωε
2170 5513 2467 5578 transeunt,
2485 5506 2541 5563 id
2569 5510 2655 5567 est
2681 5507 2855 5568 iidem
2880 5506 3287 5584 praedicatores
3310 5506 3518 5575 sagittae
3548 5508 3657 5561 tua»
