4004 6052
332 246 470 310 i029

1284 244 1642 306 EXPOSITIO
1678 244 1749 305 IN
1786 240 2121 307 PSALMOS.
2148 278 2217 295 -ι
2248 248 2444 313 PSAL.
2485 250 2704 313 LXXVII

3508 261 3646 325 1030

331 368 490 442 dicti,
511 386 580 428 eo
593 368 752 446 quod
769 385 970 429 eorum
989 368 1402 446 praedicatione
1421 370 1744 429 infidelium
1766 371 1941 428 corda
1964 374 2018 432 Α
2040 372 2265 446 agentis
2285 374 2357 430 ad
2379 374 2569 435 minus
2580 377 2898 451 perfectam
2920 377 3153 441 fidelem
3170 382 3381 459 Asaph,
3397 386 3456 444 et
3473 404 3643 446 enar-

330 462 569 529 saucias,
602 461 911 519 transitum
936 462 1159 519 faciunt
1184 463 1254 535 de
1289 462 1501 519 Iudaeis
1539 479 1788 535 regnum
1839 462 1939 517 Dei

329 550 754 625 respuentibus,
1009 552 1082 607 ad
1095 554 1318 625 gentes.
1350 551 1610 607 Ostendit
1633 568 1764 606 vero
1794 567 1936 623 quo-

329 656 509 713 usque
533 646 825 709 transeunt,
866 657 1000 695 cum
1036 640 1201 695 addit
1225 641 1583 696 scilicetzvor
1608 643 1832 696 tonitrui
1861 644 1941 695 tui

328 728 558 796 transit,
608 728 856 786 existens
887 732 944 784 in
974 736 1110 796 rota,
1142 730 1203 786 id
1252 733 1337 785 est
1366 729 1426 787 in
1448 732 1569 786 toto
1598 731 1744 786 orbe
1773 747 1786 785 :
1818 730 1935 802 qui,

330 817 613 890 quoniam
644 817 717 872 ad
748 818 987 873 modum
1019 821 1164 873 rotae
1188 819 1470 875 rotundus
1502 822 1726 890 est,per
1747 821 1936 875 rotam

331 905 629 978 accipitur.
655 906 820 971 Quod
837 910 924 962 est
958 907 1183 964 dicere:
1206 908 1325 963 Vox
1362 908 1811 979 praedicatorum
1840 908 1938 983 qui

331 994 653 1051 tonitruum
670 995 957 1059 dicuntur,
988 1012 1058 1052 eo
1072 996 1228 1068 quod
1246 995 1551 1053 manifeste
1567 995 1935 1067 praedicando

329 1086 586 1140 mortem
616 1086 896 1139 zeternam
914 1101 1030 1140 non
1052 1085 1355 1140 credituris
1371 1084 1827 1153 comminantur,
1860 1085 1938 1141 sic

328 1172 540 1230 transit
565 1174 627 1227 ut
651 1172 712 1227 in
734 1175 865 1227 rota
890 1173 1198 1229 manifesta
1209 1173 1304 1242 sit,
1339 1173 1398 1230 id
1429 1176 1514 1229 est
1538 1172 1598 1229 in
1626 1176 1749 1229 toto
1772 1176 1934 1229 orbe.

335 1262 671 1327 «Quoniam
699 1262 759 1318 in
781 1279 1022 1319 omnem
1077 1266 1293 1320 terram
1323 1263 1495 1321 exivit
1531 1280 1705 1318 sonus
1732 1280 1935 1319 eorum

328 1350 761 1424 (Psal.xvn,5).»
776 1352 900 1407 Non
923 1354 1119 1407 autem
1146 1368 1251 1424 per
1279 1352 1463 1407 solam
1490 1352 1936 1424 praedicatorum

328 1457 531 1498 vocem
564 1440 791 1496 turbata,v
817 1447 941 1496 sunt
970 1447 1020 1495 et
1050 1443 1343 1495 timuerunt
1373 1456 1564 1514 aquae;
1598 1440 1703 1495 sed
1757 1441 1936 1497 etiam

334 1538 496 1594 terra,
518 1530 579 1585 id
608 1532 694 1585 est
719 1532 986 1586 terrenus
1009 1532 1253 1603 populus
1268 1531 1573 1586 salvandus
1614 1547 1681 1586 ex
1728 1530 1937 1586 Iudaeis

332 1623 391 1677 et
417 1621 687 1695 gentibus
723 1624 1039 1676 contremuit
1068 1622 1139 1676 de
1168 1620 1438 1694 peccatis,
1469 1629 1520 1675 et
1569 1627 1831 1676 commota
1864 1625 1938 1678 est

2038 463 2220 519 rantis
2244 465 2485 536 pristina
2515 468 2797 525 beneficia
2826 470 3085 542 patribus
3122 490 3323 533 eorum
3363 493 3399 534 a
3426 480 3543 537 Deo
3582 480 3643 538 in

2038 553 2397 626 temporibus
2418 557 2669 631 antiquis
2698 560 2924 617 collata.
2960 562 3027 616 Et
3052 561 3110 617 in
3155 564 3437 638 principio
3476 568 3646 641 hujus

2037 640 2245 711 psalmi
2300 643 2660 701 adhortantis
2736 649 3006 704 eamdem
3080 651 3272 707 minus
3327 640 3644 726 perfectam

2036 730 2250 802 Asaph,
2281 735 2342 786 ut
2367 749 2493 805 qua:
2518 734 2621 789 sibi
2650 735 2708 790 in
2741 739 3029 808 parabolis
3063 744 3121 794 et
3159 745 3646 816 propositionibus

2038 819 2326 891 loquetur,
2360 825 2579 878 attente
2601 829 2658 879 et
2676 826 2982 900 diligenter
3000 830 3216 899 audiat,
3239 833 3451 890 scilicet
3475 836 3643 893 intel-

2037 906 2270 978 ligendo
2285 925 2353 964 ea
2365 910 2642 967 beneﬁcia
2659 916 3043 987 mystice,non
3058 919 3130 974 ad
3147 919 3400 978 litteram
3417 926 3644 981 tantum

2039 996 2181 1052 sicut
2196 1002 2390 1072 patres
2422 1017 2625 1058 eorum
2652 1003 2930 1061 increduli
2950 1007 3229 1078 fecerunt,
3249 1011 3645 1085 quineglectui

2038 1101 2106 1176 ea
2136 1086 2432 1159 habentes,
2466 1091 2539 1147 ad
2588 1093 2772 1150 solem
2813 1094 3066 1151 litteram
3110 1097 3499 1172 intelligentes
3545 1120 3645 1176 pe-

2036 1173 2277 1231 rierunt.
2301 1177 2435 1234 Ideo
2453 1196 2588 1235 vero
2608 1182 2890 1240 beneficia
2918 1184 3014 1241 illa
3044 1191 3295 1257 enarrat,
3327 1173 3647 1248 utinstrnat

2036 1279 2153 1353 eos,
2179 1268 2459 1336 quatenus
2494 1286 2621 1342 quae
2646 1270 2704 1325 in
2738 1272 2917 1345 priori
2944 1279 3155 1348 populo
3176 1279 3542 1353 contigerunt
3570 1282 3645 1338 ad

2034 1351 2675 1423 historiam,inEcclesia
2686 1376 2915 1433 quoque
2929 1351 3357 1439 continguntad
3370 1368 3641 1440 figuram.

2036 1441 2105 1496 Et
2120 1442 2416 1499 sciendum
2451 1447 2633 1518 quod,
2664 1465 2795 1504 cum
2826 1452 3080 1523 psalmus
3105 1455 3232 1522 iste,
3262 1456 3645 1515 continuatim

2029 1530 2195 1601 juxta
2213 1531 2512 1589 historiam
2526 1536 2891 1607 legendus,in
2905 1557 2963 1594 se
2978 1542 3316 1614 allegoriam
3329 1546 3642 1617 contineat;

2038 1635 2157 1673 non
2190 1623 2387 1676 tamen
2415 1626 2514 1679 aut
2544 1623 2630 1680 vix
2661 1626 2872 1699 ubique
2904 1628 3069 1699 juxta
3100 1631 3436 1704 allegoriam
3462 1634 3643 1692 conti-

330 1710 408 1765 ad
430 1710 608 1766 ﬁdem
636 1727 741 1782 per
764 1711 873 1765 hoc
903 1710 1061 1783 quod
1086 1709 1373 1766 illuxerunt
1431 1711 1547 1764 orbi
1574 1717 1728 1766 terra;-
1757 1727 1935 1767 corus-
1959 1724 2009 1785 B
2038 1707 2263 1763 nuatim
2290 1709 2520 1781 legitur.
2541 1712 2871 1770 Notandum
2898 1733 3033 1772 sane
3060 1719 3347 1789 psalmum
3366 1722 3540 1790 hunc,
3569 1722 3647 1779 si-

331 1801 561 1854 cationes
589 1803 716 1867 tua",
741 1799 800 1854 id
826 1803 913 1854 est
939 1799 1248 1855 manifesta
1277 1798 1688 1854 fueruntomni
1715 1798 1934 1853 mundo

328 1889 690 1945 coruscantia
748 1888 1039 1946 mirabilia
1092 1888 1542 1961 praedicatorum
1574 1889 1647 1944 ad
1691 1889 1936 1944 modum

329 1978 793 2034 coruscationum
821 1977 988 2047 aeris,
1024 1994 1152 2050 qua).
1186 1977 1246 2033 in
1272 1979 1534 2049 tempore
1565 1977 1804 2033 tonitrui
1847 1978 1934 2032 lu-

328 2071 479 2124 cent.
514 2068 679 2134 Quod
705 2071 791 2124 est
841 2068 1032 2124 dicere
1070 2085 1082 2123 :
1118 2069 1226 2123 Per
1275 2068 1555 2123 miracula
1599 2067 1935 2139 praedicato-

326 2173 480 2226 rum,
512 2158 731 2212 terreni
746 2157 1026 2214 commoti
1057 2161 1213 2214 sunt.
1241 2158 1308 2212 Et
1337 2156 1414 2212 sic
1435 2160 1565 2228 post
1594 2156 1935 2212 commotio-

329 2263 467 2302 nem
489 2249 544 2302 in
572 2246 797 2311 mari,id
808 2250 895 2302 est
914 2246 971 2301 in
988 2246 1200 2318 populo
1213 2244 1540 2318 gentili,qui
1564 2246 1722 2318 prius
1742 2262 1835 2300 om
1845 2244 1930 2300 ni-

327 2351 407 2390 no
421 2334 521 2390 Dei
536 2334 740 2391 notitia
755 2335 1014 2390 carebat:
1037 2334 1128 2389 via
1147 2340 1242 2388 tua
1252 2333 1444 2401 fuit,id
1474 2336 1558 2388 est
1579 2333 1836 2405 cognitio
1850 2333 1933 2388 Fi-

327 2424 391 2480 lii
412 2423 495 2479 tui
511 2422 638 2492 fuit,
672 2422 769 2495 qui
799 2427 884 2479 est
908 2424 1000 2478 via
1029 2438 1134 2494 per
1148 2439 1323 2494 quam
1336 2422 1409 2478 ad
1439 2425 1495 2478 te
1521 2422 1765 2489 venitur,
1788 2422 1932 2477 sicut

325 2511 447 2584 ipse
480 2515 722 2568 testatur
755 2528 768 2567 :
805 2534 834 2564 «
865 2512 1046 2566 Nemo
1074 2511 1230 2566 venit
1268 2511 1340 2567 ad
1407 2513 1638 2565 Patrem
1668 2510 1776 2565 nisi
1828 2526 1932 2582 per

328 2619 425 2658 me
438 2600 946 2675 (Joan.x1v,6).»El
971 2603 1169 2655 semitae
1199 2606 1302 2656 tua:
1332 2602 1465 2654 sunt
1477 2601 1533 2654 in
1556 2598 1926 2671 aquismullis,

330 2690 391 2746 id
414 2694 501 2747 est
529 2693 820 2764 praecepta
849 2692 949 2745 tua
973 2691 1107 2744 sunt
1154 2688 1214 2743 in
1243 2689 1440 2743 multis
1479 2688 1769 2761 gentibus,
1802 2704 1929 2759 qua:

327 2780 597 2835 dicuntur
624 2779 867 2847 semitas,
902 2795 971 2834 eo
1002 2777 1157 2850 quod
1179 2776 1254 2832 ad
1291 2775 1732 2833 similitudinem
1756 2774 1926 2831 semi-

324 2871 517 2924 tarum
548 2868 707 2924 carni
735 2866 1056 2923 arctissima
1080 2869 1230 2921 sunt.
1259 2866 1383 2921 Non
1407 2865 1544 2921 dicit
1564 2865 1716 2922 viam
1742 2870 1799 2920 et
1845 2883 1930 2921 se-

327 2957 498 3013 mitas
530 2957 631 3013 Dei
662 2974 785 3012 esse
820 2956 879 3011 in
921 2954 1234 3028 gentibus;
1275 2957 1340 3009 ut
1394 2954 1529 3010 velit
1580 2953 1766 3022 innui,
1819 2955 1928 3010 hoc

324 3063 444 3102 non
476 3063 597 3103 esse
623 3046 683 3102 in
709 3048 874 3119 parte
886 3046 1293 3102 salvandorum
1316 3062 1381 3100 ex
1405 3043 1614 3098 Iudaeis
1639 3060 1651 3097 :
1675 3043 1775 3098 sed
1797 3043 1926 3100 ideo

325 3135 396 3191 de
419 3135 687 3207 gentibus
720 3133 1203 3206 specialiteragit,
1225 3136 1288 3188 ut
1299 3150 1367 3188 ea
1393 3132 1695 3188 occasione
1721 3132 1926 3188 infide-

320 3222 466 3278 lium
477 3224 505 3278 Ι
512 3223 806 3278 udaaorum
822 3225 1146 3277 exsecretur
1162 3218 1737 3286 incredulitatem,sic
1757 3235 1769 3273 :
1790 3219 1926 3275 Dico

319 3311 477 3383 quod
498 3313 607 3366 vita
628 3317 721 3368 tua
737 3312 1005 3366 etsemitav
1034 3312 1171 3365 sunt
1200 3310 1260 3365 in
1291 3309 1583 3380 gentibus,
1625 3325 1752 3380 quae
1783 3307 1927 3362 nihil

320 3399 567 3472 amplius
597 3400 668 3455 de
688 3402 746 3455 te
776 3415 881 3471 per
902 3398 1215 3472 prophetas
1231 3397 1557 3464 audierunt,
1583 3397 1791 3468 quibus
1807 3412 1925 3451 non

320 3488 407 3542 tot
434 3487 716 3542 beneficia
740 3485 1032 3542 contulisti
1059 3490 1123 3540 ut
1148 3485 1375 3541 Iudaeis.
1412 3485 1520 3540 Sed
1568 3485 1787 3553 vestigia
1837 3489 1927 3537 tua

319 3573 378 3629 id
399 3578 484 3629 est
506 3578 796 3646 praecepta
813 3578 912 3629 tua
943 3578 1001 3629 et
1025 3573 1471 3645 praedicatorum
1485 3589 1559 3626 In
1576 3573 1926 3643 racula,quas

318 3665 454 3717 sunt
485 3665 727 3732 vestigia,
761 3679 865 3735 per
905 3678 1033 3734 qua:
1071 3661 1403 3733 pervenitur
1434 3660 1508 3715 ad
1538 3664 1613 3726 te,
1645 3675 1753 3714 non
1803 3675 1926 3728 cog-

316 3756 631 3822 gnoscentur
654 3768 689 3807 a
716 3751 929 3824 populo
957 3755 1079 3817 tuo,
1118 3750 1336 3805 scilicet
1366 3750 1438 3804 ab
1492 3748 1711 3803 inﬁdeli
1762 3750 1928 3821 parte

315 3838 671 3907 Judaaorum,
703 3837 800 3911 qui
832 3839 1080 3911 populus
1100 3841 1230 3893 tuus
1258 3854 1379 3893 esse
1415 3837 1715 3893 deberent.
1743 3836 1928 3901 Quem

317 3929 516 3983 tamen
537 3928 800 4000 populum
832 3934 989 3982 tuum
1030 3927 1299 3982 deduxisti
1322 3927 1457 3981 sicut
1482 3942 1618 3993 oves,
1652 3925 1711 3980 id
1742 3928 1826 3981 est
1856 3925 1927 3980 de

315 4016 561 4087 Aigypto
592 4016 652 4071 in
691 4020 909 4071 terram
939 4014 1340 4089 promissionis
1368 4014 1597 4082 duxisti,
1636 4017 1691 4067 in
1738 4031 1924 4081 manu,

318 4105 379 4160 id
403 4108 490 4160 est
514 4104 574 4159 in
603 4106 815 4161 ducatu
843 4104 1029 4175 Moysi
1049 4110 1098 4160 et
1126 4104 1322 4159 Aaron
1357 4120 1369 4159 :
1402 4106 1602 4176 utpote
1631 4120 1764 4159 oves
1780 4106 1925 4170 tuas,

320 4193 534 4249 scilicet
561 4194 708 4249 adeo
730 4192 1042 4266 diligenter
1078 4209 1175 4248 eos
1199 4208 1439 4264 pascens
1471 4195 1531 4246 et
1574 4190 1923 4253 custodiens,

2037 1799 2134 1850 cut
2167 1800 2226 1853 et
2253 1800 2512 1868 caeteros,
2542 1801 2691 1856 bene
2735 1803 2807 1857 ad
2836 1806 3205 1878 prephetiam
3244 1809 3510 1878 attinere,
3540 1811 3643 1867 etsi

2038 1885 2111 1939 ad
2142 1885 2441 1943 historiam
2472 1889 2722 1960 legatur;
2752 1895 2874 1948 tum
2902 1892 3032 1950 ideo
3065 1895 3200 1967 quia
3230 1896 3412 1952 fidelis
3452 1899 3643 1971 Asaph

2037 1989 2163 2044 quae
2190 1990 2259 2029 eo
2286 1977 2550 2049 tempore
2584 1980 2844 2035 nondum
2888 1985 3032 2050 erat,
3075 2001 3109 2038 a
3148 1985 3437 2057 Propheta
3486 1987 3644 2059 loqui

2035 2060 2437 2131 introducitur,
2480 2070 2601 2122 tum
2633 2068 2811 2124 etiam
2838 2071 3114 2142 quoniam
3145 2072 3205 2127 in
3235 2073 3323 2127 his
3350 2074 3642 2131 beneﬂciis

2035 2168 2161 2223 quae
2205 2153 2296 2208 hic
2332 2153 2703 2213 liistorialiter
2755 2157 2905 2213 facta
2948 2160 3237 2231 Propheta
3283 2162 3495 2233 posuit,
3527 2164 3641 2221 alia

2032 2240 2318 2321 benAefEij
2343 2244 2400 2297 in
2433 2244 2679 2300 Ecclesia
2707 2246 2901 2302 futura
2931 2248 3166 2319 mystice
3199 2249 3535 2321 designavit.

2338 2331 2387 2387 A
2402 2333 2634 2401 ttendite,
2643 2335 2838 2406 popule
2857 2314 3020 2404 meus,
3045 2336 3207 2408 legem
3223 2314 3415 2396 meam.
3437 2341 3487 2398 Α
3500 2348 3636 2398 tien-

2030 2415 2156 2481 dite,
2189 2419 2487 2488 pluraliter
2510 2422 2697 2495 ponit,
2731 2423 2865 2496 quia
2885 2427 3130 2496 populus
3160 2444 3376 2483 nomen
3402 2430 3489 2484 est
3517 2430 3633 2487 col-

2030 2503 2316 2561 lectivum.
2344 2508 2423 2561 Ac
2452 2508 2496 2562 si
2537 2509 2751 2565 diceret
2785 2528 2796 2565 :
2825 2512 2925 2578 Tu,
2960 2512 3142 2569 fidelis
3178 2516 3390 2587 Asaph,
3442 2516 3636 2573 minus

2029 2593 2303 2664 perfecta,
2337 2595 2582 2651 existens
2608 2600 2852 2671 pepulus
2879 2616 3061 2670 meus,
3094 2600 3152 2656 id
3181 2605 3267 2656 est
3293 2603 3407 2658 mei
3450 2605 3630 2674 modi,

2029 2682 2165 2754 quia
2194 2683 2408 2740 scilicet
2438 2688 2495 2741 et
2522 2686 2778 2757 ejusdem
2810 2689 3000 2761 gentis
3029 2708 3246 2759 sumus,
3288 2695 3345 2746 et
3374 2693 3632 2764 ejusdem

2030 2770 2185 2838 fidei,
2217 2773 2446 2840 attende,
2478 2773 2536 2827 id
2567 2776 2650 2828 est
2681 2775 2988 2848 diligenter
3021 2779 3183 2847 legem
3207 2783 3460 2835 veterem
3492 2797 3630 2838 con-

2031 2858 2237 2927 sidera,
2269 2878 2388 2916 non
2415 2862 2785 2933 negligenter
2817 2868 2876 2922 ut
2904 2868 3095 2936 patres
3126 2867 3209 2922 tui
3258 2872 3506 2931 veteres:
3528 2869 3630 2927 Le-

2026 2966 2146 3017 gem
2177 2948 2302 3004 dico
2327 2950 2454 3020 jam
2477 2968 2652 3006 meam
2677 2952 2889 3008 factam
2919 2971 3023 3025 per
3053 2954 3432 3031 intellectum,
3461 2957 3522 3013 id
3547 2961 3633 3013 est

2028 3053 2203 3108 quam
2225 3037 2352 3108 jam
2386 3055 2579 3093 meam
2596 3040 2730 3111 jure
2761 3056 2994 3112 possum
3013 3042 3221 3111 dicere,
3243 3059 3375 3099 cum
3396 3062 3527 3100 eam
3549 3045 3633 3101 in-

2028 3124 2310 3197 telligam,
2334 3143 2460 3198 quae
2476 3127 2641 3182 aliter
2666 3131 2763 3183 tua
2780 3146 2898 3185 non
2919 3130 3045 3197 erit,
3067 3131 3170 3186 uisi
3187 3149 3317 3188 eam
3336 3132 3629 3190 intellexe-

2026 3212 2419 3278 ris.Quoniam
2432 3232 2570 3288 ergo
2591 3217 2783 3289 legem
2799 3217 3246 3275 indeterminate
3261 3224 3633 3292 posuerat,ne

2027 3301 2136 3357 hoc
2161 3302 2336 3358 modo
2367 3306 2701 3374 putaremus
2730 3306 2884 3378 quod
2910 3306 2988 3361 sic
3016 3324 3120 3363 nos
3148 3309 3221 3365 ad
3241 3312 3422 3365 totam
3441 3311 3632 3383 legem

2028 3389 2464 3462 intelligendam
2498 3393 2777 3461 mitteret,
2812 3396 2870 3448 et
2899 3394 3040 3450 nihil
3066 3395 3203 3452 inde
3224 3398 3446 3453 locutus
3464 3402 3632 3467 esset,

2028 3478 2187 3533 addit
2215 3495 2228 3533 :
2258 3480 2326 3533 Et
2356 3484 2419 3535 ut
2448 3485 2631 3536 totam
2662 3483 2851 3555 legem
2876 3487 3127 3540 veterem
3150 3488 3412 3558 exemplo
3430 3488 3635 3543 verbo-

2026 3584 2158 3621 rum
2186 3585 2452 3623 meorum
2479 3570 2788 3642 diligenter
2818 3573 3211 3643 consideretis,
3245 3575 3507 3631 Inclinate
3534 3595 3633 3633 au-

2028 3673 2138 3710 rem
2168 3663 2394 3711 vestram
2425 3658 2614 3713 eundo
2665 3661 2720 3713 in
2754 3661 2909 3715 verba
2942 3663 3048 3716 oris
3090 3666 3195 3717 mei
3239 3663 3633 3735 intelligenda.

2028 3745 2145 3799 Hoc
2173 3749 2369 3800 autem
2390 3748 2473 3799 est
2497 3762 2532 3799 a
2562 3745 2939 3803 similitudine
2969 3750 3187 3805 strenui
3224 3751 3508 3821 discipuli,
3538 3751 3636 3823 qui

2028 3836 2092 3889 ut
2122 3834 2269 3890 bene
2318 3834 2578 3889 docentis
2612 3835 2789 3890 verba
2830 3837 3131 3909 percipiat,
3162 3854 3347 3893 aurem
3374 3839 3633 3893 inclinat.

2025 3923 2105 3977 Ac
2134 3922 2180 3976 si
2212 3921 2365 3977 dicat
2393 3939 2405 3976 :
2439 3922 2759 3994 Diligenter
2789 3924 2983 3979 audite
3015 3910 3195 3980 verba
3220 3943 3347 3998 quae
3380 3927 3591 3998 loquor
3618 3942 3632 3981 :

2029 4014 2181 4066 utea
2207 4011 2446 4083 mystice
2478 4011 2876 4083 intelligendo,
2912 4015 3120 4068 caetera
3144 4030 3273 4086 quae
3306 4014 3365 4069 in
3396 4016 3525 4086 lege
3555 4014 3637 4068 le-

2026 4104 2242 4172 guntur
2258 4100 2630 4155 historialiter
2652 4103 2915 4174 exemplo
2938 4103 3148 4157 horum
3164 4103 3402 4174 mystice
3425 4102 3638 4158 intelli-

2027 4188 2193 4260 gatis.
2231 4188 2298 4243 Et
2330 4204 2559 4244 necesse
2593 4190 2678 4243 est
2707 4191 2770 4242 ut
2795 4189 3126 4257 attendatis,
3159 4194 3217 4245 et
3248 4208 3448 4246 aurem
3472 4190 3638 4246 incli-

320 4282 465 4338 sicut
484 4286 680 4354 pastor
707 4283 870 4338 valde
894 4282 1202 4355 diligenter
1219 4298 1353 4337 oves
1366 4280 1549 4353 pascit
1575 4284 1634 4335 et
1656 4279 1923 4335 custodit.
1951 4302 2003 4361 Β
2028 4276 2207 4344 netis;
2237 4293 2375 4330 nam
2404 4279 2642 4347 aperiam
2662 4293 2719 4331 os
2750 4294 2923 4331 meum
2945 4279 3001 4331 in
3019 4278 3312 4349 parabolis,
3345 4279 3404 4333 id
3421 4282 3506 4333 est
3532 4295 3636 4350 pa-

316 4372 397 4426 Ac
416 4371 463 4427 si
494 4372 684 4427 dicat:
717 4372 926 4426 Gentes
955 4388 1100 4444 quas
1128 4371 1422 4443 hucusque
1453 4370 1603 4425 visus
1646 4387 1707 4425 es
1736 4370 1929 4441 negle-

316 4459 485 4528 xisse,
515 4460 818 4531 praeceptis
849 4459 962 4514 tuis
992 4458 1292 4515 obediunt.
1354 4458 1535 4513 Judaei
1578 4474 1713 4513 vero
1746 4458 1929 4512 incre-

2027 4363 2275 4418 rabolice
2302 4365 2508 4436 loquar
2533 4381 2640 4437 per
2671 4364 3095 4433 similitudines,
3122 4366 3336 4421 scilicet
3362 4366 3491 4422 ideo
3517 4366 3641 4422 dili-

2027 4456 2234 4525 genter
2264 4453 2708 4520 attendendnm,
2744 4456 2806 4507 ut
2848 4453 3004 4525 quod
3034 4455 3364 4526 parabolice
3410 4456 3635 4528 dicitur,

318 4549 458 4611 duli,
492 4565 634 4620 quos
658 4550 795 4602 sicut
823 4565 940 4602 oves
971 4550 1026 4602 in
1048 4565 1215 4601 manu
1238 4546 1422 4617 Moysi
1449 4553 1498 4601 el
1522 4546 1719 4600 Aaron
1746 4545 1928 4600 dedu-
2028 4542 2265 4613 mystice
2297 4541 2599 4598 sentiatur.
2631 4542 2698 4594 Et
2719 4558 2837 4596 non
2862 4543 3046 4597 solum
3063 4545 3117 4597 in
3127 4544 3398 4615 parabolis
3413 4544 3639 4617 loquar;

314 4636 466 4704 xisti,
490 4640 548 4691 et
583 4636 791 4707 quibus
833 4636 946 4692 alia
991 4635 1249 4709 plurima
1297 4634 1579 4690 beneﬁcia
1609 4634 1923 4703 contulisti,
2026 4630 2125 4685 sed
2159 4630 2335 4685 etiam
2362 4630 2557 4701 loquar
2584 4632 2990 4701 propositiones,
3036 4631 3095 4685 id
3138 4635 3223 4686 est
3272 4635 3540 4689 obscuras
3569 4636 3639 4690 si-

314 4727 739 4795 przeceptorum
766 4726 1000 4778 tuorum
1052 4727 1110 4778 et
1135 4723 1549 4778 miraculorum
1578 4721 1923 4794 prmdicato-
2026 4718 2378 4773 militudines
2408 4718 2475 4772 ab
2502 4720 2654 4772 initio
2684 4718 2828 4791 legis
2854 4719 3057 4775 veteris
3088 4720 3437 4794 incipiendo.
3472 4724 3634 4780 Ideo-

314 4828 559 4884 rumque
585 4812 804 4881 vestigia
826 4815 1243 4867 contemnent:
1280 4812 1435 4883 quod
1476 4810 1675 4882 utique
1733 4810 1923 4864 facere
2023 4824 2134 4880 que
2166 4807 2353 4878 magis
2381 4810 2600 4862 attente
2631 4807 3120 4864 considerandum
3151 4812 3253 4864 est.
3302 4811 3365 4864 In
3394 4811 3633 4867 Hebraeo

312 4918 432 4957 non
463 4900 762 4955 deberent.
804 4900 940 4956 Ideo
982 4916 1116 4956 vero
1170 4900 1501 4955 Judasorum
1548 4899 1923 4955 incredulita—
2020 4896 2267 4952 habetur
2317 4895 2633 4967 aenigmata
2689 4897 2947 4969 antiqua.
3005 4898 3167 4953 Unde
3212 4899 3635 4969 propositiones

311 4992 431 5044 tem
462 4988 802 5055 detestatur,
851 4991 915 5042 ut
944 5004 1049 5060 per
1082 4990 1190 5044 hoc
1239 4987 1649 5043 salvandorum
1675 5002 1811 5057 pars
1847 4986 1920 5041 ab
2021 4985 2331 5056 accipimus
2361 4984 2767 5040 similitudines
2809 4986 2934 5041 illas
2990 5002 3117 5056 qua:
3174 4985 3467 5041 intellectu
3497 4992 3630 5045 sunt

312 5092 514 5132 eorum
540 5075 950 5132 conformitate
979 5078 1328 5132 retrahatur.
2021 5073 2399 5140 obscuriores,
2454 5073 2756 5144 parabolas
2812 5089 2947 5127 vero
3006 5088 3134 5144 quae
3182 5072 3626 5144 manifestiores,

752 5172 822 5226 ΙΝ
861 5167 1193 5225 PSALMUM
1218 5165 1455 5219 LXXVII.
2020 5178 2197 5234 quare
2250 5162 2427 5216 etiam
2461 5162 2844 5232 propositiones
2902 5159 3189 5229 dicuntur,
3249 5178 3317 5215 eo
3364 5164 3520 5233 quod
3551 5165 3625 5220 ad

376 5257 594 5314 Titulus
619 5257 1032 5332 septuagesimi
1048 5253 1299 5327 septimi.
1353 5253 1605 5307 Psalmus
1626 5251 1917 5306 intellectus
2019 5249 2396 5321 quaestionem
2428 5251 2846 5320 proponantur.
2880 5246 3025 5311 Quia
3045 5265 3177 5303 vero
3205 5250 3493 5320 parabolae.
3513 5252 3624 5306 cla-

305 5326 792 5418 Asathuodsic
813 5326 1496 5418 exponitusztepsalmus
1518 5340 1829 5407 intellectus,
1857 5339 1915 5394 id
2015 5338 2198 5394 riores
2221 5338 2353 5391 sunt
2380 5336 2673 5390 intellectu
2719 5353 2894 5407 quam
2945 5337 3386 5407 propositiones,
3432 5338 3622 5395 innuit

308 5438 397 5491 est
418 5435 818 5508 intelligentia:
835 5435 892 5489 in
917 5450 1030 5505 quo
1063 5431 1336 5503 mysticus
1362 5429 1683 5483 intellectus
1736 5427 1916 5483 conti—
2015 5444 2145 5482 cum
2179 5425 2347 5499 ponit
2380 5442 2391 5478 :
2425 5425 2686 5495 Aperiam
2734 5427 2791 5478 in
2819 5424 3099 5495 parabolis
3128 5442 3184 5479 os
3225 5444 3421 5495 meum,
3457 5430 3618 5500 quasi

308 5525 503 5595 netur,
530 5526 617 5580 est
643 5524 853 5602 Asaph,
886 5522 946 5578 id
963 5524 1050 5579 est
1075 5519 1330 5597 perfecte
1358 5516 1543 5577 fidelis
1567 5516 1909 5590 Synagogaz,
2018 5514 2235 5573 diceret
2267 5530 2281 5569 :
2314 5514 2524 5590 Aperte
2554 5512 2741 5591 loquar
2757 5514 2813 5567 in
2823 5512 3110 5590 parabolis.
3132 5513 3412 5586 Ut_autem
3430 5520 3616 5578 atten-
