4004 6052
406 266 538 335 lost

988 265 1049 332 S.
1088 263 1435 329 BRUNONIS
1472 260 2104 327 CARTHUSIANORUM
2138 260 2609 329 lNSTlTU’l‘ORlS
2647 265 2803 329 OPP.
2844 264 3022 329 PARS
3055 265 3100 328 Ι.

3587 258 3733 329 mss

382 398 393 405 '
413 396 589 457 tiores
612 394 840 467 reddat,
859 389 996 454 dicit
1014 409 1073 453 se
1104 410 1174 453 ea
1191 407 1319 469 quae
1346 389 1890 463 dicetnonﬁnxisse,
1912 387 2013 449 sed
2035 413 2092 475 Α
2122 393 2404 452 etvirtutes
2416 398 2468 453 et
2480 390 2768 453 mirabilia:
2788 396 2848 451 ut
2859 408 2963 470 per
2973 385 3415 452 nosistaeadem
3426 393 3731 467 cognoscat,

415 507 449 546 a
464 488 722 564 patribus
734 485 832 562 qui
847 484 948 542 viri
964 485 1196 555 fuerunt
1215 499 1443 556 magna;
1458 481 1817 540 auctoritatis
1828 480 2014 538 audis-

412 596 470 639 se
487 582 543 639 et
562 574 1056 652 cognovisse.Dico
1077 573 1233 647 quod
1246 572 1431 647 loquar
1446 590 1573 648 quae
1592 590 1707 630 non
1723 572 2016 630 ﬁnxerim.

486 757 700 825 Quanta
730 755 1031 810 audivimus
1052 759 1101 807 et
1131 753 1468 822 cognovimus
1497 768 1582 819 ea,
1615 758 1665 805 et
1684 758 1866 823 patres
1901 769 2020 806 nos-

414 851 486 903 tri
510 850 865 902 narraverunt
902 842 1067 896 nobis.
1115 840 1279 905 Quod
1313 841 1397 895 est
1437 840 1628 894 dicere
1664 858 1681 895 :
1722 840 1853 895 Haec
1890 856 2018 913 quae

410 937 718 1009 loquemur
741 950 868 1006 qua:
898 937 1099 1003 quanta
1125 930 1277 996 sunt,
1301 928 1359 983 id
1386 930 1472 982 est
1489 929 1652 983 valde
1671 945 1905 1001 magna,
1912 946 2017 1000 pa-

414 1032 514 1082 tres
543 1025 711 1079 nostri
737 1019 1164 1077 auctorizabiles
1203 1016 1307 1072 viri
1352 1024 1710 1072 narraverunt
1748 1019 1913 1085 nobis,
1963 1019 2021 1073 et

412 1130 518 1171 nos
546 1112 855 1183 diligenter
878 1108 1197 1173 audivimus,
1232 1108 1289 1161 et
1319 1105 1555 1177 mystice
1577 1110 1935 1176 cognovimus,
1964 1110 2022 1162 et

410 1200 621 1256 idcirco
642 1198 805 1254 nobis
830 1196 1185 1252 credendum
1208 1196 1314 1252 est.
1347 1195 1415 1248 Et
1432 1194 1556 1249 haec
1578 1211 1684 1247 non
1707 1201 1829 1248 sunt
1848 1195 2018 1249 occul-

411 1296 522 1344 tata
551 1306 582 1342 a
603 1288 726 1358 ﬁliis
747 1303 929 1342 eorum
956 1287 1210 1357 patrum,
1244 1300 1278 1337 a
1317 1282 1484 1337 nobis
1516 1282 1749 1349 scilicet,
1788 1285 1842 1336 in
1870 1300 2022 1353 gene-

412 1379 615 1432 ratione
644 1375 833 1443 altera,
861 1373 920 1429 id
953 1376 1036 1427 est
1067 1388 1101 1426 a
1123 1370 1286 1425 nobis
1317 1370 1562 1427 diversa.
1600 1370 1766 1434 Quod
1811 1373 1896 1425 est
1934 1370 2018 1425 di-

408 1482 538 1521 cere
570 1480 585 1520 :
616 1465 740 1520 Non
771 1479 840 1517 ea
870 1478 937 1516 ex
976 1459 1190 1514 invidia
1217 1457 1646 1519 occultavimus.
1679 1458 1815 1531 quin
1841 1476 2018 1530 gene-

410 1552 619 1611 rationi
642 1550 903 1623 gentium
920 1548 1344 1614 intimaremus,
1363 1563 1489 1618 quae
1505 1550 1590 1601 est
1612 1547 1804 1615 altera,
1831 1547 1891 1601 id
1911 1550 2015 1613 est,

411 1658 446 1697 a
473 1639 639 1696 nobis
668 1638 984 1695 secundum
1015 1635 1303 1706 originem
1337 1634 1580 1689 diversa.
1603 1635 1669 1688 Et
1690 1634 1748 1690 in
1772 1635 1880 1690 hoc
1921 1650 2019 1689 eos

2120 480 2179 539 id
2195 486 2281 540 est
2294 483 2532 559 mystice
2568 483 2875 558 intelligat,
2903 485 3240 555 generatione
3269 481 3457 551 altera,
3490 481 3731 540 scillicet

2122 574 2376 645 gentilis.
2414 575 2482 629 Et
2501 574 2821 631 notandum
2839 574 2995 647 quod
3018 573 3169 629 istud
3186 573 3306 629 fere
3329 572 3551 629 dixerat
3567 588 3734 647 super

2120 662 2258 729 rius,
2269 662 2361 717 ubi
2377 662 2518 719 dixit
2529 670 2731 737 quanta
2745 662 3250 735 audivimus,usque
3264 662 3335 717 ad
3352 670 3654 716 narrantes.

2194 750 2307 806 Sed
2350 751 2409 807 in
2439 752 2547 807 hoc
2600 754 2821 806 tamen
2847 750 3131 806 diversum
3163 754 3269 818 est,
3298 751 3431 823 quia
3459 750 3552 805 hic
3580 750 3723 806 dicit

2119 856 2217 895 eos
2246 842 2371 896 haec
2392 858 2653 897 narrasse
2683 841 2961 895 mandato
2974 840 3233 908 Domini,
3268 841 3423 913 quod
3452 841 3715 912 superius

2120 946 2238 984 non
2273 930 2515 987 dixerat.
2544 932 2667 986 Non
2706 930 2894 985 solum
2946 946 3080 985 vero
3106 933 3376 999 generatio
3405 930 3573 985 altera
3629 946 3719 985 co-

2121 1022 2359 1090 gnoscet
2388 1035 2400 1074 :
2436 1019 2535 1074 sed
2557 1026 2606 1073 et
2632 1019 2735 1088 ﬁlii
2760 1021 2856 1090 qui
2872 1026 3154 1073 nascentur
3182 1036 3244 1073 ea:
3272 1019 3441 1086 nobis,
3473 1025 3523 1073 et
3543 1035 3724 1073 exsur-

2117 1114 2261 1177 gent,
2295 1107 2353 1162 id
2374 1111 2458 1162 est
2490 1107 2696 1163 attenti
2722 1107 2972 1162 eruntin
2996 1107 3102 1161 hac
3130 1107 3465 1180 cognitione
3487 1107 3726 1179 mystice

2123 1196 2550 1269 intelligentes:
2582 1213 2699 1251 non
2722 1197 3005 1267 jacentes,
3033 1196 3093 1251 id
3118 1199 3203 1250 est
3235 1213 3351 1251 non
3408 1196 3482 1251 ad
3537 1197 3725 1252 solam

2088 1356 2095 1363 Ἰ
2122 1283 2377 1340 litteram
2402 1285 2525 1340 haec
2552 1284 2897 1357 accipientes
2925 1285 3281 1339 enarrabunt
3306 1284 3434 1339 ﬁliis
3456 1284 3590 1342 suis.
3619 1286 3728 1339 Per

2121 1373 2231 1428 hoc
2258 1390 2391 1429 vero
2415 1390 2513 1429 eos
2543 1373 2747 1445 quibus
2777 1372 2897 1445 agit
2925 1371 3217 1435 hic,valde
3232 1372 3424 1427 reddit
3448 1375 3725 1439 attentos,

2121 1478 2255 1516 cum
2283 1478 2381 1516 eos
2401 1462 2605 1533 quibus
2625 1461 2748 1534 agit
2775 1461 2887 1529 hic,
2916 1460 3079 1515 valde
3092 1460 3284 1519 reddit
3306 1463 3724 1527 attentos,cum

2122 1566 2219 1604 eos
2250 1550 2345 1622 qui
2376 1549 2646 1604 nascituri
2673 1552 2823 1617 sunt,
2853 1548 3117 1621 praedixit
3132 1549 3258 1604 haec
3277 1564 3394 1604 non
3422 1549 3726 1621 ignoratu-

2118 1654 2234 1693 ros.
2270 1637 2337 1692 Et
2369 1637 2499 1692 ideo
2522 1637 2645 1692 haec
2674 1636 2755 1692 eis
2785 1637 3125 1692 narrabunt.
3161 1636 3235 1692 Ut
3262 1644 3473 1709 ponant
3498 1639 3554 1691 in
3607 1636 3727 1692 Deo

408 1729 572 1785 valde
604 1727 794 1783 reddit
822 1728 1071 1781 attentos
1105 1740 1117 1778 :
1162 1739 1295 1778 cum
1342 1722 1517 1778 etiam
1563 1726 1765 1795 gentes
1813 1722 2019 1795 quibus
2045 1744 2094 1802 Β
2117 1743 2257 1797 spem
2285 1744 2457 1793 suam,
2486 1726 2546 1780 id
2575 1728 2659 1780 est
2688 1725 2895 1780 auditis
2921 1724 3009 1780 his
3027 1725 3322 1781 beneﬁciis
3372 1725 3633 1797 patribus
3691 1743 3731 1781 a

410 1817 520 1874 ista
546 1815 826 1872 beneﬁcia
852 1830 970 1869 non
991 1812 1225 1868 fuerunt
1244 1811 1471 1877 collata,
1507 1827 1574 1866 ea
1600 1810 1910 1865 audierunt
1931 1814 2016 1865 at-

408 1909 589 1965 tente.
618 1906 753 1961 Post
794 1903 962 1975 hujus
1007 1918 1201 1957 versus
1245 1899 1750 1973 interpositionem
1791 1900 1864 1955 ad
1907 1900 2019 1955 hoc

410 1994 565 2069 quod
580 1992 813 2065 incoepit
828 1989 1219 2046 revertitursic
1242 2005 1255 2043 :
1276 1988 1413 2043 Dico
1435 1987 1590 2059 quod
1602 1993 1783 2058 patres
1805 2004 2019 2059 magna

409 2089 762 2139 narraverunt
790 2080 962 2135 nobis.
987 2080 1184 2133 Patres
1218 2081 1497 2130 narrantes
1536 2076 1662 2131 dico
1694 2076 1873 2130 laudes
1902 2075 2015 2129 Do-

410 2174 564 2240 mini,
594 2171 652 2227 id
678 2173 763 2226 est
790 2170 1078 2242 praecepta
1106 2167 1165 2221 in
1187 2181 1437 2238 quorum
1469 2165 1833 2220 observantia
1871 2166 2018 2220 Deus

408 2261 698 2328 laudatur,
731 2266 780 2314 et
809 2260 1029 2314 virtutes
1067 2257 1199 2327 ejus,
1240 2255 1300 2309 id
1343 2257 1429 2309 est
1465 2271 1533 2309 ea
1571 2253 1852 2309 beneﬁcia
1889 2271 2017 2326 quae

411 2349 570 2422 quasi
601 2366 705 2420 per
740 2345 1030 2402 violentiae
1063 2346 1332 2399 virtutem
1387 2346 1654 2414 operatus
1702 2360 1823 2397 esse
1869 2343 2017 2397 visus

411 2441 514 2495 est.
539 2437 765 2491 Scilicet
795 2436 866 2489 de
897 2433 1073 2488 maris
1104 2431 1550 2503 interruptione,
1597 2432 1668 2486 de
1702 2430 2017 2486 Pharaonis

411 2524 831 2591 submersione,
847 2525 903 2578 et
921 2523 990 2576 de
1015 2519 1384 2575 inimicorum
1412 2519 1800 2590 superatione.
1816 2518 1892 2574 Et
1908 2521 2017 2573 mi-

410 2614 605 2670 rabilia
625 2614 741 2684 ejus
771 2629 889 2684 quae
904 2612 1052 2681 fecit,
1078 2609 1135 2663 id
1162 2612 1265 2675 est,
1294 2607 1576 2662 beneﬁcia
1605 2606 1703 2662 illa
1737 2624 1863 2679 qua:
1894 2624 2013 2662 non

411 2702 573 2776 quasi
593 2719 697 2775 per
724 2699 1079 2765 violentiam,
1100 2698 1201 2753 sed
1222 2714 1324 2768 per
1344 2697 1524 2751 solam
1548 2697 1868 2767 potentiam
1884 2713 2016 2767 ope-

412 2794 569 2846 ratus
595 2794 682 2845 est
702 2787 1065 2854 mirabiliter,
1094 2785 1240 2840 sicut
1270 2800 1489 2839 manna
1504 2785 1658 2855 quod
1674 2785 1837 2855 pluit,
1866 2801 2016 2857 aqua

412 2896 587 2951 quam
619 2879 688 2933 de
721 2881 884 2950 petra
913 2874 1091 2941 dedit,
1126 2877 1183 2929 et
1212 2877 1420 2929 caetera
1448 2873 1603 2927 talia.
1625 2871 1889 2928 Ostendit
1908 2872 2012 2945 igi-

2119 1815 2237 1870 Deo
2271 1815 2450 1887 gratis
2474 1814 2754 1869 concessis
2787 1832 2800 1868 :
2836 1813 2978 1868 nihil
3022 1829 3057 1868 a
3107 1831 3167 1869 se
3217 1818 3567 1886 exspectent,
3622 1815 3729 1870 sed

2121 1920 2361 1959 omnem
2389 1921 2532 1975 spem
2556 1901 2973 1958 beneficiorum
3012 1902 3071 1957 in
3103 1901 3214 1957 Deo
3236 1909 3465 1975 ponant.
3494 1901 3572 1957 Et
3614 1919 3729 1958 non

2118 1993 2500 2047 obliviscantur
2524 2009 2737 2063 operum
2764 1990 2892 2060 Dei,
2913 1991 3055 2046 sicut
3083 1995 3274 2063 patres
3305 1991 3464 2047 obliti
3492 1995 3643 2058 sunt,
3664 1992 3730 2047 id

2123 2083 2211 2135 est
2239 2098 2346 2134 non
2375 2081 2762 2136 obliviscantur
2783 2078 3197 2134 beneﬁciorum
3230 2096 3360 2152 qum
3389 2080 3448 2135 in
3479 2081 3560 2135 eis
3574 2081 3731 2136 Deus

2119 2174 2205 2225 est
2237 2172 2581 2241 operaturus
2613 2186 2627 2237 ;
2661 2185 2786 2241 quae
2812 2167 3135 2238 signiﬁcata
3153 2167 3387 2222 fuerunt
3412 2184 3516 2239 per
3543 2169 3728 2224 bene-

2118 2258 2249 2314 ﬁcia
2280 2257 2336 2311 in
2370 2257 2628 2330 patribus
2653 2256 2911 2328 antiquis
2929 2257 3558 2329 operata,quorumipsi
3585 2257 3733 2313 obli-

2120 2347 2160 2402 ti
2195 2350 2347 2402 sunt.
2378 2345 2455 2399 Et
2480 2352 2537 2400 ut
2566 2346 2823 2401 maadata
2859 2345 2974 2415 ejus
3025 2344 3126 2400 Dei
3162 2347 3464 2417 exquirant,
3524 2346 3584 2400 id
3639 2348 3731 2402 est

2119 2438 2339 2491 attente
2373 2438 2725 2506 cognoscant
2754 2436 2813 2489 et
2841 2433 3107 2505 diligant,
3136 2451 3264 2506 quae
3296 2437 3486 2505 patres
3522 2435 3724 2506 negle-

2116 2527 2340 2578 xerunt.
2366 2523 2433 2577 Et
2458 2521 2587 2578 ideo
2615 2539 2845 2595 quoque
2873 2523 3192 2577 narrabunt
3219 2538 3232 2575 :
3258 2521 3455 2576 Ncﬁlii
3484 2523 3619 2591 ﬁant
3645 2523 3722 2577 si-

2116 2618 2206 2665 cut
2226 2618 2410 2681 patres
2430 2628 2611 2665 eorum
2639 2610 2883 2682 antiqui,
2917 2610 3132 2667 scilicet
3154 2626 3229 2664 ne
3258 2609 3402 2665 ﬁant
3452 2611 3720 2681 generatio

2106 2717 2281 2770 prava
2320 2699 2379 2753 in
2411 2699 2690 2767 moribus,
2725 2702 2785 2754 et
2808 2715 3121 2770 exasperans
3151 2698 3407 2754 Deumin
3435 2698 3601 2753 malis
3632 2715 3723 2754 ac-

2115 2787 2271 2843 tibus
2299 2787 2442 2842 sicut
2471 2791 2686 2860 patres.
2722 2786 2984 2843 Ostendit
3056 2791 3249 2842 autem
3295 2786 3355 2840 in
3401 2803 3514 2859 quo
3541 2804 3720 2858 prava

2115 2874 2242 2942 fuit,
2329 2892 2460 2929 cum
2511 2874 2649 2930 dicit
2707 2892 2720 2928 :
2781 2874 3064 2929 Generatio
3131 2874 3342 2929 scilicet
3423 2892 3541 2947 qua:
3614 2891 3723 2929 non

411 2970 505 3022 tur
536 2966 630 3022 ubi
659 2966 783 3020 haec
812 2969 1172 3020 narraverunt
1192 2962 1271 3016 sic
1302 2978 1314 3015 :
1342 2961 1486 3016 Vere
1513 2968 1867 3015 narraverunt
1894 2962 2014 3015 lau-
2048 2976 2095 3036 α
2117 2964 2309 3019 direxit
2357 2980 2445 3018 cor
2500 2981 2676 3032 suum,
2742 2967 2805 3018 ut
2853 2963 3002 3018 bene
3060 2963 3132 3018 de
3196 2965 3313 3018 Deo
3370 2962 3655 3036 cogitaret
3705 2979 3720 3017 :

410 3057 516 3123 des,
547 3063 596 3110 et
626 3057 842 3108 virtutes
873 3059 923 3106 et
950 3049 1223 3105 mirabilia
1245 3047 1366 3103 Dei.
1396 3047 1539 3102 Nam
1569 3047 1715 3102 Deus
1740 3065 1844 3121 per
1865 3048 2019 3120 ipsos

411 3149 602 3218 patres
627 3147 684 3198 et
710 3142 984 3196 suscitavit
1006 3140 1063 3192 in
1082 3135 1266 3203 Jaccb,
1291 3135 1347 3190 id
1374 3140 1459 3190 est
1478 3136 1535 3190 in
1552 3137 1765 3207 populo
1783 3136 2017 3191 Judaico

412 3236 789 3296 testimonium,
823 3230 883 3284 id
914 3232 997 3282 est
1020 3226 1234 3298 scripta
1264 3225 1544 3279 virtutum
1575 3229 1633 3279 et
1663 3224 2016 3279 mirabilium

410 3337 668 3387 suorum,
698 3334 825 3391 qua:
860 3316 1072 3371 idcirco
1119 3315 1473 3368 testimonium
1526 3312 1816 3375 dicuntur,
1872 3330 2014 3385 quo-

411 3410 568 3464 niam
602 3424 735 3463 eum
765 3407 1066 3479 potentem
1096 3419 1217 3457 esse
1251 3405 1556 3468 testantur,
1588 3407 1636 3457 et
1668 3403 1723 3454 in
1751 3401 1938 3469 Israel,
1957 3402 2017 3457 id

409 3500 495 3553 est
526 3497 583 3552 in
611 3496 823 3568 populo
846 3492 1101 3559 Judaico,
1125 3493 1305 3562 posuit
1330 3490 1491 3561 legem
1508 3506 1611 3561 per
1627 3489 1779 3561 ipsos
1799 3492 2011 3562 patres,

408 3587 465 3643 id
497 3590 581 3641 est
636 3584 846 3657 scripta
894 3584 1315 3654 pra-.ceptorum
1363 3595 1617 3645 suorum,
1661 3595 1788 3649 quae
1839 3578 2015 3633 laudes

406 3675 529 3747 ejus
556 3676 706 3729 sunt.
745 3672 810 3725 Et
838 3672 988 3727 bene
1030 3668 1196 3742 ponit
1229 3669 1521 3732 suscitavit,
1563 3683 1596 3720 a
1638 3665 2013 3721 similitudine

406 3765 488 3820 rei
520 3766 763 3819 mortua:
791 3777 917 3833 qua:
951 3758 1288 3825 suscitatur;
1317 3771 1381 3811 ac
1410 3755 1455 3809 si
1483 3756 1635 3810 dicat
1681 3772 1694 3810 ε
1729 3755 1871 3819 Quia
1901 3755 2010 3809 mi-

406 3856 599 3909 racula
621 3856 677 3908 et
708 3854 924 3906 virtutes
954 3852 1012 3903 et
1042 3849 1331 3918 praecepta
1366 3845 1487 3915 ejus
1514 3844 1680 3899 aliter
1710 3860 2011 3901 moreren-

406 3947 516 4009 tur,
548 3941 685 3995 fccit
713 3940 864 4010 ipsos
894 3939 1086 4007 patres
1112 3934 1323 4004 scripta
1344 3948 1696 4005 conponere,
1727 3932 1785 3985 in
1809 3932 2013 4004 quibus

402 4029 670 4085 mirabilia
702 4031 759 4081 et
805 4028 1023 4079 virtutes
1072 4027 1131 4078 et
1183 4021 1364 4075 laudes
1408 4022 1529 4091 ejus
1577 4021 2008 4076 suscitarenlur.

626 4117 692 4170 Et
718 4115 827 4168 hoc
856 4110 1265 4182 compendiose
1279 4108 1436 4165 dicit.
1460 4109 1752 4165 Suscitavit
1780 4111 2008 4162 testimo-

403 4210 553 4262 nium
584 4208 640 4259 in
664 4202 854 4269 Jacob,
887 4200 945 4255 id
989 4202 1073 4253 est
1112 4200 1174 4252 ut
1222 4196 1491 4251 mirabilia
1536 4200 1595 4251 et
1636 4199 1853 4250 virtutes
1882 4214 2010 4252 suas

2118 3060 2186 3119 et,
2221 3053 2278 3108 id
2307 3056 2391 3107 est
2422 3052 2659 3121 scilicet,
2688 3053 2931 3124 spiritus,
2957 3052 3017 3107 id
3046 3056 3127 3107 est
3155 3052 3302 3107 ratio
3332 3053 3455 3124 ejus
3477 3067 3594 3107 non
3633 3055 3724 3106 est

2119 3140 2369 3196 creditus
2388 3156 2519 3194 cum
2552 3141 2690 3207 Deo,
2721 3139 2781 3194 id
2810 3142 2896 3193 est
2922 3155 3054 3194 cum
3081 3138 3183 3194 Dei
3210 3140 3417 3194 auxilio
3447 3140 3597 3195 bene
3622 3156 3721 3194 co-

2119 3229 2324 3301 gitare,
2359 3229 2461 3283 sed
2490 3245 2595 3300 per
2623 3244 2703 3283 se.
2742 3227 2910 3292 Quod
2952 3232 3040 3283 est
3068 3227 3257 3284 dicere
3298 3228 3725 3283 :Crediderunt

2117 3332 2222 3389 per
2250 3333 2308 3372 se
2339 3316 2687 3372 sufﬁcientes
2718 3333 2842 3371 esse
2873 3315 2947 3372 ad
2986 3317 3134 3372 bene
3166 3315 3538 3388 cogitandum
3596 3316 3723 3371 sine

2117 3406 2323 3462 auxilio
2379 3406 2500 3474 Dei,
2530 3409 2587 3461 et
2615 3406 2673 3460 in
2706 3406 2815 3460 hoc
2843 3404 3003 3477 pravi
3036 3405 3298 3473 fuerunt;
3332 3406 3418 3459 vel
3445 3405 3523 3460 sic
3560 3422 3574 3459 :
3612 3404 3722 3460 Ge-

2116 3497 2329 3551 neratio
2358 3512 2476 3566 quae
2506 3511 2613 3548 non
2640 3495 2835 3550 direxit
2866 3511 2955 3548 cor
2976 3511 3154 3557 suum,
3187 3494 3260 3549 ad
3288 3495 3435 3549 bene
3455 3492 3721 3566 cogitan-

2117 3584 2279 3651 dum,
2310 3584 2420 3639 hoc
2447 3600 2564 3638 non
2600 3587 2874 3638 mutatur.
2894 3584 2960 3637 Et
2984 3583 3029 3637 si
3062 3584 3293 3654 quando
3318 3583 3465 3637 bene
3496 3581 3718 3653 cogita-

2113 3672 2194 3726 vit
2222 3672 2476 3726 liumano
2508 3688 2692 3738 more,
2732 3674 2949 3743 spiritus
2977 3672 3090 3742 ejus
3135 3688 3255 3726 cum
3303 3670 3416 3726 Deo
3446 3670 3719 3737 existens,

2114 3777 2219 3815 non
2242 3765 2316 3815 est
2353 3760 2604 3827 creditus,
2638 3760 2698 3814 id
2719 3764 2805 3814 est
2835 3776 2955 3814 non
2976 3759 3346 3815 crediderunt
3373 3758 3717 3814 rationisum

2114 3866 2242 3921 qua:
2266 3850 2413 3903 bene
2444 3849 2749 3920 cogitando
2775 3865 2907 3904 cum
2939 3851 3055 3904 Deo
3077 3853 3222 3912 erat,
3245 3849 3303 3904 id
3336 3852 3420 3904 est
3440 3865 3566 3920 qum
3593 3847 3719 3920 pla-

2114 3938 2225 3992 cita
2252 3939 2369 3993 Deo
2407 3938 2718 4010 cogitabat,
2746 3941 2810 3993 ut
2840 3955 2967 4010 quae
3025 3938 3447 3993 rationabiliter
3494 3937 3715 4009 cogita-

2114 4026 2276 4093 bant,
2303 4043 2477 4103 opere
2509 4027 2888 4098 complerent.
2916 4025 3011 4081 Vel
3038 4026 3114 4080 sic
3135 4026 3247 4098 legi
3279 4027 3470 4098 potest
3500 4025 3570 4079 de
3609 4042 3720 4103 pa-

2114 4114 2297 4169 tribus
2327 4100 2437 4188 qui
2455 4115 2687 4169 fuerunt
2710 4114 2770 4169 in
2802 4118 3069 4186 tempore
3114 4112 3342 4169 Christi.
3387 4112 3523 4168 Dico
3555 4100 3715 4184 quod

2112 4202 2220 4275 ﬁlii
2244 4202 2422 4258 nostri
2454 4204 2547 4275 qui
2565 4209 2849 4258 nascentur
2883 4204 3175 4257 narrabant
3201 4201 3326 4271 ﬁliis
3353 4203 3461 4255 suis
3490 4201 3721 4255 salvan-

402 4295 718 4359 suscitaret,
749 4289 962 4361 scripta
991 4305 1096 4359 per
1125 4287 1322 4340 Patres
1355 4284 1544 4355 posuit
1576 4283 1636 4339 in
1666 4286 1880 4356 populo
1914 4288 2014 4341 Ju-
2036 4295 2089 4354 D
2115 4291 2219 4358 dis,
2254 4306 2328 4345 ne
2357 4292 2500 4345 ﬁant
2527 4291 2669 4345 sicut
2698 4294 2891 4362 patres
2920 4307 3122 4345 eorum
3150 4289 3453 4355 increduli,
3481 4288 3578 4360 qui
3593 4289 3718 4343 fue-

402 4384 587 4452 daico,
618 4384 705 4439 vel
753 4382 1111 4437 testimonium
1148 4376 1422 4430 suscitavit
1457 4375 1515 4429 in
1566 4376 1761 4442 Jacob,
1821 4376 1881 4429 id
1929 4378 2014 4429 est

401 4473 610 4545 scripta
630 4469 950 4526 carnalium
966 4464 1487 4531 observantiarum,
1512 4479 1639 4535 quae
1654 4466 2011 4518 testimonium

402 4560 761 4624 dicebantur,
791 4574 859 4612 eo
874 4555 1028 4628 quod
1045 4554 1156 4609 alia
1178 4552 1418 4624 mystica
1435 4552 1635 4623 persui
1660 4551 2008 4606 evidentiam

403 4650 460 4705 in
483 4648 729 4703 Ecclesia
746 4646 937 4701 futura
954 4642 1350 4709 testabantur;
1378 4643 1651 4695 suscitavit
1676 4643 1732 4694 in
1754 4640 2011 4707 Jacob,id

401 4740 485 4793 est
514 4735 705 4810 posuit
746 4733 806 4789 in
849 4732 1064 4805 populo
1094 4728 1353 4795 Iudaico,
1387 4729 1460 4783 ad
1494 4729 1825 4783 suscitanda
1868 4744 2011 4799 pra:-

400 4830 565 4899 cepta
584 4839 838 4896 sua,qum
853 4820 909 4876 in
931 4818 1069 4873 Adae
1082 4816 1554 4889 praevaricatione
1573 4819 1740 4871 erant
1752 4820 2005 4871 mortua.

401 4919 467 4972 Et
496 4918 686 4989 legem
712 4910 1021 4968 moralium
1051 4910 1478 4979 praeceptorum
1508 4908 1694 4978 posuit
1732 4908 1787 4960 in
1823 4906 2003 4962 Israel.

398 5005 571 5061 Israel
592 5005 648 5058 et
669 5002 843 5058 Jacob
862 5014 966 5070 pro
991 4996 1200 5052 eodem
1213 4995 1410 5050 habet.
1427 4996 1489 5049 In
1514 5011 1627 5066 quo
1648 4994 2005 5063 testimonio,

399 5097 457 5149 et
486 5093 544 5148 in
578 5108 691 5164 qua
714 5091 842 5161 lege
870 5092 1071 5159 quanta
1097 5083 1368 5138 mirabilia
1415 5090 1463 5137 et
1502 5084 1722 5138 virtutes
1751 5090 1800 5136 et
1831 5082 2007 5137 laudes

396 5182 673 5240 mandavit
690 5176 936 5251 patribus
957 5175 1167 5241 nostris,
1202 5179 1327 5226 nota
1350 5171 1528 5241 facere
1559 5189 1619 5225 ea
1644 5187 1747 5242 per
1795 5172 2008 5242 scripta

397 5290 499 5329 sua
549 5270 673 5340 ﬁliis
708 5266 868 5321 suis?
921 5262 1087 5318 nobis
1125 5260 1359 5315 scilicet.
1401 5261 1479 5313 Ac
1524 5260 1568 5313 si
1615 5259 1816 5312 dicat:
1862 5259 2005 5313 Vere

397 5358 777 5417 narraverunt
806 5352 972 5407 nobis
1004 5347 1182 5403 laudes
1212 5347 1333 5415 Dei,
1364 5353 1413 5401 et
1442 5352 1680 5414 virtutes,
1706 5353 1754 5400 et
1784 5347 2005 5400 mirabi-

398 5452 489 5504 lia.
512 5449 655 5501 Nam
687 5460 787 5498 eus
816 5441 943 5496 Deis
974 5435 1246 5511 praecepit
1276 5438 1337 5489 ut
1384 5434 1597 5507 scripta
1629 5434 1793 5488 nobis
1837 5434 2009 5489 relin-

397 5537 661 5609 querent,
687 5533 745 5587 in
772 5529 978 5601 quibus
1005 5526 1284 5579 mandavit
1315 5526 1375 5577 ut
1396 5523 1563 5578 nobis
1595 5521 1847 5577 ﬁliissuis
1878 5529 2003 5577 nota

397 5621 657 5681 facerent
690 5631 905 5689 magna
945 5613 1067 5685 ejus
1098 5612 1396 5678 beneﬁcia,
1431 5609 1644 5666 scilicet
1687 5610 1863 5666 laudes
1894 5611 2008 5682 ejus

2112 4383 2252 4433 runt
2279 4380 2338 4435 in
2370 4383 2632 4450 tempore
2660 4379 2889 4447 Christi,
2918 4378 3132 4434 scilicet
3158 4395 3230 4432 ne
3260 4379 3403 4433 ﬁant
3445 4379 3718 4448 generatio

2102 4486 2275 4540 prava
2307 4468 2364 4522 in
2388 4468 2666 4532 moribus,
2697 4471 2753 4522 et
2782 4484 3093 4538 exasperans
3124 4468 3305 4522 Deum
3365 4467 3481 4522 suis
3524 4465 3718 4538 pravis

2112 4557 2351 4623 actibus,
2386 4556 2457 4611 de
2488 4556 2692 4627 quibus
2720 4554 2779 4609 in
2812 4555 3119 4626 Evangelia
3148 4556 3424 4611 Dominus
3453 4557 3716 4610 testatur.

2112 4667 2139 4695 «
2174 4643 2479 4699 Generatio
2509 4659 2688 4715 prava
2739 4647 2796 4698 et
2826 4644 3087 4699 adultera
3141 4643 3371 4715 signum
3423 4642 3652 4714 quierit,
3681 4662 3716 4694 δ

2110 4735 2219 4789 etc.
2248 4730 2475 4803 (Matth.
2502 4747 2599 4798 xu,
2625 4732 2742 4801 33.)
2767 4731 3049 4786 Generatio
3103 4730 3317 4786 scilicet
3358 4748 3476 4803 quae
3504 4747 3609 4784 non
3640 4730 3720 4784 di-

2110 4822 2347 4873 rexitcor
2363 4836 2542 4886 suum,
2585 4822 2647 4872 ut
2677 4818 2747 4873 de
2779 4820 2896 4873 Deo
2948 4819 3097 4873 bene
3157 4820 3459 4891 cogitaret,
3498 4821 3717 4873 etcum

2109 4909 2225 4963 Deo
2238 4907 2379 4961 Filio
2400 4924 2505 4960 non
2521 4911 2595 4962 est
2610 4907 2837 4961 creditus
2846 4908 3062 4978 spiritus
3073 4906 3377 4978 ιδίας.ουοά
3398 4910 3484 4962 est
3499 4906 3712 4961 dicere:

2109 4995 2232 5049 Non
2257 4993 2440 5049 credit
2470 4993 2610 5048 Filio
2638 4997 2695 5048 et
2725 4998 2922 5049 sancto
2955 4994 3209 5067 Spiritui.
3258 4994 3325 5048 Et
3376 4995 3435 5049 in
3474 4995 3583 5049 hoc
3623 4993 3713 5048 in-

2109 5082 2233 5136 nuit
2254 5082 2408 5154 quod
2433 5099 2538 5136 nec
2573 5081 2746 5137 Patri.
2772 5083 2941 5137 Pater
2974 5083 3132 5136 enim
3158 5082 3282 5137 sine
3315 5082 3454 5138 Filio
3496 5085 3552 5136 et
3582 5081 3711 5153 Spi-

2108 5170 2221 5223 ritu
2251 5173 2448 5224 sancto
2478 5186 2597 5224 non
2629 5169 3016 5240 cognoscitur,
3050 5187 3181 5224 cum
3211 5187 3388 5224 unum
3421 5170 3553 5225 sint.

2136 5300 2139 5307 .
2176 5258 2589 5312 Verumtamen
2620 5258 2799 5329 priori
2842 5260 3140 5313 sententiie.
3172 5259 3243 5312 de
3272 5259 3533 5328 patribus
3563 5256 3712 5311 anti-

2108 5346 2233 5419 quis
2258 5345 2354 5418 qui
2379 5346 2613 5400 fuerunt
2638 5346 2694 5400 in
2729 5350 2991 5417 tempore
3012 5347 3203 5417 Moysi,
3232 5347 3434 5400 melius
3450 5346 3715 5400 videntur

2107 5434 2405 5506 sequentia
2435 5434 2917 5490 consonareDico
2950 5435 3102 5507 quod
3130 5438 3323 5505 patres
3363 5436 3597 5489 tuerunt
3620 5451 3712 5503 ge-

2104 5524 2308 5576 neratio
2336 5540 2453 5594 qua:
2481 5540 2587 5575 non
2615 5522 2807 5577 direxit
2846 5540 2935 5577 cor
2967 5541 3144 5577 suum.
3171 5524 3237 5577 Et
3264 5540 3378 5577 non
3412 5523 3597 5578 solum
3629 5522 3711 5576 illi

2107 5611 2204 5685 qui
2236 5610 2471 5666 fuerunt
2495 5610 2799 5668 inferiores
2831 5610 2889 5667 in
2921 5611 3198 5686 patribus,
3232 5611 3332 5667 sed
3364 5614 3424 5668 et
3477 5610 3559 5666 illi
3615 5609 3718 5683 qui
