3970 6040
506 343 642 408 1033

1107 330 1168 399 Β.
1206 333 1554 397 BBUNONIS
1592 330 2225 394 CARTHUSIANORUM
2265 329 2732 391 iNSTlTUTORlS
2770 329 2927 390 OPP.
2967 328 3147 390 PARS
3184 330 3207 389 ι

3680 328 3826 393 1038

501 465 830 535 existentes,
854 458 951 539 qui
981 460 1035 519 ei
1055 460 1255 535 subjici
1272 426 1538 527 malunt;
1551 460 1611 514 et
1631 456 1688 513 in
1710 454 1957 512 Ecclesia
1977 470 2104 529 per-
2135 456 2189 516 Α
2212 454 2324 508 est:
2353 455 2411 509 et
2434 468 2539 526 per
2562 450 2921 508 ablutionem
2945 453 3005 507 et
3021 450 3197 508 ﬁdem
3214 446 3484 526 baptismi
3514 450 3826 510 ducitsuos

502 574 741 615 manere
777 553 1301 629 prmsignabantur.
1341 549 1649 609 Jeroboam
1670 563 1807 601 sane
1855 546 1973 618 qui,
2006 562 2099 600 re-

498 647 636 703 licta
683 644 1059 709 Hierusalem,
1111 640 1169 694 in
1216 638 1458 710 regione
1491 640 1686 691 extera
1717 633 1821 688 sibi
1851 645 2100 701 regnum

388 765 393 770 -
498 734 741 808 paravit,
760 732 1020 787 diabolus
1040 744 1295 800 congrue
1315 726 1596 797 ﬁguratus
1621 726 1705 777 est
1731 740 1742 777 :
1765 720 1889 808 qui,
1908 719 2101 808 Hieru-

499 806 679 878 salem
726 818 963 874 caelestis
985 814 1273 871 consortio
1300 830 1404 886 per
1434 810 1762 883 superbiam
1794 807 2013 872 relicto,
2041 806 2101 859 in

497 908 827 967 infidelibus
857 907 927 960 ab
951 905 1155 960 eadem
1177 902 1532 956 Hierusalem
1560 898 1789 971 penitus
1819 894 2101 949 extraneis

498 1014 746 1069 regnum
774 1012 877 1067 per
907 992 1315 1048 inﬁdelitatem
1348 990 1455 1044 sibi
1485 987 1728 1060 paravit.
1764 987 1872 1040 Per
1897 984 2100 1039 decem

498 1104 633 1142 vero
653 1086 985 1155 tribus,qute
1004 1082 1203 1137 relicta
1229 1079 1584 1133 Hierusalem
1607 1080 1663 1130 et
1680 1076 1937 1130 Roboam
1964 1089 2100 1144 rege

498 1176 911 1233 squeroboam
923 1172 1045 1243 regi
1062 1170 1281 1243 perﬁdo
1303 1168 1690 1233 adhaeserunt,
1705 1164 1959 1220 haeretici
1973 1179 2103 1234 por-

496 1265 908 1331 tendebantur,
960 1260 1057 1333 qui
1105 1258 1327 1314 Christo
1364 1272 1502 1328 rege
1533 1271 1667 1309 vero
1699 1257 1757 1309 et
1797 1256 2017 1320 sancto,
2046 1255 2104 1307 et

496 1352 762 1409 Ecclesiae
775 1349 1067 1406 consortio
1091 1344 1685 1417 contempto,diabolo
1699 1341 2097 1412 subjiciuntur.

497 1441 769 1512 Sequitur
808 1439 918 1493 alia
968 1435 1242 1509 parabola
1271 1449 1401 1487 cum
1433 1431 1587 1486 dicit.
1626 1429 1823 1484 Coram
1854 1428 2103 1499 patribus

496 1546 679 1586 eorum
702 1528 832 1597 fecit
872 1524 1149 1578 mirabilia
1192 1524 1247 1574 in
1275 1528 1413 1574 terra
1439 1520 1532 1573 1E
1532 1520 1684 1590 ggpti
1703 1521 1759 1572 in
1780 1534 1963 1587 campo
1992 1517 2099 1570 Ta-

495 1634 640 1684 neos,
674 1616 749 1670 ad
793 1614 1049 1669 litteram
1088 1614 1152 1666 ut
1180 1610 1438 1682 superius
1497 1607 1872 1662 ostendimus.
1908 1606 1998 1660 Sic
2046 1607 2104 1659 et

494 1706 647 1762 Deus
675 1703 815 1758 facit
842 1703 899 1757 in
926 1700 1177 1756 Ecclesia
1203 1696 1511 1763 mirabilia,
1542 1696 1683 1751 dum
1739 1694 2001 1749 inﬁdeles
2029 1692 2103 1747 ad

2207 541 2279 596 ad
2305 544 2519 596 terram
2532 541 2865 596 viventium.
2889 541 2969 596 Ne
2993 557 3127 596 vero
3150 541 3234 595 sui
3254 545 3384 613 post
3402 542 3682 615 baptismi
3695 560 3829 615 gra-

2203 629 2348 685 tiam
2380 630 2451 683 ab
2482 629 2647 700 aquis
2675 630 3150 700 submergantur,
3178 628 3237 684 id
3268 633 3353 683 est
3382 647 3453 685 ne
3479 648 3513 685 a
3544 631 3826 685 ﬂuctibus

2202 720 2490 774 malarum
2520 719 3113 789 concupiscentiarum
3146 719 3221 774 ad
3246 720 3599 791 operationis
3623 737 3822 792 prava

2201 812 2455 863 mortem
2484 807 2786 874 ducantur,
2812 809 3003 861 statuit
3032 825 3199 879 aquas
3219 810 3374 879 quasi
3401 810 3457 862 in
3489 809 3702 877 utre,id
3735 814 3825 864 est

2200 898 2457 952 refrenat
2494 896 2646 967 ipsos
2663 895 3259 968 concupiscentiarum
3287 896 3492 951 ﬂuctus
3508 914 3614 970 per
3626 899 3823 954 carnis

2202 984 2736 1051 mortiﬁcationem,
2770 1001 2843 1039 ne
2872 985 3242 1057 praevaleant.
3277 984 3414 1049 Quae
3441 986 3819 1042 mortiﬁcatio

2201 1090 2304 1145 per
2328 1076 2519 1128 utrem
2539 1090 2793 1145 congrue
2823 1074 3125 1145 ﬁguratur,
3158 1090 3227 1129 eo
3260 1074 3414 1145 quod
3428 1078 3557 1129 uter
3568 1092 3637 1130 ex
3660 1076 3823 1147 pelli-

2200 1162 2306 1216 bus
2345 1165 2713 1218 mortuorum
2744 1162 3089 1218 animalium
3138 1163 3221 1217 ﬁt.
3259 1162 3423 1227 Quod
3449 1168 3537 1219 est
3578 1164 3816 1219 dicere:

2202 1249 2359 1304 Facit
2383 1267 2513 1305 suos
2545 1268 2782 1305 carnem
2795 1267 2998 1306 eorum
3017 1250 3256 1323 jejuniis
3277 1254 3335 1306 et
3348 1251 3471 1306 aliis
3487 1251 3821 1309 afﬂictioni-

2201 1337 2307 1393 bus
2334 1337 2715 1394 mortiﬁc‘are:
2746 1342 2805 1393 et
2830 1356 2935 1412 per
2964 1340 3072 1395 hoc
3098 1339 3818 1410 concupiscentiaseorum

2202 1427 2481 1495 refrenat,
2530 1443 2606 1482 ne
2645 1427 2877 1481 valeant
2916 1427 2998 1481 eis
3034 1428 3368 1499 praevalere.
3405 1429 3716 1501 Sequitur:
3745 1429 3821 1484 Et

2202 1515 2383 1569 eduxit
2413 1533 2498 1570 eos
2516 1518 2571 1569 in
2600 1516 2738 1570 nube
2763 1515 2888 1569 diei.
2928 1514 3157 1571 Scilicet
3178 1508 3489 1588 postquam
3522 1534 3695 1572 mare
3718 1517 3819 1572 ﬁlii

2202 1608 2374 1660 Israel
2404 1606 2780 1675 transierunt,
2822 1624 2853 1661 e
2875 1606 3022 1661 mari
3041 1623 3300 1679 egressos
3318 1607 3479 1662 duxit
3497 1608 3820 1680 perdeser-

2201 1697 2328 1748 tum
2357 1694 2418 1749 in
2446 1695 2597 1750 nube
2626 1712 2730 1767 per
2760 1694 2940 1762 diem,
2970 1694 3028 1749 id
3047 1698 3133 1749 est
3146 1695 3248 1749 sub
3261 1696 3411 1751 nube
3424 1711 3554 1767 quae
3573 1695 3819 1752 eisesset

494 1793 649 1849 viam
674 1791 808 1846 ﬁdei
832 1789 1073 1856 reducit,
1108 1792 1166 1842 et
1202 1787 1315 1842 alia
1341 1783 1789 1841 innumerabilia
1808 1785 2101 1854 Operatur.
2127 1774 2180 1833 B
2204 1782 2573 1854 refrigerium
2604 1784 2676 1838 ab
2702 1787 2844 1839 aestu
2865 1782 2978 1839 diei
2995 1782 3188 1853 (Exod.
3210 1801 3327 1851 xm,
3352 1788 3461 1856 2t).
3494 1782 3574 1838 Et
3595 1792 3821 1840 totam-

493 1883 567 1938 Et
594 1882 717 1935 hinc
744 1877 1033 1934 mirabilia
1058 1876 1193 1930 licet
1223 1875 1294 1929 ab
1324 1874 1518 1929 idiotis
1546 1873 1909 1944 ignorentur,
1924 1887 2104 1925 coram

489 1969 739 2044 patribus
768 1970 967 2021 tamen
1000 1967 1154 2032 sunt,
1188 1964 1248 2019 id
1296 1965 1383 2018 est
1412 1961 1721 2016 manifesta
1752 1959 2016 2014 ﬁdelibus
2044 1958 2104 2013 in

498 2056 746 2114 Ecclesia
761 2052 1137 2126 prmlatis,qui
1155 2055 1398 2123 paterna
1413 2050 1716 2105 affectione
1732 2048 1945 2121 populo
1963 2063 2111 2118 pra:-

498 2146 706 2203 sident.
740 2146 808 2199 Et
821 2144 944 2197 haec
975 2141 1265 2196 mirabilia
1284 2138 1421 2194 facit
1440 2138 1498 2193 in
1512 2139 1620 2193 hac
1637 2141 1794 2192 terra
1814 2135 2104 2208 praesenti,

500 2252 630 2308 quae
652 2236 738 2288 est
756 2236 912 2287 terra
936 2229 1288 2286 afﬂictionis.
1317 2229 1593 2299 [Egyptus
1624 2226 1838 2299 quippe
1869 2223 2106 2279 afﬂictio

501 2324 948 2395 interpretatur.
1001 2319 1068 2373 Et
1097 2320 1152 2370 in
1176 2334 1361 2388 campo
1395 2317 1602 2370 Taneos
1635 2314 1791 2380 facit,
1844 2312 1905 2368 id
1937 2314 2023 2367 est
2047 2311 2106 2366 in

504 2410 748 2483 planitie
778 2406 1015 2463 humilis
1070 2405 1354 2472 mandati,
1375 2403 1609 2470 scilicet,
1642 2403 1765 2457 haec
1791 2400 2104 2457 miracula:

503 2498 662 2571 quod
692 2497 954 2552 inﬁdeles
983 2495 1057 2550 ad
1086 2493 1263 2547 ﬁdem
1295 2495 1478 2558 vocat,
1509 2491 1648 2546 facit
1675 2507 1781 2562 per
1800 2491 2035 2562 planam
2052 2492 2111 2543 et

500 2584 928 2657 intelligibilem
958 2581 1285 2637 doctrinam
1317 2579 1763 2653 praedicatorum
1790 2578 1846 2632 in
1874 2578 2107 2632 humili-

502 2677 625 2730 tate
654 2674 887 2741 factam,
912 2688 1041 2745 quae
1064 2687 1181 2725 non
1200 2670 1484 2741 gravisest
1499 2668 1813 2722 etobscura
1835 2669 1895 2721 ut
1912 2667 1999 2721 lex
2014 2683 2108 2721 ve-

496 2766 611 2820 tus.
633 2762 795 2817 Unde
817 2776 1072 2832 congrue
1092 2775 1197 2831 per
1217 2773 1492 2830 campum
1506 2757 1729 2810 Taneos
1743 2754 2103 2826 intelligitur.

499 2852 748 2922 Campus
767 2849 926 2905 enim
946 2851 1121 2921 plana
1135 2851 1291 2903 terra
1313 2851 1416 2902 est.
1434 2845 1927 2918 Taphnis[Thani3]
1970 2861 2104 2900 vero

496 2941 695 2997 humile
722 2939 1040 2994 mandatum
1067 2939 1505 3010 interpretatur.

2204 1878 2283 1925 cte
2309 1871 2471 1927 duxit
2490 1874 2545 1925 in
2578 1872 2966 1927 illuminatione
2988 1874 3144 1943 ignis,
3173 1872 3388 1927 scilicet
3415 1890 3489 1928 ne
3524 1872 3587 1927 in
3630 1875 3822 1928 noctis

2207 1958 2554 2015 obscuritate
2573 1959 2921 2015 offendicula
2938 1963 3298 2032 paterentur,
3332 1960 3413 2016 eis
3430 1960 3819 2016 illuminatio-

2207 2063 2342 2101 nem
2374 2046 2559 2119 igneae
2595 2048 2878 2104 columnae
2908 2049 3287 2121 praecedentis
3328 2049 3504 2104 dedit.
3533 2049 3824 2105 Similiter

2209 2152 2438 2208 quoque
2460 2154 2590 2192 suos
2602 2139 2750 2193 Deus
2761 2152 2864 2208 per
2880 2138 3031 2192 hanc
3054 2138 3255 2204 vitam,
3279 2155 3407 2210 quas
3425 2138 3499 2193 ad
3514 2156 3826 2212 compara-

2208 2224 2431 2280 tionem
2444 2226 2571 2281 vitaa
2584 2230 2817 2282 interna:
2829 2227 3121 2283 desertum
3134 2228 3706 2296 dicitur,incedentes
3721 2249 3828 2286 nu-

2206 2313 2278 2370 be
2292 2331 2326 2369 a
2341 2315 2434 2371 die
2450 2315 2836 2388 refrigerat,id
2846 2320 2931 2372 est
2942 2317 3696 2388 protectionehumanitatis
3704 2337 3827 2376 suae

2209 2420 2337 2475 qua:
2355 2404 2553 2459 salutis
2581 2409 2791 2460 nostra:
2816 2422 2989 2460 causa
3015 2409 3102 2461 est
3136 2423 3171 2461 a
3199 2408 3475 2464 vitiorum
3515 2413 3665 2464 testu
3695 2412 3757 2465 et
3790 2427 3828 2465 a

2208 2492 2605 2563 prosperitatis
2618 2493 2837 2549 fervida
2854 2494 3103 2550 elatione
3124 2495 3448 2567 refrigerat.
3480 2498 3829 2569 lnterpellat

2210 2579 2367 2634 enim
2393 2580 2610 2652 jugiter
2638 2597 2742 2651 pro
2774 2580 3037 2638 fidelibus
3062 2583 3214 2653 apud
3238 2585 3465 2639 Patrem
3489 2584 3703 2639 Christi
3720 2586 3826 2639 hu-

2210 2668 2482 2737 manitas,
2522 2686 2595 2723 ne
2625 2670 2819 2741 aliquo
2845 2673 2989 2725 testu
3019 2671 3221 2727 nocivo
3252 2676 3591 2728 exaestuant.
3651 2674 3825 2728 Juxta

2209 2755 2348 2812 illud
2376 2758 2661 2829 Apostoli:
2695 2780 2723 2808 «
2750 2758 3004 2814 Christus
3032 2760 3191 2815 Jesus
3215 2760 3311 2833 qui
3341 2761 3518 2817 etiam
3532 2762 3822 2835 interpel-

2207 2846 2288 2901 lat
2302 2862 2407 2917 pro
2428 2847 2593 2902 nobis
2610 2846 2789 2918 (Rom.
2807 2864 2866 2915 ιι,
2897 2847 3007 2919 34).
3032 2870 3061 2898 ››
3086 2848 3348 2921 Congrue
3367 2850 3821 2909 nimirumChri-

2206 2934 2276 2989 sti
2308 2934 2638 2989 humanitas
2668 2936 2851 2990 nubes
2880 2936 3108 3000 dicitur,
3135 2938 3271 3009 quia
3308 2955 3439 2995 suos
3472 2956 3506 2994 a
3537 2940 3823 2996 vitiorum

571 3028 842 3101 Sequitur
865 3028 976 3083 alia
1003 3026 1615 3099 parabola.Postquam
1638 3022 1853 3095 egressi
1881 3023 2015 3077 sunt
2036 3021 2105 3076 de
2135 3053 2182 3113 Ο
2205 3026 2349 3113 eistu
2377 3022 2851 3095 refrigerat,sicut
2868 3025 3020 3079 nube
3034 3025 3417 3082 obumbratur
3428 3028 3541 3084 diei
3558 3030 3821 3086 claritas.

494 3120 763 3192 Egypto,
788 3118 1070 3187 interrupit
1095 3117 1243 3170 Deus
1263 3130 1414 3170 mare
1435 3129 1539 3185 pro
1564 3113 1665 3179 eis,
1683 3117 1741 3167 et
1764 3129 1870 3184 per
1890 3113 2106 3167 siccum

496 3209 651 3263 duxit
685 3223 767 3260 eos
800 3222 813 3259 :
850 3207 909 3259 et
948 3220 1021 3259 ne
1052 3203 1135 3257 eis
1164 3219 1333 3274 aquae
1378 3204 1677 3266 nocerent,
1709 3203 1897 3254 statuit
1939 3216 2107 3272 aqua:

499 3298 655 3369 quasi
671 3297 725 3348 in
742 3301 878 3360 utre,
903 3309 975 3347 ne
1008 3292 1274 3346 ﬂuerent.
1300 3291 1368 3344 Et
1384 3290 1494 3344 hoc
1519 3292 1707 3344 totum
1732 3288 2019 3360 contingit
2035 3288 2109 3343 ad

498 3383 823 3449 historiam,
849 3382 1012 3453 juxta
1041 3380 1196 3452 quod
1225 3378 1435 3450 legitur
1459 3395 1471 3432 :
1504 3400 1531 3428 «
1563 3377 1685 3432 Filii
1712 3378 1880 3432 lsrael
1903 3378 2109 3433 ambu-

499 3472 763 3526 laverunt
778 3485 882 3541 per
897 3468 1159 3523 medium
1172 3466 1302 3520 sicci
1327 3465 1506 3520 maris
1520 3481 1713 3541 :Daquze
1729 3468 1923 3520 autem
1945 3466 2113 3519 erant

502 3559 584 3615 eis
609 3574 713 3630 pro
744 3573 912 3612 muro
937 3556 1012 3611 ad
1043 3555 1341 3610 dexteram
1363 3556 1422 3608 et
1447 3554 1746 3609 sinistram
1771 3553 1976 3626 (Exod.
1995 3570 2107 3619 xxv,

504 3647 615 3719 22).
652 3669 679 3696 »
711 3645 876 3711 Quod
903 3644 1079 3700 etiam
1102 3642 1411 3715 allegorice
1442 3642 1730 3714 contingit
1745 3642 1803 3697 in
1838 3642 2109 3698 Ecclesia.

501 3734 880 3806 lnterrumpit
900 3749 1154 3804 namque
1182 3733 1330 3786 Deus
1359 3730 1608 3798 mare,id
1639 3734 1725 3785 est
1751 3731 1952 3786 dividit
1968 3747 2111 3801 gen-

500 3824 667 3880 tilem
699 3824 979 3897 populum
1029 3837 1136 3893 per
1175 3820 1502 3877 doctrinam
1531 3820 1974 3893 praedicatorum
2005 3836 2017 3874 :
2051 3822 2115 3874 ut

502 3917 733 3987 partem
776 3914 1032 3967 assumat
1051 3911 1126 3966 ad
1162 3910 1563 3977 salvationem,
1592 3911 1819 3980 partem
1834 3908 2115 3963 damnan-

506 4004 644 4058 dam
658 4001 985 4072 spernat.Et
996 4016 1101 4071 per
1112 3998 1288 4053 ﬁdem
1303 4001 1362 4053 et
1374 4014 1551 4069 opera
1569 3997 1725 4052 bona
1736 3996 1890 4050 ducit
1900 3997 2118 4052 salvan-

506 4091 613 4145 dos
628 4088 701 4143 ad
722 4091 939 4143 terram
954 4085 1374 4159 promissionis,
1393 4085 1606 4139 scilicet
1626 4085 1699 4139 ad
1723 4084 1975 4159 patriam
2002 4101 2113 4159 cae-

506 4178 735 4231 lestem.
769 4176 835 4230 Et
888 4156 972 4229 ne
992 4191 1177 4247 aquae,
1224 4174 1283 4228 id
1312 4176 1400 4227 est
1429 4173 1691 4226 inﬁdeles
1721 4171 1905 4226 difﬂui

2206 3110 2283 3165 Et
2301 3118 2407 3165 tota
2441 3120 2590 3166 nocte
2624 3112 2786 3166 duxit
2804 3129 2904 3168 eos
2920 3116 2975 3166 in
3006 3114 3396 3170 illuminatione
3411 3119 3570 3186 ignis,
3594 3119 3826 3175 scilicet

2206 3202 2332 3253 tota
2360 3199 2475 3253 vita
2513 3200 2640 3267 ista,
2672 3216 2801 3271 qua:
2826 3201 3068 3256 obscura
3097 3205 3202 3270 est,
3241 3207 3301 3258 ut
3330 3220 3443 3259 nox
3471 3208 3531 3259 et
3559 3207 3829 3276 perfecta

2208 3287 2310 3343 Dei
2342 3288 2674 3359 cognitione
2695 3290 3083 3356 carens,ducit
3101 3308 3200 3346 eos
3221 3292 3291 3346 de
3311 3292 3466 3348 bono
3492 3293 3553 3348 in
3582 3297 3825 3364 melius,

2210 3376 2269 3431 in
2300 3376 2727 3432 illuminatione
2749 3377 2951 3450 gratias
2974 3378 3217 3450 Spiritus
3242 3380 3444 3449 sancti,
3476 3384 3579 3454 qui
3608 3383 3831 3440 dicitur

2212 3464 2364 3536 ignis
2387 3482 2455 3520 eo
2488 3467 2642 3537 quod
2673 3468 2857 3522 bonos
2886 3466 3021 3538 igne
3069 3468 3363 3523 charitatis
3390 3471 3697 3526 accendat.
3732 3473 3835 3529 Se-

2214 3552 2439 3624 quitur:
2473 3552 2788 3625 Interrupit.
2820 3554 2986 3619 Quod
3015 3555 3094 3610 sic
3148 3557 3221 3611 ad
3251 3557 3505 3612 litteram
3526 3559 3831 3631 jungitur.

2213 3641 2338 3697 Non
2371 3642 2559 3697 solum
2589 3646 2787 3697 autem
2820 3642 2968 3698 ﬁlios
2995 3644 3165 3699 Israel
3192 3645 3345 3700 duxit
3367 3647 3425 3700 in
3453 3647 3594 3700 nube
3615 3648 3752 3715 diei,
3786 3658 3836 3704 et

2216 3737 2325 3784 tota
2354 3737 2504 3785 nocte
2533 3733 2589 3785 in
2623 3731 3013 3787 illuminatione
3042 3734 3211 3803 ignis;
3252 3733 3351 3787 sed
3393 3734 3574 3790 etiam
3610 3753 3726 3807 pro
3753 3739 3834 3793 eis

2216 3820 2501 3889 interrupit
2514 3825 2728 3890 petram
2750 3822 2806 3873 in
2826 3836 2995 3874 eremo
3017 3837 3122 3891 per
3132 3822 3451 3892 Moysenmt
3477 3822 3619 3878 inde
3653 3842 3834 3897 aquas

2215 3906 2526 3976 educeret;
2556 3906 2709 3962 unde
2739 3908 2984 3979 legitur:
3018 3931 3045 3959 ‹‹
3086 3911 3368 3965 Percussit
3394 3910 3559 3983 virga
3593 3913 3691 3968 bis
3716 3916 3834 3970 sili-

2216 4012 2365 4063 cem;
2398 3999 2457 4049 et
2497 4012 2743 4067 egressa:
2773 4000 2907 4051 sunt
2935 4014 3101 4069 aqua).
3131 3998 3471 4070 largissimae
3504 4000 3719 4066 (Nam.
3742 4022 3834 4069 xx,

2221 4085 2325 4153 ll),
2359 4105 2387 4133 ››
2420 4086 2486 4139 Et
2506 4088 2813 4156 postquam
2845 4089 3066 4158 petram
3099 4086 3408 4159 interrupit
3431 4090 3837 4163 adaquaviteos

2216 4171 2365 4227 ﬁlios
2389 4174 2559 4227 Israel
2591 4173 2873 4243 plenarie,
2895 4175 3038 4230 velut
3062 4178 3119 4230 in
3144 4176 3317 4231 multa
3339 4177 3551 4247 abysso,
3571 4179 3636 4235 id
3653 4185 3743 4236 est
3774 4183 3835 4236 in

506 4266 663 4320 velut
686 4279 838 4335 aqua
873 4262 1096 4334 possint
1135 4263 1321 4316 bonos
1343 4260 1686 4332 perturbare
1711 4276 1723 4314 :
1750 4262 1940 4315 statuit
1964 4260 2117 4332 ipsos
2140 4332 2180 4340 _
2218 4260 3835 4340 profundissimaaquapotestaliquispleniteradaquari.

507 4352 571 4408 id
604 4356 692 4406 est
720 4349 1069 4422 constringit
1096 4348 1240 4405 sicut
1279 4366 1445 4422 aqua:
1469 4350 1532 4405 in
1568 4355 1687 4403 utre
1710 4349 2115 4420 constringun-
2140 4332 2192 4392 D
2217 4348 2360 4412 Quia
2388 4365 2523 4404 vero
2552 4332 2776 4405 dixerat
2805 4332 2903 4406 eos
2945 4332 3276 4425 adaquatos‘
3295 4370 3440 4421 esse,
3466 4358 3526 4409 et
3556 4332 3837 4413 nondum

508 4444 625 4508 tur,
659 4457 731 4494 ne
764 4442 943 4495 ﬂuere
975 4440 1227 4503 valeant,
1272 4437 1381 4492 nisi
1427 4438 1501 4492 ad
1531 4437 1823 4510 pincernas
1858 4436 2111 4492 libitum.

509 4531 634 4585 Non
666 4528 743 4583 sic
769 4529 1006 4600 quidem
1033 4524 1379 4597 constringit
1406 4525 1632 4595 impios,
1655 4529 1720 4579 ut
1739 4526 1796 4578 in
1814 4525 1999 4580 bonos
2016 4541 2115 4579 sa:-

509 4618 704 4674 viendi
736 4617 953 4671 nullam
983 4615 1238 4670 habeant
1256 4614 1586 4669 facultatem
1610 4614 1744 4680 ;sed
1768 4613 1848 4667 sic
1869 4615 2117 4668 eosDeus

510 4705 796 4779 permittit
853 4704 927 4758 ad
986 4720 1319 4758 mensuram
1350 4701 1633 4757 smviendo
1656 4702 1855 4770 fluere,
1888 4705 1952 4756 ut
1982 4715 2115 4755 cum

508 4797 695 4851 bonos
722 4794 1031 4849 tormentis
1052 4793 1110 4846 in
1145 4791 1483 4864 corporibus
1511 4790 1804 4844 interdum
1835 4790 2112 4858 afficiant,

510 4885 837 4940 nullatenus
861 4881 967 4936 sibi
990 4880 1357 4936 conformare
1370 4882 1615 4951 queant;
1643 4878 2116 4949 velinterrumpit

506 4973 651 5027 Deus
681 4972 941 5027 Rubrum
974 4988 1141 5037 mare,
1170 4969 1230 5023 id
1251 4972 1337 5023 est
1354 4967 1558 5022 dividit
1596 4969 1749 5021 Deus
1799 4967 2109 5038 baptisma,

505 5065 571 5116 ut
596 5060 723 5116 aliis
752 5058 827 5114 sit
858 5059 931 5113 ad
951 5060 1218 5124 salutem,
1229 5055 1398 5127 justis
1425 5055 1659 5121 scilicet,
1686 5054 1835 5124 aliis,
1860 5055 1958 5127 qui
1972 5056 2111 5127 justi

504 5166 623 5205 non
654 5151 807 5214 sunt,
838 5147 913 5202 ad
944 5145 1406 5202 damnationem.
1436 5166 1464 5195 «
1493 5144 1646 5199 Multi
1680 5143 1839 5199 enim
1869 5148 2001 5199 sunt
2019 5160 2114 5200 vo-

503 5237 636 5304 cati,
671 5236 834 5309 pauci
864 5251 997 5289 vero
1026 5233 1195 5288 electi
1223 5232 1445 5298 (Matth.
1488 5248 1577 5297 xx,
1615 5232 1720 5302 16).
1756 5253 1785 5282 ››
1818 5233 2111 5303 Baptisma

499 5343 635 5381 vero
663 5341 765 5396 per
786 5339 947 5377 mare
973 5322 1331 5392 designatur,
1355 5337 1424 5375 eo
1442 5320 1598 5391 quod
1618 5336 1684 5374 ex
1704 5338 1855 5392 aqua
1868 5320 1951 5387 ﬁt,
1966 5326 2023 5376 et
2048 5322 2105 5377 in

499 5432 567 5469 eo
620 5413 755 5466 vitia
799 5412 1086 5478 delentur,
1122 5412 1266 5466 sicut
1322 5410 1384 5464 in
1439 5408 1588 5463 mari
1618 5408 1810 5463 hostes
1852 5409 2106 5464 ﬁliorum

496 5502 669 5557 Israel
699 5497 992 5565 destructi,
1022 5500 1175 5552 sunt.
1208 5497 1468 5551 Rubrum
1499 5495 1737 5567 quidem
1769 5495 2001 5565 dicitur,
2034 5514 2103 5553 eo

495 5589 647 5660 quod
670 5603 773 5659 per
800 5583 1004 5642 Christi
1033 5584 1327 5657 sanguinis
1342 5583 1683 5650 effusionem
1704 5587 2121 5643 consecratum.

2214 4440 2485 4507 posuerat
2495 4454 2672 4509 aquas
2686 4438 2756 4493 de
2775 4443 2940 4511 petra
2955 4456 3276 4507 emanasse,
3291 4441 3483 4497 addit:
3512 4443 3654 4498 Dico
3674 4448 3840 4501 inter-

2216 4529 2361 4596 rupit
2372 4533 2609 4597 petram,
2638 4531 2698 4581 et
2716 4527 2779 4581 de
2783 4532 2939 4598 petra
2972 4528 3153 4582 eduxit
3170 4531 3465 4600 aquam.Et
3497 4548 3570 4586 ne
3585 4538 3836 4602 putare-

2215 4632 2344 4670 mus
2368 4616 2523 4687 quod
2552 4616 2730 4670 talem
2757 4633 2969 4688 aquam
2988 4616 3124 4672 inde
3147 4618 3452 4687 eduxisset,
3472 4636 3606 4691 quae
3632 4622 3695 4677 in
3713 4640 3836 4679 uno

2215 4705 2337 4758 solo
2376 4704 2500 4757 loco
2534 4704 2956 4772 demoraretur,
2998 4705 3191 4760 addit:
3217 4705 3295 4760 Et
3332 4707 3517 4761 eduxit
3554 4725 3750 4781 aquas
3774 4714 3840 4766 de

2215 4791 2340 4864 ipsa
2379 4796 2537 4861 petra
2571 4799 2828 4863 tanquam
2868 4794 3095 4860 [Iumina
3139 4794 3427 4849 ﬂuentes:
3474 4798 3535 4849 et
3563 4812 3670 4852 eos
3698 4816 3838 4855 cum

2215 4882 2403 4934 castra
2432 4882 2735 4934 moverent
2762 4897 2866 4953 per
2890 4880 3181 4935 desertum
3214 4884 3838 4955 sequentes,Apostolo

2214 4970 2465 5023 testante
2494 4984 2626 5023 cum
2666 4968 2836 5025 dicit:
2871 4987 2902 5021 α
2931 4969 3331 5041 Consequente
3353 4986 3452 5025 eos
3470 4975 3835 5044 petra(ICor.

2212 5072 2266 5122 x,
2306 5056 2383 5125 4).
2418 5056 2584 5120 Quod
2646 5060 2731 5111 est
2781 5056 2972 5113 dicere
3009 5075 3022 5112 :
3086 5058 3475 5131 Consequenti
3519 5075 3623 5116 eos
3676 5079 3835 5136 aqua

2212 5144 2563 5215 procedente
2597 5162 2663 5199 ex
2688 5147 2872 5215 petra.
2912 5146 3022 5200 Per
3052 5148 3280 5217 petram
3307 5147 3595 5218 siquidem
3629 5167 3668 5204 a
3695 5151 3835 5206 bina

2211 5232 2385 5304 virgae
2406 5232 2771 5304 percussione
2801 5232 3207 5304 interruptam,
3242 5235 3395 5289 unde
3433 5253 3585 5307 aqua
3620 5239 3828 5311 largis-

2210 5321 2357 5376 sima
2409 5338 2512 5391 per
2543 5321 2837 5375 desertum
2887 5338 2984 5375 eos
3014 5320 3297 5375 comitatis
3318 5325 3637 5391 emanavit,
3674 5329 3826 5383 unde

2207 5409 2442 5464 saturati
2470 5412 2621 5476 sunt,
2648 5408 2919 5473 Christus,
2935 5409 3030 5481 qui
3050 5413 3214 5480 petra
3238 5409 3411 5465 ﬁrma
3426 5415 3513 5465 est
3542 5415 3601 5466 et
3617 5416 3823 5482 solida,

2204 5498 2647 5570 signabatur.De
2667 5514 2780 5568 quo
2798 5498 3322 5570 clamatApostolus
3340 5516 3353 5554 :
3372 5522 3401 5549 «
3433 5501 3610 5557 Petra
3623 5508 3821 5560 autem

2205 5591 2330 5644 erat
2360 5583 2615 5644 Christus
2634 5585 2834 5661 (ibid.).
2868 5607 2897 5637 ››
2932 5588 3038 5647 Per
3065 5587 3268 5647 binam
3290 5588 3465 5661 virgae
3490 5592 3821 5662 percussio-
