4004 6052
120 302 269 367 1037
1087 298 1443 365 EXPOSlTlO
1478 303 1550 365 IN
1587 300 1922 368 PSALMOS.
1946 334 2017 353 -
2044 301 2240 368 PSAL.
2274 304 2493 369 LXXVII
3308 308 3446 380 1038

122 441 275 488 nem
296 424 411 485 duo
446 421 627 484 crucis
656 422 818 502 ligna
838 423 1391 501 prmﬂgurabantur,
1414 442 1596 484 unum
1616 425 1743 502 qui-
1765 433 1823 496 Α
1857 428 2044 503 magis
2070 428 2382 488 vindictam
2414 446 2579 488 suam
2610 430 3023 507 augmentavit.
3053 433 3121 495 Et
3155 433 3288 497 licet
3313 456 3450 499 eum

121 518 269 595 dem
282 518 604 595 inlongum
619 517 1146 590 positum,alterum
1163 518 1430 573 autemin
1444 519 1745 591 obliquum
1846 521 2185 587 tentassent,
2213 522 2269 575 et
2301 521 2371 576 de
2403 537 2470 577 eo
2489 522 2826 579 malelocuti
2867 523 3127 595 fuissent,
3163 531 3358 587 tamen
3385 535 3451 586 ut

352 609 415 662 In
448 625 562 680 qua
590 623 757 661 cruce
793 607 1166 662 Dominicum
1211 623 1438 678 corpus,
1469 609 1622 680 quod
1648 609 1745 662 ﬁr-
1855 607 2342 678 omnipotentiam
2368 626 2532 664 suam
2566 612 2916 680 ostenderet,
2931 593 3204 669 mandat-it
3234 618 3452 690 desuper

120 712 295 752 mam
322 699 551 767 petram
583 711 704 750 esse
742 694 1011 762 diximus,
1039 696 1213 749 clavis
1240 699 1328 748 est
1358 696 1742 767 perforatum,
1844 696 2069 749 nubibus
2088 696 2484 764 existentibus,
2508 699 2724 753 scilicet
2754 701 2999 757 nubibus
3028 703 3152 758 coeli
3183 707 3245 758 ut
3284 709 3443 776 plue-

120 786 363 841 etlatus
393 784 519 855 ejus
540 784 659 839 ictu
691 784 906 840 lanceas
960 783 1373 855 interruptum.
1405 786 1485 839 De
1513 801 1626 857 qua
1656 784 1745 838 in-
1846 787 1978 838 rent
2006 783 2089 838 eis
2114 801 2356 843 manna.
2399 784 2476 839 Et
2517 790 2726 859 aperuit
2742 789 2942 858 ianuas
2971 790 3102 858 cali,
3131 792 3189 847 id
3207 796 3293 848 est
3314 794 3450 850 fecit

120 872 496 944 terruptione
516 872 682 927 nobis
708 873 896 944 gratia
918 872 1273 927 remissionis
1294 873 1745 944 emanavit,quaa
1847 875 2165 927 cataractas
2177 890 2389 941 cereas,
2423 890 2527 945 per
2545 891 2687 947 quas
2706 892 2926 933 manna
2947 878 3341 936 descenderet.
3371 882 3451 938 Et

121 978 243 1018 nos
274 978 376 1036 per
397 965 583 1017 totam
599 961 773 1030 hujus
797 960 926 1016 vita:
952 977 1216 1015 ercmum
1243 961 1576 1017 incedentes
1598 960 1748 1033 jugi-
1836 960 1983 1032 pluit
2012 961 2122 1017 illis
2154 979 2355 1016 manna
2384 961 2454 1015 ad
2482 963 2933 1034 manducandum,
2958 974 3006 1020 et
3021 986 3214 1039 panem
3233 971 3346 1025 caeli
3358 971 3450 1027 de-

120 1054 227 1108 ter
248 1049 996 1122 comitando,spiritualiter
1014 1050 1205 1116 satiat,
1223 1054 1281 1105 et
1303 1067 1480 1122 usque
1499 1050 1569 1106 ad
1584 1066 1749 1105 mun-
1844 1048 1924 1103 dit
1949 1051 2040 1116 eis,
2069 1049 2127 1103 id
2160 1054 2245 1104 est
2280 1050 2472 1105 cibum
2504 1050 2601 1123 qui
2629 1052 2752 1108 sine
2803 1054 3007 1109 labore
3054 1056 3361 1116 hominum
3392 1059 3452 1117 in

127 1140 197 1198 di
223 1140 404 1194 ﬁnem
424 1137 851 1194 indesinenter.
887 1137 1011 1201 Qua
1036 1138 1181 1192 dere
1203 1138 1611 1193 convenienter
1625 1139 1748 1194 haec
1847 1138 2012 1205 ccelo,
2044 1138 2103 1192 id
2142 1139 2307 1193 estin
2339 1156 2473 1194 aere
2497 1142 2725 1194 creatus
2749 1144 2851 1209 est,
2883 1159 3102 1200 manna
3120 1146 3352 1206 scilicet.
3383 1148 3453 1204 Et

123 1228 326 1303 gratia
355 1243 459 1300 per
489 1243 706 1300 aquam
734 1226 1086 1297 praesignata
1110 1228 1215 1292 est,
1237 1243 1366 1298 quae
1383 1226 1453 1281 de
1474 1230 1638 1298 petra
1656 1227 1746 1280 in-
1846 1226 2001 1281 homo
2030 1226 2377 1282 manducavit
2396 1246 2594 1298 panem
2619 1229 2948 1299 angelorum,
2976 1231 3034 1287 id
3066 1236 3150 1288 est
3189 1235 3454 1294 Iudaicus

122 1320 400 1388 terrupta
429 1316 731 1387 processit,
760 1318 819 1369 et
848 1331 951 1387 per
981 1330 1247 1370 eremum
1273 1314 1418 1370 filios
1465 1315 1636 1370 Israel
1666 1330 1750 1369 se-
1849 1315 2092 1386 populus
2117 1315 2293 1369 homo
2311 1314 2651 1387 simpliciter
2667 1332 2783 1372 non
2798 1318 3453 1389 spiritualis,manduca-

129 1422 327 1477 quens
353 1404 733 1476 corporaliter
757 1419 856 1458 eos
887 1406 945 1457 et
971 1403 1195 1459 assidue
1226 1403 1471 1459 satiavit.
1848 1400 2082 1456 vitillud
2099 1404 2501 1475 manna,quod
2512 1404 2872 1475 signiﬁcabat
2885 1423 3099 1477 panem
3112 1414 3479 1481 angelorum.

215 1492 505 1564 sequitur.
529 1491 606 1545 Et
625 1498 999 1563 opposuerunt.
1052 1490 1217 1555 Quod
1260 1491 1337 1545 sic
1390 1491 1463 1546 ad
1495 1491 1750 1546 litteram
1853 1489 2140 1545 Christum
2153 1490 2434 1557 videlicet,
2455 1507 2568 1563 quo
2591 1492 2966 1564 spirituallter
2981 1498 3452 1569 angelireﬁciun-

130 1580 681 1636 continuatur.Dtco
695 1579 852 1650 quod
869 1580 1017 1634 Deus
1028 1595 1133 1651 pro
1152 1579 1233 1634 eis
1252 1581 1538 1651 interrupit
1538 1586 1752 1651 petram
1852 1579 2105 1634 tur.Dico
2124 1579 2278 1650 quod
2317 1595 2532 1651 panem
2557 1581 2683 1636 εαξιί
2723 1582 2881 1637 dedit
2906 1584 2987 1638 eis
3023 1589 3081 1639 et
3097 1603 3216 1642 non
3234 1604 3406 1659 parce
3438 1606 3453 1646 :

131 1672 199 1724 et
226 1672 440 1724 caetera
486 1667 769 1722 beneﬁcia
825 1669 1100 1725 contulit.
1156 1668 1223 1722 Et
1275 1668 1379 1739 ipsi
1422 1668 1523 1723 ﬁlii
1584 1668 1752 1722 Israel
1779 1741 1820 1746 _
1854 1666 2367 1722 sedinabundantia
2390 1670 2532 1723 misit
2558 1671 2628 1723 eis
2648 1670 3457 1746 cibaria,scilicetpanemcaeli

126 1773 272 1812 cum
302 1758 439 1811 ante
455 1756 577 1810 haec
597 1755 880 1810 beneﬁcia
901 1760 1254 1828 peccassent,
1286 1772 1419 1811 cum
1438 1756 1751 1811 beneﬁcio-
1777 1741 1829 1800 Β
1853 1755 1952 1827 qui
1970 1755 2126 1811 cibus
2138 1755 2218 1811 eis
2234 1758 2470 1811 esset.ln
2488 1757 2601 1812 alia
2618 1758 2990 1815 translatione
3010 1741 3455 1835 habeturpanem

126 1862 267 1901 rum
285 1844 545 1900 contuitu
565 1844 898 1900 debuissent
916 1862 949 1899 a
969 1847 1203 1917 peccato
1232 1861 1476 1912 cessare,
1504 1860 1754 1916 apposue-
1851 1844 2079 1912 fortium
2116 1861 2130 1911 ;
2176 1845 2367 1899 anheli
2397 1862 2650 1917 namque
2679 1846 2861 1903 fortes
2889 1848 3159 1905 dicuntur
3200 1868 3455 1924 congrue

130 1939 267 1989 runt
285 1934 459 1989 adhuc
468 1951 691 2005 peccare
707 1934 854 1988 ei.Et
870 1934 1020 1988 adeo
1036 1933 1609 2004 peccaverunt,quod
1625 1949 1750 1988 con-
1854 1933 1928 1987 ad
1959 1934 2458 2005 comparationem
2492 1935 2695 2002 nostri,
2730 1935 2826 2008 qui
2860 1937 3075 1993 debiles
3099 1957 3314 1996 sumus.
3346 1942 3458 2015 Ipsi

128 2025 570 2077 citaverunteum
600 2024 655 2076 in
678 2021 901 2088 iram,id
919 2026 1004 2076 est
1026 2021 1085 2075 in
1110 2020 1424 2076 vindictam
1446 2038 1458 2075 :
1477 2022 1541 2076 in
1559 2038 1753 2093 aquoso

131 2112 197 2169 id
224 2115 311 2168 est
340 2111 400 2166 in
431 2111 680 2166 deserto.
716 2110 978 2165 Ostendit
998 2112 1193 2166 autem
1227 2110 1521 2182 quomodo
1552 2126 1753 2182 pecca-

132 2203 352 2256 verunt
368 2215 501 2255 cum
530 2198 695 2255 addit
724 2215 738 2254 :
775 2199 915 2253 Vere
947 2199 1262 2254 Dominum
1295 2201 1350 2253 in
1381 2201 1520 2252 iram
1563 2198 1753 2253 conci-

135 2292 431 2354 taverunt,
464 2290 722 2361 quoniam
746 2291 804 2342 et
832 2294 1164 2342 lentaverunt
1210 2287 1385 2341 Deum
1428 2289 1484 2341 in
1513 2286 1756 2343 cordibus

138 2380 278 2444 suis,
308 2378 368 2432 id
406 2380 492 2431 est
512 2377 928 2432 haesitaverunt
958 2375 1014 2430 in
1049 2374 1499 2448 cogitationibus
1532 2376 1601 2429 de
1636 2391 1756 2429 om-

142 2466 485 2539 nipotentia
513 2465 763 2532 Domini,
816 2465 897 2520 sic
930 2473 986 2519 ut
1016 2465 1303 2520 tentando
1349 2471 1589 2536 peterent
1616 2481 1757 2518 escas

138 2556 432 2611 animabus
460 2553 654 2616 suis,id
676 2556 763 2607 est
789 2554 915 2608 vita:
955 2570 1072 2608 sum
1115 2553 1481 2608 necessarias.
1513 2553 1593 2608 Et
1622 2552 1758 2605 male

144 2645 316 2701 locuti
336 2650 463 2699 sunt
482 2644 545 2697 de
572 2644 709 2698 Deo.
729 2642 999 2697 Dixerunt
1024 2643 1181 2697 enim
1210 2661 1223 2696 :
1254 2641 1520 2713 Nunquid
1560 2643 1758 2712 poterit

140 2732 296 2788 Deus
317 2749 517 2802 parare
537 2748 791 2797 mensam,
822 2731 880 2785 id
913 2733 997 2786 est
1024 2729 1347 2802 plenariam
1375 2729 1758 2784 refectionem

143 2820 405 2887 nobis,in
417 2820 615 2875 deserto
631 2819 825 2886 isto,in
860 2836 973 2891 quo
991 2836 1109 2874 non
1137 2822 1222 2873 est
1234 2816 1438 2889 aliquis
1454 2818 1636 2872 cultus
1654 2818 1758 2872 ho-

147 2907 427 2963 minum?
458 2908 601 2963 Vere
629 2924 744 2962 non
780 2907 1015 2980 poterit.
1048 2906 1213 2971 Quod
1244 2910 1328 2961 est
1376 2907 1600 2961 dicere:
1626 2905 1760 2960 Ideo

1854 2037 2107 2093 namque
2136 2021 2366 2076 fortiter
2404 2022 2627 2078 Christo
2658 2040 2792 2079 vero
2818 2042 2966 2097 pane
3009 2028 3365 2097 reﬁciuntur,
3397 2030 3457 2088 in

1854 2127 1923 2165 ea
1954 2114 2163 2164 natura
2194 2127 2307 2182 qua
2338 2111 2437 2165 Dei
2456 2111 2691 2165 verbum
2731 2115 2834 2167 est.
2866 2113 3172 2183 Caeterum,
3201 2117 3335 2190 quia
3356 2119 3460 2174 de-

1856 2198 2044 2271 bilitas
2066 2203 2263 2253 nostra
2287 2201 2451 2253 tanto
2463 2215 2613 2271 pane
2637 2200 2694 2254 in
2713 2204 2924 2257 natura
2950 2202 3142 2260 divina
3188 2209 3246 2260 et
3292 2206 3459 2264 nobis

2074 2286 2338 2341 invisibili
2365 2270 2515 2341 vesci
2543 2303 2663 2342 non
2705 2291 2934 2359 poterat
2963 2307 2976 2345 :
3001 2312 3029 2341 «
3053 2292 3303 2349 Verbum
3323 2311 3456 2353 caro

1855 2374 2072 2428 factum
2093 2375 2374 2442 est(Joan.
2403 2392 2441 2441 1,
2467 2375 2574 2447 14),
2612 2397 2639 2424 ››
2665 2379 2721 2429 et
2739 2392 2842 2447 per
2861 2378 3049 2433 carnis
3069 2396 3184 2436 suae
3228 2360 3457 2439 hcomes~

1856 2462 2078 2517 tionem
2094 2462 2399 2518 «habitavit
2411 2463 2468 2518 in
2483 2463 2647 2518 nobis
2660 2465 2888 2534 (ibid.).»
2909 2467 3005 2522 His
3020 2467 3196 2540 igitur
3207 2471 3463 2529 versibus

1848 2550 2279 2624 juxtalitteram
2302 2552 2609 2623 adaptatis,
2644 2554 2983 2625 allegoriam
3016 2557 3390 2630 attingamus.

1929 2639 2053 2693 Dixi
2077 2638 2232 2711 quod
2275 2642 2423 2695 Deus
2454 2642 2626 2695 Pater
2673 2644 2955 2714 interrupit
3000 2661 3105 2715 per
3134 2647 3463 2716 passionem

1847 2734 2061 2799 petram
2093 2731 2149 2781 in
2178 2745 2369 2783 eremo.
2399 2730 2463 2783 ln
2511 2729 2617 2784 hac
2671 2730 2787 2785 vita
2844 2731 3111 2787 videlicet
3153 2734 3463 2803 Christum,

1861 2815 1957 2887 qui
1984 2816 2170 2871 solida
2199 2820 2364 2888 petra
2386 2820 2489 2884 est,
2515 2820 2574 2871 et
2602 2817 2671 2871 de
2696 2818 2857 2889 cujus
2877 2818 3306 2892 interruptione
3339 2839 3468 2895 pro-

1863 2905 2030 2959 cessit
2060 2904 2415 2959 remissionis
2444 2905 2650 2977 gratia.
2673 2906 2740 2959 Et
2766 2910 2963 2962 tamen
2993 2909 3253 2965 haeretici
3276 2911 3465 2980 multi,

146 2998 341 3051 Deum
370 2994 431 3051 in
466 2996 613 3051 iram
643 2996 1098 3062 concitaverunt,
1131 2994 1408 3067 quoniam
1428 3011 1562 3049 eum
1583 2995 1764 3066 impo-
1786 3015 1834 3075 ρ
1863 2992 2051 3063 gratia
2078 2993 2185 3046 hac
2212 3009 2314 3063 per
2342 2993 2699 3062 baptismum
2714 2998 3312 3067 suscepta,apponunt
3336 3016 3466 3071 pec-

146 3087 381 3139 tentem
405 3100 524 3139 esse
566 3085 992 3155 cogitaverunt,
1024 3086 1079 3138 et
1100 3084 1171 3138 de
1200 3099 1267 3137 eo
1296 3082 1433 3136 male
1459 3083 1621 3137 locuti
1642 3088 1766 3135 sunt

148 3189 257 3228 ore
285 3172 539 3227 dicentes
563 3172 888 3227 hmsitando
940 3188 952 3226 :
988 3171 1280 3226 Poteritne
1308 3170 1400 3224 hic
1434 3170 1599 3225 nobis
1627 3170 1765 3225 dare

149 3260 350 3315 cibum
380 3276 513 3315 cum
530 3260 588 3314 in
607 3260 834 3315 deserto
854 3260 981 3314 loco
999 3259 1107 3313 sim
1118 3259 1208 3313 us?
1230 3259 1370 3313 Vere
1397 3275 1514 3312 non
1533 3258 1762 3329 poterit.

150 3348 221 3403 Et
249 3348 293 3402 si
312 3347 459 3403 ratio
483 3365 685 3403 eorum
704 3347 1016 3420 aliquando
1038 3346 1367 3402 econtrario
1395 3346 1624 3401 diccbat
1653 3345 1762 3400 eis:

124 3436 302 3491 'Vere
329 3438 478 3492 Deus
508 3437 723 3510 poterit
762 3437 899 3491 dare
931 3452 1216 3501 mensam,
1251 3433 1765 3506 quoniamipsepcr-

151 3528 318 3582 cussit
328 3534 539 3598 petram
553 3534 602 3580 et
619 3528 896 3597 [luxerunt
929 3542 1101 3597 aquae,
1136 3524 1242 3595 ipsi
1264 3523 1588 3578 econtrario
1621 3523 1770 3578 dice-

151 3613 302 3669 bant
338 3631 350 3668 :
390 3613 660 3681 Quoniam
703 3614 823 3685 ipse
860 3615 1119 3683 percussit
1153 3617 1370 3683 petram
1413 3619 1462 3665 et
1497 3614 1770 3680 ﬂuxerunt

152 3706 406 3776 aquanet
420 3720 537 3757 non
556 3718 746 3775 parva:
769 3718 956 3773 aqum,
982 3702 1082 3755 sed
1102 3707 1151 3755 et
1172 3707 1423 3755 torrentes
1442 3699 1577 3754 inde
1609 3701 1768 3753 inun-

153 3788 688 3860 davcrunl,nunquid
703 3795 771 3855 el,
791 3788 851 3842 id
873 3791 958 3842 est
977 3787 1154 3843 etiam
1175 3790 1393 3857 poterit,
1438 3786 1648 3841 idcirco
1678 3785 1771 3839 da-

156 3896 211 3933 re
230 3894 432 3949 panem
442 3875 1213 3948 populosuo,nobisscilicet?
1244 3879 1341 3930 aut
1362 3874 1406 3928 si
1427 3891 1635 3946 parum
1662 3891 1769 3945 pa-

158 3967 251 4022 nis
282 3965 721 4036 dederit,poterit
734 3982 935 4035 parare
949 3982 1183 4018 mensam
1204 3963 1594 4034 nobispopulo
1610 3980 1709 4017 suo
1744 3963 1771 4018 ‘?

159 4054 563 4125 Nequaquam.
601 4053 768 4118 Quod
794 4057 877 4107 est
908 4052 1098 4107 dicere
1134 4069 1146 4106 :
1176 4052 1329 4106 Licet
1360 4055 1586 4124 petram
1645 4067 1771 4122 per-

163 4143 406 4209 cutiens,
429 4159 608 4213 aquas
633 4142 767 4197 inde
790 4142 970 4195 ﬂuere
986 4142 1210 4207 fecerit,
1245 4157 1362 4195 non
1410 4144 1606 4195 tamen
1640 4140 1769 4195 idco

164 4231 334 4287 nobis
361 4248 574 4303 panem
602 4231 673 4285 ad
704 4233 944 4301 plenum
976 4230 1114 4284 dare
1134 4230 1363 4301 poterit.
1391 4230 1457 4283 Et
1486 4230 1616 4283 ideo
1639 4228 1773 4300 quia

163 4318 273 4391 ipsi
297 4320 419 4374 hinc
454 4319 733 4386 dicentes,
751 4336 854 4372 non
875 4318 1209 4373 crediderunt
1255 4320 1310 4371 in
1326 4316 1458 4383 Deo,
1490 4320 1551 4371 ut
1568 4320 1773 4388 potens

166 4411 315 4463 esset
336 4409 418 4462 eis
445 4408 585 4462 dare
630 4422 884 4478 panem:
920 4424 1012 4461 nec
1059 4412 1397 4476 speraverant
1442 4407 1497 4458 in
1545 4404 1777 4457 salutari

165 4496 364 4567 ejus,id
386 4499 472 4550 cst
493 4512 595 4549 nec
609 4512 771 4566 spem
788 4494 896 4548 cibi
914 4495 1240 4549 habuerunt
1270 4492 1328 4546 in
1360 4491 1774 4547 consideratio-

167 4602 239 4639 ne
270 4582 601 4638 salvationis
656 4583 778 4654 ejus
836 4582 954 4648 Dei,
987 4582 1201 4636 scilicet
1234 4598 1351 4635 non
1400 4584 1776 4651 speraverunt

168 4671 323 4743 quod
364 4670 510 4724 sicut
525 4686 591 4723 ex
615 4671 861 4741 Egypto
877 4671 1211 4736 salvaverat,
1240 4668 1321 4723 ita
1334 4685 1561 4741 quoque
1580 4668 1774 4723 cibum

169 4758 251 4813 eis
266 4758 404 4813 dare
420 4758 900 4828 poterat.Audivit
919 4757 1149 4824 Deus,id
1163 4761 1247 4812 est
1260 4756 1667 4812 animadvertit
1685 4774 1777 4812 eo-

173 4862 299 4900 rum
330 4844 823 4907 incredulitatem,
851 4852 899 4898 ct
914 4845 1118 4899 distulit
1136 4844 1449 4899 vindictam
1492 4844 1647 4915 quod
1668 4847 1778 4900 sta-

182 4935 287 4988 tim
316 4949 431 4987 non
457 4931 700 5003 punivit.
716 4931 1216 5003 thuantomagis
1233 4932 1459 4999 distulit,
1483 4935 1643 4986 tanto
1659 4949 1774 4986 ma-

174 5020 260 5091 gis
289 5021 427 5092 ignis
456 5027 785 5074 accensusesl
809 5022 865 5073 in
897 5021 1089 5086 Jacob,
1116 5020 1173 5074 id
1203 5022 1291 5074 est
1348 5020 1596 5074 vindicta
1644 5036 1779 5085 aug-

175 5110 435 5163 mentata
466 5111 556 5162 est
578 5107 632 5161 in
666 5107 795 5162 filiis
829 5108 1019 5173 Israel,
1046 5124 1218 5178 quam
1274 5106 1317 5159 si
1357 5108 1436 5161 eis
1496 5107 1779 5178 peccanti-

178 5195 324 5250 tibus
346 5210 477 5250 mox
506 5195 756 5266 puniret.
782 5196 846 5249 Et
873 5214 989 5249 non
1005 5212 1208 5266 parum
1226 5210 1446 5249 accensa
1464 5195 1779 5259 estira,sed

179 5283 503 5349 ascendit,id
534 5286 618 5336 est
647 5282 810 5336 valde
839 5283 1086 5337 excrevit
1111 5282 1473 5348 ira,vindicta
1503 5282 1781 5336 scilicetin

183 5369 525 5437 1sracl,idest
545 5370 848 5425 inJudaico
869 5370 1371 5444 populo.Quodcst
1402 5370 1619 5423 dicere:
1645 5370 1781 5424 ldeo

186 5459 318 5529 quia
347 5459 425 5514 sic
479 5458 760 5513 increduli
787 5459 1039 5525 fuerunt,
1078 5460 1221 5513 Deus
1252 5457 1659 5512 animadvertit
1688 5475 1784 5512 co-

186 5562 313 5607 rum
348 5547 823 5609 incredulitatem
856 5566 870 5617 ;
911 5550 969 5603 et
995 5548 1313 5607 diﬁcrendo
1358 5563 1591 5620 poenam
1621 5550 1782 5603 tanto

1864 3081 2006 3135 catis
2038 3084 2177 3135 ante
2199 3082 2577 3153 baptismum,
2602 3082 3002 3153 adhucpeccare
3017 3088 3067 3139 ei
3084 3087 3201 3141 Deo
3225 3092 3354 3158 post
3372 3089 3469 3143 ba-

1867 3169 2170 3239 ptismum.
2206 3170 2273 3223 Et
2302 3169 2450 3224 adeo
2484 3173 2733 3240 peccant
2763 3172 2919 3242 quod
2949 3188 3079 3227 eum
3114 3176 3171 3228 in
3200 3176 3363 3242 iram,
3411 3175 3471 3230 id

1867 3260 1950 3311 est
1976 3256 2035 3310 in
2066 3257 2381 3311 vindictam
2424 3262 2630 3312 contra
2679 3258 2893 3330 seipsos
2924 3261 3235 3317 concitant.
3270 3264 3338 3317 Et
3366 3265 3474 3321 hoc

1868 3346 1923 3399 in
1954 3346 2225 3416 inaquoso,
2259 3344 2319 3400 id
2344 3349 2429 3400 est
2455 3345 2513 3399 in
2535 3346 2804 3401 ariditate
2835 3347 3026 3403 cordis
3052 3366 3065 3417 ;
3108 3350 3326 3405 scilicet
3341 3352 3477 3425 quia

1868 3432 2056 3503 gratia
2085 3432 2181 3486 illa
2208 3433 2415 3487 nolunt
2457 3434 2756 3505 adaquari,
2786 3436 2968 3489 Deum
3013 3436 3120 3491 sibi
3154 3437 3366 3495 iratum
3387 3440 3472 3495 fa-

1870 3521 2045 3575 ciunt.
2081 3522 2149 3574 Et
2177 3521 2285 3574 hoc
2317 3521 2552 3592 quidem
2579 3523 2753 3577 modo
2787 3528 2915 3594 post
2960 3525 3311 3597 baptismum
3350 3548 3469 3601 pec-

1869 3627 1993 3664 care
2021 3612 2341 3680 apponunt.
2372 3609 2516 3664 Nam
2566 3615 2625 3665 et
2682 3614 2910 3667 tentant
2936 3612 3111 3667 Deum
3140 3617 3203 3671 in
3231 3618 3480 3676 cordibu:

1868 3698 2000 3763 suis,
2031 3697 2088 3752 id
2115 3700 2201 3751 est
2252 3697 2323 3752 de
2362 3697 2464 3752 Dei
2496 3697 2924 3769 omnipotentia
2955 3700 3240 3771 dubitant,
3277 3708 3476 3762 utrum

1870 3783 2086 3840 scilicet
2111 3784 2215 3839 sub
2245 3785 2411 3856 panis
2431 3785 2619 3856 specie
2648 3801 2854 3857 corpus
2886 3805 3055 3843 suum
3108 3790 3245 3845 dare
3300 3792 3480 3863 possit

1870 3873 1944 3927 ad
1973 3872 2422 3927 comedendum.
2459 3874 2525 3927 Et
2556 3873 2634 3928 sic
2664 3877 2914 3943 tentant,
2956 3883 3015 3929 ut
3054 3879 3249 3934 tamen
3278 3886 3481 3950 petant

1870 3978 2008 4016 escas
2036 3961 2320 4015 animabus
2344 3978 2454 4019 suis
2483 3962 2670 4030 utiles,
2701 3963 2915 4019 scilicet
2950 3968 3153 4035 petant
3208 3969 3467 4041 quotidie

1871 4066 2078 4121 corpus
2109 4055 2167 4105 et
2190 4050 2535 4121 sanguinem
2567 4051 2798 4106 Domini
2838 4053 2958 4107 sola
2980 4068 3115 4108 voce
3148 4072 3265 4110 non
3300 4058 3476 4115 corde

1871 4154 2003 4192 cum
2037 4138 2239 4193 dicunt
2273 4156 2285 4193 :
2317 4157 2348 4190 «
2376 4140 2596 4194 Panem
2631 4142 2895 4204 nostrum
2948 4142 3353 4212 quotidianum
3402 4148 3439 4203 d

1874 4225 2039 4280 nobis
2064 4225 2235 4280 hodie
2266 4226 2418 4298 (Luc.
2454 4244 2529 4294 xi,
2553 4230 2625 4295 3),
2655 4247 2686 4279 ››
2747 4227 2805 4281 id
2872 4234 2963 4283 est
3014 4248 3221 4303 corpus
3248 4237 3306 4287 et
3343 4252 3474 4290 san-

1872 4313 2109 4385 guinem
2147 4317 2327 4369 tuum.
2360 4314 2526 4379 Quod
2553 4331 2764 4385 corpus
2820 4316 3081 4372 videlicet
3133 4322 3191 4373 et
3245 4325 3476 4394 sanguis

1874 4420 1989 4457 una
2020 4419 2148 4456 esca
2179 4406 2264 4457 est
2293 4403 2651 4458 indivisibilis
2704 4407 2761 4458 et
2808 4404 3281 4476 incorruptibilis,
3344 4412 3478 4468 licet

1874 4489 1977 4543 sub
2016 4489 2201 4559 specie
2231 4490 2394 4559 panis
2437 4489 2698 4545 videatur
2752 4490 2965 4562 frangi,
3026 4497 3084 4547 et
3122 4512 3156 4548 a
3207 4496 3477 4555 dentibus

1874 4578 2132 4632 ﬁdelium
2162 4577 2401 4633 conteri.
2453 4579 2619 4643 Quod
2645 4578 2877 4650 quidem
2932 4583 3270 4652 mysterium
3320 4589 3473 4645 inso-

1874 4666 2050 4720 lubile
2082 4670 2188 4732 est,
2211 4666 2479 4723 videlicet
2500 4684 2678 4737 quare
2702 4667 2893 4739 frangi
2938 4672 2996 4723 et
3022 4672 3241 4727 conteri
3290 4675 3477 4731 videa-

1875 4756 1988 4820 tur,
2017 4769 2149 4807 cum
2178 4752 2524 4808 indivisibile
2556 4759 2934 4825 permaneat:
2970 4756 3139 4813 ﬁrma
3187 4764 3383 4817 tamen
3416 4765 3476 4817 ﬁ-

1878 4842 1947 4896 de
1979 4842 2334 4896 credendum
2354 4844 2458 4895 est.
2507 4842 2672 4897 Escas
2728 4848 2921 4899 autem
2969 4847 3285 4916 pluraliter,
3332 4851 3475 4908 illud

1878 4930 2031 5001 quod
2063 4946 2243 4985 unum
2277 4932 2381 4997 est,
2414 4936 2578 4985 vocat
2607 4933 2923 4987 secundum
2960 4934 3213 5005 plurium
3244 4939 3473 5006 panici-

1876 5019 2197 5090 pationem,
2222 5018 2356 5073 Dico
2384 5020 2542 5091 quod
2577 5023 2803 5074 tentant
2842 5020 3174 5091 cogitando.
3230 5026 3297 5079 Et
3348 5031 3474 5084 ten-

1878 5111 2003 5162 tant
2034 5108 2293 5180 quidcm,
2328 5112 2384 5163 et
2410 5109 2547 5161 male
2583 5109 2646 5161 de
2672 5108 2783 5161 Deo
2822 5111 3139 5181 loquuntur
3189 5129 3288 5170 ore
3320 5134 3339 5181 ;
3390 5119 3475 5173 di-
3564 5096 3567 5103 ί

1881 5199 2017 5249 cunt
2045 5196 2202 5250 enim
2228 5214 2245 5248 :
2273 5195 2540 5266 Nunquid
2570 5197 2718 5249 Deus
2756 5200 2944 5267 potest
2973 5200 3028 5250 in
3055 5199 3273 5268 deserto,
3306 5202 3363 5258 id
3394 5214 3481 5264 est

1882 5282 1939 5336 in
1971 5284 2075 5338 hac
2108 5284 2220 5338 vita
2241 5301 2417 5355 quam
2460 5283 2835 5354 corporaliter
2891 5285 3142 5341 deseruit
3190 5304 3321 5345 cum
3374 5310 3482 5351 caa-

1886 5375 2002 5426 lum
2026 5372 2303 5438 ascendit,
2326 5389 2527 5441 parare
2558 5388 2811 5437 mensam,
2846 5370 2901 5424 id
2942 5376 3028 5426 est
3082 5374 3271 5431 facere
3320 5385 3485 5453 panis

1892 5466 2217 5515 creaturam
2238 5458 2588 5527 mensam,id
2607 5462 2691 5513 est
2712 5460 2970 5530 corporis
2983 5460 3066 5515 sui
3079 5463 3485 5529 refrectionem

1896 5552 2292 5621 Nequaquam.
2327 5548 2490 5613 Quod
2519 5552 2603 5602 est
2640 5547 2828 5603 dicere
2860 5565 2875 5606 :
2907 5548 3047 5605 Cum
3076 5550 3226 5608 hanc
3274 5557 3489 5620 terram
