  <div class='ocr_page' id='page_1' title='image "/cluster/home/n/w/nwhite01/storage/ocr_20150623/152/hvd.32044054760103/525.png"; bbox 0 0 3970 6040; ppageno 0'>
   <div class='ocr_carea' id='block_1_1' title="bbox 578 354 716 426">
    <p class='ocr_par' dir='ltr' id='par_1_1' title="bbox 578 354 716 426">
     <span class='ocr_line' id='line_1_1' title="bbox 578 354 716 426; baseline -0.022 0"><span class='ocrx_word' id='word_1_1' title='bbox 578 354 716 426; x_wconf 71' lang='grc'><strong>1039</strong></span> 
     </span>
    </p>
   </div>
   <div class='ocr_carea' id='block_1_2' title="bbox 1185 354 3286 420">
    <p class='ocr_par' dir='ltr' id='par_1_2' title="bbox 1185 354 3286 420">
     <span class='ocr_line' id='line_1_2' title="bbox 1185 354 3286 420; baseline -0.003 -1"><span class='ocrx_word' id='word_1_2' title='bbox 1185 358 1244 419; x_wconf 92' lang='lat' dir='ltr'><strong>S.</strong></span> <span class='ocrx_word' id='word_1_3' title='bbox 1285 358 1629 420; x_wconf 82' lang='lat' dir='ltr'><strong>BRUNONIS</strong></span> <span class='ocrx_word' id='word_1_4' title='bbox 1668 354 2304 418; x_wconf 68' lang='lat' dir='ltr'><strong>CARTHUSIANORUM</strong></span> <span class='ocrx_word' id='word_1_5' title='bbox 2338 354 2810 415; x_wconf 77' lang='lat' dir='ltr'><strong>INSTITUTORIS</strong></span> <span class='ocrx_word' id='word_1_6' title='bbox 2849 355 3005 415; x_wconf 90' lang='lat' dir='ltr'><strong>OPP.</strong></span> <span class='ocrx_word' id='word_1_7' title='bbox 3048 354 3225 413; x_wconf 77' lang='lat' dir='ltr'><strong>PARS</strong></span> <span class='ocrx_word' id='word_1_8' title='bbox 3262 354 3286 413; x_wconf 93' lang='grc' dir='ltr'><strong>Ῑ</strong></span> 
     </span>
    </p>
   </div>
   <div class='ocr_carea' id='block_1_3' title="bbox 3765 353 3895 411">
    <p class='ocr_par' dir='ltr' id='par_1_3' title="bbox 3765 353 3895 411">
     <span class='ocr_line' id='line_1_3' title="bbox 3765 353 3895 411; baseline 0.015 -2"><span class='ocrx_word' id='word_1_9' title='bbox 3765 353 3895 411; x_wconf 68' lang='lat' dir='ltr'><strong>low</strong></span> 
     </span>
    </p>
   </div>
   <div class='ocr_carea' id='block_1_4' title="bbox 575 473 3898 559">
    <p class='ocr_par' dir='ltr' id='par_1_4' title="bbox 575 473 3898 559">
     <span class='ocr_line' id='line_1_4' title="bbox 575 473 3898 559; baseline -0.004 -13"><span class='ocrx_word' id='word_1_10' title='bbox 575 486 914 558; x_wconf 76' lang='lat' dir='ltr'><strong>deseruerit,</strong></span> <span class='ocrx_word' id='word_1_11' title='bbox 933 489 991 544; x_wconf 91' lang='lat' dir='ltr'><strong>et</strong></span> <span class='ocrx_word' id='word_1_12' title='bbox 1001 486 1382 559; x_wconf 79' lang='lat' dir='ltr'><strong>corporaliter</strong></span> <span class='ocrx_word' id='word_1_13' title='bbox 1393 486 1716 545; x_wconf 90' lang='lat' dir='ltr'><strong>etlocaliter</strong></span> <span class='ocrx_word' id='word_1_14' title='bbox 1726 484 1785 541; x_wconf 88' lang='lat' dir='ltr'><strong>in</strong></span> <span class='ocrx_word' id='word_1_15' title='bbox 1798 483 1937 541; x_wconf 87' lang='lat' dir='ltr'><strong>coelo</strong></span> <span class='ocrx_word' id='word_1_16' title='bbox 1956 483 2194 555; x_wconf 89' lang='lat' dir='ltr'><strong>sit,quo-</strong></span> <span class='ocrx_word' id='word_1_17' title='bbox 2211 486 2264 547; x_wconf 87' lang='grc' dir='ltr'><strong>Α</strong></span> <span class='ocrx_word' id='word_1_18' title='bbox 2289 497 2395 554; x_wconf 90' lang='lat' dir='ltr'><strong>pus</strong></span> <span class='ocrx_word' id='word_1_19' title='bbox 2407 480 2616 538; x_wconf 79' lang='lat' dir='ltr'><strong>Christi</strong></span> <span class='ocrx_word' id='word_1_20' title='bbox 2638 498 2857 538; x_wconf 89' lang='lat' dir='ltr'><strong>manna</strong></span> <span class='ocrx_word' id='word_1_21' title='bbox 2870 479 3095 548; x_wconf 89' lang='lat' dir='ltr'><strong>dicitur,</strong></span> <span class='ocrx_word' id='word_1_22' title='bbox 3112 479 3257 535; x_wconf 87' lang='lat' dir='ltr'><strong>Nam</strong></span> <span class='ocrx_word' id='word_1_23' title='bbox 3269 495 3402 535; x_wconf 90' lang='lat' dir='ltr'><strong>cum</strong></span> <span class='ocrx_word' id='word_1_24' title='bbox 3425 476 3587 552; x_wconf 88' lang='lat' dir='ltr'><strong>prius</strong></span> <span class='ocrx_word' id='word_1_25' title='bbox 3601 473 3898 549; x_wconf 80' lang='lat' dir='ltr'><strong>discipulis</strong></span> 
     </span>
    </p>
   </div>
   <div class='ocr_carea' id='block_1_5' title="bbox 574 572 2182 651">
    <p class='ocr_par' dir='ltr' id='par_1_5' title="bbox 574 572 2182 651">
     <span class='ocr_line' id='line_1_5' title="bbox 574 572 2182 651; baseline -0.006 -15"><span class='ocrx_word' id='word_1_26' title='bbox 574 579 752 636; x_wconf 89' lang='lat' dir='ltr'><strong>modo</strong></span> <span class='ocrx_word' id='word_1_27' title='bbox 774 578 940 651; x_wconf 92' lang='lat' dir='ltr'><strong>panis</strong></span> <span class='ocrx_word' id='word_1_28' title='bbox 965 580 1293 633; x_wconf 82' lang='lat' dir='ltr'><strong>creaturam</strong></span> <span class='ocrx_word' id='word_1_29' title='bbox 1311 595 1438 650; x_wconf 84' lang='lat' dir='ltr'><strong>quae</strong></span> <span class='ocrx_word' id='word_1_30' title='bbox 1458 577 1633 632; x_wconf 90' lang='lat' dir='ltr'><strong>modo</strong></span> <span class='ocrx_word' id='word_1_31' title='bbox 1649 578 1753 641; x_wconf 91' lang='lat' dir='ltr'><strong>est,</strong></span> <span class='ocrx_word' id='word_1_32' title='bbox 1791 575 1979 646; x_wconf 86' lang='lat' dir='ltr'><strong>potest</strong></span> <span class='ocrx_word' id='word_1_33' title='bbox 1995 572 2182 627; x_wconf 90' lang='lat' dir='ltr'><strong>adhuc</strong></span> 
     </span>
    </p>
   </div>
   <div class='ocr_carea' id='block_1_6' title="bbox 576 661 2186 740">
    <p class='ocr_par' dir='ltr' id='par_1_6' title="bbox 576 661 2186 740">
     <span class='ocr_line' id='line_1_6' title="bbox 576 661 2186 740; baseline -0.006 -17"><span class='ocrx_word' id='word_1_34' title='bbox 576 669 873 740; x_wconf 86' lang='lat' dir='ltr'><strong>parare,ut</strong></span> <span class='ocrx_word' id='word_1_35' title='bbox 890 682 1022 720; x_wconf 90' lang='lat' dir='ltr'><strong>caro</strong></span> <span class='ocrx_word' id='word_1_36' title='bbox 1045 683 1147 720; x_wconf 88' lang='lat' dir='ltr'><strong>sua</strong></span> <span class='ocrx_word' id='word_1_37' title='bbox 1175 666 1480 731; x_wconf 87' lang='lat' dir='ltr'><strong>efﬁciatur,</strong></span> <span class='ocrx_word' id='word_1_38' title='bbox 1515 680 1643 736; x_wconf 64' lang='lat' dir='ltr'><strong>quas</strong></span> <span class='ocrx_word' id='word_1_39' title='bbox 1665 666 1799 717; x_wconf 85' lang='lat' dir='ltr'><strong>ante</strong></span> <span class='ocrx_word' id='word_1_40' title='bbox 1822 661 1977 715; x_wconf 91' lang='lat' dir='ltr'><strong>mille</strong></span> <span class='ocrx_word' id='word_1_41' title='bbox 2004 676 2186 715; x_wconf 90' lang='lat' dir='ltr'><strong>annos</strong></span> 
     </span>
    </p>
   </div>
   <div class='ocr_carea' id='block_1_7' title="bbox 576 746 2185 819">
    <p class='ocr_par' dir='ltr' id='par_1_7' title="bbox 576 746 2185 819">
     <span class='ocr_line' id='line_1_7' title="bbox 576 746 2185 819; baseline -0.006 -9"><span class='ocrx_word' id='word_1_42' title='bbox 576 759 664 810; x_wconf 90' lang='lat' dir='ltr'><strong>est</strong></span> <span class='ocrx_word' id='word_1_43' title='bbox 684 753 1097 810; x_wconf 85' lang='lat' dir='ltr'><strong>?Nullomodo.</strong></span> <span class='ocrx_word' id='word_1_44' title='bbox 1129 753 1273 808; x_wconf 89' lang='lat' dir='ltr'><strong>Cum</strong></span> <span class='ocrx_word' id='word_1_45' title='bbox 1293 756 1485 810; x_wconf 91' lang='lat' dir='ltr'><strong>autem</strong></span> <span class='ocrx_word' id='word_1_46' title='bbox 1506 752 1585 806; x_wconf 92' lang='lat' dir='ltr'><strong>eis</strong></span> <span class='ocrx_word' id='word_1_47' title='bbox 1611 768 1644 805; x_wconf 90' lang='lat' dir='ltr'><strong>a</strong></span> <span class='ocrx_word' id='word_1_48' title='bbox 1668 748 1963 805; x_wconf 88' lang='lat' dir='ltr'><strong>catholicis</strong></span> <span class='ocrx_word' id='word_1_49' title='bbox 1990 746 2185 819; x_wconf 91' lang='lat' dir='ltr'><strong>objici-</strong></span> 
     </span>
    </p>
   </div>
   <div class='ocr_carea' id='block_1_8' title="bbox 578 835 2185 912">
    <p class='ocr_par' dir='ltr' id='par_1_8' title="bbox 578 835 2185 912">
     <span class='ocr_line' id='line_1_8' title="bbox 578 835 2185 912; baseline -0.006 -14"><span class='ocrx_word' id='word_1_50' title='bbox 578 845 699 899; x_wconf 89' lang='lat' dir='ltr'><strong>tur:</strong></span> <span class='ocrx_word' id='word_1_51' title='bbox 725 843 868 897; x_wconf 85' lang='lat' dir='ltr'><strong>Vere</strong></span> <span class='ocrx_word' id='word_1_52' title='bbox 899 842 1048 895; x_wconf 90' lang='lat' dir='ltr'><strong>Deus</strong></span> <span class='ocrx_word' id='word_1_53' title='bbox 1072 842 1180 895; x_wconf 91' lang='lat' dir='ltr'><strong>hoc</strong></span> <span class='ocrx_word' id='word_1_54' title='bbox 1213 843 1403 912; x_wconf 84' lang='lat' dir='ltr'><strong>potest</strong></span> <span class='ocrx_word' id='word_1_55' title='bbox 1444 839 1655 907; x_wconf 83' lang='lat' dir='ltr'><strong>facere,</strong></span> <span class='ocrx_word' id='word_1_56' title='bbox 1689 854 1821 891; x_wconf 91' lang='lat' dir='ltr'><strong>cum</strong></span> <span class='ocrx_word' id='word_1_57' title='bbox 1862 836 1983 909; x_wconf 89' lang='lat' dir='ltr'><strong>ipse</strong></span> <span class='ocrx_word' id='word_1_58' title='bbox 2031 835 2185 890; x_wconf 87' lang='lat' dir='ltr'><strong>aliud</strong></span> 
     </span>
    </p>
   </div>
   <div class='ocr_carea' id='block_1_9' title="bbox 577 925 2185 1003">
    <p class='ocr_par' dir='ltr' id='par_1_9' title="bbox 577 925 2185 1003">
     <span class='ocr_line' id='line_1_9' title="bbox 577 925 2185 1003; baseline -0.005 -16"><span class='ocrx_word' id='word_1_59' title='bbox 577 930 733 1003; x_wconf 90' lang='lat' dir='ltr'><strong>quod</strong></span> <span class='ocrx_word' id='word_1_60' title='bbox 765 932 850 983; x_wconf 90' lang='lat' dir='ltr'><strong>est</strong></span> <span class='ocrx_word' id='word_1_61' title='bbox 879 928 1064 1000; x_wconf 89' lang='lat' dir='ltr'><strong>magis</strong></span> <span class='ocrx_word' id='word_1_62' title='bbox 1086 928 1349 983; x_wconf 83' lang='lat' dir='ltr'><strong>mirabile</strong></span> <span class='ocrx_word' id='word_1_63' title='bbox 1373 928 1596 994; x_wconf 87' lang='lat' dir='ltr'><strong>fecerit,</strong></span> <span class='ocrx_word' id='word_1_64' title='bbox 1629 925 1841 981; x_wconf 88' lang='lat' dir='ltr'><strong>scilicet</strong></span> <span class='ocrx_word' id='word_1_65' title='bbox 1868 942 1927 979; x_wconf 92' lang='lat' dir='ltr'><strong>se</strong></span> <span class='ocrx_word' id='word_1_66' title='bbox 1958 927 2185 998; x_wconf 88' lang='lat' dir='ltr'><strong>petram</strong></span> 
     </span>
    </p>
   </div>
   <div class='ocr_carea' id='block_1_10' title="bbox 577 1011 2183 1090">
    <p class='ocr_par' dir='ltr' id='par_1_10' title="bbox 577 1011 2183 1090">
     <span class='ocr_line' id='line_1_10' title="bbox 577 1011 2183 1090; baseline -0.003 -18"><span class='ocrx_word' id='word_1_67' title='bbox 577 1017 802 1090; x_wconf 89' lang='lat' dir='ltr'><strong>percuti</strong></span> <span class='ocrx_word' id='word_1_68' title='bbox 828 1015 1111 1089; x_wconf 88' lang='lat' dir='ltr'><strong>permisit,</strong></span> <span class='ocrx_word' id='word_1_69' title='bbox 1145 1016 1295 1071; x_wconf 91' lang='lat' dir='ltr'><strong>unde</strong></span> <span class='ocrx_word' id='word_1_70' title='bbox 1326 1032 1475 1087; x_wconf 90' lang='lat' dir='ltr'><strong>aqua</strong></span> <span class='ocrx_word' id='word_1_71' title='bbox 1494 1016 1695 1087; x_wconf 68' lang='lat' dir='ltr'><strong>gratiae</strong></span> <span class='ocrx_word' id='word_1_72' title='bbox 1725 1012 2035 1087; x_wconf 88' lang='lat' dir='ltr'><strong>spiritualis</strong></span> <span class='ocrx_word' id='word_1_73' title='bbox 2076 1011 2183 1067; x_wconf 88' lang='lat' dir='ltr'><strong>ﬂu-</strong></span> 
     </span>
    </p>
   </div>
   <div class='ocr_carea' id='block_1_11' title="bbox 574 1100 2185 1177">
    <p class='ocr_par' dir='ltr' id='par_1_11' title="bbox 574 1100 2185 1177">
     <span class='ocr_line' id='line_1_11' title="bbox 574 1100 2185 1177; baseline -0.003 -17"><span class='ocrx_word' id='word_1_74' title='bbox 574 1106 674 1160; x_wconf 86' lang='lat' dir='ltr'><strong>xit.</strong></span> <span class='ocrx_word' id='word_1_75' title='bbox 705 1105 819 1177; x_wconf 88' lang='lat' dir='ltr'><strong>Ipsi</strong></span> <span class='ocrx_word' id='word_1_76' title='bbox 849 1104 1178 1160; x_wconf 90' lang='lat' dir='ltr'><strong>econtrario</strong></span> <span class='ocrx_word' id='word_1_77' title='bbox 1203 1120 1301 1159; x_wconf 92' lang='lat' dir='ltr'><strong>ore</strong></span> <span class='ocrx_word' id='word_1_78' title='bbox 1314 1104 1669 1176; x_wconf 87' lang='lat' dir='ltr'><strong>nequissimo</strong></span> <span class='ocrx_word' id='word_1_79' title='bbox 1693 1103 1998 1174; x_wconf 86' lang='lat' dir='ltr'><strong>proferunt</strong></span> <span class='ocrx_word' id='word_1_80' title='bbox 2020 1100 2185 1168; x_wconf 85' lang='lat' dir='ltr'><strong>:Quo-</strong></span> 
     </span>
    </p>
   </div>
   <div class='ocr_carea' id='block_1_12' title="bbox 576 1190 2185 1264">
    <p class='ocr_par' dir='ltr' id='par_1_12' title="bbox 576 1190 2185 1264">
     <span class='ocr_line' id='line_1_12' title="bbox 576 1190 2185 1264; baseline -0.002 -17"><span class='ocrx_word' id='word_1_81' title='bbox 576 1196 721 1248; x_wconf 86' lang='lat' dir='ltr'><strong>niam</strong></span> <span class='ocrx_word' id='word_1_82' title='bbox 730 1193 1079 1264; x_wconf 78' lang='lat' dir='ltr'><strong>percussit,id</strong></span> <span class='ocrx_word' id='word_1_83' title='bbox 1090 1197 1176 1247; x_wconf 91' lang='lat' dir='ltr'><strong>est</strong></span> <span class='ocrx_word' id='word_1_84' title='bbox 1200 1193 1422 1263; x_wconf 88' lang='lat' dir='ltr'><strong>percuti</strong></span> <span class='ocrx_word' id='word_1_85' title='bbox 1450 1193 1715 1264; x_wconf 86' lang='lat' dir='ltr'><strong>permisit</strong></span> <span class='ocrx_word' id='word_1_86' title='bbox 1729 1194 1956 1263; x_wconf 87' lang='lat' dir='ltr'><strong>petram</strong></span> <span class='ocrx_word' id='word_1_87' title='bbox 1987 1190 2047 1244; x_wconf 89' lang='lat' dir='ltr'><strong>in</strong></span> <span class='ocrx_word' id='word_1_88' title='bbox 2059 1206 2185 1261; x_wconf 88' lang='lat' dir='ltr'><strong>pas-</strong></span> 
     </span>
    </p>
   </div>
   <div class='ocr_carea' id='block_1_13' title="bbox 582 1277 2185 1354">
    <p class='ocr_par' dir='ltr' id='par_1_13' title="bbox 582 1277 2185 1354">
     <span class='ocr_line' id='line_1_13' title="bbox 582 1277 2185 1354; baseline -0.003 -18"><span class='ocrx_word' id='word_1_89' title='bbox 582 1281 1026 1354; x_wconf 89' lang='lat' dir='ltr'><strong>sione,seipsum</strong></span> <span class='ocrx_word' id='word_1_90' title='bbox 1040 1281 1273 1347; x_wconf 90' lang='lat' dir='ltr'><strong>scilicet,</strong></span> <span class='ocrx_word' id='word_1_91' title='bbox 1296 1279 1497 1334; x_wconf 89' lang='lat' dir='ltr'><strong>etindc</strong></span> <span class='ocrx_word' id='word_1_92' title='bbox 1522 1282 1795 1348; x_wconf 70' lang='lat' dir='ltr'><strong>ﬂuxerunt</strong></span> <span class='ocrx_word' id='word_1_93' title='bbox 1820 1277 2185 1351; x_wconf 65' lang='lat' dir='ltr'><strong>aquzegratias</strong></span> 
     </span>
    </p>
   </div>
   <div class='ocr_carea' id='block_1_14' title="bbox 572 1365 2184 1440">
    <p class='ocr_par' dir='ltr' id='par_1_14' title="bbox 572 1365 2184 1440">
     <span class='ocr_line' id='line_1_14' title="bbox 572 1365 2184 1440; baseline -0.002 -16"><span class='ocrx_word' id='word_1_94' title='bbox 572 1369 905 1439; x_wconf 87' lang='lat' dir='ltr'><strong>spiritualis,</strong></span> <span class='ocrx_word' id='word_1_95' title='bbox 937 1371 995 1424; x_wconf 91' lang='lat' dir='ltr'><strong>et</strong></span> <span class='ocrx_word' id='word_1_96' title='bbox 1042 1385 1160 1423; x_wconf 91' lang='lat' dir='ltr'><strong>non</strong></span> <span class='ocrx_word' id='word_1_97' title='bbox 1195 1384 1385 1439; x_wconf 66' lang='lat' dir='ltr'><strong>parvas</strong></span> <span class='ocrx_word' id='word_1_98' title='bbox 1413 1384 1600 1440; x_wconf 71' lang='lat' dir='ltr'><strong>aquae,</strong></span> <span class='ocrx_word' id='word_1_99' title='bbox 1633 1368 1732 1422; x_wconf 91' lang='lat' dir='ltr'><strong>sed</strong></span> <span class='ocrx_word' id='word_1_100' title='bbox 1778 1370 2091 1435; x_wconf 89' lang='lat' dir='ltr'><strong>torrentes,</strong></span> <span class='ocrx_word' id='word_1_101' title='bbox 2123 1365 2184 1421; x_wconf 90' lang='lat' dir='ltr'><strong>id</strong></span> 
     </span>
    </p>
   </div>
   <div class='ocr_carea' id='block_1_15' title="bbox 575 1454 2186 1528">
    <p class='ocr_par' dir='ltr' id='par_1_15' title="bbox 575 1454 2186 1528">
     <span class='ocr_line' id='line_1_15' title="bbox 575 1454 2186 1528; baseline -0.003 -15"><span class='ocrx_word' id='word_1_102' title='bbox 575 1461 665 1513; x_wconf 91' lang='lat' dir='ltr'><strong>est</strong></span> <span class='ocrx_word' id='word_1_103' title='bbox 682 1473 847 1528; x_wconf 70' lang='lat' dir='ltr'><strong>aqua:</strong></span> <span class='ocrx_word' id='word_1_104' title='bbox 873 1455 1121 1526; x_wconf 63' lang='lat' dir='ltr'><strong>copiosae</strong></span> <span class='ocrx_word' id='word_1_105' title='bbox 1149 1455 1564 1510; x_wconf 78' lang='lat' dir='ltr'><strong>inundaverant.</strong></span> <span class='ocrx_word' id='word_1_106' title='bbox 1598 1454 1863 1527; x_wconf 80' lang='lat' dir='ltr'><strong>Nunquid</strong></span> <span class='ocrx_word' id='word_1_107' title='bbox 1883 1456 2084 1523; x_wconf 91' lang='lat' dir='ltr'><strong>etc.,id</strong></span> <span class='ocrx_word' id='word_1_108' title='bbox 2101 1456 2186 1510; x_wconf 92' lang='lat' dir='ltr'><strong>est</strong></span> 
     </span>
    </p>
   </div>
   <div class='ocr_carea' id='block_1_16' title="bbox 578 1542 2183 1616">
    <p class='ocr_par' dir='ltr' id='par_1_16' title="bbox 578 1542 2183 1616">
     <span class='ocr_line' id='line_1_16' title="bbox 578 1542 2183 1616; baseline 0.001 -17"><span class='ocrx_word' id='word_1_109' title='bbox 578 1544 754 1600; x_wconf 89' lang='lat' dir='ltr'><strong>etiam</strong></span> <span class='ocrx_word' id='word_1_110' title='bbox 782 1542 1305 1616; x_wconf 90' lang='lat' dir='ltr'><strong>consequiturDeo,</strong></span> <span class='ocrx_word' id='word_1_111' title='bbox 1325 1544 1481 1615; x_wconf 90' lang='lat' dir='ltr'><strong>quod</strong></span> <span class='ocrx_word' id='word_1_112' title='bbox 1508 1546 1565 1598; x_wconf 89' lang='lat' dir='ltr'><strong>et</strong></span> <span class='ocrx_word' id='word_1_113' title='bbox 1592 1560 1806 1615; x_wconf 91' lang='lat' dir='ltr'><strong>panem</strong></span> <span class='ocrx_word' id='word_1_114' title='bbox 1834 1544 1933 1615; x_wconf 87' lang='lat' dir='ltr'><strong>qui</strong></span> <span class='ocrx_word' id='word_1_115' title='bbox 1962 1545 2035 1599; x_wconf 86' lang='lat' dir='ltr'><strong>sit</strong></span> <span class='ocrx_word' id='word_1_116' title='bbox 2055 1562 2183 1601; x_wconf 92' lang='lat' dir='ltr'><strong>cor-</strong></span> 
     </span>
    </p>
   </div>
   <div class='ocr_carea' id='block_1_17' title="bbox 578 1632 2187 1707">
    <p class='ocr_par' dir='ltr' id='par_1_17' title="bbox 578 1632 2187 1707">
     <span class='ocr_line' id='line_1_17' title="bbox 578 1632 2187 1707; baseline 0 -19"><span class='ocrx_word' id='word_1_117' title='bbox 578 1650 684 1707; x_wconf 90' lang='lat' dir='ltr'><strong>pus</strong></span> <span class='ocrx_word' id='word_1_118' title='bbox 714 1648 881 1688; x_wconf 89' lang='lat' dir='ltr'><strong>suum</strong></span> <span class='ocrx_word' id='word_1_119' title='bbox 911 1632 1092 1703; x_wconf 89' lang='lat' dir='ltr'><strong>possit</strong></span> <span class='ocrx_word' id='word_1_120' title='bbox 1123 1632 1260 1687; x_wconf 79' lang='lat' dir='ltr'><strong>dare</strong></span> <span class='ocrx_word' id='word_1_121' title='bbox 1291 1633 1507 1704; x_wconf 92' lang='lat' dir='ltr'><strong>populo</strong></span> <span class='ocrx_word' id='word_1_122' title='bbox 1539 1649 1662 1698; x_wconf 92' lang='lat' dir='ltr'><strong>suo,</strong></span> <span class='ocrx_word' id='word_1_123' title='bbox 1691 1632 1753 1687; x_wconf 90' lang='lat' dir='ltr'><strong>id</strong></span> <span class='ocrx_word' id='word_1_124' title='bbox 1780 1635 1866 1686; x_wconf 89' lang='lat' dir='ltr'><strong>est</strong></span> <span class='ocrx_word' id='word_1_125' title='bbox 1894 1635 2106 1706; x_wconf 90' lang='lat' dir='ltr'><strong>populo</strong></span> <span class='ocrx_word' id='word_1_126' title='bbox 2124 1634 2187 1688; x_wconf 87' lang='lat' dir='ltr'><strong>ﬁ-</strong></span> 
     </span>
    </p>
   </div>
   <div class='ocr_carea' id='block_1_18' title="bbox 580 1720 2186 1793">
    <p class='ocr_par' dir='ltr' id='par_1_18' title="bbox 580 1720 2186 1793">
     <span class='ocr_line' id='line_1_18' title="bbox 580 1720 2186 1793; baseline 0 -17"><span class='ocrx_word' id='word_1_127' title='bbox 580 1720 818 1777; x_wconf 90' lang='lat' dir='ltr'><strong>delium.</strong></span> <span class='ocrx_word' id='word_1_128' title='bbox 851 1721 964 1775; x_wconf 83' lang='lat' dir='ltr'><strong>Aut</strong></span> <span class='ocrx_word' id='word_1_129' title='bbox 1004 1720 1085 1775; x_wconf 90' lang='lat' dir='ltr'><strong>ita</strong></span> <span class='ocrx_word' id='word_1_130' title='bbox 1124 1720 1355 1790; x_wconf 87' lang='lat' dir='ltr'><strong>planius</strong></span> <span class='ocrx_word' id='word_1_131' title='bbox 1376 1720 1565 1775; x_wconf 87' lang='lat' dir='ltr'><strong>dicere</strong></span> <span class='ocrx_word' id='word_1_132' title='bbox 1615 1737 1947 1793; x_wconf 88' lang='lat' dir='ltr'><strong>possumus:</strong></span> <span class='ocrx_word' id='word_1_133' title='bbox 1978 1723 2186 1778; x_wconf 89' lang='lat' dir='ltr'><strong>Poterit</strong></span> 
     </span>
    </p>
   </div>
   <div class='ocr_carea' id='block_1_19' title="bbox 578 1808 2185 1882">
    <p class='ocr_par' dir='ltr' id='par_1_19' title="bbox 578 1808 2185 1882">
     <span class='ocr_line' id='line_1_19' title="bbox 578 1808 2185 1882; baseline 0.001 -19"><span class='ocrx_word' id='word_1_134' title='bbox 578 1810 709 1865; x_wconf 90' lang='lat' dir='ltr'><strong>ideo</strong></span> <span class='ocrx_word' id='word_1_135' title='bbox 723 1825 934 1882; x_wconf 89' lang='lat' dir='ltr'><strong>panem</strong></span> <span class='ocrx_word' id='word_1_136' title='bbox 941 1825 1142 1881; x_wconf 81' lang='lat' dir='ltr'><strong>parare</strong></span> <span class='ocrx_word' id='word_1_137' title='bbox 1155 1823 1412 1871; x_wconf 75' lang='lat' dir='ltr'><strong>mensam,</strong></span> <span class='ocrx_word' id='word_1_138' title='bbox 1440 1808 1500 1863; x_wconf 89' lang='lat' dir='ltr'><strong>id</strong></span> <span class='ocrx_word' id='word_1_139' title='bbox 1512 1811 1597 1863; x_wconf 91' lang='lat' dir='ltr'><strong>est</strong></span> <span class='ocrx_word' id='word_1_140' title='bbox 1616 1808 1807 1863; x_wconf 83' lang='lat' dir='ltr'><strong>facere</strong></span> <span class='ocrx_word' id='word_1_141' title='bbox 1825 1811 2080 1880; x_wconf 90' lang='lat' dir='ltr'><strong>corporis</strong></span> <span class='ocrx_word' id='word_1_142' title='bbox 2099 1810 2185 1865; x_wconf 90' lang='lat' dir='ltr'><strong>sui</strong></span> 
     </span>
    </p>
   </div>
   <div class='ocr_carea' id='block_1_20' title="bbox 577 1895 2181 1968">
    <p class='ocr_par' dir='ltr' id='par_1_20' title="bbox 577 1895 2181 1968">
     <span class='ocr_line' id='line_1_20' title="bbox 577 1895 2181 1968; baseline 0.001 -15"><span class='ocrx_word' id='word_1_143' title='bbox 577 1898 958 1953; x_wconf 84' lang='lat' dir='ltr'><strong>refectionem</strong></span> <span class='ocrx_word' id='word_1_144' title='bbox 984 1897 1199 1968; x_wconf 91' lang='lat' dir='ltr'><strong>populo</strong></span> <span class='ocrx_word' id='word_1_145' title='bbox 1231 1895 1492 1950; x_wconf 90' lang='lat' dir='ltr'><strong>ﬁdelium</strong></span> <span class='ocrx_word' id='word_1_146' title='bbox 1507 1896 1535 1951; x_wconf 80' lang='lat' dir='ltr'><strong>‘l</strong></span> <span class='ocrx_word' id='word_1_147' title='bbox 1556 1896 1891 1952; x_wconf 84' lang='lat' dir='ltr'><strong>Minime.Ac</strong></span> <span class='ocrx_word' id='word_1_148' title='bbox 1913 1897 1957 1952; x_wconf 89' lang='lat' dir='ltr'><strong>si</strong></span> <span class='ocrx_word' id='word_1_149' title='bbox 1985 1899 2136 1953; x_wconf 89' lang='lat' dir='ltr'><strong>dicat</strong></span> <span class='ocrx_word' id='word_1_150' title='bbox 2167 1915 2181 1954; x_wconf 92' lang='lat'><strong>:</strong></span> 
     </span>
    </p>
   </div>
   <div class='ocr_carea' id='block_1_21' title="bbox 580 1983 2186 2057">
    <p class='ocr_par' dir='ltr' id='par_1_21' title="bbox 580 1983 2186 2057">
     <span class='ocr_line' id='line_1_21' title="bbox 580 1983 2186 2057; baseline 0.001 -18"><span class='ocrx_word' id='word_1_151' title='bbox 580 1986 649 2041; x_wconf 87' lang='lat' dir='ltr'><strong>Et</strong></span> <span class='ocrx_word' id='word_1_152' title='bbox 675 1985 721 2040; x_wconf 90' lang='lat' dir='ltr'><strong>si</strong></span> <span class='ocrx_word' id='word_1_153' title='bbox 742 2000 848 2056; x_wconf 91' lang='lat' dir='ltr'><strong>per</strong></span> <span class='ocrx_word' id='word_1_154' title='bbox 861 1984 1188 2055; x_wconf 88' lang='lat' dir='ltr'><strong>passionem</strong></span> <span class='ocrx_word' id='word_1_155' title='bbox 1212 2000 1376 2038; x_wconf 88' lang='lat' dir='ltr'><strong>suam</strong></span> <span class='ocrx_word' id='word_1_156' title='bbox 1393 1983 1749 2039; x_wconf 87' lang='lat' dir='ltr'><strong>remissionis</strong></span> <span class='ocrx_word' id='word_1_157' title='bbox 1771 1985 2025 2057; x_wconf 85' lang='lat' dir='ltr'><strong>gratiam</strong></span> <span class='ocrx_word' id='word_1_158' title='bbox 2054 2002 2186 2042; x_wconf 88' lang='lat' dir='ltr'><strong>con-</strong></span> 
     </span>
    </p>
   </div>
   <div class='ocr_carea' id='block_1_22' title="bbox 580 2071 2184 2146">
    <p class='ocr_par' dir='ltr' id='par_1_22' title="bbox 580 2071 2184 2146">
     <span class='ocr_line' id='line_1_22' title="bbox 580 2071 2184 2146; baseline 0.002 -19"><span class='ocrx_word' id='word_1_159' title='bbox 580 2074 729 2144; x_wconf 88' lang='lat' dir='ltr'><strong>tulit,</strong></span> <span class='ocrx_word' id='word_1_160' title='bbox 759 2088 877 2127; x_wconf 89' lang='lat' dir='ltr'><strong>non</strong></span> <span class='ocrx_word' id='word_1_161' title='bbox 904 2076 1103 2127; x_wconf 90' lang='lat' dir='ltr'><strong>tamen</strong></span> <span class='ocrx_word' id='word_1_162' title='bbox 1130 2071 1262 2127; x_wconf 92' lang='lat' dir='ltr'><strong>ideo</strong></span> <span class='ocrx_word' id='word_1_163' title='bbox 1290 2072 1674 2143; x_wconf 84' lang='lat' dir='ltr'><strong>consequitur</strong></span> <span class='ocrx_word' id='word_1_164' title='bbox 1703 2076 1766 2127; x_wconf 90' lang='lat' dir='ltr'><strong>ut</strong></span> <span class='ocrx_word' id='word_1_165' title='bbox 1797 2091 1862 2128; x_wconf 84' lang='lat' dir='ltr'><strong>ex</strong></span> <span class='ocrx_word' id='word_1_166' title='bbox 1887 2092 2037 2146; x_wconf 90' lang='lat' dir='ltr'><strong>pane</strong></span> <span class='ocrx_word' id='word_1_167' title='bbox 2058 2091 2184 2130; x_wconf 89' lang='lat' dir='ltr'><strong>cor-</strong></span> 
     </span>
    </p>
   </div>
   <div class='ocr_carea' id='block_1_23' title="bbox 579 2158 2186 2233">
    <p class='ocr_par' dir='ltr' id='par_1_23' title="bbox 579 2158 2186 2233">
     <span class='ocr_line' id='line_1_23' title="bbox 579 2158 2186 2233; baseline 0.002 -20"><span class='ocrx_word' id='word_1_168' title='bbox 579 2176 686 2232; x_wconf 89' lang='lat' dir='ltr'><strong>pus</strong></span> <span class='ocrx_word' id='word_1_169' title='bbox 714 2176 882 2214; x_wconf 91' lang='lat' dir='ltr'><strong>suum</strong></span> <span class='ocrx_word' id='word_1_170' title='bbox 907 2158 1140 2225; x_wconf 83' lang='lat' dir='ltr'><strong>efﬁciat,</strong></span> <span class='ocrx_word' id='word_1_171' title='bbox 1169 2175 1281 2230; x_wconf 91' lang='lat' dir='ltr'><strong>quo</strong></span> <span class='ocrx_word' id='word_1_172' title='bbox 1308 2159 1565 2214; x_wconf 88' lang='lat' dir='ltr'><strong>ﬁdelium</strong></span> <span class='ocrx_word' id='word_1_173' title='bbox 1591 2162 1868 2233; x_wconf 90' lang='lat' dir='ltr'><strong>populum</strong></span> <span class='ocrx_word' id='word_1_174' title='bbox 1898 2164 2085 2219; x_wconf 89' lang='lat' dir='ltr'><strong>satiet.</strong></span> <span class='ocrx_word' id='word_1_175' title='bbox 2118 2164 2186 2217; x_wconf 88' lang='lat' dir='ltr'><strong>Et</strong></span> 
     </span>
    </p>
   </div>
   <div class='ocr_carea' id='block_1_24' title="bbox 584 2246 2182 2320">
    <p class='ocr_par' dir='ltr' id='par_1_24' title="bbox 584 2246 2182 2320">
     <span class='ocr_line' id='line_1_24' title="bbox 584 2246 2182 2320; baseline 0.003 -18"><span class='ocrx_word' id='word_1_176' title='bbox 584 2248 698 2302; x_wconf 82' lang='lat' dir='ltr'><strong>ideo</strong></span> <span class='ocrx_word' id='word_1_177' title='bbox 714 2247 812 2320; x_wconf 90' lang='lat' dir='ltr'><strong>qui</strong></span> <span class='ocrx_word' id='word_1_178' title='bbox 834 2247 1021 2302; x_wconf 91' lang='lat' dir='ltr'><strong>adhuc</strong></span> <span class='ocrx_word' id='word_1_179' title='bbox 1042 2246 1288 2302; x_wconf 90' lang='lat' dir='ltr'><strong>dicendo</strong></span> <span class='ocrx_word' id='word_1_180' title='bbox 1306 2264 1412 2302; x_wconf 88' lang='lat' dir='ltr'><strong>non</strong></span> <span class='ocrx_word' id='word_1_181' title='bbox 1434 2249 1771 2304; x_wconf 86' lang='lat' dir='ltr'><strong>crediderunt</strong></span> <span class='ocrx_word' id='word_1_182' title='bbox 1796 2253 1851 2304; x_wconf 90' lang='lat' dir='ltr'><strong>in</strong></span> <span class='ocrx_word' id='word_1_183' title='bbox 1868 2250 1979 2305; x_wconf 83' lang='lat' dir='ltr'><strong>Deo</strong></span> <span class='ocrx_word' id='word_1_184' title='bbox 1994 2252 2182 2320; x_wconf 88' lang='lat' dir='ltr'><strong>Patre,</strong></span> 
     </span>
    </p>
   </div>
   <div class='ocr_carea' id='block_1_25' title="bbox 580 2336 2188 2408">
    <p class='ocr_par' dir='ltr' id='par_1_25' title="bbox 580 2336 2188 2408">
     <span class='ocr_line' id='line_1_25' title="bbox 580 2336 2188 2408; baseline 0.003 -18"><span class='ocrx_word' id='word_1_185' title='bbox 580 2352 677 2394; x_wconf 84' lang='lat' dir='ltr'><strong>nec</strong></span> <span class='ocrx_word' id='word_1_186' title='bbox 704 2341 1049 2408; x_wconf 73' lang='lat' dir='ltr'><strong>speraverant</strong></span> <span class='ocrx_word' id='word_1_187' title='bbox 1079 2338 1135 2389; x_wconf 84' lang='lat' dir='ltr'><strong>in</strong></span> <span class='ocrx_word' id='word_1_188' title='bbox 1164 2336 1393 2390; x_wconf 86' lang='lat' dir='ltr'><strong>salutari</strong></span> <span class='ocrx_word' id='word_1_189' title='bbox 1412 2336 1610 2407; x_wconf 86' lang='lat' dir='ltr'><strong>ejus,id</strong></span> <span class='ocrx_word' id='word_1_190' title='bbox 1634 2342 1719 2392; x_wconf 92' lang='lat' dir='ltr'><strong>est</strong></span> <span class='ocrx_word' id='word_1_191' title='bbox 1743 2338 1805 2393; x_wconf 89' lang='lat' dir='ltr'><strong>in</strong></span> <span class='ocrx_word' id='word_1_192' title='bbox 1840 2338 2059 2394; x_wconf 87' lang='lat' dir='ltr'><strong>Christo</strong></span> <span class='ocrx_word' id='word_1_193' title='bbox 2082 2341 2188 2395; x_wconf 90' lang='lat' dir='ltr'><strong>sal-</strong></span> 
     </span>
    </p>
   </div>
   <div class='ocr_carea' id='block_1_26' title="bbox 580 2423 2184 2498">
    <p class='ocr_par' dir='ltr' id='par_1_26' title="bbox 580 2423 2184 2498">
     <span class='ocr_line' id='line_1_26' title="bbox 580 2423 2184 2498; baseline 0.002 -18"><span class='ocrx_word' id='word_1_194' title='bbox 580 2428 778 2485; x_wconf 85' lang='lat' dir='ltr'><strong>vatore</strong></span> <span class='ocrx_word' id='word_1_195' title='bbox 804 2441 838 2479; x_wconf 90' lang='lat' dir='ltr'><strong>a</strong></span> <span class='ocrx_word' id='word_1_196' title='bbox 866 2426 982 2480; x_wconf 95' lang='lat' dir='ltr'><strong>Deo</strong></span> <span class='ocrx_word' id='word_1_197' title='bbox 1009 2424 1177 2479; x_wconf 87' lang='lat' dir='ltr'><strong>Patre</strong></span> <span class='ocrx_word' id='word_1_198' title='bbox 1206 2423 1405 2492; x_wconf 85' lang='lat' dir='ltr'><strong>misso,</strong></span> <span class='ocrx_word' id='word_1_199' title='bbox 1452 2426 1666 2480; x_wconf 88' lang='lat' dir='ltr'><strong>scilicet</strong></span> <span class='ocrx_word' id='word_1_200' title='bbox 1694 2426 1829 2498; x_wconf 89' lang='lat' dir='ltr'><strong>quia</strong></span> <span class='ocrx_word' id='word_1_201' title='bbox 1859 2443 1975 2482; x_wconf 90' lang='lat' dir='ltr'><strong>non</strong></span> <span class='ocrx_word' id='word_1_202' title='bbox 2001 2428 2184 2483; x_wconf 90' lang='lat' dir='ltr'><strong>credi-</strong></span> 
     </span>
    </p>
   </div>
   <div class='ocr_carea' id='block_1_27' title="bbox 581 2512 2188 2585">
    <p class='ocr_par' dir='ltr' id='par_1_27' title="bbox 581 2512 2188 2585">
     <span class='ocr_line' id='line_1_27' title="bbox 581 2512 2188 2585; baseline 0.002 -18"><span class='ocrx_word' id='word_1_203' title='bbox 581 2512 795 2567; x_wconf 88' lang='lat' dir='ltr'><strong>derunt</strong></span> <span class='ocrx_word' id='word_1_204' title='bbox 824 2514 1107 2583; x_wconf 87' lang='lat' dir='ltr'><strong>quatenus</strong></span> <span class='ocrx_word' id='word_1_205' title='bbox 1149 2512 1559 2585; x_wconf 90' lang='lat' dir='ltr'><strong>c00peratione</strong></span> <span class='ocrx_word' id='word_1_206' title='bbox 1607 2514 1793 2569; x_wconf 89' lang='lat' dir='ltr'><strong>Patris</strong></span> <span class='ocrx_word' id='word_1_207' title='bbox 1844 2517 1901 2569; x_wconf 88' lang='lat' dir='ltr'><strong>et</strong></span> <span class='ocrx_word' id='word_1_208' title='bbox 1956 2515 2077 2570; x_wconf 84' lang='lat' dir='ltr'><strong>Filii</strong></span> <span class='ocrx_word' id='word_1_209' title='bbox 2129 2518 2188 2571; x_wconf 89' lang='lat' dir='ltr'><strong>et</strong></span> 
     </span>
    </p>
   </div>
   <div class='ocr_carea' id='block_1_28' title="bbox 579 2599 2185 2676">
    <p class='ocr_par' dir='ltr' id='par_1_28' title="bbox 579 2599 2185 2676">
     <span class='ocr_line' id='line_1_28' title="bbox 579 2599 2185 2676; baseline 0.003 -21"><span class='ocrx_word' id='word_1_210' title='bbox 579 2599 824 2671; x_wconf 86' lang='lat' dir='ltr'><strong>Spiritus</strong></span> <span class='ocrx_word' id='word_1_211' title='bbox 840 2600 1021 2655; x_wconf 86' lang='lat' dir='ltr'><strong>sancti</strong></span> <span class='ocrx_word' id='word_1_212' title='bbox 1062 2602 1255 2670; x_wconf 88' lang='lat' dir='ltr'><strong>posset</strong></span> <span class='ocrx_word' id='word_1_213' title='bbox 1298 2601 1464 2672; x_wconf 91' lang='lat' dir='ltr'><strong>panis</strong></span> <span class='ocrx_word' id='word_1_214' title='bbox 1483 2602 1694 2657; x_wconf 89' lang='lat' dir='ltr'><strong>Christi</strong></span> <span class='ocrx_word' id='word_1_215' title='bbox 1723 2618 1927 2676; x_wconf 92' lang='lat' dir='ltr'><strong>corpus</strong></span> <span class='ocrx_word' id='word_1_216' title='bbox 1955 2604 2185 2670; x_wconf 87' lang='lat' dir='ltr'><strong>conﬁci,</strong></span> 
     </span>
    </p>
   </div>
   <div class='ocr_carea' id='block_1_29' title="bbox 575 2686 2185 2756">
    <p class='ocr_par' dir='ltr' id='par_1_29' title="bbox 575 2686 2185 2756">
     <span class='ocr_line' id='line_1_29' title="bbox 575 2686 2185 2756; baseline 0.005 -15"><span class='ocrx_word' id='word_1_217' title='bbox 575 2686 1220 2756; x_wconf 85' lang='lat' dir='ltr'><strong>AudivithocDominus,</strong></span> <span class='ocrx_word' id='word_1_218' title='bbox 1248 2687 1307 2743; x_wconf 93' lang='lat' dir='ltr'><strong>id</strong></span> <span class='ocrx_word' id='word_1_219' title='bbox 1338 2691 1424 2744; x_wconf 90' lang='lat' dir='ltr'><strong>est</strong></span> <span class='ocrx_word' id='word_1_220' title='bbox 1454 2690 1863 2747; x_wconf 86' lang='lat' dir='ltr'><strong>animadvertit</strong></span> <span class='ocrx_word' id='word_1_221' title='bbox 1884 2693 2185 2749; x_wconf 88' lang='lat' dir='ltr'><strong>eorumin-</strong></span> 
     </span>
    </p>
   </div>
   <div class='ocr_carea' id='block_1_30' title="bbox 573 2773 2183 2852">
    <p class='ocr_par' dir='ltr' id='par_1_30' title="bbox 573 2773 2183 2852">
     <span class='ocr_line' id='line_1_30' title="bbox 573 2773 2183 2852; baseline 0.005 -22"><span class='ocrx_word' id='word_1_222' title='bbox 573 2773 999 2843; x_wconf 88' lang='lat' dir='ltr'><strong>credulitatem,</strong></span> <span class='ocrx_word' id='word_1_223' title='bbox 1026 2779 1077 2830; x_wconf 88' lang='lat' dir='ltr'><strong>et</strong></span> <span class='ocrx_word' id='word_1_224' title='bbox 1106 2778 1304 2830; x_wconf 91' lang='lat' dir='ltr'><strong>tamen</strong></span> <span class='ocrx_word' id='word_1_225' title='bbox 1335 2776 1539 2831; x_wconf 74' lang='lat' dir='ltr'><strong>distulit</strong></span> <span class='ocrx_word' id='word_1_226' title='bbox 1558 2793 1793 2849; x_wconf 75' lang='lat' dir='ltr'><strong>pcenam</strong></span> <span class='ocrx_word' id='word_1_227' title='bbox 1821 2782 2183 2852; x_wconf 90' lang='lat' dir='ltr'><strong>corporalem</strong></span> 
     </span>
    </p>
   </div>
   <div class='ocr_carea' id='block_1_31' title="bbox 573 2861 2184 2938">
    <p class='ocr_par' dir='ltr' id='par_1_31' title="bbox 573 2861 2184 2938">
     <span class='ocr_line' id='line_1_31' title="bbox 573 2861 2184 2938; baseline 0.004 -20"><span class='ocrx_word' id='word_1_228' title='bbox 573 2880 752 2937; x_wconf 89' lang='lat' dir='ltr'><strong>usque</strong></span> <span class='ocrx_word' id='word_1_229' title='bbox 768 2863 1122 2919; x_wconf 86' lang='lat' dir='ltr'><strong>infuturum.</strong></span> <span class='ocrx_word' id='word_1_230' title='bbox 1153 2861 1232 2917; x_wconf 86' lang='lat' dir='ltr'><strong>Et</strong></span> <span class='ocrx_word' id='word_1_231' title='bbox 1252 2863 1312 2918; x_wconf 90' lang='lat' dir='ltr'><strong>in</strong></span> <span class='ocrx_word' id='word_1_232' title='bbox 1340 2863 1538 2919; x_wconf 89' lang='lat' dir='ltr'><strong>anima</strong></span> <span class='ocrx_word' id='word_1_233' title='bbox 1571 2882 1815 2923; x_wconf 77' lang='lat' dir='ltr'><strong>uocemus</strong></span> <span class='ocrx_word' id='word_1_234' title='bbox 1840 2875 1913 2922; x_wconf 88' lang='lat' dir='ltr'><strong>est</strong></span> <span class='ocrx_word' id='word_1_235' title='bbox 1934 2871 2090 2938; x_wconf 80' lang='lat' dir='ltr'><strong>ignis,</strong></span> <span class='ocrx_word' id='word_1_236' title='bbox 2124 2868 2184 2924; x_wconf 90' lang='lat' dir='ltr'><strong>id</strong></span> 
     </span>
    </p>
   </div>
   <div class='ocr_carea' id='block_1_32' title="bbox 574 2951 2184 3026">
    <p class='ocr_par' dir='ltr' id='par_1_32' title="bbox 574 2951 2184 3026">
     <span class='ocr_line' id='line_1_32' title="bbox 574 2951 2184 3026; baseline 0.003 -21"><span class='ocrx_word' id='word_1_237' title='bbox 574 2953 660 3006; x_wconf 90' lang='lat' dir='ltr'><strong>est</strong></span> <span class='ocrx_word' id='word_1_238' title='bbox 686 2951 879 3007; x_wconf 85' lang='lat' dir='ltr'><strong>fervor</strong></span> <span class='ocrx_word' id='word_1_239' title='bbox 907 2952 1173 3008; x_wconf 73' lang='lat' dir='ltr'><strong>vindicta:</strong></span> <span class='ocrx_word' id='word_1_240' title='bbox 1194 2968 1310 3007; x_wconf 64' lang='lat' dir='ltr'><strong>sua:</strong></span> <span class='ocrx_word' id='word_1_241' title='bbox 1328 2954 1384 3006; x_wconf 87' lang='lat' dir='ltr'><strong>in</strong></span> <span class='ocrx_word' id='word_1_242' title='bbox 1400 2953 1661 3022; x_wconf 89' lang='lat' dir='ltr'><strong>Jacob,id</strong></span> <span class='ocrx_word' id='word_1_243' title='bbox 1675 2955 1979 3026; x_wconf 89' lang='lat' dir='ltr'><strong>estinipsis</strong></span> <span class='ocrx_word' id='word_1_244' title='bbox 2004 2956 2184 3011; x_wconf 80' lang='lat' dir='ltr'><strong>haere-</strong></span> 
     </span>
    </p>
   </div>
   <div class='ocr_carea' id='block_1_33' title="bbox 571 3038 2181 3112">
    <p class='ocr_par' dir='ltr' id='par_1_33' title="bbox 571 3038 2181 3112">
     <span class='ocr_line' id='line_1_33' title="bbox 571 3038 2181 3112; baseline 0.004 -20"><span class='ocrx_word' id='word_1_245' title='bbox 571 3038 718 3109; x_wconf 90' lang='lat' dir='ltr'><strong>ticis,</strong></span> <span class='ocrx_word' id='word_1_246' title='bbox 751 3039 850 3112; x_wconf 91' lang='lat' dir='ltr'><strong>qui</strong></span> <span class='ocrx_word' id='word_1_247' title='bbox 876 3040 1206 3095; x_wconf 89' lang='lat' dir='ltr'><strong>debuissent</strong></span> <span class='ocrx_word' id='word_1_248' title='bbox 1235 3056 1356 3095; x_wconf 91' lang='lat' dir='ltr'><strong>esse</strong></span> <span class='ocrx_word' id='word_1_249' title='bbox 1383 3041 1578 3109; x_wconf 84' lang='lat' dir='ltr'><strong>Jacob,</strong></span> <span class='ocrx_word' id='word_1_250' title='bbox 1612 3042 1825 3098; x_wconf 90' lang='lat' dir='ltr'><strong>scilicet</strong></span> <span class='ocrx_word' id='word_1_251' title='bbox 1853 3044 2074 3099; x_wconf 86' lang='lat' dir='ltr'><strong>strenui</strong></span> <span class='ocrx_word' id='word_1_252' title='bbox 2100 3044 2181 3099; x_wconf 89' lang='lat' dir='ltr'><strong>lu-</strong></span> 
     </span>
    </p>
   </div>
   <div class='ocr_carea' id='block_1_34' title="bbox 2287 565 3951 633">
    <p class='ocr_par' dir='ltr' id='par_1_34' title="bbox 2287 565 3951 633">
     <span class='ocr_line' id='line_1_34' title="bbox 2287 565 3951 633; baseline -0.005 -6"><span class='ocrx_word' id='word_1_253' title='bbox 2287 571 2515 627; x_wconf 84' lang='lat' dir='ltr'><strong>dixisset</strong></span> <span class='ocrx_word' id='word_1_254' title='bbox 2536 588 2548 625; x_wconf 90' lang='lat'><strong>:</strong></span> <span class='ocrx_word' id='word_1_255' title='bbox 2568 571 2718 626; x_wconf 81' lang='lat' dir='ltr'><strong>«Nisi</strong></span> <span class='ocrx_word' id='word_1_256' title='bbox 2736 568 3220 626; x_wconf 90' lang='lat' dir='ltr'><strong>manducaveritis</strong></span> <span class='ocrx_word' id='word_1_257' title='bbox 3232 584 3469 623; x_wconf 92' lang='lat' dir='ltr'><strong>carnem</strong></span> <span class='ocrx_word' id='word_1_258' title='bbox 3485 566 3587 622; x_wconf 84' lang='lat' dir='ltr'><strong>ﬁlii</strong></span> <span class='ocrx_word' id='word_1_259' title='bbox 3610 565 3897 633; x_wconf 86' lang='lat' dir='ltr'><strong>hominis,</strong></span> <span class='ocrx_word' id='word_1_260' title='bbox 3950 566 3951 571; x_wconf 64' lang='grc'><em>“</em></span> 
     </span>
    </p>
   </div>
   <div class='ocr_carea' id='block_1_35' title="bbox 2286 654 3899 727">
    <p class='ocr_par' dir='ltr' id='par_1_35' title="bbox 2286 654 3899 727">
     <span class='ocr_line' id='line_1_35' title="bbox 2286 654 3899 727; baseline -0.005 -12"><span class='ocrx_word' id='word_1_261' title='bbox 2286 678 2404 716; x_wconf 88' lang='lat' dir='ltr'><strong>non</strong></span> <span class='ocrx_word' id='word_1_262' title='bbox 2436 660 2717 715; x_wconf 77' lang='lat' dir='ltr'><strong>habebitis</strong></span> <span class='ocrx_word' id='word_1_263' title='bbox 2736 658 2913 714; x_wconf 90' lang='lat' dir='ltr'><strong>vitam</strong></span> <span class='ocrx_word' id='word_1_264' title='bbox 2930 658 2989 713; x_wconf 94' lang='lat' dir='ltr'><strong>in</strong></span> <span class='ocrx_word' id='word_1_265' title='bbox 3003 657 3161 713; x_wconf 88' lang='lat' dir='ltr'><strong>vobis</strong></span> <span class='ocrx_word' id='word_1_266' title='bbox 3173 658 3363 727; x_wconf 83' lang='lat' dir='ltr'><strong>(Joan.</strong></span> <span class='ocrx_word' id='word_1_267' title='bbox 3383 655 3579 726; x_wconf 65' lang='lat' dir='ltr'><strong>v1,5t~),</strong></span> <span class='ocrx_word' id='word_1_268' title='bbox 3603 676 3631 703; x_wconf 74' lang='grc' dir='ltr'><strong>υ</strong></span> <span class='ocrx_word' id='word_1_269' title='bbox 3656 654 3899 727; x_wconf 86' lang='lat' dir='ltr'><strong>quidam</strong></span> 
     </span>
    </p>
   </div>
   <div class='ocr_carea' id='block_1_36' title="bbox 2281 744 3899 812">
    <p class='ocr_par' dir='ltr' id='par_1_36' title="bbox 2281 744 3899 812">
     <span class='ocr_line' id='line_1_36' title="bbox 2281 744 3899 812; baseline -0.004 -6"><span class='ocrx_word' id='word_1_270' title='bbox 2281 751 2615 806; x_wconf 69' lang='lat' dir='ltr'><strong>haesitantes</strong></span> <span class='ocrx_word' id='word_1_271' title='bbox 2627 750 2893 804; x_wconf 87' lang='lat' dir='ltr'><strong>dixerunt</strong></span> <span class='ocrx_word' id='word_1_272' title='bbox 2915 765 2928 803; x_wconf 90' lang='lat'><strong>:</strong></span> <span class='ocrx_word' id='word_1_273' title='bbox 2964 747 3112 812; x_wconf 87' lang='lat' dir='ltr'><strong>Quid</strong></span> <span class='ocrx_word' id='word_1_274' title='bbox 3128 748 3331 802; x_wconf 87' lang='lat' dir='ltr'><strong>esthoc</strong></span> <span class='ocrx_word' id='word_1_275' title='bbox 3348 747 3376 802; x_wconf 78' lang='lat' dir='ltr'><strong>‘I</strong></span> <span class='ocrx_word' id='word_1_276' title='bbox 3390 744 3748 810; x_wconf 79' lang='lat' dir='ltr'><strong>«Quomodo</strong></span> <span class='ocrx_word' id='word_1_277' title='bbox 3764 745 3899 799; x_wconf 84' lang='lat' dir='ltr'><strong>dare</strong></span> 
     </span>
    </p>
   </div>
   <div class='ocr_carea' id='block_1_37' title="bbox 2281 833 3897 910">
    <p class='ocr_par' dir='ltr' id='par_1_37' title="bbox 2281 833 3897 910">
     <span class='ocr_line' id='line_1_37' title="bbox 2281 833 3897 910; baseline -0.003 -17"><span class='ocrx_word' id='word_1_278' title='bbox 2281 839 2495 910; x_wconf 91' lang='lat' dir='ltr'><strong>poterit</strong></span> <span class='ocrx_word' id='word_1_279' title='bbox 2526 838 2692 897; x_wconf 88' lang='lat' dir='ltr'><strong>nobis</strong></span> <span class='ocrx_word' id='word_1_280' title='bbox 2721 853 2959 893; x_wconf 89' lang='lat' dir='ltr'><strong>carnem</strong></span> <span class='ocrx_word' id='word_1_281' title='bbox 3011 853 3173 891; x_wconf 89' lang='lat' dir='ltr'><strong>suam</strong></span> <span class='ocrx_word' id='word_1_282' title='bbox 3206 835 3279 890; x_wconf 92' lang='lat' dir='ltr'><strong>ad</strong></span> <span class='ocrx_word' id='word_1_283' title='bbox 3308 833 3844 889; x_wconf 85' lang='lat' dir='ltr'><strong>manducandum?</strong></span> <span class='ocrx_word' id='word_1_284' title='bbox 3872 853 3897 881; x_wconf 64' lang='grc' dir='ltr'><strong>δι</strong></span> 
     </span>
    </p>
   </div>
   <div class='ocr_carea' id='block_1_38' title="bbox 2285 922 3902 1000">
    <p class='ocr_par' dir='ltr' id='par_1_38' title="bbox 2285 922 3902 1000">
     <span class='ocr_line' id='line_1_38' title="bbox 2285 922 3902 1000; baseline -0.003 -19"><span class='ocrx_word' id='word_1_285' title='bbox 2285 926 2570 1000; x_wconf 44' lang='grc' dir='ltr'><strong>(Ιόἰιίη53.)</strong></span> <span class='ocrx_word' id='word_1_286' title='bbox 2602 928 2669 981; x_wconf 89' lang='lat' dir='ltr'><strong>Et</strong></span> <span class='ocrx_word' id='word_1_287' title='bbox 2699 942 2818 981; x_wconf 92' lang='lat' dir='ltr'><strong>non</strong></span> <span class='ocrx_word' id='word_1_288' title='bbox 2849 924 3216 980; x_wconf 89' lang='lat' dir='ltr'><strong>solummodo</strong></span> <span class='ocrx_word' id='word_1_289' title='bbox 3270 923 3415 994; x_wconf 89' lang='lat' dir='ltr'><strong>pluit</strong></span> <span class='ocrx_word' id='word_1_290' title='bbox 3470 922 3814 978; x_wconf 85' lang='lat' dir='ltr'><strong>doctrinam</strong></span> <span class='ocrx_word' id='word_1_291' title='bbox 3848 922 3902 976; x_wconf 85' lang='lat' dir='ltr'><strong>il—</strong></span> 
     </span>
    </p>
   </div>
   <div class='ocr_carea' id='block_1_39' title="bbox 2282 1008 3903 1086">
    <p class='ocr_par' dir='ltr' id='par_1_39' title="bbox 2282 1008 3903 1086">
     <span class='ocr_line' id='line_1_39' title="bbox 2282 1008 3903 1086; baseline -0.003 -19"><span class='ocrx_word' id='word_1_292' title='bbox 2282 1014 2404 1068; x_wconf 91' lang='lat' dir='ltr'><strong>lum</strong></span> <span class='ocrx_word' id='word_1_293' title='bbox 2432 1030 2647 1086; x_wconf 89' lang='lat' dir='ltr'><strong>panem</strong></span> <span class='ocrx_word' id='word_1_294' title='bbox 2685 1012 3100 1079; x_wconf 88' lang='lat' dir='ltr'><strong>manducandi,</strong></span> <span class='ocrx_word' id='word_1_295' title='bbox 3144 1010 3245 1065; x_wconf 92' lang='lat' dir='ltr'><strong>sed</strong></span> <span class='ocrx_word' id='word_1_296' title='bbox 3276 1013 3334 1065; x_wconf 91' lang='lat' dir='ltr'><strong>et</strong></span> <span class='ocrx_word' id='word_1_297' title='bbox 3353 1024 3554 1081; x_wconf 84' lang='lat' dir='ltr'><strong>panem</strong></span> <span class='ocrx_word' id='word_1_298' title='bbox 3585 1009 3714 1064; x_wconf 82' lang='lat' dir='ltr'><strong>caeli</strong></span> <span class='ocrx_word' id='word_1_299' title='bbox 3766 1008 3903 1063; x_wconf 81' lang='lat' dir='ltr'><strong>dedit</strong></span> 
     </span>
    </p>
   </div>
   <div class='ocr_carea' id='block_1_40' title="bbox 2282 1098 3901 1171">
    <p class='ocr_par' dir='ltr' id='par_1_40' title="bbox 2282 1098 3901 1171">
     <span class='ocr_line' id='line_1_40' title="bbox 2282 1098 3901 1171; baseline -0.002 -14"><span class='ocrx_word' id='word_1_300' title='bbox 2282 1104 2353 1157; x_wconf 87' lang='lat' dir='ltr'><strong>eis</strong></span> <span class='ocrx_word' id='word_1_301' title='bbox 2370 1102 2443 1157; x_wconf 91' lang='lat' dir='ltr'><strong>ad</strong></span> <span class='ocrx_word' id='word_1_302' title='bbox 2472 1102 2963 1167; x_wconf 87' lang='lat' dir='ltr'><strong>manducandum,</strong></span> <span class='ocrx_word' id='word_1_303' title='bbox 3002 1117 3061 1156; x_wconf 91' lang='lat' dir='ltr'><strong>se</strong></span> <span class='ocrx_word' id='word_1_304' title='bbox 3101 1098 3315 1154; x_wconf 84' lang='lat' dir='ltr'><strong>scilicet</strong></span> <span class='ocrx_word' id='word_1_305' title='bbox 3358 1098 3455 1170; x_wconf 86' lang='lat' dir='ltr'><strong>qui</strong></span> <span class='ocrx_word' id='word_1_306' title='bbox 3506 1098 3683 1171; x_wconf 89' lang='lat' dir='ltr'><strong>panis</strong></span> <span class='ocrx_word' id='word_1_307' title='bbox 3741 1115 3901 1153; x_wconf 85' lang='lat' dir='ltr'><strong>verus</strong></span> 
     </span>
    </p>
   </div>
   <div class='ocr_carea' id='block_1_41' title="bbox 2283 1186 3899 1263">
    <p class='ocr_par' dir='ltr' id='par_1_41' title="bbox 2283 1186 3899 1263">
     <span class='ocr_line' id='line_1_41' title="bbox 2283 1186 3899 1263; baseline -0.002 -18"><span class='ocrx_word' id='word_1_308' title='bbox 2283 1193 2508 1263; x_wconf 86' lang='lat' dir='ltr'><strong>est,quo</strong></span> <span class='ocrx_word' id='word_1_309' title='bbox 2528 1191 2782 1246; x_wconf 62' lang='lat' dir='ltr'><strong>caelestes</strong></span> <span class='ocrx_word' id='word_1_310' title='bbox 2823 1189 3053 1261; x_wconf 88' lang='lat' dir='ltr'><strong>spiritus</strong></span> <span class='ocrx_word' id='word_1_311' title='bbox 3085 1187 3308 1242; x_wconf 87' lang='lat' dir='ltr'><strong>assidue</strong></span> <span class='ocrx_word' id='word_1_312' title='bbox 3350 1186 3724 1242; x_wconf 87' lang='lat' dir='ltr'><strong>reﬁciuntur.</strong></span> <span class='ocrx_word' id='word_1_313' title='bbox 3742 1188 3899 1243; x_wconf 80' lang='lat' dir='ltr'><strong>Juxta</strong></span> 
     </span>
    </p>
   </div>
   <div class='ocr_carea' id='block_1_42' title="bbox 2282 1274 3897 1350">
    <p class='ocr_par' dir='ltr' id='par_1_42' title="bbox 2282 1274 3897 1350">
     <span class='ocr_line' id='line_1_42' title="bbox 2282 1274 3897 1350; baseline -0.003 -17"><span class='ocrx_word' id='word_1_314' title='bbox 2282 1277 2437 1350; x_wconf 88' lang='lat' dir='ltr'><strong>quod</strong></span> <span class='ocrx_word' id='word_1_315' title='bbox 2458 1277 2615 1333; x_wconf 91' lang='lat' dir='ltr'><strong>idem</strong></span> <span class='ocrx_word' id='word_1_316' title='bbox 2645 1278 2704 1333; x_wconf 93' lang='lat' dir='ltr'><strong>in</strong></span> <span class='ocrx_word' id='word_1_317' title='bbox 2727 1276 3037 1348; x_wconf 81' lang='lat' dir='ltr'><strong>Evangelia</strong></span> <span class='ocrx_word' id='word_1_318' title='bbox 3066 1274 3257 1347; x_wconf 81' lang='lat' dir='ltr'><strong>(Ibid.,</strong></span> <span class='ocrx_word' id='word_1_319' title='bbox 3298 1277 3396 1342; x_wconf 81' lang='grc'><strong>41)</strong></span> <span class='ocrx_word' id='word_1_320' title='bbox 3422 1278 3707 1330; x_wconf 86' lang='lat' dir='ltr'><strong>testatur:</strong></span> <span class='ocrx_word' id='word_1_321' title='bbox 3728 1298 3759 1326; x_wconf 74' lang='grc' dir='ltr'><strong>ιι</strong></span> <span class='ocrx_word' id='word_1_322' title='bbox 3790 1276 3897 1347; x_wconf 79' lang='lat' dir='ltr'><strong>Ego</strong></span> 
     </span>
    </p>
   </div>
   <div class='ocr_carea' id='block_1_43' title="bbox 2284 1363 3896 1437">
    <p class='ocr_par' dir='ltr' id='par_1_43' title="bbox 2284 1363 3896 1437">
     <span class='ocr_line' id='line_1_43' title="bbox 2284 1363 3896 1437; baseline -0.001 -17"><span class='ocrx_word' id='word_1_323' title='bbox 2284 1381 2413 1420; x_wconf 90' lang='lat' dir='ltr'><strong>sum</strong></span> <span class='ocrx_word' id='word_1_324' title='bbox 2438 1365 2602 1436; x_wconf 91' lang='lat' dir='ltr'><strong>panis</strong></span> <span class='ocrx_word' id='word_1_325' title='bbox 2632 1365 2795 1420; x_wconf 88' lang='lat' dir='ltr'><strong>vivus</strong></span> <span class='ocrx_word' id='word_1_326' title='bbox 2824 1363 2922 1437; x_wconf 92' lang='lat' dir='ltr'><strong>qui</strong></span> <span class='ocrx_word' id='word_1_327' title='bbox 2944 1365 3019 1419; x_wconf 92' lang='lat' dir='ltr'><strong>de</strong></span> <span class='ocrx_word' id='word_1_328' title='bbox 3042 1363 3183 1418; x_wconf 76' lang='lat' dir='ltr'><strong>ccelo</strong></span> <span class='ocrx_word' id='word_1_329' title='bbox 3217 1363 3506 1419; x_wconf 90' lang='lat' dir='ltr'><strong>descendi.</strong></span> <span class='ocrx_word' id='word_1_330' title='bbox 3540 1382 3574 1416; x_wconf 60' lang='grc' dir='ltr'><strong>θ</strong></span> <span class='ocrx_word' id='word_1_331' title='bbox 3632 1364 3711 1416; x_wconf 86' lang='lat' dir='ltr'><strong>Et</strong></span> <span class='ocrx_word' id='word_1_332' title='bbox 3755 1364 3896 1418; x_wconf 83' lang='lat' dir='ltr'><strong>hunc</strong></span> 
     </span>
    </p>
   </div>
   <div class='ocr_carea' id='block_1_44' title="bbox 2282 1451 3892 1525">
    <p class='ocr_par' dir='ltr' id='par_1_44' title="bbox 2282 1451 3892 1525">
     <span class='ocr_line' id='line_1_44' title="bbox 2282 1451 3892 1525; baseline 0 -17"><span class='ocrx_word' id='word_1_333' title='bbox 2282 1469 2495 1525; x_wconf 89' lang='lat' dir='ltr'><strong>panem</strong></span> <span class='ocrx_word' id='word_1_334' title='bbox 2523 1455 2889 1524; x_wconf 83' lang='lat' dir='ltr'><strong>angelorum,</strong></span> <span class='ocrx_word' id='word_1_335' title='bbox 2918 1451 3134 1507; x_wconf 91' lang='lat' dir='ltr'><strong>scilicet</strong></span> <span class='ocrx_word' id='word_1_336' title='bbox 3163 1468 3277 1524; x_wconf 90' lang='lat' dir='ltr'><strong>quo</strong></span> <span class='ocrx_word' id='word_1_337' title='bbox 3336 1452 3527 1524; x_wconf 83' lang='lat' dir='ltr'><strong>angeli</strong></span> <span class='ocrx_word' id='word_1_338' title='bbox 3589 1452 3892 1518; x_wconf 87' lang='lat' dir='ltr'><strong>satiantur,</strong></span> 
     </span>
    </p>
   </div>
   <div class='ocr_carea' id='block_1_45' title="bbox 2285 1539 3895 1612">
    <p class='ocr_par' dir='ltr' id='par_1_45' title="bbox 2285 1539 3895 1612">
     <span class='ocr_line' id='line_1_45' title="bbox 2285 1539 3895 1612; baseline 0 -16"><span class='ocrx_word' id='word_1_339' title='bbox 2285 1542 2601 1596; x_wconf 90' lang='lat' dir='ltr'><strong>manducat</strong></span> <span class='ocrx_word' id='word_1_340' title='bbox 2628 1541 2805 1596; x_wconf 89' lang='lat' dir='ltr'><strong>homo</strong></span> <span class='ocrx_word' id='word_1_341' title='bbox 2828 1540 3103 1612; x_wconf 84' lang='lat' dir='ltr'><strong>cujusque</strong></span> <span class='ocrx_word' id='word_1_342' title='bbox 3126 1539 3313 1606; x_wconf 91' lang='lat' dir='ltr'><strong>modi,</strong></span> <span class='ocrx_word' id='word_1_343' title='bbox 3345 1543 3402 1594; x_wconf 91' lang='lat' dir='ltr'><strong>et</strong></span> <span class='ocrx_word' id='word_1_344' title='bbox 3429 1540 3645 1608; x_wconf 87' lang='lat' dir='ltr'><strong>ﬁdelis,</strong></span> <span class='ocrx_word' id='word_1_345' title='bbox 3692 1541 3895 1596; x_wconf 82' lang='lat' dir='ltr'><strong>scilicet</strong></span> 
     </span>
    </p>
   </div>
   <div class='ocr_carea' id='block_1_46' title="bbox 2285 1627 3893 1701">
    <p class='ocr_par' dir='ltr' id='par_1_46' title="bbox 2285 1627 3893 1701">
     <span class='ocr_line' id='line_1_46' title="bbox 2285 1627 3893 1701; baseline 0.001 -17"><span class='ocrx_word' id='word_1_346' title='bbox 2285 1633 2343 1684; x_wconf 92' lang='lat' dir='ltr'><strong>et</strong></span> <span class='ocrx_word' id='word_1_347' title='bbox 2374 1628 2784 1684; x_wconf 90' lang='lat' dir='ltr'><strong>inﬁdelis.Dico</strong></span> <span class='ocrx_word' id='word_1_348' title='bbox 2800 1629 2955 1701; x_wconf 90' lang='lat' dir='ltr'><strong>quod</strong></span> <span class='ocrx_word' id='word_1_349' title='bbox 2968 1644 3183 1700; x_wconf 90' lang='lat' dir='ltr'><strong>panem</strong></span> <span class='ocrx_word' id='word_1_350' title='bbox 3202 1627 3327 1683; x_wconf 65' lang='lat' dir='ltr'><strong>coeli</strong></span> <span class='ocrx_word' id='word_1_351' title='bbox 3350 1628 3605 1697; x_wconf 91' lang='lat' dir='ltr'><strong>dedit,et</strong></span> <span class='ocrx_word' id='word_1_352' title='bbox 3635 1628 3758 1684; x_wconf 85' lang='lat' dir='ltr'><strong>hoc</strong></span> <span class='ocrx_word' id='word_1_353' title='bbox 3791 1646 3893 1685; x_wconf 87' lang='lat' dir='ltr'><strong>non</strong></span> 
     </span>
    </p>
   </div>
   <div class='ocr_carea' id='block_1_47' title="bbox 2282 1716 3894 1789">
    <p class='ocr_par' dir='ltr' id='par_1_47' title="bbox 2282 1716 3894 1789">
     <span class='ocr_line' id='line_1_47' title="bbox 2282 1716 3894 1789; baseline -0.001 -16"><span class='ocrx_word' id='word_1_354' title='bbox 2282 1734 2453 1789; x_wconf 88' lang='lat' dir='ltr'><strong>parce</strong></span> <span class='ocrx_word' id='word_1_355' title='bbox 2483 1718 2583 1773; x_wconf 89' lang='lat' dir='ltr'><strong>sed</strong></span> <span class='ocrx_word' id='word_1_356' title='bbox 2598 1718 2799 1771; x_wconf 82' lang='lat' dir='ltr'><strong>cibaria</strong></span> <span class='ocrx_word' id='word_1_357' title='bbox 2820 1717 3077 1789; x_wconf 90' lang='lat' dir='ltr'><strong>corporis</strong></span> <span class='ocrx_word' id='word_1_358' title='bbox 3116 1716 3202 1771; x_wconf 91' lang='lat' dir='ltr'><strong>sui</strong></span> <span class='ocrx_word' id='word_1_359' title='bbox 3232 1719 3291 1771; x_wconf 90' lang='lat' dir='ltr'><strong>et</strong></span> <span class='ocrx_word' id='word_1_360' title='bbox 3332 1716 3634 1788; x_wconf 83' lang='lat' dir='ltr'><strong>sanguinis</strong></span> <span class='ocrx_word' id='word_1_361' title='bbox 3652 1721 3894 1772; x_wconf 74' lang='lat' dir='ltr'><strong>mittiteis</strong></span> 
     </span>
    </p>
   </div>
   <div class='ocr_carea' id='block_1_48' title="bbox 2284 1804 3898 1876">
    <p class='ocr_par' dir='ltr' id='par_1_48' title="bbox 2284 1804 3898 1876">
     <span class='ocr_line' id='line_1_48' title="bbox 2284 1804 3898 1876; baseline -0.001 -14"><span class='ocrx_word' id='word_1_362' title='bbox 2284 1810 2340 1863; x_wconf 89' lang='lat' dir='ltr'><strong>in</strong></span> <span class='ocrx_word' id='word_1_363' title='bbox 2359 1806 2930 1873; x_wconf 75' lang='lat' dir='ltr'><strong>abundantia,scilicet</strong></span> <span class='ocrx_word' id='word_1_364' title='bbox 2952 1804 3318 1860; x_wconf 89' lang='lat' dir='ltr'><strong>abundanter</strong></span> <span class='ocrx_word' id='word_1_365' title='bbox 3350 1805 3609 1876; x_wconf 90' lang='lat' dir='ltr'><strong>quandiu</strong></span> <span class='ocrx_word' id='word_1_366' title='bbox 3646 1807 3898 1860; x_wconf 87' lang='lat' dir='ltr'><strong>mundus</strong></span> 
     </span>
    </p>
   </div>
   <div class='ocr_carea' id='block_1_49' title="bbox 2284 1893 3903 1963">
    <p class='ocr_par' dir='ltr' id='par_1_49' title="bbox 2284 1893 3903 1963">
     <span class='ocr_line' id='line_1_49' title="bbox 2284 1893 3903 1963; baseline -0.001 -13"><span class='ocrx_word' id='word_1_367' title='bbox 2284 1895 2471 1951; x_wconf 90' lang='lat' dir='ltr'><strong>durat.</strong></span> <span class='ocrx_word' id='word_1_368' title='bbox 2480 1896 2541 1949; x_wconf 91' lang='lat' dir='ltr'><strong>In</strong></span> <span class='ocrx_word' id='word_1_369' title='bbox 2555 1894 2665 1948; x_wconf 90' lang='lat' dir='ltr'><strong>alia</strong></span> <span class='ocrx_word' id='word_1_370' title='bbox 2681 1894 3056 1949; x_wconf 85' lang='lat' dir='ltr'><strong>translatione</strong></span> <span class='ocrx_word' id='word_1_371' title='bbox 3068 1893 3804 1963; x_wconf 73' lang='lat' dir='ltr'><strong>habetur/rumentationem</strong></span> <span class='ocrx_word' id='word_1_372' title='bbox 3816 1899 3903 1949; x_wconf 75' lang='lat' dir='ltr'><strong>mi-</strong></span> 
     </span>
    </p>
   </div>
   <div class='ocr_carea' id='block_1_50' title="bbox 2282 1982 3901 2055">
    <p class='ocr_par' dir='ltr' id='par_1_50' title="bbox 2282 1982 3901 2055">
     <span class='ocr_line' id='line_1_50' title="bbox 2282 1982 3901 2055; baseline 0 -17"><span class='ocrx_word' id='word_1_373' title='bbox 2282 1985 2349 2039; x_wconf 84' lang='lat' dir='ltr'><strong>sit</strong></span> <span class='ocrx_word' id='word_1_374' title='bbox 2361 1982 2576 2037; x_wconf 80' lang='lat' dir='ltr'><strong>eis.Con</strong></span> <span class='ocrx_word' id='word_1_375' title='bbox 2583 1999 2723 2053; x_wconf 89' lang='lat' dir='ltr'><strong>grue</strong></span> <span class='ocrx_word' id='word_1_376' title='bbox 2741 1982 3014 2037; x_wconf 90' lang='lat' dir='ltr'><strong>nimirum</strong></span> <span class='ocrx_word' id='word_1_377' title='bbox 3030 1999 3235 2055; x_wconf 91' lang='lat' dir='ltr'><strong>corpus</strong></span> <span class='ocrx_word' id='word_1_378' title='bbox 3247 1982 3617 2037; x_wconf 89' lang='lat' dir='ltr'><strong>Dominicum</strong></span> <span class='ocrx_word' id='word_1_379' title='bbox 3630 1984 3833 2039; x_wconf 82' lang='lat' dir='ltr'><strong>frume</strong></span> <span class='ocrx_word' id='word_1_380' title='bbox 3841 2001 3901 2038; x_wconf 87' lang='lat' dir='ltr'><strong>n-</strong></span> 
     </span>
    </p>
   </div>
   <div class='ocr_carea' id='block_1_51' title="bbox 2282 2070 3902 2144">
    <p class='ocr_par' dir='ltr' id='par_1_51' title="bbox 2282 2070 3902 2144">
     <span class='ocr_line' id='line_1_51' title="bbox 2282 2070 3902 2144; baseline -0.001 -19"><span class='ocrx_word' id='word_1_381' title='bbox 2282 2074 2406 2125; x_wconf 89' lang='lat' dir='ltr'><strong>tum</strong></span> <span class='ocrx_word' id='word_1_382' title='bbox 2431 2070 2733 2139; x_wconf 89' lang='lat' dir='ltr'><strong>dicitur,eo</strong></span> <span class='ocrx_word' id='word_1_383' title='bbox 2755 2072 2911 2142; x_wconf 89' lang='lat' dir='ltr'><strong>quod</strong></span> <span class='ocrx_word' id='word_1_384' title='bbox 2923 2070 3085 2127; x_wconf 90' lang='lat' dir='ltr'><strong>omni</strong></span> <span class='ocrx_word' id='word_1_385' title='bbox 3100 2072 3312 2144; x_wconf 88' lang='lat' dir='ltr'><strong>pabulo</strong></span> <span class='ocrx_word' id='word_1_386' title='bbox 3331 2071 3643 2143; x_wconf 86' lang='lat' dir='ltr'><strong>pretiosius</strong></span> <span class='ocrx_word' id='word_1_387' title='bbox 3669 2089 3741 2127; x_wconf 83' lang='lat' dir='ltr'><strong>ex</strong></span> <span class='ocrx_word' id='word_1_388' title='bbox 3752 2072 3902 2140; x_wconf 85' lang='lat' dir='ltr'><strong>istat,</strong></span> 
     </span>
    </p>
   </div>
   <div class='ocr_carea' id='block_1_52' title="bbox 2282 2159 3903 2233">
    <p class='ocr_par' dir='ltr' id='par_1_52' title="bbox 2282 2159 3903 2233">
     <span class='ocr_line' id='line_1_52' title="bbox 2282 2159 3903 2233; baseline 0.001 -19"><span class='ocrx_word' id='word_1_389' title='bbox 2282 2159 2427 2217; x_wconf 89' lang='lat' dir='ltr'><strong>sicut</strong></span> <span class='ocrx_word' id='word_1_390' title='bbox 2444 2160 2804 2215; x_wconf 86' lang='lat' dir='ltr'><strong>frumentum</strong></span> <span class='ocrx_word' id='word_1_391' title='bbox 2827 2160 2987 2216; x_wconf 89' lang='lat' dir='ltr'><strong>omni</strong></span> <span class='ocrx_word' id='word_1_392' title='bbox 3022 2177 3206 2216; x_wconf 89' lang='lat' dir='ltr'><strong>messe</strong></span> <span class='ocrx_word' id='word_1_393' title='bbox 3227 2160 3651 2233; x_wconf 86' lang='lat' dir='ltr'><strong>pretiosiusest.</strong></span> <span class='ocrx_word' id='word_1_394' title='bbox 3694 2161 3757 2216; x_wconf 90' lang='lat' dir='ltr'><strong>Si</strong></span> <span class='ocrx_word' id='word_1_395' title='bbox 3772 2176 3903 2216; x_wconf 84' lang='lat' dir='ltr'><strong>vero</strong></span> 
     </span>
    </p>
   </div>
   <div class='ocr_carea' id='block_1_53' title="bbox 2285 2248 3904 2322">
    <p class='ocr_par' dir='ltr' id='par_1_53' title="bbox 2285 2248 3904 2322">
     <span class='ocr_line' id='line_1_53' title="bbox 2285 2248 3904 2322; baseline 0.001 -19"><span class='ocrx_word' id='word_1_396' title='bbox 2285 2249 2357 2303; x_wconf 92' lang='lat' dir='ltr'><strong>ad</strong></span> <span class='ocrx_word' id='word_1_397' title='bbox 2375 2249 2630 2304; x_wconf 87' lang='lat' dir='ltr'><strong>litteram</strong></span> <span class='ocrx_word' id='word_1_398' title='bbox 2653 2250 3052 2322; x_wconf 89' lang='lat' dir='ltr'><strong>legatur,bene</strong></span> <span class='ocrx_word' id='word_1_399' title='bbox 3066 2267 3284 2304; x_wconf 90' lang='lat' dir='ltr'><strong>manna</strong></span> <span class='ocrx_word' id='word_1_400' title='bbox 3301 2250 3508 2304; x_wconf 88' lang='lat' dir='ltr'><strong>dicitur</strong></span> <span class='ocrx_word' id='word_1_401' title='bbox 3528 2248 3904 2305; x_wconf 85' lang='lat' dir='ltr'><strong>frumentum</strong></span> 
     </span>
    </p>
   </div>
   <div class='ocr_carea' id='block_1_54' title="bbox 2287 2339 3903 2412">
    <p class='ocr_par' dir='ltr' id='par_1_54' title="bbox 2287 2339 3903 2412">
     <span class='ocr_line' id='line_1_54' title="bbox 2287 2339 3903 2412; baseline 0.001 -19"><span class='ocrx_word' id='word_1_402' title='bbox 2287 2354 2353 2393; x_wconf 89' lang='lat' dir='ltr'><strong>eo</strong></span> <span class='ocrx_word' id='word_1_403' title='bbox 2367 2339 2521 2410; x_wconf 90' lang='lat' dir='ltr'><strong>quod</strong></span> <span class='ocrx_word' id='word_1_404' title='bbox 2539 2339 2613 2394; x_wconf 93' lang='lat' dir='ltr'><strong>ad</strong></span> <span class='ocrx_word' id='word_1_405' title='bbox 2629 2340 2870 2394; x_wconf 91' lang='lat' dir='ltr'><strong>modum</strong></span> <span class='ocrx_word' id='word_1_406' title='bbox 2883 2339 3158 2394; x_wconf 86' lang='lat' dir='ltr'><strong>frumenti</strong></span> <span class='ocrx_word' id='word_1_407' title='bbox 3181 2340 3343 2395; x_wconf 88' lang='lat' dir='ltr'><strong>dulce</strong></span> <span class='ocrx_word' id='word_1_408' title='bbox 3363 2339 3538 2394; x_wconf 87' lang='lat' dir='ltr'><strong>fuerit</strong></span> <span class='ocrx_word' id='word_1_409' title='bbox 3554 2343 3612 2394; x_wconf 94' lang='lat' dir='ltr'><strong>et</strong></span> <span class='ocrx_word' id='word_1_410' title='bbox 3624 2356 3903 2412; x_wconf 88' lang='lat' dir='ltr'><strong>saporum</strong></span> 
     </span>
    </p>
   </div>
   <div class='ocr_carea' id='block_1_55' title="bbox 2317 2425 3902 2500">
    <p class='ocr_par' dir='ltr' id='par_1_55' title="bbox 2317 2425 3902 2500">
     <span class='ocr_line' id='line_1_55' title="bbox 2317 2425 3902 2500; baseline 0 -17"><span class='ocrx_word' id='word_1_411' title='bbox 2317 2476 2322 2483; x_wconf 95' lang='lat'><strong>.</strong></span> <span class='ocrx_word' id='word_1_412' title='bbox 2357 2425 2630 2499; x_wconf 90' lang='lat' dir='ltr'><strong>Sequitur</strong></span> <span class='ocrx_word' id='word_1_413' title='bbox 2661 2445 2674 2482; x_wconf 91' lang='lat'><strong>:</strong></span> <span class='ocrx_word' id='word_1_414' title='bbox 2706 2426 3026 2495; x_wconf 81' lang='lat' dir='ltr'><strong>Transtulit,</strong></span> <span class='ocrx_word' id='word_1_415' title='bbox 3059 2427 3215 2500; x_wconf 92' lang='lat' dir='ltr'><strong>quod</strong></span> <span class='ocrx_word' id='word_1_416' title='bbox 3273 2426 3351 2482; x_wconf 90' lang='lat' dir='ltr'><strong>sic</strong></span> <span class='ocrx_word' id='word_1_417' title='bbox 3381 2427 3451 2481; x_wconf 88' lang='lat' dir='ltr'><strong>ad</strong></span> <span class='ocrx_word' id='word_1_418' title='bbox 3480 2427 3747 2483; x_wconf 85' lang='lat' dir='ltr'><strong>litteram</strong></span> <span class='ocrx_word' id='word_1_419' title='bbox 3767 2428 3902 2499; x_wconf 86' lang='lat' dir='ltr'><strong>jun-</strong></span> 
     </span>
    </p>
   </div>
   <div class='ocr_carea' id='block_1_56' title="bbox 2285 2512 3897 2586">
    <p class='ocr_par' dir='ltr' id='par_1_56' title="bbox 2285 2512 3897 2586">
     <span class='ocr_line' id='line_1_56' title="bbox 2285 2512 3897 2586; baseline 0.001 -17"><span class='ocrx_word' id='word_1_420' title='bbox 2285 2512 2440 2586; x_wconf 85' lang='lat' dir='ltr'><strong>gitur</strong></span> <span class='ocrx_word' id='word_1_421' title='bbox 2473 2532 2485 2569; x_wconf 93' lang='lat'><strong>:</strong></span> <span class='ocrx_word' id='word_1_422' title='bbox 2519 2516 2645 2570; x_wconf 88' lang='lat' dir='ltr'><strong>Non</strong></span> <span class='ocrx_word' id='word_1_423' title='bbox 2675 2516 3041 2572; x_wconf 87' lang='lat' dir='ltr'><strong>solummodo</strong></span> <span class='ocrx_word' id='word_1_424' title='bbox 3065 2515 3196 2570; x_wconf 84' lang='lat' dir='ltr'><strong>filiis</strong></span> <span class='ocrx_word' id='word_1_425' title='bbox 3224 2516 3402 2571; x_wconf 74' lang='lat' dir='ltr'><strong>Israel</strong></span> <span class='ocrx_word' id='word_1_426' title='bbox 3432 2532 3659 2570; x_wconf 89' lang='lat' dir='ltr'><strong>manna</strong></span> <span class='ocrx_word' id='word_1_427' title='bbox 3691 2516 3856 2571; x_wconf 86' lang='lat' dir='ltr'><strong>dedit</strong></span> <span class='ocrx_word' id='word_1_428' title='bbox 3885 2533 3897 2581; x_wconf 88' lang='lat'><strong>;</strong></span> 
     </span>
    </p>
   </div>
   <div class='ocr_carea' id='block_1_57' title="bbox 2284 2604 3899 2678">
    <p class='ocr_par' dir='ltr' id='par_1_57' title="bbox 2284 2604 3899 2678">
     <span class='ocr_line' id='line_1_57' title="bbox 2284 2604 3899 2678; baseline 0.001 -20"><span class='ocrx_word' id='word_1_429' title='bbox 2284 2604 2391 2658; x_wconf 91' lang='lat' dir='ltr'><strong>sed</strong></span> <span class='ocrx_word' id='word_1_430' title='bbox 2421 2621 2552 2659; x_wconf 89' lang='lat' dir='ltr'><strong>cum</strong></span> <span class='ocrx_word' id='word_1_431' title='bbox 2578 2604 2686 2677; x_wconf 88' lang='lat' dir='ltr'><strong>ipsi</strong></span> <span class='ocrx_word' id='word_1_432' title='bbox 2714 2608 3171 2672; x_wconf 89' lang='lat' dir='ltr'><strong>murmurarent,</strong></span> <span class='ocrx_word' id='word_1_433' title='bbox 3204 2604 3337 2678; x_wconf 89' lang='lat' dir='ltr'><strong>quia</strong></span> <span class='ocrx_word' id='word_1_434' title='bbox 3365 2621 3604 2660; x_wconf 89' lang='lat' dir='ltr'><strong>carnem</strong></span> <span class='ocrx_word' id='word_1_435' title='bbox 3651 2622 3777 2661; x_wconf 92' lang='lat' dir='ltr'><strong>non</strong></span> <span class='ocrx_word' id='word_1_436' title='bbox 3804 2607 3899 2660; x_wconf 57' lang='lat' dir='ltr'><strong>ha-</strong></span> 
     </span>
    </p>
   </div>
   <div class='ocr_carea' id='block_1_58' title="bbox 2282 2691 3897 2767">
    <p class='ocr_par' dir='ltr' id='par_1_58' title="bbox 2282 2691 3897 2767">
     <span class='ocr_line' id='line_1_58' title="bbox 2282 2691 3897 2767; baseline 0 -20"><span class='ocrx_word' id='word_1_437' title='bbox 2282 2691 2488 2748; x_wconf 86' lang='lat' dir='ltr'><strong>herent</strong></span> <span class='ocrx_word' id='word_1_438' title='bbox 2509 2693 2656 2747; x_wconf 89' lang='lat' dir='ltr'><strong>etin</strong></span> <span class='ocrx_word' id='word_1_439' title='bbox 2687 2695 3000 2767; x_wconf 66' lang='lat' dir='ltr'><strong>Egyptum</strong></span> <span class='ocrx_word' id='word_1_440' title='bbox 3052 2693 3127 2749; x_wconf 89' lang='lat' dir='ltr'><strong>ad</strong></span> <span class='ocrx_word' id='word_1_441' title='bbox 3177 2694 3319 2749; x_wconf 88' lang='lat' dir='ltr'><strong>ollas</strong></span> <span class='ocrx_word' id='word_1_442' title='bbox 3358 2693 3628 2749; x_wconf 87' lang='lat' dir='ltr'><strong>carnium</strong></span> <span class='ocrx_word' id='word_1_443' title='bbox 3688 2695 3897 2748; x_wconf 78' lang='lat' dir='ltr'><strong>reverti</strong></span> 
     </span>
    </p>
   </div>
   <div class='ocr_carea' id='block_1_59' title="bbox 2281 2780 3899 2851">
    <p class='ocr_par' dir='ltr' id='par_1_59' title="bbox 2281 2780 3899 2851">
     <span class='ocr_line' id='line_1_59' title="bbox 2281 2780 3899 2851; baseline 0.002 -17"><span class='ocrx_word' id='word_1_444' title='bbox 2281 2783 2577 2851; x_wconf 89' lang='lat' dir='ltr'><strong>cuperent,</strong></span> <span class='ocrx_word' id='word_1_445' title='bbox 2611 2780 2742 2835; x_wconf 90' lang='lat' dir='ltr'><strong>licet</strong></span> <span class='ocrx_word' id='word_1_446' title='bbox 2784 2797 3004 2836; x_wconf 91' lang='lat' dir='ltr'><strong>manna</strong></span> <span class='ocrx_word' id='word_1_447' title='bbox 3032 2781 3293 2837; x_wconf 90' lang='lat' dir='ltr'><strong>carnium</strong></span> <span class='ocrx_word' id='word_1_448' title='bbox 3332 2784 3391 2836; x_wconf 92' lang='lat' dir='ltr'><strong>et</strong></span> <span class='ocrx_word' id='word_1_449' title='bbox 3437 2782 3715 2837; x_wconf 90' lang='lat' dir='ltr'><strong>omnium</strong></span> <span class='ocrx_word' id='word_1_450' title='bbox 3753 2781 3899 2838; x_wconf 88' lang='lat' dir='ltr'><strong>cibo-</strong></span> 
     </span>
    </p>
   </div>
   <div class='ocr_carea' id='block_1_60' title="bbox 2278 2868 3881 2941">
    <p class='ocr_par' dir='ltr' id='par_1_60' title="bbox 2278 2868 3881 2941">
     <span class='ocr_line' id='line_1_60' title="bbox 2278 2868 3881 2941; baseline 0.002 -20"><span class='ocrx_word' id='word_1_451' title='bbox 2278 2883 2410 2922; x_wconf 89' lang='lat' dir='ltr'><strong>rum</strong></span> <span class='ocrx_word' id='word_1_452' title='bbox 2441 2884 2584 2940; x_wconf 89' lang='lat' dir='ltr'><strong>quos</strong></span> <span class='ocrx_word' id='word_1_453' title='bbox 2605 2868 2884 2939; x_wconf 87' lang='lat' dir='ltr'><strong>optabant</strong></span> <span class='ocrx_word' id='word_1_454' title='bbox 2912 2870 3154 2925; x_wconf 87' lang='lat' dir='ltr'><strong>haberet</strong></span> <span class='ocrx_word' id='word_1_455' title='bbox 3172 2885 3462 2941; x_wconf 90' lang='lat' dir='ltr'><strong>saporem,</strong></span> <span class='ocrx_word' id='word_1_456' title='bbox 3494 2871 3783 2926; x_wconf 82' lang='lat' dir='ltr'><strong>transtulit</strong></span> <span class='ocrx_word' id='word_1_457' title='bbox 3812 2889 3881 2925; x_wconf 78' lang='lat' dir='ltr'><strong>au</strong></span> 
     </span>
    </p>
   </div>
   <div class='ocr_carea' id='block_1_61' title="bbox 2277 2955 3894 3026">
    <p class='ocr_par' dir='ltr' id='par_1_61' title="bbox 2277 2955 3894 3026">
     <span class='ocr_line' id='line_1_61' title="bbox 2277 2955 3894 3026; baseline 0.003 -16"><span class='ocrx_word' id='word_1_458' title='bbox 2277 2962 2446 3011; x_wconf 88' lang='lat' dir='ltr'><strong>strum</strong></span> <span class='ocrx_word' id='word_1_459' title='bbox 2465 2955 2529 3013; x_wconf 87' lang='lat' dir='ltr'><strong>de</strong></span> <span class='ocrx_word' id='word_1_460' title='bbox 2552 2956 2694 3025; x_wconf 61' lang='lat' dir='ltr'><strong>cosio,</strong></span> <span class='ocrx_word' id='word_1_461' title='bbox 2726 2957 2784 3013; x_wconf 92' lang='lat' dir='ltr'><strong>id</strong></span> <span class='ocrx_word' id='word_1_462' title='bbox 2814 2961 2922 3026; x_wconf 87' lang='lat' dir='ltr'><strong>est,</strong></span> <span class='ocrx_word' id='word_1_463' title='bbox 2956 2958 3188 3014; x_wconf 85' lang='lat' dir='ltr'><strong>abstulit</strong></span> <span class='ocrx_word' id='word_1_464' title='bbox 3219 2961 3481 3013; x_wconf 88' lang='lat' dir='ltr'><strong>austrum</strong></span> <span class='ocrx_word' id='word_1_465' title='bbox 3535 2963 3794 3015; x_wconf 88' lang='lat' dir='ltr'><strong>ventum</strong></span> <span class='ocrx_word' id='word_1_466' title='bbox 3835 2960 3894 3014; x_wconf 87' lang='lat' dir='ltr'><strong>il-</strong></span> 
     </span>
    </p>
   </div>
   <div class='ocr_carea' id='block_1_62' title="bbox 2277 3045 3895 3120">
    <p class='ocr_par' dir='ltr' id='par_1_62' title="bbox 2277 3045 3895 3120">
     <span class='ocr_line' id='line_1_62' title="bbox 2277 3045 3895 3120; baseline 0.002 -20"><span class='ocrx_word' id='word_1_467' title='bbox 2277 3045 2400 3100; x_wconf 91' lang='lat' dir='ltr'><strong>lum</strong></span> <span class='ocrx_word' id='word_1_468' title='bbox 2432 3046 2503 3101; x_wconf 89' lang='lat' dir='ltr'><strong>de</strong></span> <span class='ocrx_word' id='word_1_469' title='bbox 2530 3046 2720 3102; x_wconf 90' lang='lat' dir='ltr'><strong>altiori</strong></span> <span class='ocrx_word' id='word_1_470' title='bbox 2750 3063 2903 3114; x_wconf 92' lang='lat' dir='ltr'><strong>aere,</strong></span> <span class='ocrx_word' id='word_1_471' title='bbox 2935 3047 2995 3102; x_wconf 91' lang='lat' dir='ltr'><strong>in</strong></span> <span class='ocrx_word' id='word_1_472' title='bbox 3024 3063 3137 3120; x_wconf 89' lang='lat' dir='ltr'><strong>quo</strong></span> <span class='ocrx_word' id='word_1_473' title='bbox 3165 3047 3363 3116; x_wconf 86' lang='lat' dir='ltr'><strong>ﬂabat,</strong></span> <span class='ocrx_word' id='word_1_474' title='bbox 3382 3047 3479 3120; x_wconf 92' lang='lat' dir='ltr'><strong>qui</strong></span> <span class='ocrx_word' id='word_1_475' title='bbox 3509 3050 3730 3104; x_wconf 74' lang='lat' dir='ltr'><strong>coelum</strong></span> <span class='ocrx_word' id='word_1_476' title='bbox 3763 3048 3895 3104; x_wconf 84' lang='lat' dir='ltr'><strong>dici-</strong></span> 
     </span>
    </p>
   </div>
   <div class='ocr_carea' id='block_1_63' title="bbox 572 3106 3896 3209">
    <p class='ocr_par' dir='ltr' id='par_1_63' title="bbox 572 3106 3896 3209">
     <span class='ocr_line' id='line_1_63' title="bbox 572 3106 3896 3209; baseline 0.002 -26"><span class='ocrx_word' id='word_1_477' title='bbox 572 3131 840 3197; x_wconf 88' lang='lat' dir='ltr'><strong>ctatores,</strong></span> <span class='ocrx_word' id='word_1_478' title='bbox 872 3132 931 3184; x_wconf 90' lang='lat' dir='ltr'><strong>et</strong></span> <span class='ocrx_word' id='word_1_479' title='bbox 961 3128 1321 3184; x_wconf 85' lang='lat' dir='ltr'><strong>defecerunt.</strong></span> <span class='ocrx_word' id='word_1_480' title='bbox 1346 3129 1413 3183; x_wconf 89' lang='lat' dir='ltr'><strong>Et</strong></span> <span class='ocrx_word' id='word_1_481' title='bbox 1438 3145 1555 3184; x_wconf 90' lang='lat' dir='ltr'><strong>non</strong></span> <span class='ocrx_word' id='word_1_482' title='bbox 1579 3146 1788 3202; x_wconf 90' lang='lat' dir='ltr'><strong>parum</strong></span> <span class='ocrx_word' id='word_1_483' title='bbox 1818 3147 2057 3188; x_wconf 86' lang='lat' dir='ltr'><strong>accensa</strong></span> <span class='ocrx_word' id='word_1_484' title='bbox 2096 3137 2181 3188; x_wconf 91' lang='lat' dir='ltr'><strong>est</strong></span> <span class='ocrx_word' id='word_1_485' title='bbox 2209 3106 2256 3166; x_wconf 79' lang='lat' dir='ltr'>C</span> <span class='ocrx_word' id='word_1_486' title='bbox 2280 3137 2392 3201; x_wconf 90' lang='lat' dir='ltr'><strong>tur,</strong></span> <span class='ocrx_word' id='word_1_487' title='bbox 2416 3140 2467 3190; x_wconf 81' lang='lat' dir='ltr'><strong>et</strong></span> <span class='ocrx_word' id='word_1_488' title='bbox 2496 3134 2748 3205; x_wconf 79' lang='lat' dir='ltr'><strong>africum,</strong></span> <span class='ocrx_word' id='word_1_489' title='bbox 2786 3135 2999 3191; x_wconf 91' lang='lat' dir='ltr'><strong>scilicet</strong></span> <span class='ocrx_word' id='word_1_490' title='bbox 3042 3140 3322 3204; x_wconf 90' lang='lat' dir='ltr'><strong>austrum,</strong></span> <span class='ocrx_word' id='word_1_491' title='bbox 3356 3137 3452 3209; x_wconf 91' lang='lat' dir='ltr'><strong>qui</strong></span> <span class='ocrx_word' id='word_1_492' title='bbox 3503 3136 3729 3192; x_wconf 84' lang='lat' dir='ltr'><strong>africus</strong></span> <span class='ocrx_word' id='word_1_493' title='bbox 3760 3136 3896 3191; x_wconf 84' lang='lat' dir='ltr'><strong>dici-</strong></span> 
     </span>
    </p>
   </div>
   <div class='ocr_carea' id='block_1_64' title="bbox 572 3216 2180 3288">
    <p class='ocr_par' dir='ltr' id='par_1_64' title="bbox 572 3216 2180 3288">
     <span class='ocr_line' id='line_1_64' title="bbox 572 3216 2180 3288; baseline 0.004 -18"><span class='ocrx_word' id='word_1_494' title='bbox 572 3217 945 3285; x_wconf 87' lang='lat' dir='ltr'><strong>vindicta,sed</strong></span> <span class='ocrx_word' id='word_1_495' title='bbox 962 3216 1128 3285; x_wconf 88' lang='lat' dir='ltr'><strong>ira,id</strong></span> <span class='ocrx_word' id='word_1_496' title='bbox 1149 3219 1236 3271; x_wconf 91' lang='lat' dir='ltr'><strong>est</strong></span> <span class='ocrx_word' id='word_1_497' title='bbox 1252 3216 1521 3284; x_wconf 83' lang='lat' dir='ltr'><strong>vindicta,</strong></span> <span class='ocrx_word' id='word_1_498' title='bbox 1555 3219 1856 3274; x_wconf 86' lang='lat' dir='ltr'><strong>ascenditin</strong></span> <span class='ocrx_word' id='word_1_499' title='bbox 1874 3221 2087 3288; x_wconf 89' lang='lat' dir='ltr'><strong>anima,</strong></span> <span class='ocrx_word' id='word_1_500' title='bbox 2122 3222 2180 3276; x_wconf 92' lang='lat' dir='ltr'><strong>id</strong></span> 
     </span>
    </p>
   </div>
   <div class='ocr_carea' id='block_1_65' title="bbox 571 3304 2181 3381">
    <p class='ocr_par' dir='ltr' id='par_1_65' title="bbox 571 3304 2181 3381">
     <span class='ocr_line' id='line_1_65' title="bbox 571 3304 2181 3381; baseline 0.003 -22"><span class='ocrx_word' id='word_1_501' title='bbox 571 3308 666 3359; x_wconf 91' lang='lat' dir='ltr'><strong>est</strong></span> <span class='ocrx_word' id='word_1_502' title='bbox 688 3305 853 3359; x_wconf 87' lang='lat' dir='ltr'><strong>valde</strong></span> <span class='ocrx_word' id='word_1_503' title='bbox 880 3304 1058 3359; x_wconf 90' lang='lat' dir='ltr'><strong>crevit</strong></span> <span class='ocrx_word' id='word_1_504' title='bbox 1086 3307 1142 3358; x_wconf 89' lang='lat' dir='ltr'><strong>in</strong></span> <span class='ocrx_word' id='word_1_505' title='bbox 1168 3304 1361 3372; x_wconf 86' lang='lat' dir='ltr'><strong>Israel,</strong></span> <span class='ocrx_word' id='word_1_506' title='bbox 1394 3304 1455 3359; x_wconf 91' lang='lat' dir='ltr'><strong>id</strong></span> <span class='ocrx_word' id='word_1_507' title='bbox 1480 3309 1565 3359; x_wconf 91' lang='lat' dir='ltr'><strong>est</strong></span> <span class='ocrx_word' id='word_1_508' title='bbox 1590 3305 1649 3360; x_wconf 90' lang='lat' dir='ltr'><strong>in</strong></span> <span class='ocrx_word' id='word_1_509' title='bbox 1666 3307 1949 3362; x_wconf 72' lang='lat' dir='ltr'><strong>hazreticis</strong></span> <span class='ocrx_word' id='word_1_510' title='bbox 1979 3310 2074 3381; x_wconf 90' lang='lat' dir='ltr'><strong>qui</strong></span> <span class='ocrx_word' id='word_1_511' title='bbox 2108 3312 2181 3364; x_wconf 87' lang='lat' dir='ltr'><strong>Is-</strong></span> 
     </span>
    </p>
   </div>
   <div class='ocr_carea' id='block_1_66' title="bbox 568 3392 2178 3465">
    <p class='ocr_par' dir='ltr' id='par_1_66' title="bbox 568 3392 2178 3465">
     <span class='ocr_line' id='line_1_66' title="bbox 568 3392 2178 3465; baseline 0.002 -17"><span class='ocrx_word' id='word_1_512' title='bbox 568 3394 691 3448; x_wconf 88' lang='lat' dir='ltr'><strong>rael</strong></span> <span class='ocrx_word' id='word_1_513' title='bbox 712 3408 832 3448; x_wconf 89' lang='lat' dir='ltr'><strong>esse</strong></span> <span class='ocrx_word' id='word_1_514' title='bbox 851 3392 1132 3447; x_wconf 89' lang='lat' dir='ltr'><strong>deberent</strong></span> <span class='ocrx_word' id='word_1_515' title='bbox 1164 3409 1176 3447; x_wconf 93' lang='lat'><strong>:</strong></span> <span class='ocrx_word' id='word_1_516' title='bbox 1209 3394 1392 3447; x_wconf 92' lang='lat' dir='ltr'><strong>Deum</strong></span> <span class='ocrx_word' id='word_1_517' title='bbox 1422 3392 1640 3448; x_wconf 90' lang='lat' dir='ltr'><strong>scilicet</strong></span> <span class='ocrx_word' id='word_1_518' title='bbox 1666 3392 1948 3465; x_wconf 90' lang='lat' dir='ltr'><strong>videntes,</strong></span> <span class='ocrx_word' id='word_1_519' title='bbox 1965 3400 2023 3452; x_wconf 89' lang='lat' dir='ltr'><strong>et</strong></span> <span class='ocrx_word' id='word_1_520' title='bbox 2045 3397 2178 3452; x_wconf 62' lang='lat' dir='ltr'><strong>caeci</strong></span> 
     </span>
    </p>
   </div>
   <div class='ocr_carea' id='block_1_67' title="bbox 568 3478 2180 3553">
    <p class='ocr_par' dir='ltr' id='par_1_67' title="bbox 568 3478 2180 3553">
     <span class='ocr_line' id='line_1_67' title="bbox 568 3478 2180 3553; baseline 0.004 -18"><span class='ocrx_word' id='word_1_521' title='bbox 568 3497 673 3553; x_wconf 90' lang='lat' dir='ltr'><strong>per</strong></span> <span class='ocrx_word' id='word_1_522' title='bbox 725 3479 1063 3551; x_wconf 90' lang='lat' dir='ltr'><strong>superbiam</strong></span> <span class='ocrx_word' id='word_1_523' title='bbox 1095 3478 1231 3534; x_wconf 84' lang='lat' dir='ltr'><strong>facti</strong></span> <span class='ocrx_word' id='word_1_524' title='bbox 1259 3483 1414 3534; x_wconf 90' lang='lat' dir='ltr'><strong>sunt.</strong></span> <span class='ocrx_word' id='word_1_525' title='bbox 1451 3479 1618 3544; x_wconf 86' lang='lat' dir='ltr'><strong>Quod</strong></span> <span class='ocrx_word' id='word_1_526' title='bbox 1643 3485 1728 3536; x_wconf 92' lang='lat' dir='ltr'><strong>est</strong></span> <span class='ocrx_word' id='word_1_527' title='bbox 1761 3482 1948 3539; x_wconf 91' lang='lat' dir='ltr'><strong>dicere</strong></span> <span class='ocrx_word' id='word_1_528' title='bbox 1986 3502 1999 3540; x_wconf 91' lang='lat'><strong>:</strong></span> <span class='ocrx_word' id='word_1_529' title='bbox 2036 3485 2180 3550; x_wconf 90' lang='lat' dir='ltr'><strong>Quia</strong></span> 
     </span>
    </p>
   </div>
   <div class='ocr_carea' id='block_1_68' title="bbox 569 3566 2177 3646">
    <p class='ocr_par' dir='ltr' id='par_1_68' title="bbox 569 3566 2177 3646">
     <span class='ocr_line' id='line_1_68' title="bbox 569 3566 2177 3646; baseline 0.003 -22"><span class='ocrx_word' id='word_1_530' title='bbox 569 3569 881 3624; x_wconf 90' lang='lat' dir='ltr'><strong>noluerunt</strong></span> <span class='ocrx_word' id='word_1_531' title='bbox 934 3566 1192 3635; x_wconf 91' lang='lat' dir='ltr'><strong>credere,</strong></span> <span class='ocrx_word' id='word_1_532' title='bbox 1226 3570 1282 3623; x_wconf 90' lang='lat' dir='ltr'><strong>et</strong></span> <span class='ocrx_word' id='word_1_533' title='bbox 1312 3567 1358 3621; x_wconf 91' lang='lat' dir='ltr'><strong>si</strong></span> <span class='ocrx_word' id='word_1_534' title='bbox 1388 3568 1653 3623; x_wconf 89' lang='lat' dir='ltr'><strong>nondum</strong></span> <span class='ocrx_word' id='word_1_535' title='bbox 1696 3586 1791 3625; x_wconf 88' lang='lat' dir='ltr'><strong>eos</strong></span> <span class='ocrx_word' id='word_1_536' title='bbox 1842 3570 1901 3626; x_wconf 90' lang='lat' dir='ltr'><strong>in</strong></span> <span class='ocrx_word' id='word_1_537' title='bbox 1931 3589 2177 3646; x_wconf 88' lang='lat' dir='ltr'><strong>corpore</strong></span> 
     </span>
    </p>
   </div>
   <div class='ocr_carea' id='block_1_69' title="bbox 568 3655 2175 3729">
    <p class='ocr_par' dir='ltr' id='par_1_69' title="bbox 568 3655 2175 3729">
     <span class='ocr_line' id='line_1_69' title="bbox 568 3655 2175 3729; baseline 0.002 -15"><span class='ocrx_word' id='word_1_538' title='bbox 568 3659 718 3714; x_wconf 89' lang='lat' dir='ltr'><strong>Deus</strong></span> <span class='ocrx_word' id='word_1_539' title='bbox 729 3655 973 3729; x_wconf 85' lang='lat' dir='ltr'><strong>punivit,</strong></span> <span class='ocrx_word' id='word_1_540' title='bbox 1000 3656 1060 3711; x_wconf 91' lang='lat' dir='ltr'><strong>in</strong></span> <span class='ocrx_word' id='word_1_541' title='bbox 1075 3655 1275 3711; x_wconf 88' lang='lat' dir='ltr'><strong>anima</strong></span> <span class='ocrx_word' id='word_1_542' title='bbox 1296 3659 1497 3711; x_wconf 87' lang='lat' dir='ltr'><strong>tamen</strong></span> <span class='ocrx_word' id='word_1_543' title='bbox 1526 3673 1623 3712; x_wconf 91' lang='lat' dir='ltr'><strong>eos</strong></span> <span class='ocrx_word' id='word_1_544' title='bbox 1650 3661 1990 3717; x_wconf 66' lang='lat' dir='ltr'><strong>excascando</strong></span> <span class='ocrx_word' id='word_1_545' title='bbox 2010 3663 2175 3718; x_wconf 88' lang='lat' dir='ltr'><strong>dam-</strong></span> 
     </span>
    </p>
   </div>
   <div class='ocr_carea' id='block_1_70' title="bbox 570 3744 2177 3817">
    <p class='ocr_par' dir='ltr' id='par_1_70' title="bbox 570 3744 2177 3817">
     <span class='ocr_line' id='line_1_70' title="bbox 570 3744 2177 3817; baseline 0.004 -16"><span class='ocrx_word' id='word_1_546' title='bbox 570 3745 751 3802; x_wconf 87' lang='lat' dir='ltr'><strong>navit.</strong></span> <span class='ocrx_word' id='word_1_547' title='bbox 784 3746 851 3799; x_wconf 89' lang='lat' dir='ltr'><strong>Et</strong></span> <span class='ocrx_word' id='word_1_548' title='bbox 879 3744 1015 3800; x_wconf 91' lang='lat' dir='ltr'><strong>inde</strong></span> <span class='ocrx_word' id='word_1_549' title='bbox 1048 3744 1183 3817; x_wconf 89' lang='lat' dir='ltr'><strong>quia</strong></span> <span class='ocrx_word' id='word_1_550' title='bbox 1236 3746 1445 3800; x_wconf 89' lang='lat' dir='ltr'><strong>nolunt</strong></span> <span class='ocrx_word' id='word_1_551' title='bbox 1473 3745 1731 3815; x_wconf 89' lang='lat' dir='ltr'><strong>credere,</strong></span> <span class='ocrx_word' id='word_1_552' title='bbox 1764 3747 2177 3807; x_wconf 86' lang='lat' dir='ltr'><strong>inexcusabiles</strong></span> 
     </span>
    </p>
   </div>
   <div class='ocr_carea' id='block_1_71' title="bbox 569 3832 2179 3908">
    <p class='ocr_par' dir='ltr' id='par_1_71' title="bbox 569 3832 2179 3908">
     <span class='ocr_line' id='line_1_71' title="bbox 569 3832 2179 3908; baseline 0.002 -18"><span class='ocrx_word' id='word_1_553' title='bbox 569 3833 771 3890; x_wconf 90' lang='lat' dir='ltr'><strong>sunt.N</strong></span> <span class='ocrx_word' id='word_1_554' title='bbox 775 3848 872 3889; x_wconf 89' lang='lat' dir='ltr'><strong>am</strong></span> <span class='ocrx_word' id='word_1_555' title='bbox 884 3834 1032 3888; x_wconf 89' lang='lat' dir='ltr'><strong>Deus</strong></span> <span class='ocrx_word' id='word_1_556' title='bbox 1052 3835 1110 3888; x_wconf 91' lang='lat' dir='ltr'><strong>et</strong></span> <span class='ocrx_word' id='word_1_557' title='bbox 1123 3832 1407 3887; x_wconf 73' lang='lat' dir='ltr'><strong>mandavit</strong></span> <span class='ocrx_word' id='word_1_558' title='bbox 1417 3832 1641 3889; x_wconf 83' lang='lat' dir='ltr'><strong>nubibus</strong></span> <span class='ocrx_word' id='word_1_559' title='bbox 1661 3835 1878 3908; x_wconf 84' lang='lat' dir='ltr'><strong>desuper</strong></span> <span class='ocrx_word' id='word_1_560' title='bbox 1894 3837 2179 3894; x_wconf 84' lang='lat' dir='ltr'><strong>existenti-</strong></span> 
     </span>
    </p>
   </div>
   <div class='ocr_carea' id='block_1_72' title="bbox 568 3921 2177 3994">
    <p class='ocr_par' dir='ltr' id='par_1_72' title="bbox 568 3921 2177 3994">
     <span class='ocr_line' id='line_1_72' title="bbox 568 3921 2177 3994; baseline 0.002 -15"><span class='ocrx_word' id='word_1_561' title='bbox 568 3923 696 3992; x_wconf 91' lang='lat' dir='ltr'><strong>bus,</strong></span> <span class='ocrx_word' id='word_1_562' title='bbox 725 3921 938 3978; x_wconf 89' lang='lat' dir='ltr'><strong>scilicet</strong></span> <span class='ocrx_word' id='word_1_563' title='bbox 963 3922 1255 3993; x_wconf 86' lang='lat' dir='ltr'><strong>apostolis,</strong></span> <span class='ocrx_word' id='word_1_564' title='bbox 1282 3921 1380 3994; x_wconf 89' lang='lat' dir='ltr'><strong>qui</strong></span> <span class='ocrx_word' id='word_1_565' title='bbox 1405 3924 1543 3977; x_wconf 89' lang='lat' dir='ltr'><strong>sunt</strong></span> <span class='ocrx_word' id='word_1_566' title='bbox 1569 3923 1932 3982; x_wconf 88' lang='lat' dir='ltr'><strong>sublimiores</strong></span> <span class='ocrx_word' id='word_1_567' title='bbox 1964 3927 2087 3983; x_wconf 88' lang='lat' dir='ltr'><strong>aliis</strong></span> <span class='ocrx_word' id='word_1_568' title='bbox 2108 3929 2177 3983; x_wconf 88' lang='lat' dir='ltr'><strong>ﬁ-</strong></span> 
     </span>
    </p>
   </div>
   <div class='ocr_carea' id='block_1_73' title="bbox 572 4008 2174 4085">
    <p class='ocr_par' dir='ltr' id='par_1_73' title="bbox 572 4008 2174 4085">
     <span class='ocr_line' id='line_1_73' title="bbox 572 4008 2174 4085; baseline 0.002 -17"><span class='ocrx_word' id='word_1_569' title='bbox 572 4010 814 4078; x_wconf 89' lang='lat' dir='ltr'><strong>delibus,</strong></span> <span class='ocrx_word' id='word_1_570' title='bbox 840 4009 1048 4082; x_wconf 89' lang='lat' dir='ltr'><strong>quibus</strong></span> <span class='ocrx_word' id='word_1_571' title='bbox 1076 4008 1185 4081; x_wconf 90' lang='lat' dir='ltr'><strong>ipsi</strong></span> <span class='ocrx_word' id='word_1_572' title='bbox 1227 4009 1465 4065; x_wconf 88' lang='lat' dir='ltr'><strong>credere</strong></span> <span class='ocrx_word' id='word_1_573' title='bbox 1498 4010 1801 4081; x_wconf 90' lang='lat' dir='ltr'><strong>deberent,</strong></span> <span class='ocrx_word' id='word_1_574' title='bbox 1857 4016 2174 4085; x_wconf 86' lang='lat' dir='ltr'><strong>mandavit,</strong></span> 
     </span>
    </p>
   </div>
   <div class='ocr_carea' id='block_1_74' title="bbox 572 4097 2181 4175">
    <p class='ocr_par' dir='ltr' id='par_1_74' title="bbox 572 4097 2181 4175">
     <span class='ocr_line' id='line_1_74' title="bbox 572 4097 2181 4175; baseline 0.004 -21"><span class='ocrx_word' id='word_1_575' title='bbox 572 4098 633 4154; x_wconf 90' lang='lat' dir='ltr'><strong>id</strong></span> <span class='ocrx_word' id='word_1_576' title='bbox 662 4102 747 4154; x_wconf 89' lang='lat' dir='ltr'><strong>est</strong></span> <span class='ocrx_word' id='word_1_577' title='bbox 775 4097 1053 4170; x_wconf 64' lang='lat' dir='ltr'><strong>praecepit</strong></span> <span class='ocrx_word' id='word_1_578' title='bbox 1091 4097 1202 4152; x_wconf 92' lang='lat' dir='ltr'><strong>hoc</strong></span> <span class='ocrx_word' id='word_1_579' title='bbox 1232 4099 1577 4169; x_wconf 83' lang='lat' dir='ltr'><strong>mysterium</strong></span> <span class='ocrx_word' id='word_1_580' title='bbox 1625 4101 1811 4170; x_wconf 88' lang='lat' dir='ltr'><strong>panis,</strong></span> <span class='ocrx_word' id='word_1_581' title='bbox 1845 4103 1943 4175; x_wconf 89' lang='lat' dir='ltr'><strong>qui</strong></span> <span class='ocrx_word' id='word_1_582' title='bbox 1973 4120 2181 4175; x_wconf 90' lang='lat' dir='ltr'><strong>corpus</strong></span> 
     </span>
    </p>
   </div>
   <div class='ocr_carea' id='block_1_75' title="bbox 573 4120 2181 4265">
    <p class='ocr_par' dir='ltr' id='par_1_75' title="bbox 573 4120 2181 4265">
     <span class='ocr_line' id='line_1_75' title="bbox 573 4120 2181 4175; baseline 0.004 -21"><span class='ocrx_word' id='word_1_583' title='bbox 573 4120 633 4154; x_wconf 82' lang='grc' dir='ltr'><strong>ια</strong></span> <span class='ocrx_word' id='word_1_584' title='bbox 662 4120 747 4154; x_wconf 69' lang='grc' dir='ltr'><strong>εει</strong></span> <span class='ocrx_word' id='word_1_585' title='bbox 776 4120 1053 4170; x_wconf 58' lang='lat' dir='ltr'><strong>praecepit.</strong></span> <span class='ocrx_word' id='word_1_586' title='bbox 1092 4120 1202 4152; x_wconf 86' lang='lat' dir='ltr'><strong>nuc</strong></span> <span class='ocrx_word' id='word_1_587' title='bbox 1233 4120 1577 4169; x_wconf 77' lang='lat' dir='ltr'><strong>myswrlum</strong></span> <span class='ocrx_word' id='word_1_588' title='bbox 1625 4120 1811 4170; x_wconf 74' lang='lat' dir='ltr'><strong>panis,</strong></span> <span class='ocrx_word' id='word_1_589' title='bbox 1845 4121 1943 4175; x_wconf 76' lang='lat' dir='ltr'><strong>qui</strong></span> <span class='ocrx_word' id='word_1_590' title='bbox 1973 4120 2072 4159; x_wconf 91' lang='lat' dir='ltr'><strong>cor</strong></span> <span class='ocrx_word' id='word_1_591' title='bbox 2117 4123 2181 4161; x_wconf 92' lang='lat' dir='ltr'><strong>us</strong></span> 
     </span>
     <span class='ocr_line' id='line_1_76' title="bbox 573 4120 2181 4265; baseline 0.002 -24"><span class='ocrx_word' id='word_1_592' title='bbox 573 4201 744 4241; x_wconf 87' lang='lat' dir='ltr'><strong>suum</strong></span> <span class='ocrx_word' id='word_1_593' title='bbox 759 4183 1027 4247; x_wconf 86' lang='lat' dir='ltr'><strong>efﬁcitur,</strong></span> <span class='ocrx_word' id='word_1_594' title='bbox 1033 4184 1435 4254; x_wconf 72' lang='lat' dir='ltr'><strong>praedicare,et</strong></span> <span class='ocrx_word' id='word_1_595' title='bbox 1446 4200 1550 4256; x_wconf 90' lang='lat' dir='ltr'><strong>per</strong></span> <span class='ocrx_word' id='word_1_596' title='bbox 1561 4186 1743 4242; x_wconf 83' lang='lat' dir='ltr'><strong>nubes</strong></span> <span class='ocrx_word' id='word_1_597' title='bbox 1764 4192 1971 4258; x_wconf 84' lang='lat' dir='ltr'><strong>aperuit</strong></span> 
     </span>
    </p>
   </div>
   <div class='ocr_carea' id='block_1_76' title="bbox 563 4269 2178 4346">
    <p class='ocr_par' dir='ltr' id='par_1_76' title="bbox 563 4269 2178 4346">
     <span class='ocr_line' id='line_1_77' title="bbox 563 4269 2178 4346; baseline 0.006 -19"><span class='ocrx_word' id='word_1_598' title='bbox 563 4274 770 4345; x_wconf 88' lang='lat' dir='ltr'><strong>januas</strong></span> <span class='ocrx_word' id='word_1_599' title='bbox 783 4269 981 4339; x_wconf 69' lang='lat' dir='ltr'><strong>cali,id</strong></span> <span class='ocrx_word' id='word_1_600' title='bbox 992 4272 1077 4324; x_wconf 89' lang='lat' dir='ltr'><strong>est</strong></span> <span class='ocrx_word' id='word_1_601' title='bbox 1089 4272 1317 4340; x_wconf 85' lang='lat' dir='ltr'><strong>apertas</strong></span> <span class='ocrx_word' id='word_1_602' title='bbox 1327 4270 1466 4325; x_wconf 86' lang='lat' dir='ltr'><strong>fecit</strong></span> <span class='ocrx_word' id='word_1_603' title='bbox 1484 4272 1797 4343; x_wconf 90' lang='lat' dir='ltr'><strong>scripturas</strong></span> <span class='ocrx_word' id='word_1_604' title='bbox 1818 4277 1975 4346; x_wconf 89' lang='lat' dir='ltr'><strong>prius</strong></span> <span class='ocrx_word' id='word_1_605' title='bbox 1989 4282 2178 4336; x_wconf 91' lang='lat' dir='ltr'><strong>occul-</strong></span> 
     </span>
    </p>
   </div>
   <div class='ocr_carea' id='block_1_77' title="bbox 2278 3223 3899 3295">
    <p class='ocr_par' dir='ltr' id='par_1_77' title="bbox 2278 3223 3899 3295">
     <span class='ocr_line' id='line_1_78' title="bbox 2278 3223 3899 3295; baseline 0.003 -20"><span class='ocrx_word' id='word_1_606' title='bbox 2278 3223 2392 3290; x_wconf 90' lang='lat' dir='ltr'><strong>tur,</strong></span> <span class='ocrx_word' id='word_1_607' title='bbox 2424 3238 2491 3277; x_wconf 91' lang='lat' dir='ltr'><strong>eo</strong></span> <span class='ocrx_word' id='word_1_608' title='bbox 2513 3223 2669 3295; x_wconf 90' lang='lat' dir='ltr'><strong>quod</strong></span> <span class='ocrx_word' id='word_1_609' title='bbox 2698 3239 2765 3277; x_wconf 85' lang='lat' dir='ltr'><strong>ex</strong></span> <span class='ocrx_word' id='word_1_610' title='bbox 2793 3223 2990 3278; x_wconf 81' lang='lat' dir='ltr'><strong>Africa</strong></span> <span class='ocrx_word' id='word_1_611' title='bbox 3045 3225 3261 3293; x_wconf 86' lang='lat' dir='ltr'><strong>veniat,</strong></span> <span class='ocrx_word' id='word_1_612' title='bbox 3306 3224 3519 3279; x_wconf 69' lang='lat' dir='ltr'><strong>induxit</strong></span> <span class='ocrx_word' id='word_1_613' title='bbox 3575 3226 3643 3279; x_wconf 82' lang='lat' dir='ltr'><strong>in</strong></span> <span class='ocrx_word' id='word_1_614' title='bbox 3696 3241 3899 3280; x_wconf 87' lang='lat' dir='ltr'><strong>aerem</strong></span> 
     </span>
    </p>
   </div>
   <div class='ocr_carea' id='block_1_78' title="bbox 2276 3311 3898 3381">
    <p class='ocr_par' dir='ltr' id='par_1_78' title="bbox 2276 3311 3898 3381">
     <span class='ocr_line' id='line_1_79' title="bbox 2276 3311 3898 3381; baseline 0.002 -17"><span class='ocrx_word' id='word_1_615' title='bbox 2276 3311 2606 3381; x_wconf 82' lang='lat' dir='ltr'><strong>proximum</strong></span> <span class='ocrx_word' id='word_1_616' title='bbox 2636 3316 2827 3367; x_wconf 67' lang='lat' dir='ltr'><strong>terrae.</strong></span> <span class='ocrx_word' id='word_1_617' title='bbox 2863 3312 3027 3377; x_wconf 90' lang='lat' dir='ltr'><strong>Quod</strong></span> <span class='ocrx_word' id='word_1_618' title='bbox 3056 3316 3152 3368; x_wconf 89' lang='lat' dir='ltr'><strong>est</strong></span> <span class='ocrx_word' id='word_1_619' title='bbox 3178 3313 3367 3367; x_wconf 91' lang='lat' dir='ltr'><strong>dicere</strong></span> <span class='ocrx_word' id='word_1_620' title='bbox 3396 3330 3409 3368; x_wconf 91' lang='lat'><strong>:</strong></span> <span class='ocrx_word' id='word_1_621' title='bbox 3462 3311 3610 3377; x_wconf 92' lang='lat' dir='ltr'><strong>Quia</strong></span> <span class='ocrx_word' id='word_1_622' title='bbox 3643 3313 3796 3368; x_wconf 87' lang='lat' dir='ltr'><strong>dum</strong></span> <span class='ocrx_word' id='word_1_623' title='bbox 3845 3313 3898 3368; x_wconf 90' lang='lat' dir='ltr'><strong>in</strong></span> 
     </span>
    </p>
   </div>
   <div class='ocr_carea' id='block_1_79' title="bbox 2278 3399 3900 3468">
    <p class='ocr_par' dir='ltr' id='par_1_79' title="bbox 2278 3399 3900 3468">
     <span class='ocr_line' id='line_1_80' title="bbox 2278 3399 3900 3468; baseline 0.001 -15"><span class='ocrx_word' id='word_1_624' title='bbox 2278 3400 2394 3455; x_wconf 91' lang='lat' dir='ltr'><strong>alto</strong></span> <span class='ocrx_word' id='word_1_625' title='bbox 2417 3399 2604 3468; x_wconf 89' lang='lat' dir='ltr'><strong>ﬂaret,</strong></span> <span class='ocrx_word' id='word_1_626' title='bbox 2631 3400 2875 3456; x_wconf 87' lang='lat' dir='ltr'><strong>idoneus</strong></span> <span class='ocrx_word' id='word_1_627' title='bbox 2907 3418 3022 3457; x_wconf 92' lang='lat' dir='ltr'><strong>non</strong></span> <span class='ocrx_word' id='word_1_628' title='bbox 3056 3403 3181 3455; x_wconf 91' lang='lat' dir='ltr'><strong>erat</strong></span> <span class='ocrx_word' id='word_1_629' title='bbox 3202 3401 3275 3456; x_wconf 92' lang='lat' dir='ltr'><strong>ad</strong></span> <span class='ocrx_word' id='word_1_630' title='bbox 3314 3400 3669 3456; x_wconf 85' lang='lat' dir='ltr'><strong>deferendas</strong></span> <span class='ocrx_word' id='word_1_631' title='bbox 3699 3404 3900 3456; x_wconf 82' lang='lat' dir='ltr'><strong>cotur-</strong></span> 
     </span>
    </p>
   </div>
   <div class='ocr_carea' id='block_1_80' title="bbox 2277 3489 3898 3563">
    <p class='ocr_par' dir='ltr' id='par_1_80' title="bbox 2277 3489 3898 3563">
     <span class='ocr_line' id='line_1_81' title="bbox 2277 3489 3898 3563; baseline 0.002 -20"><span class='ocrx_word' id='word_1_632' title='bbox 2277 3489 2451 3558; x_wconf 91' lang='lat' dir='ltr'><strong>nices,</strong></span> <span class='ocrx_word' id='word_1_633' title='bbox 2484 3507 2612 3563; x_wconf 62' lang='lat' dir='ltr'><strong>quae</strong></span> <span class='ocrx_word' id='word_1_634' title='bbox 2644 3490 2702 3545; x_wconf 92' lang='lat' dir='ltr'><strong>in</strong></span> <span class='ocrx_word' id='word_1_635' title='bbox 2734 3493 2892 3545; x_wconf 89' lang='lat' dir='ltr'><strong>terra</strong></span> <span class='ocrx_word' id='word_1_636' title='bbox 2924 3494 3183 3561; x_wconf 87' lang='lat' dir='ltr'><strong>manent,</strong></span> <span class='ocrx_word' id='word_1_637' title='bbox 3216 3493 3275 3544; x_wconf 93' lang='lat' dir='ltr'><strong>et</strong></span> <span class='ocrx_word' id='word_1_638' title='bbox 3312 3489 3371 3544; x_wconf 91' lang='lat' dir='ltr'><strong>in</strong></span> <span class='ocrx_word' id='word_1_639' title='bbox 3426 3506 3560 3545; x_wconf 90' lang='lat' dir='ltr'><strong>aere</strong></span> <span class='ocrx_word' id='word_1_640' title='bbox 3620 3492 3898 3561; x_wconf 73' lang='lat' dir='ltr'><strong>proximo</strong></span> 
     </span>
    </p>
   </div>
   <div class='ocr_carea' id='block_1_81' title="bbox 2275 3578 3899 3635">
    <p class='ocr_par' dir='ltr' id='par_1_81' title="bbox 2275 3578 3899 3635">
     <span class='ocr_line' id='line_1_82' title="bbox 2275 3578 3899 3635; baseline 0.001 -3"><span class='ocrx_word' id='word_1_641' title='bbox 2275 3582 2445 3633; x_wconf 63' lang='lat' dir='ltr'><strong>terrae</strong></span> <span class='ocrx_word' id='word_1_642' title='bbox 2483 3580 2697 3633; x_wconf 90' lang='lat' dir='ltr'><strong>volant.</strong></span> <span class='ocrx_word' id='word_1_643' title='bbox 2725 3579 2979 3634; x_wconf 84' lang='lat' dir='ltr'><strong>Africum</strong></span> <span class='ocrx_word' id='word_1_644' title='bbox 3033 3579 3105 3635; x_wconf 92' lang='lat' dir='ltr'><strong>de</strong></span> <span class='ocrx_word' id='word_1_645' title='bbox 3170 3578 3359 3634; x_wconf 91' lang='lat' dir='ltr'><strong>altiori</strong></span> <span class='ocrx_word' id='word_1_646' title='bbox 3403 3594 3537 3634; x_wconf 88' lang='lat' dir='ltr'><strong>aere</strong></span> <span class='ocrx_word' id='word_1_647' title='bbox 3593 3579 3899 3634; x_wconf 85' lang='lat' dir='ltr'><strong>sublatum</strong></span> 
     </span>
    </p>
   </div>
   <div class='ocr_carea' id='block_1_82' title="bbox 2275 3666 3897 3739">
    <p class='ocr_par' dir='ltr' id='par_1_82' title="bbox 2275 3666 3897 3739">
     <span class='ocr_line' id='line_1_83' title="bbox 2275 3666 3897 3739; baseline 0.002 -18"><span class='ocrx_word' id='word_1_648' title='bbox 2275 3682 2456 3739; x_wconf 90' lang='lat' dir='ltr'><strong>prope</strong></span> <span class='ocrx_word' id='word_1_649' title='bbox 2487 3670 2705 3721; x_wconf 92' lang='lat' dir='ltr'><strong>terram</strong></span> <span class='ocrx_word' id='word_1_650' title='bbox 2746 3666 2887 3722; x_wconf 88' lang='lat' dir='ltr'><strong>ﬂare</strong></span> <span class='ocrx_word' id='word_1_651' title='bbox 2916 3667 3072 3734; x_wconf 90' lang='lat' dir='ltr'><strong>fecit,</strong></span> <span class='ocrx_word' id='word_1_652' title='bbox 3105 3671 3167 3722; x_wconf 94' lang='lat' dir='ltr'><strong>ut</strong></span> <span class='ocrx_word' id='word_1_653' title='bbox 3198 3667 3419 3739; x_wconf 88' lang='lat' dir='ltr'><strong>impetu</strong></span> <span class='ocrx_word' id='word_1_654' title='bbox 3434 3683 3536 3723; x_wconf 90' lang='lat' dir='ltr'><strong>suo</strong></span> <span class='ocrx_word' id='word_1_655' title='bbox 3560 3670 3897 3724; x_wconf 84' lang='lat' dir='ltr'><strong>coturnices</strong></span> 
     </span>
    </p>
   </div>
   <div class='ocr_carea' id='block_1_83' title="bbox 2276 3756 3895 3829">
    <p class='ocr_par' dir='ltr' id='par_1_83' title="bbox 2276 3756 3895 3829">
     <span class='ocr_line' id='line_1_84' title="bbox 2276 3756 3895 3829; baseline 0.002 -19"><span class='ocrx_word' id='word_1_656' title='bbox 2276 3756 2346 3811; x_wconf 91' lang='lat' dir='ltr'><strong>de</strong></span> <span class='ocrx_word' id='word_1_657' title='bbox 2376 3758 2531 3810; x_wconf 88' lang='lat' dir='ltr'><strong>terra</strong></span> <span class='ocrx_word' id='word_1_658' title='bbox 2562 3756 2659 3811; x_wconf 89' lang='lat' dir='ltr'><strong>illa</strong></span> <span class='ocrx_word' id='word_1_659' title='bbox 2684 3756 2743 3811; x_wconf 91' lang='lat' dir='ltr'><strong>in</strong></span> <span class='ocrx_word' id='word_1_660' title='bbox 2775 3773 2888 3829; x_wconf 91' lang='lat' dir='ltr'><strong>qua</strong></span> <span class='ocrx_word' id='word_1_661' title='bbox 2909 3757 3228 3825; x_wconf 89' lang='lat' dir='ltr'><strong>abundant,</strong></span> <span class='ocrx_word' id='word_1_662' title='bbox 3261 3757 3517 3813; x_wconf 79' lang='lat' dir='ltr'><strong>afferret.</strong></span> <span class='ocrx_word' id='word_1_663' title='bbox 3570 3757 3682 3813; x_wconf 84' lang='lat' dir='ltr'><strong>Vel</strong></span> <span class='ocrx_word' id='word_1_664' title='bbox 3733 3760 3782 3814; x_wconf 89' lang='lat' dir='ltr'><strong>si</strong></span> <span class='ocrx_word' id='word_1_665' title='bbox 3816 3760 3895 3815; x_wconf 88' lang='lat' dir='ltr'><strong>di-</strong></span> 
     </span>
    </p>
   </div>
   <div class='ocr_carea' id='block_1_84' title="bbox 2277 3845 3893 3914">
    <p class='ocr_par' dir='ltr' id='par_1_84' title="bbox 2277 3845 3893 3914">
     <span class='ocr_line' id='line_1_85' title="bbox 2277 3845 3893 3914; baseline 0.002 -16"><span class='ocrx_word' id='word_1_666' title='bbox 2277 3859 2472 3899; x_wconf 87' lang='lat' dir='ltr'><strong>camus</strong></span> <span class='ocrx_word' id='word_1_667' title='bbox 2503 3847 2762 3899; x_wconf 89' lang='lat' dir='ltr'><strong>austrum</strong></span> <span class='ocrx_word' id='word_1_668' title='bbox 2796 3849 2854 3899; x_wconf 89' lang='lat' dir='ltr'><strong>et</strong></span> <span class='ocrx_word' id='word_1_669' title='bbox 2880 3845 3126 3901; x_wconf 88' lang='lat' dir='ltr'><strong>africum</strong></span> <span class='ocrx_word' id='word_1_670' title='bbox 3170 3846 3313 3901; x_wconf 88' lang='lat' dir='ltr'><strong>duos</strong></span> <span class='ocrx_word' id='word_1_671' title='bbox 3370 3846 3572 3901; x_wconf 82' lang='lat' dir='ltr'><strong>ventos</strong></span> <span class='ocrx_word' id='word_1_672' title='bbox 3630 3863 3787 3914; x_wconf 89' lang='lat' dir='ltr'><strong>esse,</strong></span> <span class='ocrx_word' id='word_1_673' title='bbox 3824 3849 3893 3902; x_wconf 84' lang='lat' dir='ltr'><strong>sic</strong></span> 
     </span>
    </p>
   </div>
   <div class='ocr_carea' id='block_1_85' title="bbox 2274 3931 3895 4005">
    <p class='ocr_par' dir='ltr' id='par_1_85' title="bbox 2274 3931 3895 4005">
     <span class='ocr_line' id='line_1_86' title="bbox 2274 3931 3895 4005; baseline 0.002 -19"><span class='ocrx_word' id='word_1_674' title='bbox 2274 3932 2503 4005; x_wconf 88' lang='lat' dir='ltr'><strong>legetur</strong></span> <span class='ocrx_word' id='word_1_675' title='bbox 2535 3950 2547 3987; x_wconf 89' lang='lat'><strong>:</strong></span> <span class='ocrx_word' id='word_1_676' title='bbox 2591 3933 2891 3988; x_wconf 82' lang='lat' dir='ltr'><strong>Transtulit</strong></span> <span class='ocrx_word' id='word_1_677' title='bbox 2915 3941 3155 3988; x_wconf 87' lang='lat' dir='ltr'><strong>austrum</strong></span> <span class='ocrx_word' id='word_1_678' title='bbox 3184 3934 3248 3988; x_wconf 89' lang='lat' dir='ltr'><strong>de</strong></span> <span class='ocrx_word' id='word_1_679' title='bbox 3272 3932 3414 4001; x_wconf 75' lang='lat' dir='ltr'><strong>coelo,</strong></span> <span class='ocrx_word' id='word_1_680' title='bbox 3450 3931 3509 3987; x_wconf 92' lang='lat' dir='ltr'><strong>id</strong></span> <span class='ocrx_word' id='word_1_681' title='bbox 3531 3938 3621 3988; x_wconf 88' lang='lat' dir='ltr'><strong>est</strong></span> <span class='ocrx_word' id='word_1_682' title='bbox 3661 3936 3895 3991; x_wconf 85' lang='lat' dir='ltr'><strong>abstulit</strong></span> 
     </span>
    </p>
   </div>
   <div class='ocr_carea' id='block_1_86' title="bbox 2276 4020 3896 4094">
    <p class='ocr_par' dir='ltr' id='par_1_86' title="bbox 2276 4020 3896 4094">
     <span class='ocr_line' id='line_1_87' title="bbox 2276 4020 3896 4094; baseline 0.002 -19"><span class='ocrx_word' id='word_1_683' title='bbox 2276 4020 2504 4092; x_wconf 89' lang='lat' dir='ltr'><strong>penitus</strong></span> <span class='ocrx_word' id='word_1_684' title='bbox 2533 4024 2789 4077; x_wconf 89' lang='lat' dir='ltr'><strong>austrum</strong></span> <span class='ocrx_word' id='word_1_685' title='bbox 2821 4022 2891 4076; x_wconf 92' lang='lat' dir='ltr'><strong>de</strong></span> <span class='ocrx_word' id='word_1_686' title='bbox 2914 4038 3069 4089; x_wconf 90' lang='lat' dir='ltr'><strong>aere,</strong></span> <span class='ocrx_word' id='word_1_687' title='bbox 3104 4023 3201 4094; x_wconf 91' lang='lat' dir='ltr'><strong>qui</strong></span> <span class='ocrx_word' id='word_1_688' title='bbox 3227 4021 3300 4077; x_wconf 92' lang='lat' dir='ltr'><strong>ad</strong></span> <span class='ocrx_word' id='word_1_689' title='bbox 3330 4021 3439 4076; x_wconf 92' lang='lat' dir='ltr'><strong>hoc</strong></span> <span class='ocrx_word' id='word_1_690' title='bbox 3470 4021 3742 4077; x_wconf 81' lang='lat' dir='ltr'><strong>ofﬁcium</strong></span> <span class='ocrx_word' id='word_1_691' title='bbox 3778 4024 3896 4079; x_wconf 90' lang='lat' dir='ltr'><strong>inu-</strong></span> 
     </span>
    </p>
   </div>
   <div class='ocr_carea' id='block_1_87' title="bbox 2281 4108 3897 4183">
    <p class='ocr_par' dir='ltr' id='par_1_87' title="bbox 2281 4108 3897 4183">
     <span class='ocr_line' id='line_1_88' title="bbox 2281 4108 3897 4183; baseline 0.001 -20"><span class='ocrx_word' id='word_1_692' title='bbox 2281 4108 2394 4164; x_wconf 89' lang='lat' dir='ltr'><strong>tilis</strong></span> <span class='ocrx_word' id='word_1_693' title='bbox 2423 4113 2550 4165; x_wconf 91' lang='lat' dir='ltr'><strong>erat</strong></span> <span class='ocrx_word' id='word_1_694' title='bbox 2577 4127 2589 4164; x_wconf 91' lang='lat'><strong>:</strong></span> <span class='ocrx_word' id='word_1_695' title='bbox 2619 4114 2677 4165; x_wconf 91' lang='lat' dir='ltr'><strong>et</strong></span> <span class='ocrx_word' id='word_1_696' title='bbox 2703 4110 2913 4164; x_wconf 77' lang='lat' dir='ltr'><strong>induxit</strong></span> <span class='ocrx_word' id='word_1_697' title='bbox 2941 4111 3175 4181; x_wconf 77' lang='lat' dir='ltr'><strong>africum</strong></span> <span class='ocrx_word' id='word_1_698' title='bbox 3201 4113 3439 4165; x_wconf 90' lang='lat' dir='ltr'><strong>ventum</strong></span> <span class='ocrx_word' id='word_1_699' title='bbox 3470 4109 3667 4176; x_wconf 89' lang='lat' dir='ltr'><strong>illum,</strong></span> <span class='ocrx_word' id='word_1_700' title='bbox 3704 4112 3807 4183; x_wconf 88' lang='lat' dir='ltr'><strong>qui</strong></span> <span class='ocrx_word' id='word_1_701' title='bbox 3826 4111 3897 4165; x_wconf 89' lang='lat' dir='ltr'><strong>ad</strong></span> 
     </span>
    </p>
   </div>
   <div class='ocr_carea' id='block_1_88' title="bbox 2276 4197 3897 4265">
    <p class='ocr_par' dir='ltr' id='par_1_88' title="bbox 2276 4197 3897 4265">
     <span class='ocr_line' id='line_1_89' title="bbox 2276 4197 3897 4265; baseline 0.001 -14"><span class='ocrx_word' id='word_1_702' title='bbox 2276 4197 2387 4252; x_wconf 93' lang='lat' dir='ltr'><strong>hoc</strong></span> <span class='ocrx_word' id='word_1_703' title='bbox 2415 4201 2540 4253; x_wconf 90' lang='lat' dir='ltr'><strong>erat</strong></span> <span class='ocrx_word' id='word_1_704' title='bbox 2560 4197 2820 4253; x_wconf 91' lang='lat' dir='ltr'><strong>idoneus.</strong></span> <span class='ocrx_word' id='word_1_705' title='bbox 2858 4199 2926 4252; x_wconf 89' lang='lat' dir='ltr'><strong>Et</strong></span> <span class='ocrx_word' id='word_1_706' title='bbox 2953 4199 3063 4253; x_wconf 92' lang='lat' dir='ltr'><strong>hoc</strong></span> <span class='ocrx_word' id='word_1_707' title='bbox 3082 4197 3217 4253; x_wconf 89' lang='lat' dir='ltr'><strong>fecit</strong></span> <span class='ocrx_word' id='word_1_708' title='bbox 3240 4215 3291 4252; x_wconf 81' lang='lat' dir='ltr'><strong>in</strong></span> <span class='ocrx_word' id='word_1_709' title='bbox 3319 4200 3533 4265; x_wconf 86' lang='lat' dir='ltr'><strong>virtute,</strong></span> <span class='ocrx_word' id='word_1_710' title='bbox 3590 4197 3658 4253; x_wconf 92' lang='lat' dir='ltr'><strong>id</strong></span> <span class='ocrx_word' id='word_1_711' title='bbox 3717 4204 3812 4254; x_wconf 89' lang='lat' dir='ltr'><strong>est</strong></span> <span class='ocrx_word' id='word_1_712' title='bbox 3841 4200 3897 4253; x_wconf 92' lang='lat' dir='ltr'><strong>in</strong></span> 
     </span>
    </p>
   </div>
   <div class='ocr_carea' id='block_1_89' title="bbox 2279 4284 3895 4359">
    <p class='ocr_par' dir='ltr' id='par_1_89' title="bbox 2279 4284 3895 4359">
     <span class='ocr_line' id='line_1_90' title="bbox 2279 4284 3895 4359; baseline 0.001 -19"><span class='ocrx_word' id='word_1_713' title='bbox 2279 4288 2561 4357; x_wconf 91' lang='lat' dir='ltr'><strong>potestate</strong></span> <span class='ocrx_word' id='word_1_714' title='bbox 2589 4303 2706 4341; x_wconf 90' lang='lat' dir='ltr'><strong>sua.</strong></span> <span class='ocrx_word' id='word_1_715' title='bbox 2748 4284 3137 4359; x_wconf 86' lang='lat' dir='ltr'><strong>Omnipotens</strong></span> <span class='ocrx_word' id='word_1_716' title='bbox 3183 4286 3344 4341; x_wconf 91' lang='lat' dir='ltr'><strong>enim</strong></span> <span class='ocrx_word' id='word_1_717' title='bbox 3393 4290 3497 4342; x_wconf 89' lang='lat' dir='ltr'><strong>est.</strong></span> <span class='ocrx_word' id='word_1_718' title='bbox 3534 4286 3661 4341; x_wconf 87' lang='lat' dir='ltr'><strong>Hoc</strong></span> <span class='ocrx_word' id='word_1_719' title='bbox 3694 4291 3895 4342; x_wconf 87' lang='lat' dir='ltr'><strong>autem</strong></span> 
     </span>
    </p>
   </div>
   <div class='ocr_carea' id='block_1_90' title="bbox 576 4358 3896 4454">
    <p class='ocr_par' dir='ltr' id='par_1_90' title="bbox 576 4358 3896 4454">
     <span class='ocr_line' id='line_1_91' title="bbox 576 4358 3896 4454; baseline 0.004 -38"><span class='ocrx_word' id='word_1_720' title='bbox 576 4359 1028 4454; x_wconf 62' lang='lat' dir='ltr'><strong>tas,qua3jan_ues</strong></span> <span class='ocrx_word' id='word_1_721' title='bbox 1046 4358 1179 4411; x_wconf 90' lang='lat' dir='ltr'><strong>sunt</strong></span> <span class='ocrx_word' id='word_1_722' title='bbox 1193 4358 1405 4454; x_wconf 60' lang='grc' dir='ltr'><strong>εξεὶίῥᾲ</strong></span> <span class='ocrx_word' id='word_1_723' title='bbox 1426 4363 1511 4415; x_wconf 91' lang='lat' dir='ltr'><strong>est</strong></span> <span class='ocrx_word' id='word_1_724' title='bbox 1525 4360 1796 4454; x_wconf 80' lang='lat' dir='ltr'><strong>introitus</strong></span> <span class='ocrx_word' id='word_1_725' title='bbox 1820 4368 2177 4425; x_wconf 90' lang='lat' dir='ltr'><strong>occultorum</strong></span> <span class='ocrx_word' id='word_1_726' title='bbox 2203 4395 2256 4454; x_wconf 82' lang='lat' dir='ltr'><strong>D</strong></span> <span class='ocrx_word' id='word_1_727' title='bbox 2278 4372 2414 4428; x_wconf 89' lang='lat' dir='ltr'><strong>dicit</strong></span> <span class='ocrx_word' id='word_1_728' title='bbox 2436 4373 2511 4428; x_wconf 90' lang='lat' dir='ltr'><strong>ad</strong></span> <span class='ocrx_word' id='word_1_729' title='bbox 2535 4374 3037 4446; x_wconf 88' lang='lat' dir='ltr'><strong>exprobrationem</strong></span> <span class='ocrx_word' id='word_1_730' title='bbox 3060 4391 3262 4430; x_wconf 91' lang='lat' dir='ltr'><strong>eorum</strong></span> <span class='ocrx_word' id='word_1_731' title='bbox 3319 4374 3413 4446; x_wconf 92' lang='lat' dir='ltr'><strong>qui</strong></span> <span class='ocrx_word' id='word_1_732' title='bbox 3446 4391 3564 4429; x_wconf 91' lang='lat' dir='ltr'><strong>non</strong></span> <span class='ocrx_word' id='word_1_733' title='bbox 3596 4392 3745 4430; x_wconf 89' lang='lat' dir='ltr'><strong>eum</strong></span> <span class='ocrx_word' id='word_1_734' title='bbox 3774 4392 3896 4431; x_wconf 55' lang='lat' dir='ltr'><strong>om-</strong></span> 
     </span>
    </p>
   </div>
   <div class='ocr_carea' id='block_1_91' title="bbox 578 4446 2182 4525">
    <p class='ocr_par' dir='ltr' id='par_1_91' title="bbox 578 4446 2182 4525">
     <span class='ocr_line' id='line_1_92' title="bbox 578 4446 2182 4525; baseline 0.006 -20"><span class='ocrx_word' id='word_1_735' title='bbox 578 4450 677 4505; x_wconf 91' lang='lat' dir='ltr'><strong>Dei</strong></span> <span class='ocrx_word' id='word_1_736' title='bbox 707 4446 1272 4520; x_wconf 81' lang='lat' dir='ltr'><strong>mysteriorum,quse</strong></span> <span class='ocrx_word' id='word_1_737' title='bbox 1285 4448 1494 4502; x_wconf 63' lang='lat' dir='ltr'><strong>castum</strong></span> <span class='ocrx_word' id='word_1_738' title='bbox 1509 4448 1872 4519; x_wconf 90' lang='lat' dir='ltr'><strong>dicuntur,eo</strong></span> <span class='ocrx_word' id='word_1_739' title='bbox 1892 4457 2046 4525; x_wconf 88' lang='lat' dir='ltr'><strong>quod</strong></span> <span class='ocrx_word' id='word_1_740' title='bbox 2065 4459 2182 4514; x_wconf 88' lang='lat' dir='ltr'><strong>alta</strong></span> 
     </span>
    </p>
   </div>
   <div class='ocr_carea' id='block_1_92' title="bbox 577 4535 2182 4607">
    <p class='ocr_par' dir='ltr' id='par_1_92' title="bbox 577 4535 2182 4607">
     <span class='ocr_line' id='line_1_93' title="bbox 577 4535 2182 4607; baseline 0.004 -13"><span class='ocrx_word' id='word_1_741' title='bbox 577 4542 711 4594; x_wconf 89' lang='lat' dir='ltr'><strong>sunt</strong></span> <span class='ocrx_word' id='word_1_742' title='bbox 740 4540 802 4591; x_wconf 91' lang='lat' dir='ltr'><strong>ut</strong></span> <span class='ocrx_word' id='word_1_743' title='bbox 825 4536 1054 4603; x_wconf 86' lang='lat' dir='ltr'><strong>coelum,</strong></span> <span class='ocrx_word' id='word_1_744' title='bbox 1086 4538 1145 4589; x_wconf 89' lang='lat' dir='ltr'><strong>et</strong></span> <span class='ocrx_word' id='word_1_745' title='bbox 1174 4550 1209 4589; x_wconf 89' lang='lat' dir='ltr'><strong>a</strong></span> <span class='ocrx_word' id='word_1_746' title='bbox 1255 4535 1514 4607; x_wconf 89' lang='lat' dir='ltr'><strong>pluribus</strong></span> <span class='ocrx_word' id='word_1_747' title='bbox 1544 4539 1838 4596; x_wconf 57' lang='lat' dir='ltr'><strong>caelantur.</strong></span> <span class='ocrx_word' id='word_1_748' title='bbox 1890 4541 2051 4606; x_wconf 90' lang='lat' dir='ltr'><strong>Quod</strong></span> <span class='ocrx_word' id='word_1_749' title='bbox 2096 4549 2182 4601; x_wconf 90' lang='lat' dir='ltr'><strong>est</strong></span> 
     </span>
    </p>
   </div>
   <div class='ocr_carea' id='block_1_93' title="bbox 581 4622 2178 4703">
    <p class='ocr_par' dir='ltr' id='par_1_93' title="bbox 581 4622 2178 4703">
     <span class='ocr_line' id='line_1_94' title="bbox 581 4622 2178 4703; baseline 0.004 -21"><span class='ocrx_word' id='word_1_750' title='bbox 581 4627 775 4682; x_wconf 91' lang='lat' dir='ltr'><strong>dicere</strong></span> <span class='ocrx_word' id='word_1_751' title='bbox 802 4641 815 4679; x_wconf 91' lang='lat'><strong>:</strong></span> <span class='ocrx_word' id='word_1_752' title='bbox 844 4626 953 4679; x_wconf 90' lang='lat' dir='ltr'><strong>Per</strong></span> <span class='ocrx_word' id='word_1_753' title='bbox 972 4622 1380 4695; x_wconf 74' lang='lat' dir='ltr'><strong>praedicatores</strong></span> <span class='ocrx_word' id='word_1_754' title='bbox 1409 4624 1736 4698; x_wconf 88' lang='lat' dir='ltr'><strong>Scripturas</strong></span> <span class='ocrx_word' id='word_1_755' title='bbox 1766 4633 1994 4701; x_wconf 90' lang='lat' dir='ltr'><strong>apertas</strong></span> <span class='ocrx_word' id='word_1_756' title='bbox 2023 4633 2178 4703; x_wconf 88' lang='lat' dir='ltr'><strong>fecit,</strong></span> 
     </span>
    </p>
   </div>
   <div class='ocr_carea' id='block_1_94' title="bbox 580 4711 2181 4787">
    <p class='ocr_par' dir='ltr' id='par_1_94' title="bbox 580 4711 2181 4787">
     <span class='ocr_line' id='line_1_95' title="bbox 580 4711 2181 4787; baseline 0.005 -16"><span class='ocrx_word' id='word_1_757' title='bbox 580 4716 640 4771; x_wconf 90' lang='lat' dir='ltr'><strong>in</strong></span> <span class='ocrx_word' id='word_1_758' title='bbox 670 4714 877 4787; x_wconf 91' lang='lat' dir='ltr'><strong>quibus</strong></span> <span class='ocrx_word' id='word_1_759' title='bbox 895 4711 1132 4782; x_wconf 85' lang='lat' dir='ltr'><strong>hujusce</strong></span> <span class='ocrx_word' id='word_1_760' title='bbox 1163 4713 1510 4768; x_wconf 86' lang='lat' dir='ltr'><strong>sacramenti</strong></span> <span class='ocrx_word' id='word_1_761' title='bbox 1528 4716 1865 4787; x_wconf 86' lang='lat' dir='ltr'><strong>mysterium</strong></span> <span class='ocrx_word' id='word_1_762' title='bbox 1890 4722 1947 4774; x_wconf 91' lang='lat' dir='ltr'><strong>et</strong></span> <span class='ocrx_word' id='word_1_763' title='bbox 1973 4724 2181 4779; x_wconf 81' lang='lat' dir='ltr'><strong>caetera</strong></span> 
     </span>
    </p>
   </div>
   <div class='ocr_carea' id='block_1_95' title="bbox 578 4799 2184 4875">
    <p class='ocr_par' dir='ltr' id='par_1_95' title="bbox 578 4799 2184 4875">
     <span class='ocr_line' id='line_1_96' title="bbox 578 4799 2184 4875; baseline 0.005 -17"><span class='ocrx_word' id='word_1_764' title='bbox 578 4801 856 4875; x_wconf 86' lang='lat' dir='ltr'><strong>mysteria</strong></span> <span class='ocrx_word' id='word_1_765' title='bbox 884 4799 1274 4855; x_wconf 85' lang='lat' dir='ltr'><strong>continentur.</strong></span> <span class='ocrx_word' id='word_1_766' title='bbox 1302 4800 1427 4856; x_wconf 89' lang='lat' dir='ltr'><strong>Non</strong></span> <span class='ocrx_word' id='word_1_767' title='bbox 1448 4803 1635 4857; x_wconf 90' lang='lat' dir='ltr'><strong>solum</strong></span> <span class='ocrx_word' id='word_1_768' title='bbox 1686 4807 1879 4860; x_wconf 89' lang='lat' dir='ltr'><strong>autem</strong></span> <span class='ocrx_word' id='word_1_769' title='bbox 1908 4810 2184 4866; x_wconf 87' lang='lat' dir='ltr'><strong>mandavit</strong></span> 
     </span>
    </p>
   </div>
   <div class='ocr_carea' id='block_1_96' title="bbox 579 4881 2185 4970">
    <p class='ocr_par' dir='ltr' id='par_1_96' title="bbox 579 4881 2185 4970">
     <span class='ocr_line' id='line_1_97' title="bbox 579 4881 2185 4970; baseline 0.004 -24"><span class='ocrx_word' id='word_1_770' title='bbox 579 4891 805 4946; x_wconf 82' lang='lat' dir='ltr'><strong>nubibus</strong></span> <span class='ocrx_word' id='word_1_771' title='bbox 834 4889 957 4942; x_wconf 57' lang='lat' dir='ltr'><strong>haec</strong></span> <span class='ocrx_word' id='word_1_772' title='bbox 974 4889 1192 4959; x_wconf 91' lang='lat' dir='ltr'><strong>pluere,</strong></span> <span class='ocrx_word' id='word_1_773' title='bbox 1229 4881 1289 4941; x_wconf 88' lang='lat' dir='ltr'><strong>id</strong></span> <span class='ocrx_word' id='word_1_774' title='bbox 1308 4891 1394 4942; x_wconf 90' lang='lat' dir='ltr'><strong>est</strong></span> <span class='ocrx_word' id='word_1_775' title='bbox 1428 4889 1551 4944; x_wconf 73' lang='lat' dir='ltr'><strong>hinc</strong></span> <span class='ocrx_word' id='word_1_776' title='bbox 1572 4889 1630 4944; x_wconf 91' lang='lat' dir='ltr'><strong>in</strong></span> <span class='ocrx_word' id='word_1_777' title='bbox 1661 4891 1911 4949; x_wconf 87' lang='lat' dir='ltr'><strong>Ecclesia</strong></span> <span class='ocrx_word' id='word_1_778' title='bbox 1933 4895 2185 4970; x_wconf 88' lang='lat' dir='ltr'><strong>divulga-</strong></span> 
     </span>
    </p>
   </div>
   <div class='ocr_carea' id='block_1_97' title="bbox 578 4975 2184 5058">
    <p class='ocr_par' dir='ltr' id='par_1_97' title="bbox 578 4975 2184 5058">
     <span class='ocr_line' id='line_1_98' title="bbox 578 4975 2184 5058; baseline 0.005 -24"><span class='ocrx_word' id='word_1_779' title='bbox 578 4996 663 5047; x_wconf 90' lang='lat' dir='ltr'><strong>re,</strong></span> <span class='ocrx_word' id='word_1_780' title='bbox 695 4978 797 5033; x_wconf 91' lang='lat' dir='ltr'><strong>sed</strong></span> <span class='ocrx_word' id='word_1_781' title='bbox 817 4980 875 5033; x_wconf 88' lang='lat' dir='ltr'><strong>et</strong></span> <span class='ocrx_word' id='word_1_782' title='bbox 904 4992 1008 5048; x_wconf 92' lang='lat' dir='ltr'><strong>per</strong></span> <span class='ocrx_word' id='word_1_783' title='bbox 1037 4976 1217 5031; x_wconf 89' lang='lat' dir='ltr'><strong>nubes</strong></span> <span class='ocrx_word' id='word_1_784' title='bbox 1234 4976 1379 5047; x_wconf 85' lang='lat' dir='ltr'><strong>pluit</strong></span> <span class='ocrx_word' id='word_1_785' title='bbox 1399 4975 1506 5031; x_wconf 82' lang='lat' dir='ltr'><strong>illis</strong></span> <span class='ocrx_word' id='word_1_786' title='bbox 1527 4995 1746 5047; x_wconf 89' lang='lat' dir='ltr'><strong>manna,</strong></span> <span class='ocrx_word' id='word_1_787' title='bbox 1774 4981 1834 5036; x_wconf 93' lang='lat' dir='ltr'><strong>id</strong></span> <span class='ocrx_word' id='word_1_788' title='bbox 1865 4986 1950 5037; x_wconf 90' lang='lat' dir='ltr'><strong>est</strong></span> <span class='ocrx_word' id='word_1_789' title='bbox 1978 5000 2184 5058; x_wconf 90' lang='lat' dir='ltr'><strong>corpus</strong></span> 
     </span>
    </p>
   </div>
   <div class='ocr_carea' id='block_1_98' title="bbox 579 5063 2182 5144">
    <p class='ocr_par' dir='ltr' id='par_1_98' title="bbox 579 5063 2182 5144">
     <span class='ocr_line' id='line_1_99' title="bbox 579 5063 2182 5144; baseline -0.003 -22"><span class='ocrx_word' id='word_1_790' title='bbox 579 5084 751 5122; x_wconf 87' lang='lat' dir='ltr'><strong>suum</strong></span> <span class='ocrx_word' id='word_1_791' title='bbox 771 5065 842 5120; x_wconf 89' lang='lat' dir='ltr'><strong>ad</strong></span> <span class='ocrx_word' id='word_1_792' title='bbox 860 5064 1319 5133; x_wconf 82' lang='lat' dir='ltr'><strong>manducandum,</strong></span> <span class='ocrx_word' id='word_1_793' title='bbox 1351 5063 1566 5120; x_wconf 89' lang='lat' dir='ltr'><strong>scilicet</strong></span> <span class='ocrx_word' id='word_1_794' title='bbox 1597 5066 1755 5123; x_wconf 88' lang='lat' dir='ltr'><strong>dedit</strong></span> <span class='ocrx_word' id='word_1_795' title='bbox 1771 5086 1876 5142; x_wconf 90' lang='lat' dir='ltr'><strong>per</strong></span> <span class='ocrx_word' id='word_1_796' title='bbox 1903 5074 2182 5144; x_wconf 82' lang='lat' dir='ltr'><strong>praedica-</strong></span> 
     </span>
    </p>
   </div>
   <div class='ocr_carea' id='block_1_99' title="bbox 577 5151 2184 5227">
    <p class='ocr_par' dir='ltr' id='par_1_99' title="bbox 577 5151 2184 5227">
     <span class='ocr_line' id='line_1_100' title="bbox 577 5151 2184 5227; baseline 0.004 -16"><span class='ocrx_word' id='word_1_797' title='bbox 577 5160 734 5211; x_wconf 90' lang='lat' dir='ltr'><strong>tores</strong></span> <span class='ocrx_word' id='word_1_798' title='bbox 749 5154 858 5210; x_wconf 88' lang='lat' dir='ltr'><strong>illis</strong></span> <span class='ocrx_word' id='word_1_799' title='bbox 872 5151 1154 5208; x_wconf 66' lang='lat' dir='ltr'><strong>haereticis</strong></span> <span class='ocrx_word' id='word_1_800' title='bbox 1181 5152 1507 5208; x_wconf 89' lang='lat' dir='ltr'><strong>doctrinam</strong></span> <span class='ocrx_word' id='word_1_801' title='bbox 1560 5170 1765 5227; x_wconf 93' lang='lat' dir='ltr'><strong>corpus</strong></span> <span class='ocrx_word' id='word_1_802' title='bbox 1825 5176 1991 5214; x_wconf 90' lang='lat' dir='ltr'><strong>suum</strong></span> <span class='ocrx_word' id='word_1_803' title='bbox 2022 5178 2184 5218; x_wconf 88' lang='lat' dir='ltr'><strong>man-</strong></span> 
     </span>
    </p>
   </div>
   <div class='ocr_carea' id='block_1_100' title="bbox 580 5239 2180 5312">
    <p class='ocr_par' dir='ltr' id='par_1_100' title="bbox 580 5239 2180 5312">
     <span class='ocr_line' id='line_1_101' title="bbox 580 5239 2180 5312; baseline 0.003 -11"><span class='ocrx_word' id='word_1_804' title='bbox 580 5242 851 5301; x_wconf 90' lang='lat' dir='ltr'><strong>ducandi.</strong></span> <span class='ocrx_word' id='word_1_805' title='bbox 883 5241 1090 5297; x_wconf 81' lang='lat' dir='ltr'><strong>Manna</strong></span> <span class='ocrx_word' id='word_1_806' title='bbox 1119 5239 1358 5312; x_wconf 90' lang='lat' dir='ltr'><strong>quidem</strong></span> <span class='ocrx_word' id='word_1_807' title='bbox 1385 5241 1709 5298; x_wconf 89' lang='lat' dir='ltr'><strong>derivatum</strong></span> <span class='ocrx_word' id='word_1_808' title='bbox 1733 5249 1819 5301; x_wconf 90' lang='lat' dir='ltr'><strong>est</strong></span> <span class='ocrx_word' id='word_1_809' title='bbox 1844 5248 1916 5302; x_wconf 90' lang='lat' dir='ltr'><strong>ab</strong></span> <span class='ocrx_word' id='word_1_810' title='bbox 1944 5249 2180 5306; x_wconf 88' lang='lat' dir='ltr'><strong>Hebrai-</strong></span> 
     </span>
    </p>
   </div>
   <div class='ocr_carea' id='block_1_101' title="bbox 579 5328 2179 5411">
    <p class='ocr_par' dir='ltr' id='par_1_101' title="bbox 579 5328 2179 5411">
     <span class='ocr_line' id='line_1_102' title="bbox 579 5328 2179 5411; baseline 0.005 -26"><span class='ocrx_word' id='word_1_811' title='bbox 579 5348 667 5399; x_wconf 91' lang='lat' dir='ltr'><strong>co,</strong></span> <span class='ocrx_word' id='word_1_812' title='bbox 697 5329 853 5402; x_wconf 90' lang='lat' dir='ltr'><strong>quod</strong></span> <span class='ocrx_word' id='word_1_813' title='bbox 881 5330 967 5384; x_wconf 89' lang='lat' dir='ltr'><strong>est</strong></span> <span class='ocrx_word' id='word_1_814' title='bbox 982 5328 1231 5384; x_wconf 88' lang='lat' dir='ltr'><strong>manha:</strong></span> <span class='ocrx_word' id='word_1_815' title='bbox 1286 5330 1468 5385; x_wconf 73' lang='lat' dir='ltr'><strong>Iudici</strong></span> <span class='ocrx_word' id='word_1_816' title='bbox 1500 5331 1715 5403; x_wconf 88' lang='lat' dir='ltr'><strong>quippe</strong></span> <span class='ocrx_word' id='word_1_817' title='bbox 1742 5350 1916 5389; x_wconf 88' lang='lat' dir='ltr'><strong>mane</strong></span> <span class='ocrx_word' id='word_1_818' title='bbox 1955 5336 2010 5390; x_wconf 92' lang='lat' dir='ltr'><strong>in</strong></span> <span class='ocrx_word' id='word_1_819' title='bbox 2067 5355 2179 5411; x_wconf 92' lang='lat' dir='ltr'><strong>quo</strong></span> 
     </span>
    </p>
   </div>
   <div class='ocr_carea' id='block_1_102' title="bbox 578 5416 2177 5498">
    <p class='ocr_par' dir='ltr' id='par_1_102' title="bbox 578 5416 2177 5498">
     <span class='ocr_line' id='line_1_103' title="bbox 578 5416 2177 5498; baseline 0.006 -24"><span class='ocrx_word' id='word_1_820' title='bbox 578 5419 835 5493; x_wconf 90' lang='lat' dir='ltr'><strong>primum</strong></span> <span class='ocrx_word' id='word_1_821' title='bbox 853 5416 1059 5472; x_wconf 90' lang='lat' dir='ltr'><strong>cecidit</strong></span> <span class='ocrx_word' id='word_1_822' title='bbox 1072 5420 1396 5488; x_wconf 88' lang='lat' dir='ltr'><strong>surgentes,</strong></span> <span class='ocrx_word' id='word_1_823' title='bbox 1429 5422 1485 5474; x_wconf 86' lang='lat' dir='ltr'><strong>et</strong></span> <span class='ocrx_word' id='word_1_824' title='bbox 1512 5419 1649 5474; x_wconf 91' lang='lat' dir='ltr'><strong>illud</strong></span> <span class='ocrx_word' id='word_1_825' title='bbox 1681 5421 1886 5477; x_wconf 90' lang='lat' dir='ltr'><strong>cadere</strong></span> <span class='ocrx_word' id='word_1_826' title='bbox 1902 5423 2177 5498; x_wconf 90' lang='lat' dir='ltr'><strong>videntes,</strong></span> 
     </span>
    </p>
   </div>
   <div class='ocr_carea' id='block_1_103' title="bbox 578 5504 2181 5584">
    <p class='ocr_par' dir='ltr' id='par_1_103' title="bbox 578 5504 2181 5584">
     <span class='ocr_line' id='line_1_104' title="bbox 578 5504 2181 5584; baseline 0.006 -21"><span class='ocrx_word' id='word_1_827' title='bbox 578 5506 933 5564; x_wconf 88' lang='lat' dir='ltr'><strong>admirantes</strong></span> <span class='ocrx_word' id='word_1_828' title='bbox 962 5504 1262 5561; x_wconf 88' lang='lat' dir='ltr'><strong>dixerunt:</strong></span> <span class='ocrx_word' id='word_1_829' title='bbox 1289 5505 1501 5562; x_wconf 75' lang='lat' dir='ltr'><strong>Manhu</strong></span> <span class='ocrx_word' id='word_1_830' title='bbox 1524 5506 1718 5577; x_wconf 74' lang='lat' dir='ltr'><strong>(Exod.</strong></span> <span class='ocrx_word' id='word_1_831' title='bbox 1740 5513 1978 5584; x_wconf 76' lang='lat' dir='ltr'><strong>xv1,l5).</strong></span> <span class='ocrx_word' id='word_1_832' title='bbox 2016 5514 2181 5580; x_wconf 91' lang='lat' dir='ltr'><strong>Quod</strong></span> 
     </span>
    </p>
   </div>
   <div class='ocr_carea' id='block_1_104' title="bbox 581 5592 2181 5678">
    <p class='ocr_par' dir='ltr' id='par_1_104' title="bbox 581 5592 2181 5678">
     <span class='ocr_line' id='line_1_105' title="bbox 581 5592 2181 5678; baseline 0.009 -28"><span class='ocrx_word' id='word_1_833' title='bbox 581 5598 667 5655; x_wconf 85' lang='lat' dir='ltr'><strong>est</strong></span> <span class='ocrx_word' id='word_1_834' title='bbox 678 5592 902 5651; x_wconf 87' lang='lat' dir='ltr'><strong>dicere:</strong></span> <span class='ocrx_word' id='word_1_835' title='bbox 926 5593 1069 5664; x_wconf 84' lang='lat' dir='ltr'><strong>Quid</strong></span> <span class='ocrx_word' id='word_1_836' title='bbox 1082 5600 1156 5651; x_wconf 83' lang='lat' dir='ltr'><strong>est</strong></span> <span class='ocrx_word' id='word_1_837' title='bbox 1174 5594 1272 5652; x_wconf 80' lang='lat' dir='ltr'><strong>hoc</strong></span> <span class='ocrx_word' id='word_1_838' title='bbox 1286 5595 1314 5651; x_wconf 86' lang='lat'><strong>?</strong></span> <span class='ocrx_word' id='word_1_839' title='bbox 1340 5597 1502 5654; x_wconf 91' lang='lat' dir='ltr'><strong>Unde</strong></span> <span class='ocrx_word' id='word_1_840' title='bbox 1523 5596 1759 5673; x_wconf 89' lang='lat' dir='ltr'><strong>quidem</strong></span> <span class='ocrx_word' id='word_1_841' title='bbox 1780 5617 2034 5678; x_wconf 89' lang='lat' dir='ltr'><strong>congrue</strong></span> <span class='ocrx_word' id='word_1_842' title='bbox 2058 5622 2181 5666; x_wconf 86' lang='lat' dir='ltr'><strong>cor-</strong></span> 
     </span>
    </p>
   </div>
   <div class='ocr_carea' id='block_1_105' title="bbox 2280 4462 3895 4534">
    <p class='ocr_par' dir='ltr' id='par_1_105' title="bbox 2280 4462 3895 4534">
     <span class='ocr_line' id='line_1_106' title="bbox 2280 4462 3895 4534; baseline 0.002 -19"><span class='ocrx_word' id='word_1_843' title='bbox 2280 4462 2641 4532; x_wconf 88' lang='lat' dir='ltr'><strong>nipotcntem</strong></span> <span class='ocrx_word' id='word_1_844' title='bbox 2682 4480 2803 4517; x_wconf 90' lang='lat' dir='ltr'><strong>esse</strong></span> <span class='ocrx_word' id='word_1_845' title='bbox 2822 4463 3106 4534; x_wconf 82' lang='lat' dir='ltr'><strong>judicant.</strong></span> <span class='ocrx_word' id='word_1_846' title='bbox 3139 4464 3201 4517; x_wconf 87' lang='lat' dir='ltr'><strong>In</strong></span> <span class='ocrx_word' id='word_1_847' title='bbox 3233 4463 3346 4517; x_wconf 88' lang='lat' dir='ltr'><strong>alia</strong></span> <span class='ocrx_word' id='word_1_848' title='bbox 3374 4464 3768 4518; x_wconf 88' lang='lat' dir='ltr'><strong>translatione</strong></span> <span class='ocrx_word' id='word_1_849' title='bbox 3796 4466 3895 4519; x_wconf 84' lang='lat' dir='ltr'><strong>ha-</strong></span> 
     </span>
    </p>
   </div>
   <div class='ocr_carea' id='block_1_106' title="bbox 2279 4550 3897 4624">
    <p class='ocr_par' dir='ltr' id='par_1_106' title="bbox 2279 4550 3897 4624">
     <span class='ocr_line' id='line_1_107' title="bbox 2279 4550 3897 4624; baseline 0 -18"><span class='ocrx_word' id='word_1_850' title='bbox 2279 4550 2489 4606; x_wconf 90' lang='lat' dir='ltr'><strong>betur:</strong></span> <span class='ocrx_word' id='word_1_851' title='bbox 2525 4550 3100 4606; x_wconf 86' lang='lat' dir='ltr'><strong>Transtuliteurumde</strong></span> <span class='ocrx_word' id='word_1_852' title='bbox 3124 4550 3267 4618; x_wconf 68' lang='lat' dir='ltr'><strong>celo,</strong></span> <span class='ocrx_word' id='word_1_853' title='bbox 3317 4551 3415 4623; x_wconf 91' lang='lat' dir='ltr'><strong>qui</strong></span> <span class='ocrx_word' id='word_1_854' title='bbox 3461 4551 3535 4605; x_wconf 89' lang='lat' dir='ltr'><strong>ad</strong></span> <span class='ocrx_word' id='word_1_855' title='bbox 3579 4553 3897 4624; x_wconf 83' lang='lat' dir='ltr'><strong>negotium</strong></span> 
     </span>
    </p>
   </div>
   <div class='ocr_carea' id='block_1_107' title="bbox 2279 4636 3904 4710">
    <p class='ocr_par' dir='ltr' id='par_1_107' title="bbox 2279 4636 3904 4710">
     <span class='ocr_line' id='line_1_108' title="bbox 2279 4636 3904 4710; baseline 0.002 -18"><span class='ocrx_word' id='word_1_856' title='bbox 2279 4638 2389 4693; x_wconf 91' lang='lat' dir='ltr'><strong>hoc</strong></span> <span class='ocrx_word' id='word_1_857' title='bbox 2412 4636 2637 4710; x_wconf 88' lang='lat' dir='ltr'><strong>ineptus</strong></span> <span class='ocrx_word' id='word_1_858' title='bbox 2653 4642 2797 4707; x_wconf 89' lang='lat' dir='ltr'><strong>erat,</strong></span> <span class='ocrx_word' id='word_1_859' title='bbox 2830 4643 3153 4710; x_wconf 70' lang='lat' dir='ltr'><strong>ceeteraque</strong></span> <span class='ocrx_word' id='word_1_860' title='bbox 3183 4638 3351 4710; x_wconf 90' lang='lat' dir='ltr'><strong>hujus</strong></span> <span class='ocrx_word' id='word_1_861' title='bbox 3392 4655 3589 4694; x_wconf 89' lang='lat' dir='ltr'><strong>versus</strong></span> <span class='ocrx_word' id='word_1_862' title='bbox 3624 4656 3754 4695; x_wconf 89' lang='lat' dir='ltr'><strong>non</strong></span> <span class='ocrx_word' id='word_1_863' title='bbox 3782 4658 3904 4695; x_wconf 79' lang='lat' dir='ltr'><strong>mu-</strong></span> 
     </span>
    </p>
   </div>
   <div class='ocr_carea' id='block_1_108' title="bbox 2281 4725 3901 4800">
    <p class='ocr_par' dir='ltr' id='par_1_108' title="bbox 2281 4725 3901 4800">
     <span class='ocr_line' id='line_1_109' title="bbox 2281 4725 3901 4800; baseline 0.003 -21"><span class='ocrx_word' id='word_1_864' title='bbox 2281 4728 2509 4793; x_wconf 90' lang='lat' dir='ltr'><strong>tantur;</strong></span> <span class='ocrx_word' id='word_1_865' title='bbox 2527 4730 2585 4781; x_wconf 91' lang='lat' dir='ltr'><strong>et</strong></span> <span class='ocrx_word' id='word_1_866' title='bbox 2606 4744 2709 4798; x_wconf 92' lang='lat' dir='ltr'><strong>per</strong></span> <span class='ocrx_word' id='word_1_867' title='bbox 2735 4728 3039 4800; x_wconf 88' lang='lat' dir='ltr'><strong>negotium</strong></span> <span class='ocrx_word' id='word_1_868' title='bbox 3060 4725 3221 4782; x_wconf 85' lang='lat' dir='ltr'><strong>africi</strong></span> <span class='ocrx_word' id='word_1_869' title='bbox 3235 4727 3379 4798; x_wconf 76' lang='lat' dir='ltr'><strong>pluit</strong></span> <span class='ocrx_word' id='word_1_870' title='bbox 3399 4744 3554 4798; x_wconf 85' lang='lat' dir='ltr'><strong>super</strong></span> <span class='ocrx_word' id='word_1_871' title='bbox 3572 4744 3663 4782; x_wconf 84' lang='lat' dir='ltr'><strong>eos</strong></span> <span class='ocrx_word' id='word_1_872' title='bbox 3692 4745 3901 4784; x_wconf 84' lang='lat' dir='ltr'><strong>carnes</strong></span> 
     </span>
    </p>
   </div>
   <div class='ocr_carea' id='block_1_109' title="bbox 2282 4812 3902 4888">
    <p class='ocr_par' dir='ltr' id='par_1_109' title="bbox 2282 4812 3902 4888">
     <span class='ocr_line' id='line_1_110' title="bbox 2282 4812 3902 4888; baseline 0.002 -20"><span class='ocrx_word' id='word_1_873' title='bbox 2282 4812 2648 4870; x_wconf 89' lang='lat' dir='ltr'><strong>abundanter</strong></span> <span class='ocrx_word' id='word_1_874' title='bbox 2688 4818 2825 4871; x_wconf 86' lang='lat' dir='ltr'><strong>sicut</strong></span> <span class='ocrx_word' id='word_1_875' title='bbox 2838 4818 3133 4888; x_wconf 83' lang='lat' dir='ltr'><strong>pulverem,</strong></span> <span class='ocrx_word' id='word_1_876' title='bbox 3167 4815 3226 4870; x_wconf 91' lang='lat' dir='ltr'><strong>id</strong></span> <span class='ocrx_word' id='word_1_877' title='bbox 3244 4818 3329 4869; x_wconf 88' lang='lat' dir='ltr'><strong>est</strong></span> <span class='ocrx_word' id='word_1_878' title='bbox 3348 4814 3419 4869; x_wconf 91' lang='lat' dir='ltr'><strong>ad</strong></span> <span class='ocrx_word' id='word_1_879' title='bbox 3447 4814 3902 4873; x_wconf 86' lang='lat' dir='ltr'><strong>similitudinem</strong></span> 
     </span>
    </p>
   </div>
   <div class='ocr_carea' id='block_1_110' title="bbox 2285 4902 3901 4977">
    <p class='ocr_par' dir='ltr' id='par_1_110' title="bbox 2285 4902 3901 4977">
     <span class='ocr_line' id='line_1_111' title="bbox 2285 4902 3901 4977; baseline 0.002 -21"><span class='ocrx_word' id='word_1_880' title='bbox 2285 4902 2690 4975; x_wconf 73' lang='lat' dir='ltr'><strong>pluviae,super</strong></span> <span class='ocrx_word' id='word_1_881' title='bbox 2707 4922 2802 4961; x_wconf 93' lang='lat' dir='ltr'><strong>eos</strong></span> <span class='ocrx_word' id='word_1_882' title='bbox 2817 4922 3018 4960; x_wconf 89' lang='lat' dir='ltr'><strong>carnes</strong></span> <span class='ocrx_word' id='word_1_883' title='bbox 3035 4903 3170 4959; x_wconf 85' lang='lat' dir='ltr'><strong>fecit</strong></span> <span class='ocrx_word' id='word_1_884' title='bbox 3196 4904 3405 4958; x_wconf 88' lang='lat' dir='ltr'><strong>cadere</strong></span> <span class='ocrx_word' id='word_1_885' title='bbox 3425 4905 3586 4976; x_wconf 85' lang='lat' dir='ltr'><strong>large</strong></span> <span class='ocrx_word' id='word_1_886' title='bbox 3608 4909 3679 4959; x_wconf 89' lang='lat' dir='ltr'><strong>ut</strong></span> <span class='ocrx_word' id='word_1_887' title='bbox 3706 4907 3901 4977; x_wconf 81' lang='lat' dir='ltr'><strong>pulve-</strong></span> 
     </span>
    </p>
   </div>
   <div class='ocr_carea' id='block_1_111' title="bbox 2283 4990 3900 5065">
    <p class='ocr_par' dir='ltr' id='par_1_111' title="bbox 2283 4990 3900 5065">
     <span class='ocr_line' id='line_1_112' title="bbox 2283 4990 3900 5065; baseline 0 -21"><span class='ocrx_word' id='word_1_888' title='bbox 2283 5006 2428 5045; x_wconf 92' lang='lat' dir='ltr'><strong>rem.</strong></span> <span class='ocrx_word' id='word_1_889' title='bbox 2448 4990 2699 5062; x_wconf 87' lang='lat' dir='ltr'><strong>Exponit</strong></span> <span class='ocrx_word' id='word_1_890' title='bbox 2729 4996 2924 5048; x_wconf 90' lang='lat' dir='ltr'><strong>autem</strong></span> <span class='ocrx_word' id='word_1_891' title='bbox 2958 5009 3098 5065; x_wconf 89' lang='lat' dir='ltr'><strong>quas</strong></span> <span class='ocrx_word' id='word_1_892' title='bbox 3133 5007 3356 5058; x_wconf 88' lang='lat' dir='ltr'><strong>carnes,</strong></span> <span class='ocrx_word' id='word_1_893' title='bbox 3389 5008 3524 5045; x_wconf 91' lang='lat' dir='ltr'><strong>cum</strong></span> <span class='ocrx_word' id='word_1_894' title='bbox 3554 4993 3767 5047; x_wconf 85' lang='lat' dir='ltr'><strong>subdit</strong></span> <span class='ocrx_word' id='word_1_895' title='bbox 3800 5010 3815 5047; x_wconf 92' lang='lat'><strong>:</strong></span> <span class='ocrx_word' id='word_1_896' title='bbox 3850 5000 3900 5046; x_wconf 83' lang='lat' dir='ltr'><strong>et</strong></span> 
     </span>
    </p>
   </div>
   <div class='ocr_carea' id='block_1_112' title="bbox 2282 5079 3900 5152">
    <p class='ocr_par' dir='ltr' id='par_1_112' title="bbox 2282 5079 3900 5152">
     <span class='ocr_line' id='line_1_113' title="bbox 2282 5079 3900 5152; baseline 0 -19"><span class='ocrx_word' id='word_1_897' title='bbox 2282 5095 2388 5152; x_wconf 91' lang='lat' dir='ltr'><strong>pro</strong></span> <span class='ocrx_word' id='word_1_898' title='bbox 2429 5079 2643 5135; x_wconf 87' lang='lat' dir='ltr'><strong>scilicet</strong></span> <span class='ocrx_word' id='word_1_899' title='bbox 2691 5080 2927 5136; x_wconf 83' lang='lat' dir='ltr'><strong>volatilia</strong></span> <span class='ocrx_word' id='word_1_900' title='bbox 2959 5088 3220 5151; x_wconf 77' lang='lat' dir='ltr'><strong>pennata,</strong></span> <span class='ocrx_word' id='word_1_901' title='bbox 3273 5079 3601 5135; x_wconf 90' lang='lat' dir='ltr'><strong>coturnices</strong></span> <span class='ocrx_word' id='word_1_902' title='bbox 3631 5080 3900 5135; x_wconf 82' lang='lat' dir='ltr'><strong>videlicet</strong></span> 
     </span>
    </p>
   </div>
   <div class='ocr_carea' id='block_1_113' title="bbox 2281 5166 3899 5240">
    <p class='ocr_par' dir='ltr' id='par_1_113' title="bbox 2281 5166 3899 5240">
     <span class='ocr_line' id='line_1_114' title="bbox 2281 5166 3899 5240; baseline 0.002 -20"><span class='ocrx_word' id='word_1_903' title='bbox 2281 5166 2427 5239; x_wconf 88' lang='lat' dir='ltr'><strong>pluit</strong></span> <span class='ocrx_word' id='word_1_904' title='bbox 2455 5185 2626 5240; x_wconf 90' lang='lat' dir='ltr'><strong>super</strong></span> <span class='ocrx_word' id='word_1_905' title='bbox 2652 5185 2749 5224; x_wconf 90' lang='lat' dir='ltr'><strong>eos</strong></span> <span class='ocrx_word' id='word_1_906' title='bbox 2771 5170 3135 5225; x_wconf 87' lang='lat' dir='ltr'><strong>abundanter</strong></span> <span class='ocrx_word' id='word_1_907' title='bbox 3150 5168 3292 5223; x_wconf 91' lang='lat' dir='ltr'><strong>sicut</strong></span> <span class='ocrx_word' id='word_1_908' title='bbox 3308 5183 3549 5223; x_wconf 90' lang='lat' dir='ltr'><strong>arenam</strong></span> <span class='ocrx_word' id='word_1_909' title='bbox 3564 5169 3899 5224; x_wconf 79' lang='lat' dir='ltr'><strong>maris.Non</strong></span> 
     </span>
    </p>
   </div>
   <div class='ocr_carea' id='block_1_114' title="bbox 2282 5254 3899 5329">
    <p class='ocr_par' dir='ltr' id='par_1_114' title="bbox 2282 5254 3899 5329">
     <span class='ocr_line' id='line_1_115' title="bbox 2282 5254 3899 5329; baseline 0 -20"><span class='ocrx_word' id='word_1_910' title='bbox 2282 5254 2419 5309; x_wconf 89' lang='lat' dir='ltr'><strong>dicit</strong></span> <span class='ocrx_word' id='word_1_911' title='bbox 2436 5263 2674 5326; x_wconf 82' lang='lat' dir='ltr'><strong>pennata</strong></span> <span class='ocrx_word' id='word_1_912' title='bbox 2703 5256 2858 5329; x_wconf 90' lang='lat' dir='ltr'><strong>quod</strong></span> <span class='ocrx_word' id='word_1_913' title='bbox 2878 5258 3105 5312; x_wconf 90' lang='lat' dir='ltr'><strong>volatile</strong></span> <span class='ocrx_word' id='word_1_914' title='bbox 3149 5257 3219 5311; x_wconf 89' lang='lat' dir='ltr'><strong>sit</strong></span> <span class='ocrx_word' id='word_1_915' title='bbox 3247 5254 3481 5327; x_wconf 89' lang='lat' dir='ltr'><strong>aliquod</strong></span> <span class='ocrx_word' id='word_1_916' title='bbox 3516 5270 3645 5309; x_wconf 89' lang='lat' dir='ltr'><strong>non</strong></span> <span class='ocrx_word' id='word_1_917' title='bbox 3679 5270 3899 5327; x_wconf 87' lang='lat' dir='ltr'><strong>penna-</strong></span> 
     </span>
    </p>
   </div>
   <div class='ocr_carea' id='block_1_115' title="bbox 2278 5343 3897 5417">
    <p class='ocr_par' dir='ltr' id='par_1_115' title="bbox 2278 5343 3897 5417">
     <span class='ocr_line' id='line_1_116' title="bbox 2278 5343 3897 5417; baseline 0.001 -22"><span class='ocrx_word' id='word_1_918' title='bbox 2278 5345 2427 5410; x_wconf 92' lang='lat' dir='ltr'><strong>tum,</strong></span> <span class='ocrx_word' id='word_1_919' title='bbox 2462 5343 2560 5396; x_wconf 89' lang='lat' dir='ltr'><strong>sed</strong></span> <span class='ocrx_word' id='word_1_920' title='bbox 2593 5360 2694 5415; x_wconf 85' lang='lat' dir='ltr'><strong>per</strong></span> <span class='ocrx_word' id='word_1_921' title='bbox 2722 5345 2830 5400; x_wconf 86' lang='lat' dir='ltr'><strong>hoc</strong></span> <span class='ocrx_word' id='word_1_922' title='bbox 2862 5344 2961 5401; x_wconf 90' lang='lat' dir='ltr'><strong>Dei</strong></span> <span class='ocrx_word' id='word_1_923' title='bbox 2989 5344 3313 5417; x_wconf 88' lang='lat' dir='ltr'><strong>potentiam</strong></span> <span class='ocrx_word' id='word_1_924' title='bbox 3335 5343 3748 5412; x_wconf 87' lang='lat' dir='ltr'><strong>commendat,</strong></span> <span class='ocrx_word' id='word_1_925' title='bbox 3768 5360 3897 5398; x_wconf 83' lang='lat' dir='ltr'><strong>cum</strong></span> 
     </span>
    </p>
   </div>
   <div class='ocr_carea' id='block_1_116' title="bbox 2280 5430 3897 5504">
    <p class='ocr_par' dir='ltr' id='par_1_116' title="bbox 2280 5430 3897 5504">
     <span class='ocr_line' id='line_1_117' title="bbox 2280 5430 3897 5504; baseline -0.001 -19"><span class='ocrx_word' id='word_1_926' title='bbox 2280 5430 2515 5486; x_wconf 85' lang='lat' dir='ltr'><strong>volatilia</strong></span> <span class='ocrx_word' id='word_1_927' title='bbox 2537 5440 2777 5504; x_wconf 79' lang='lat' dir='ltr'><strong>pennata</strong></span> <span class='ocrx_word' id='word_1_928' title='bbox 2799 5433 2879 5488; x_wconf 87' lang='lat' dir='ltr'><strong>ita</strong></span> <span class='ocrx_word' id='word_1_929' title='bbox 2901 5433 3109 5489; x_wconf 86' lang='lat' dir='ltr'><strong>cadere</strong></span> <span class='ocrx_word' id='word_1_930' title='bbox 3126 5431 3394 5498; x_wconf 86' lang='lat' dir='ltr'><strong>faciebat,</strong></span> <span class='ocrx_word' id='word_1_931' title='bbox 3429 5446 3494 5484; x_wconf 89' lang='lat' dir='ltr'><strong>ac</strong></span> <span class='ocrx_word' id='word_1_932' title='bbox 3511 5430 3557 5484; x_wconf 90' lang='lat' dir='ltr'><strong>si</strong></span> <span class='ocrx_word' id='word_1_933' title='bbox 3571 5432 3791 5502; x_wconf 89' lang='lat' dir='ltr'><strong>pennis</strong></span> <span class='ocrx_word' id='word_1_934' title='bbox 3819 5448 3897 5485; x_wconf 83' lang='lat' dir='ltr'><strong>es-</strong></span> 
     </span>
    </p>
   </div>
   <div class='ocr_carea' id='block_1_117' title="bbox 2279 5517 3888 5593">
    <p class='ocr_par' dir='ltr' id='par_1_117' title="bbox 2279 5517 3888 5593">
     <span class='ocr_line' id='line_1_118' title="bbox 2279 5517 3888 5593; baseline -0.001 -21"><span class='ocrx_word' id='word_1_935' title='bbox 2279 5522 2407 5574; x_wconf 88' lang='lat' dir='ltr'><strong>sent</strong></span> <span class='ocrx_word' id='word_1_936' title='bbox 2431 5522 2687 5577; x_wconf 88' lang='lat' dir='ltr'><strong>carentia</strong></span> <span class='ocrx_word' id='word_1_937' title='bbox 2715 5520 2856 5575; x_wconf 89' lang='lat' dir='ltr'><strong>Etut</strong></span> <span class='ocrx_word' id='word_1_938' title='bbox 2878 5523 3066 5593; x_wconf 89' lang='lat' dir='ltr'><strong>majus</strong></span> <span class='ocrx_word' id='word_1_939' title='bbox 3083 5521 3230 5575; x_wconf 90' lang='lat' dir='ltr'><strong>esset</strong></span> <span class='ocrx_word' id='word_1_940' title='bbox 3257 5518 3356 5574; x_wconf 88' lang='lat' dir='ltr'><strong>Dei</strong></span> <span class='ocrx_word' id='word_1_941' title='bbox 3386 5517 3751 5574; x_wconf 86' lang='lat' dir='ltr'><strong>beneﬁcium</strong></span> <span class='ocrx_word' id='word_1_942' title='bbox 3782 5534 3888 5573; x_wconf 89' lang='lat' dir='ltr'><strong>non</strong></span> 
     </span>
    </p>
   </div>
   <div class='ocr_carea' id='block_1_118' title="bbox 2280 5606 3889 5687">
    <p class='ocr_par' dir='ltr' id='par_1_118' title="bbox 2280 5606 3889 5687">
     <span class='ocr_line' id='line_1_119' title="bbox 2280 5606 3889 5687; baseline -0.006 -20"><span class='ocrx_word' id='word_1_943' title='bbox 2280 5610 2532 5687; x_wconf 89' lang='lat' dir='ltr'><strong>oportuit</strong></span> <span class='ocrx_word' id='word_1_944' title='bbox 2544 5611 2640 5669; x_wconf 88' lang='lat' dir='ltr'><strong>illa</strong></span> <span class='ocrx_word' id='word_1_945' title='bbox 2653 5611 2904 5669; x_wconf 88' lang='lat' dir='ltr'><strong>volatilia</strong></span> <span class='ocrx_word' id='word_1_946' title='bbox 2914 5609 3181 5669; x_wconf 89' lang='lat' dir='ltr'><strong>cadentia</strong></span> <span class='ocrx_word' id='word_1_947' title='bbox 3191 5606 3643 5687; x_wconf 78' lang='lat' dir='ltr'><strong>quaererelonge</strong></span> <span class='ocrx_word' id='word_1_948' title='bbox 3658 5606 3889 5665; x_wconf 81' lang='lat' dir='ltr'><strong>acastris</strong></span> 
     </span>
    </p>
   </div>
  </div>
