3970 6040
540 338 676 410 1043

1140 350 1197 407 S.
1228 340 1573 407 BRUNONIS
1611 338 2250 407 CARTHUSIANORUM
2286 342 2754 405 INSTITUTORIS
2787 341 2941 405 OPP.
2976 343 3154 403 PARS
3184 347 3227 402 Ι.

3716 342 3861 401 to“

536 472 616 524 Ac
645 468 690 526 si
720 468 900 524 dicat:
925 469 1149 524 Partem
1165 470 1619 542 occidit,partem
1641 471 1835 523 autem
1852 468 1925 522 ad
1942 472 2212 530 creau-"A
2248 470 2600 536 mortuntur,
2632 469 2765 541 quia
2792 466 2919 521 vani
2947 470 3099 521 sunt.
3130 466 3228 520 Vel
3259 464 3335 520 sic
3360 480 3373 520 :
3426 465 3721 520 Deﬁciunt
3751 465 3861 518 dies

541 559 679 613 dum
710 557 855 611 filios
885 557 1092 629 quibus
1118 558 1490 612 misereretur
1519 558 1577 611 in
1608 558 1799 611 futuro
1839 555 2143 622 dimisit,et

544 650 604 700 ut
626 645 1028 700 misericordia
1068 646 1405 712 abundaret,
1426 645 1727 699 recordatus
1751 651 1823 698 est
1854 644 1995 715 quod
2017 660 2140 697 caro

539 733 747 795 sunt,id
760 734 1096 787 estcarnalis
1112 732 1372 787 materiei
1391 736 1521 787 sunt
1537 737 1594 786 et
1612 732 1915 803 fragilis,et
1939 748 2139 802 pronae

542 822 615 875 ad
640 822 1032 893 peccandum:
1087 826 1143 876 et
1170 821 1299 876 ideo
1333 821 1566 892 fragiles
1614 822 1769 893 quod
1813 824 2049 893 spiritus,
2083 821 2142 875 id

542 912 629 963 est
659 909 806 964 ratio
858 927 1058 964 eorum
1106 913 1190 964 est
1216 910 1426 976 vadens,
1456 910 1512 963 id
1545 914 1629 964 est
1653 926 1686 963 a
1718 911 1832 964 Deo
1865 909 2141 964 recedens

541 1012 647 1071 per
678 1001 998 1069 peccatum,
1031 1004 1079 1051 et
1122 1015 1227 1051 non
1259 998 1459 1052 rediens
1495 1014 1597 1069 per
1629 1014 1706 1051 se.
1742 997 1907 1060 Quod
1934 1001 2019 1052 est
2053 997 2138 1051 di-

538 1100 698 1138 cere:
727 1085 1051 1139 Recordatus
1080 1094 1153 1139 est
1179 1086 1331 1157 quod
1362 1086 1509 1140 ratio
1540 1101 1741 1139 eorum
1762 1101 1833 1155 po
1847 1088 1954 1139 test
1977 1087 2138 1139 aDeo

539 1187 642 1242 per
668 1188 726 1225 se
752 1174 1041 1239 recedere,
1074 1173 1172 1227 sed
1203 1172 1466 1239 minime,
1501 1172 1606 1227 nisi
1629 1173 1729 1227 Dei
1757 1173 1943 1243 gratia
1968 1173 2138 1225 redu-

538 1262 723 1326 cente,
757 1260 968 1315 redire.
1018 1262 1142 1315 Non
1175 1261 1309 1315 dicit
1346 1261 1667 1326 recordatus,
1701 1261 1855 1332 quod
1885 1276 2142 1331 unquam

536 1346 735 1401 fuisset
765 1348 996 1415 oblitus,
1022 1349 1126 1402 sed
1155 1349 1430 1420 quoniam
1462 1348 1774 1404 occidendo
1792 1348 1959 1403 eosin
1978 1350 2142 1420 parte

536 1434 839 1489 videbatur
871 1436 1097 1490 oblitus.

608 1523 824 1575 llorum
841 1522 1142 1578 duodecim
1156 1541 1420 1579 versuum
1434 1524 1625 1579 littera
1642 1523 2145 1597 pertractata,alle-

540 1611 704 1682 goria
730 1611 1066 1682 attingatur.
1091 1612 1225 1668 Dico
1249 1614 1401 1685 quod
1407 1631 1605 1684 panem
1620 1615 1927 1684 angelorum
1956 1630 2139 1666 man--

538 1700 696 1753 ducat
717 1702 871 1753 homo
903 1701 1162 1773 quisque,
1198 1705 1255 1756 et
1276 1702 1458 1757 ﬁdelis
1489 1707 1546 1757 ct
1571 1702 1839 1757 inﬁdelis.
1875 1704 1941 1756 Et
1974 1719 2139 1756 man-

2244 575 2424 612 corum
2455 562 2518 612 ut
2549 560 2601 611 in
2652 558 2888 612 vanitate
2918 556 3036 609 nati
3088 572 3208 609 esse
3241 554 3570 621 videantur,
3625 557 3689 608 et
3734 553 3861 607 sine

2242 647 2508 709 utilitate,
2535 663 2666 700 cum
2700 645 2775 700 sic
2808 645 3152 711 moriantur,
3184 648 3242 697 et
3268 659 3385 697 non
3410 642 3618 697 defecit
3645 658 3859 697 eorum

2241 736 2354 789 vita
2374 734 2558 800 tarde,
2586 734 2685 788 sed
2714 737 2846 787 anni
2870 751 3070 799 eorum,
3104 731 3161 785 id
3186 734 3270 786 est
3290 731 3405 784 vita
3429 747 3633 786 eorum
3660 730 3863 785 deﬁcit

2242 839 2374 876 cum
2410 821 2796 888 festinatione,
2848 821 2907 875 id
2959 823 3045 874 est
3072 821 3182 875 cito
3214 819 3563 874 moriuntur.
3600 819 3671 872 Et
3726 834 3860 872 cum

2242 912 2390 965 Deus
2416 910 2620 964 occidit
2651 925 2767 976 eos,
2802 908 3133 980 superstites
3164 910 3432 980 quaerunt
3458 923 3592 961 eum
3627 906 3860 961 orando

2241 1004 2304 1053 ut
2344 1003 2560 1070 parcat,
2607 1004 2664 1053 et
2694 1000 3059 1053 revertuntur
3112 997 3183 1051 ad
3241 1012 3395 1064 eum,
3438 994 3863 1067 promittentes

2241 1087 2632 1141 obedientiam
2658 1086 2701 1140 si
2734 1084 3059 1156 pepercerit
3088 1104 3100 1138 :
3130 1088 3188 1139 et
3219 1084 3497 1151 diluculo,
3528 1083 3588 1137 id
3615 1084 3711 1137 est
3741 1086 3861 1136 stu-

2243 1174 2400 1229 diose
2430 1174 2667 1229 veniunt
2696 1175 2771 1228 ad
2799 1189 2933 1228 eum
2975 1188 3078 1244 per
3131 1171 3570 1243 pmnitentiam:
3606 1172 3667 1224 et
3701 1169 3865 1240 quod

2241 1279 2346 1334 per
2373 1262 2700 1333 superbiam
2730 1261 2890 1317 obliti
2917 1263 3083 1315 erant
3101 1263 3587 1313 rememorantur.
3624 1256 3867 1312 Scilicet

2243 1353 2735 1415 rememorantur,
2755 1351 2879 1420 quia
2894 1347 3044 1401 Deus
3068 1346 3387 1418 adjutor_est
3406 1362 3587 1399 eorum
3616 1344 3694 1397 ad
3708 1344 3864 1398 bene

2243 1436 2696 1510 c00perandum,
2719 1443 2769 1490 et
2797 1435 2940 1489 Deus
2966 1434 3194 1488 excelsus
3221 1432 3538 1503 Redemptor
3565 1450 3761 1487 eorum
3791 1439 3864 1484 est

2243 1542 2347 1596 per
2372 1529 2623 1579 mortem
2651 1524 2916 1590 crucis,ct
2942 1527 3083 1577 tunc
3107 1521 3353 1592 diligunt
3378 1537 3495 1573 eum
3529 1522 3587 1572 in
3617 1536 3718 1573 ore
3743 1536 3862 1583 suo,

2243 1614 2300 1667 id
2313 1617 2397 1667 est
2413 1614 2471 1667 in
2487 1630 2584 1667 ore
2604 1611 2791 1666 fallaci
2813 1610 3057 1666 :scilicet
3083 1610 3281 1665 dicunt
3306 1624 3364 1663 se
3387 1607 3629 1678 diligere
3645 1609 3863 1669 Deum,

2240 1708 2289 1754 et
2316 1702 2498 1771 lingua
2554 1718 2651 1754 sua
2697 1701 2909 1756 mentiti
2962 1705 3087 1753 sunt
3118 1700 3185 1765 ei,
3211 1696 3269 1750 id
3293 1699 3379 1750 est
3405 1695 3787 1750 mentiuntur
3815 1693 3864 1747 ei

541 1789 771 1856 ducant,
803 1788 1062 1860 inquam,
1092 1789 1290 1844 ﬁdeles
1320 1794 1378 1845 et
1402 1790 1684 1852 inﬁdeles,
1723 1794 1782 1845 et
1811 1793 2143 1845 saturantur
2171 1796 2220 1854 B
2242 1789 2433 1860 liagua
2460 1787 2667 1854 fallaci,
2700 1804 2827 1859 qum
2867 1803 3071 1841 eorum
3125 1788 3210 1839 est
3242 1800 3358 1838 non
3391 1781 3511 1839 Dei.
3544 1781 3657 1837 Cor
3680 1789 3865 1835 autem

538 1876 737 1931 ﬁdeles
763 1894 829 1931 ex
861 1894 951 1944 eo,
977 1877 1381 1934 inﬁdelesvcro
1402 1878 1660 1946 minime,
1688 1878 1901 1933 scilicet
1920 1879 2143 1949 replen-

536 1968 630 2018 tur
662 1981 764 2035 pcr
792 1964 953 2018 illum
985 1982 1194 2037 panem
1216 1968 1557 2037 angelorum
1583 1983 1645 2021 re
1666 1965 2141 2032 sacramenti,sci-

538 2051 671 2107 licet
700 2053 913 2108 unione
950 2054 1210 2109 Ecclesia:
1238 2058 1294 2109 et
1346 2054 1701 2125 perfectione
1742 2055 2055 2109 virtutum:
2086 2058 2144 2108 et

542 2140 677 2211 quia
700 2140 793 2195 hic
822 2157 885 2195 re
914 2142 1257 2196 sacramenti
1285 2143 1586 2209 satiantur,
1606 2142 1807 2197 afferet
1826 2141 1904 2196 eis
1918 2141 2146 2195 deside-

540 2226 690 2280 rium
722 2243 947 2295 eorum,
969 2228 1365 2282 scilicctvitam
1384 2229 2143 2299 eetcrnaminfuturo,quam
2164 2272 2183 2286 .

540 2330 644 2386 per
657 2318 1084 2369 sacramentum
1098 2315 1335 2387 adipisci
1359 2316 1689 2371 desiderant
1712 2333 1725 2370 :
1750 2319 1809 2369 et
1828 2332 1949 2370 non
1973 2331 2144 2385 parce

541 2400 742 2456 afferet
771 2403 1119 2457 desiderium
1135 2419 1360 2470 eorum,
1378 2404 1477 2458 sed
1494 2404 1641 2458 adeo
1658 2404 2008 2474 plcne,quod
2025 2419 2144 2458 non

541 2489 1047 2557 fraudabuntur,id
1062 2495 1147 2545 cst
1161 2507 1276 2546 non
1293 2491 1696 2546 diminuentur
1711 2510 1743 2545 a
1763 2491 2015 2545 desiderio
2027 2508 2142 2558 suo,

542 2577 645 2631 sed
674 2577 895 2649 plenius
915 2579 1256 2633 obtinebunt
1272 2596 1445 2650 quam
1474 2578 1967 2635 desiderent.Dico
1990 2580 2147 2651 quod

546 2666 1030 2720 manducantibus
1082 2667 1179 2739 qui
1208 2671 1541 2721 saturantur
1569 2668 1770 2722 afferet
1799 2666 2147 2722 desiderium

544 2771 769 2809 eorum.
805 2755 916 2809 Hos
934 2758 1127 2808 autem
1146 2755 1239 2826 qui
1257 2756 1502 2809 saturari
1523 2757 1729 2810 nolunt
1750 2756 1912 2827 punit
1939 2755 2032 2809 hic
2062 2754 2149 2809 in-

549 2842 744 2897 dilatc.
780 2843 922 2896 Nam
956 2860 1086 2897 cum
1114 2844 1287 2897 adhuc
1316 2861 1438 2897 esca:
1462 2841 1654 2897 sint'in
1680 2860 1767 2897 ore
1784 2846 2037 2914 ipsorum,
2066 2860 2151 2896 as-

548 2930 721 2983 cendit
747 2931 829 2984 ira
870 2930 974 2983 Dei
1014 2948 1170 3001 super
1202 2948 1304 2984 eos.
1360 2930 1525 2995 Quod
1564 2934 1647 2985 est
1679 2931 1901 2985 dicere:
1937 2933 1999 2985 In
2033 2930 2156 3001 ipsa

550 3018 726 3073 etiam
760 3019 1138 3085 comestione,
1172 3019 1586 3090 multiplicatur
1606 3019 1691 3073 ira
1718 3020 1819 3073 Dei
1845 3020 1903 3073 in
1928 3035 2158 3090 Oppres-

550 3105 711 3161 sione
742 3123 941 3162 eorum
966 3106 1118 3176 ipsos
1138 3106 1378 3163 interius
1408 3107 1768 3173 excmcando,
1796 3107 2156 3178 quiairreve-

553 3198 752 3249 renter
782 3194 1095 3249 comedunt
1123 3198 1180 3248 et
1210 3194 1464 3265 indigne.
1502 3195 1624 3249 Non
1651 3195 1834 3249 solum
1870 3196 2063 3248 autem
2082 3196 2162 3247 ira

554 3282 662 3337 Dei
686 3283 918 3337 ascendit
937 3300 1091 3353 super
1105 3300 1208 3352 eos,
1236 3281 1529 3352 puniendo
1564 3282 1939 3349 interius,sed
1955 3286 2013 3337 et
2035 3298 2165 3337 cor-

557 3370 835 3441 poraliter
881 3370 1070 3423 occidit
1116 3372 1342 3440 pingues
1370 3387 1552 3423 eorum
1592 3371 1894 3442 superbos,
1949 3370 2165 3424 scilicet

562 3458 656 3528 qui
688 3458 930 3529 superbe
962 3461 1017 3511 et
1040 3458 1166 3511 sine
1192 3458 1514 3512 reverentia
1539 3458 1611 3512 ad
1629 3458 1722 3529 buj
1734 3476 1796 3511 us
1819 3460 2167 3514 sacramenti

562 3546 979 3600 comestionem
1000 3545 1297 3600 accedunt.
1314 3547 1475 3601 Unde
1491 3546 1626 3600 dicit
1647 3549 1967 3619 Apostolus:
1998 3548 2164 3603 «Ideo

568 3633 731 3688 multi
762 3633 913 3689 inter
941 3650 1039 3689 vos
1068 3633 1285 3690 inﬁrmi
1311 3638 1368 3689 et
1416 3634 1751 3701 imbecilles,
1784 3638 1842 3689 et
1867 3636 2166 3690 dormiunt

567 3722 733 3776 multi
765 3721 823 3795 (Ι
857 3720 983 3780 Cor.
1016 3740 1075 3789 ιι,
1111 3723 1219 3795 3)»
1282 3723 1633 3778 dormitione
1682 3725 1903 3778 mortis.
1964 3725 2034 3777 Et
2060 3739 2165 3794 pro

568 3827 771 3865 eorum
800 3811 1084 3866 occisione
1112 3812 1357 3883 impedit
1384 3813 1566 3866 electos
1597 3814 1789 3878 Israel,
1823 3813 2037 3866 scilicet
2064 3796 2195 3865 Ec:

569 3901 750 3955 clcsia:
782 3902 1073 3972 praelatos,
1105 3900 1241 3955 facit
1294 3900 1603 3971 impeditos
1904 3916 2166 3971 compas-

570 3989 729 4044 sionc
762 3989 991 4044 illorum
1021 4006 1165 4061 quos
1195 3989 1423 4055 occidit,
1454 4007 1586 4043 cum
1617 3991 1913 4060 nequeant
1938 3989 2017 4042 eis
2048 4006 2173 4044 ora-

571 4078 823 4132 tionibus
861 4078 1184 4132 subvenire.
1217 4078 1315 4131 Vel
1371 4078 1482 4131 sic:
1518 4079 1643 4131 Non
1676 4078 1862 4131 solum
1915 4077 2173 4131 subditos

571 4164 617 4218 si
649 4164 891 4235 pingues
915 4164 1028 4218 sint
1059 4166 1243 4235 punit,
1260 4165 1359 4219 sed
1381 4168 1438 4219 et
1463 4165 1675 4219 electos
1701 4165 1961 4219 Ecclesia:
1982 4165 2026 4220 si
2052 4166 2176 4237 pin-

573 4256 848 4322 guescant
885 4251 1144 4322 impedit,
1176 4253 1261 4306 vel
1288 4256 1476 4306 morte
1503 4268 1782 4323 corporea
1809 4254 1895 4307 vel
1926 4253 2172 4309 diminu-

2193 3072 2240 3131 C

2242 1894 2429 1931 eorum
2460 1894 2566 1931 non
2596 1879 2681 1931 est
2710 1882 2932 1941 rectum,
2966 1874 3024 1927 id
3055 1878 3142 1927 est
3192 1871 3453 1943 iniquum
3488 1873 3595 1937 est,
3643 1870 3865 1924 scilicet

2245 1983 2363 2021 non
2392 1968 2476 2020 est
2515 1981 2645 2018 cum
2678 1980 2745 2019 co
2783 1965 2899 2017 Deo
2941 1961 2997 2015 in
3038 1961 3194 2016 bona
3221 1961 3515 2016 voluntate
3542 1958 3862 2029 particeps.

2245 2055 2357 2108 Nec
2414 2054 2705 2107 habentur
2745 2051 2941 2119 ﬁdeles,
2974 2049 3031 2104 id
3061 2053 3147 2103 est
3194 2064 3421 2104 veraces
3461 2049 3516 2099 in
3544 2052 3865 2100 testamento

2245 2143 2375 2211 ejus,
2410 2140 2622 2195 scilicet
2648 2156 2765 2193 non
2798 2140 3113 2210 Operantur
3138 2138 3307 2203 bene,
3338 2140 3400 2191 ut
3423 2135 3624 2190 ﬁdeles
3653 2133 3776 2188 sint
3807 2133 3864 2186 in

2246 2227 2626 2299 promissione
2649 2243 2823 2298 quam
2852 2225 2956 2296 ipsi
2984 2225 3270 2297 baptismo
3301 2225 3585 2286 fecerunt,
3618 2223 3730 2276 sub
3762 2237 3865 2293 pa-

2247 2318 2534 2372 trinorum
2562 2313 2916 2369 testimonio.
2951 2314 3088 2367 Dico
3105 2313 3380 2385 quodipsi
3411 2316 3544 2367 sunt
3569 2310 3861 2365 inﬁdeles:

2246 2403 2363 2475 Ipse
2393 2411 2572 2458 autem
2598 2405 2746 2457 Deus
2775 2417 2905 2456 cum
2939 2417 3044 2472 pro
3076 2417 3277 2455 eorum
3300 2401 3546 2456 falsitate
3553 2400 3715 2471 juste
3737 2414 3869 2468 pos-

2248 2496 2334 2547 set
2362 2507 2460 2547 cos
2491 2506 2693 2546 omnes
2724 2489 2990 2560 perdere,
3018 2490 3309 2542 misericors
3340 2495 3413 2542 est
3436 2485 3791 2543 naturaliter
3807 2488 3867 2539 ut

2250 2597 2366 2635 non
2395 2580 2692 2645 irascatur,
2717 2585 2767 2631 et
2779 2578 3045 2647 propitius
3074 2578 3165 2645 ﬁet
3181 2578 3417 2647 peccatis
3447 2591 3650 2641 eorum,
3679 2575 3744 2629 in
3777 2573 3864 2627 fu-

2250 2672 2379 2722 turo
2412 2684 2479 2721 ea
2506 2665 2883 2737 indulgendo,
2912 2672 2960 2718 et
2986 2682 3091 2718 non
3115 2664 3376 2734 disperdet
3414 2682 3501 2717 eas
3526 2663 3583 2717 in
3641 2662 3861 2724 futuro,

2253 2773 2356 2810 ceu
2387 2757 2826 2827 promerentur;
2850 2753 2949 2807 sed
2979 2753 3299 2806 clementer
3325 2769 3424 2807 eos
3443 2751 3778 2815 salvabit,et
3795 2766 3864 2803 ne

2255 2844 2312 2898 iu
2352 2846 2545 2899 futuro
2600 2860 2696 2898 cos
2725 2845 2945 2896 (eterna
2976 2840 3180 2911 perdat
3211 2844 3422 2908 morte,
3461 2839 3727 2895 abundat
3776 2838 3864 2891 hic

2257 2932 2672 2997 misericordia,
2700 2937 2762 2987 ut
2787 2932 3006 2987 avertat
3033 2929 3125 2983 hic
3156 2930 3313 2983 iram.
3343 2928 3401 2982 id
3431 2932 3518 2983 est
3547 2927 3863 2981 vindictam

2258 3038 2445 3089 suam,
2478 3037 2550 3075 ne
2579 3038 2677 3075 eos
2706 3019 3083 3091 corporaliter
3126 3016 3457 3079 interﬁciat,
3486 3016 3590 3070 sed
3622 3015 3707 3069 eis
3739 3030 3863 3086 par-

2261 3111 2444 3165 cendo
2473 3110 2663 3165 locum
2693 3107 3049 3178 puenitentize
3074 3106 3309 3162 tribuat.
3330 3106 3409 3159 Ne
3440 3121 3575 3158 vero
3607 3104 3691 3157 sic
3723 3102 3870 3157 vide-

2262 3199 2588 3254 returiram
2619 3200 2899 3262 avertere,
2929 3199 3113 3250 utnec
3145 3194 3387 3266 ﬂagellis
3404 3191 3761 3248 transitoriis
3780 3207 3872 3244 eos

2265 3288 2541 3353 afﬁceret,
2576 3284 2926 3339 determinat
2964 3284 3075 3337 hoc
3106 3299 3237 3337 cum
3270 3282 3469 3337 addit:
3534 3281 3603 3334 Et
3632 3279 3715 3333 sic
3749 3278 3873 3333 dico

2266 3379 2485 3430 avertet
2513 3377 2669 3439 iram,
2704 3377 2764 3427 ut
2779 3390 2884 3426 non
2901 3370 3179 3426 accendat
3206 3387 3413 3424 omnem
3436 3371 3575 3422 iram
3603 3385 3787 3428 suam,
3820 3366 3875 3419 id

2268 3464 2352 3515 cst
2382 3478 2498 3515 non
2530 3460 2797 3515 ostendat
2823 3476 3059 3513 omnem
3084 3457 3396 3512 vindictam
3414 3472 3589 3528 quam
3598 3455 3736 3526 jure
3754 3470 3878 3526 pos-

2267 3553 2354 3604 set
2373 3549 2791 3604 ostendere.Ac
2816 3547 2860 3601 si
2883 3547 3121 3601 dicatzln
3137 3550 3297 3616 parte
3319 3562 3378 3599 se
3405 3545 3475 3599 de
3497 3543 3579 3598 eis
3602 3542 3879 3609 vindicat,

2267 3637 2599 3708 castigando
2629 3653 2725 3691 eos
2740 3635 2979 3707 flagellis
3003 3633 3350 3689 transitoriis
3381 3631 3595 3706 pietate
3610 3635 3875 3703 paterna;

2268 3725 2327 3779 in
2351 3728 2511 3795 parte
2528 3741 2659 3778 vero
2680 3739 2923 3794 parcens
2933 3725 3118 3789 est,ne
3133 3719 3609 3775 interﬁciat.Etut
3628 3735 3774 3791 erga
3790 3735 3879 3772 eos

2271 3814 2525 3868 abundet
2551 3812 2965 3878 misericordia,
2996 3811 3336 3866 recordatur
3366 3812 3491 3881 quia
3517 3826 3644 3863 caro
3674 3807 3875 3877 sunt,id

2271 3906 2357 3957 est
2381 3902 2637 3957 carnales
2668 3903 2726 3954 et
2772 3900 3031 3971 fragiles,
3066 3903 3123 3954 et
3149 3899 3284 3971 quia
3310 3900 3546 3969 spiritus,
3588 3897 3649 3952 id
3682 3902 3771 3952 est
3798 3914 3877 3951 ra-

2270 3990 2352 4045 tio
2384 4006 2586 4044 eorum
2613 3992 2698 4043 est
2727 4005 2830 4059 per
2859 4005 2917 4043 se
2950 3988 3163 4049 vadens,
3193 3987 3252 4041 id
3277 3990 3363 4042 est
3389 4003 3424 4041 a
3453 3987 3571 4041 Deo
3605 3985 3875 4040 recedens

2274 4077 2589 4149 peccando,
2622 4084 2673 4132 et
2702 4093 2807 4131 non
2834 4076 3035 4130 rediens
3063 4091 3167 4146 per
3198 4090 3256 4129 se
3276 4072 3756 4145 pmnitendomisi
3775 4074 3876 4127 hoc

2273 4166 2464 4237 ipsum
2492 4165 2590 4220 Dei
2622 4165 2809 4236 gratia
2829 4164 3090 4219 conferat
3112 4165 3172 4216 ut
3195 4162 3568 4232 paeniteatEt
3598 4160 3877 4233 quoniam

2274 4255 2353 4309 sic
2384 4271 2483 4309 eos
2511 4252 2838 4307 considerat
2856 4269 2976 4306 esse
3004 4240 3258 4322 fragiles,
3288 4248 3497 4304 avertit
3522 4249 3596 4302 ab
3614 4248 3702 4303 eis
3733 4248 3876 4303 iram

574 4339 731 4394 tione
760 4339 1058 4406 virtutum,
1092 4357 1221 4394 cum
1260 4357 1358 4394 eos
1404 4339 1533 4395 ideo
1564 4343 1808 4394 exercet.
1832 4340 1947 4395 Hoc
1977 4346 2172 4398 autem
2198 4335 2249 4393 D
2274 4347 2333 4399 et
2361 4344 2677 4397 clementer
2692 4340 2893 4412 parcit.
2916 4340 3041 4395 Non
3058 4338 3194 4393 dicit
3208 4336 3547 4395 recordatur
3570 4336 3706 4392 ideo
3730 4337 3879 4410 quod

573 4425 741 4498 ponit
763 4426 835 4481 ad
866 4427 1284 4483 correctionem
1316 4431 1374 4482 et
1399 4427 1761 4482 subditorum
1802 4430 1861 4482 et
1903 4430 2170 4498 praelato-

575 4532 728 4569 rum.
773 4515 916 4571 Cum
971 4521 1163 4572 autem
1210 4517 1290 4572 illi
1342 4517 1439 4590 qui
1488 4534 1606 4572 non
1640 4516 1979 4573 occiduntur
2006 4521 2172 4575 casti-

576 4602 698 4673 gari
732 4602 1028 4672 deberent,
1062 4605 1521 4661 consideratione
1542 4605 1805 4659 vindicta:
1834 4605 2043 4662 talibus
2058 4624 2177 4664 ma-

578 4692 647 4747 lis
675 4692 940 4748 exhibitas
971 4698 1028 4749 et
1052 4698 1312 4767 respectu
1341 4694 1833 4766 mirabiliumqua:
1848 4696 1998 4750 Deus
2016 4696 2073 4751 in
2093 4696 2175 4753 eis

578 4784 848 4853 operatus
878 4787 981 4850 est,
1017 4788 1078 4837 ut
1099 4783 1358 4855 superius
1380 4783 1754 4850 ostendimus,
1774 4787 1971 4838 tamen
1987 4785 2173 4842 adhuc

578 4873 819 4940 peccant
848 4872 905 4925 in
920 4872 1187 4925 omnibus
1214 4872 1301 4925 bis
1321 4871 1879 4940 consideratis,idcst
1898 4889 2028 4927 cum
2050 4875 2173 4930 haec

578 4958 777 5013 omnia
807 4959 1192 5027 considerent,
1227 4963 1285 5013 et
1314 4976 1430 5014 non
1458 4960 1699 5015 credunt
1729 4962 1909 5015 Deum
1924 4961 2173 5017 ultorem

576 5047 858 5114 futurum,
892 5050 949 5101 in
990 5048 1316 5103 mirabilibus
1342 5049 1454 5118 ejus
1508 5049 1899 5115 consideratis,
1960 5050 2176 5106 scilicet

575 5149 710 5189 cum
737 5134 891 5202 talia,
912 5140 974 5191 ut
995 5136 1565 5203 ostendimus,sciant
1583 5154 1717 5191 eum
1738 5137 2022 5192 mirabilia
2044 5155 2176 5210 ope-

573 5225 765 5277 ratum
796 5223 1120 5291 fuisse,non
1150 5228 1347 5279 tamen
1376 5224 1620 5279 ﬁrmiter
1649 5225 1881 5279 credere
1908 5224 2175 5281 videntur

574 5327 709 5364 eum
737 5315 1036 5382 potentem
1067 5312 1140 5367 ad
1172 5313 1556 5367 ulcisnendum
1588 5329 1727 5368 esse.

641 5399 712 5452 Et
736 5398 866 5453 ideo
888 5400 1031 5454 sicut
1050 5401 1241 5455 cmteri
1264 5401 1384 5455 dies
1402 5404 1744 5455 cmterorum
1759 5400 1829 5455 de
1860 5400 2064 5472 quibus
2078 5402 2171 5458 hic

567 5485 831 5558 proxime
861 5487 1084 5559 egimus
1112 5489 1434 5558 defecerunt,
1484 5489 1591 5542 dies
1618 5504 1845 5560 quoque
1870 5506 2050 5545 eorum
2075 5509 2167 5546 su-

568 5573 870 5648 perstitum
901 5577 957 5630 in
987 5577 1223 5634 vanitate
1253 5575 1619 5633 existentium
1659 5576 1958 5649 deﬁciunt,
1998 5578 2058 5634 id
2083 5582 2169 5636 est

2274 4447 2530 4503 unquam
2557 4431 2706 4485 Deus
2731 4427 3112 4494 obliviscatur,
3131 4426 3230 4482 sed
3250 4440 3386 4481 cum
3407 4424 3696 4497 quosdam
3708 4424 3885 4480 vindi-

2273 4519 2459 4575 cando
2476 4516 2748 4573 interﬁcit
2765 4516 2987 4571 videtur
2998 4514 3248 4570 oblivisci
3268 4531 3282 4582 ;
3304 4528 3587 4582 cumvero
3607 4512 3738 4568 aliis
3756 4528 3887 4584 par-

2273 4608 2369 4678 cit,
2401 4607 2627 4661 videtur
2653 4602 2965 4659 recordari.
3018 4604 3127 4657 Per
3153 4603 3263 4657 hoc
3299 4604 3495 4656 autem
3526 4600 3685 4673 quod
3722 4600 3878 4668 dicit,

2274 4694 2504 4751 Domini
2529 4693 2680 4749 iram
2710 4693 2988 4758 avertere,
3020 4694 3078 4745 et
3099 4688 3391 4745 recordari
3416 4687 3747 4759 fragilitatis
3775 4690 3881 4744 hu-

2273 4799 2486 4849 manm,
2514 4780 2614 4836 Dei
2636 4778 3084 4835 misericordiam
3099 4776 3489 4843 commendat,
3510 4779 3568 4830 et
3590 4776 3883 4832 auditores

2272 4870 2558 4937 humiliat,
2582 4885 2714 4923 cum
2740 4885 2838 4924 eos
2868 4867 3012 4923 adeo
3033 4883 3153 4921 esse
3186 4865 3416 4937 fragiles
3442 4864 3737 4919 ostendat.

2347 4958 2616 5030 Sequitur
2645 4974 2657 5011 :
2701 4955 2935 5023 Quoties,
2967 4958 3100 5022 etc.,
3133 4970 3313 5026 usque
3345 4952 3418 5007 ad
3445 4952 3526 5008 Et
3543 4958 3879 5008 tentur-erunt

2274 5055 2322 5102 et
2346 5046 2784 5101 exacerbaverunt
2828 5044 3006 5099 Deum
3035 5044 3313 5098 excelsum.
3348 5040 3513 5106 Quod
3567 5040 3647 5095 sic
3687 5042 3762 5096 ad
3786 5043 3879 5097 lit-

2273 5139 2460 5189 teram
2491 5135 2835 5204 adaptatur;
2870 5131 2991 5188 Dixi
3018 5132 3172 5204 quod
3203 5130 3874 5204 peccaverunttentando

2273 5149 2460 5189 teram
2491 5149 2835 5204 auaptatur;
2870 5149 2991 5188 um
3018 5149 3172 5204 quoa
3244 5149 3874 5185 eccaverunueutanuo

2273 5224 2458 5278 Deum
2485 5223 2542 5276 in
2569 5221 2837 5276 cordibus
2864 5220 2963 5275 ﬁlii
2982 5220 3153 5274 Israel
3393 5225 3456 5272 ut
3469 5224 3718 5288 peterent
3743 5236 3877 5274 escas

2272 5312 2551 5367 animabus
2567 5312 2699 5378 suis;
2730 5313 2787 5364 et
2820 5311 2966 5365 Deus
2988 5307 3179 5362 attulit
3207 5307 3286 5361 eis
3306 5305 3659 5362 desiderium
3686 5324 3873 5375 suum,

2271 5403 2330 5455 et
2375 5399 2680 5455 vindicavit
2708 5415 2768 5453 se
2798 5401 3000 5469 postea
3037 5396 3109 5451 de
3140 5395 3248 5450 eis:
3281 5398 3338 5450 et
3358 5394 3465 5466 ipsi
3496 5395 3707 5450 timore
3741 5412 3872 5452 con-

2270 5488 2436 5557 versi,
2461 5488 2673 5543 iterum
2703 5486 3100 5559 peccaverunt,
3126 5487 3185 5539 et
3213 5484 3333 5555 ipse
3366 5483 3581 5538 iterum
3607 5484 3870 5539 misertus

2271 5579 2377 5635 est.
2408 5577 2477 5634 Et
2505 5575 2613 5649 ipsi
2638 5579 2836 5633 tamen
2867 5591 2926 5632 se
2959 5590 3079 5631 non
3107 5572 3550 5647 castigaverunt,
3583 5576 3649 5628 ut
3675 5576 3867 5649 postea
