4004 6052
276 307 299 362 1
314 305 417 363 043

1204 302 1561 361 EXPOSITIO
1603 304 1670 360 ΙΝ
1712 305 2046 363 PSALMOS.
2080 339 2148 348 ——
2181 307 2376 363 PSAL.
2424 302 2637 362 LXXVII

3450 308 3585 367 1046

268 425 580 478 cessarent.
601 422 713 477 Sed
741 428 939 494 quoties
964 422 1254 494 peccando
1281 424 1721 479 exacerbaverunt
1754 445 1873 480 eum
1897 429 1953 489 Α
1978 445 2084 482 nus
2114 428 2421 496 vermium,
2454 427 2609 500 quod
2636 428 2883 482 latenter
2906 444 3009 499 per
3033 428 3306 484 arborum
3325 445 3585 499 serpens,

271 513 331 566 in
363 511 583 578 deserto,
618 509 829 565 scilicet
869 510 927 564 in
970 510 1195 565 deserto
1244 515 1373 582 post
1413 529 1573 568 mare
1619 515 1876 569 Rubrum

273 599 575 654 multoties
618 600 930 671 peccando,
974 601 1155 654 Deum
1180 599 1277 671 qui
1316 603 1656 657 naturaliter
1700 603 1880 658 dulcis

273 691 382 756 est,
415 688 521 742 sibi
546 689 820 743 acerbum
842 688 1131 756 fecerunt;
1157 691 1213 742 et
1232 706 1347 744 non
1362 706 1566 762 parum
1598 692 1882 745 exacerba-

270 780 481 843 verant,
507 777 606 830 sed
638 776 781 831 adeo
813 777 969 849 quod
1000 780 1054 830 in
1088 779 1244 844 iram,
1286 777 1343 832 id
1365 781 1449 833 est
1478 779 1539 833 in
1566 779 1880 834 vindictam

271 866 670 920 concitaverunt
694 882 850 933 eum,
904 866 1059 938 quod
1091 866 1251 937 quasi
1285 867 1537 938 quadam
1590 867 1643 921 vi
1675 884 1881 940 coege-

272 956 413 1017 runt
453 953 517 1008 in
557 955 810 1025 inaquoso
850 958 1173 1026 peccantes,
1221 954 1278 1009 id
1309 957 1393 1009 est
1440 959 1495 1009 in
1531 956 1751 1019 deserto,
1785 956 1882 1011 ubi

274 1042 527 1095 multum
571 1045 719 1096 esset
745 1043 901 1096 locus
938 1042 1185 1110 timoris,
1236 1060 1368 1097 cum
1415 1043 1491 1098 ibi
1525 1060 1623 1098 eos
1669 1060 1886 1099 manna

277 1132 559 1201 pasceret,
584 1133 643 1185 et
679 1147 829 1202 aqua
860 1130 931 1185 de
962 1133 1127 1201 petra
1154 1130 1207 1185 vi
1242 1131 1515 1203 potentia:
1549 1132 1670 1202 ejus
1696 1131 1885 1186 elicita

277 1220 528 1289 potaret.
560 1219 629 1271 Et
656 1218 765 1273 hoc
796 1218 972 1272 modo
1004 1234 1139 1273 eum
1163 1218 1223 1273 in
1255 1218 1399 1273 iram
1427 1221 1880 1281 concitaverunt,

280 1306 417 1377 quia
445 1310 619 1361 aversi
640 1314 765 1361 sunt
793 1307 862 1361 de
887 1309 1000 1362 Deo
1036 1307 1107 1361 ad
1130 1312 1450 1378 peccatum,
1480 1316 1529 1362 et
1556 1316 1886 1363 tentaverunt

278 1392 476 1462 Deum,
509 1395 565 1450 id
593 1398 678 1449 est
698 1394 1034 1450 difﬁderunt
1063 1395 1133 1450 de
1163 1396 1422 1466 potentia
1447 1397 1590 1468 ejus,
1624 1397 1888 1452 haesitan-

280 1483 369 1536 tes
400 1500 473 1538 an
500 1488 691 1555 posset
716 1502 816 1540 eos
863 1484 1110 1539 liberare
1143 1484 1214 1539 de
1246 1502 1424 1540 manu
1454 1486 1886 1540 imminentium

279 1569 651 1627 inimicorum
694 1572 1159 1640 Madianitarum,
1186 1574 1397 1628 scilicet
1427 1578 1487 1629 et
1518 1578 1884 1642 cmterorum,

279 1664 332 1712 et
358 1666 601 1714 sanctum
644 1662 827 1716 Deum
854 1660 1042 1728 Israel,
1075 1660 1131 1715 id
1176 1665 1260 1716 est
1291 1662 1507 1717 Judaici
1538 1662 1734 1734 populi
1769 1679 1890 1718 exa-

1977 515 2193 571 fruclus
2219 533 2350 570 cum
2394 516 2545 570 foliis
2583 515 2828 571 omnino
2873 517 3178 582 consumit,
3216 532 3357 587 quos
3417 519 3586 588 vulgo

1977 603 3110 675 canillasdicimus.CaeterumAugustinus
3123 604 3258 658 dicit
3269 605 3589 674 aeruginem

1980 697 2285 747 neceutem
2306 692 2574 746 nebulam
2593 708 2735 760 esse,
2760 709 2887 764 quer.
2908 692 3125 746 fructus
3148 692 3589 763 perdit.Volunt

1983 781 2220 853 quidam
2251 780 2571 852 aeruginem
2628 798 2747 835 esse
2799 781 3065 845 brucum,
3095 782 3152 835 et
3181 783 3311 851 post
3346 781 3469 834 haec
3497 781 3586 833 de-

1981 869 2067 925 dit
2096 869 2294 924 labores
2336 886 2518 924 eorum
2560 870 2789 935 locustae,
2823 868 3038 923 scilicet
3077 885 3292 923 messes
3335 866 3475 939 quas
3509 870 3587 922 la-

1981 958 2244 1013 borando
2278 961 2642 1029 paraverant,
2670 958 2826 1013 dedit
2849 959 3200 1013 locustarum
3231 956 3590 1011 multitudini

1964 1046 2057 1100 ad
2087 1046 2508 1113 devorandum,
2533 1052 2582 1100 et
2606 1046 2796 1101 occidit
2824 1048 3002 1100 vineas
3021 1062 3199 1099 eorum
3231 1047 3285 1099 in
3306 1044 3589 1114 grandine,

1985 1134 2044 1189 id
2074 1138 2158 1188 est
2188 1134 2468 1189 destruxit
2501 1134 2755 1188 fructum
2795 1133 3096 1188 vinearum
3140 1132 3198 1187 in
3228 1132 3593 1204 percussione

1987 1222 2552 1294 grandinis,etmoros
2583 1240 2761 1276 eorum
2790 1224 2845 1275 in
2864 1224 3086 1292 pruina.
3116 1221 3225 1275 Per
3254 1235 3449 1275 moros
3469 1220 3593 1291 qui-

1988 1309 2120 1364 dem
2149 1326 2353 1364 omnes
2367 1311 2505 1364 alias
2533 1311 2768 1365 arbores
2789 1310 3069 1380 designat.
3092 1307 3255 1373 Quod
3268 1310 3351 1362 est
3367 1307 3590 1362 dicere:

1988 1398 2257 1464 Fructum
2276 1400 3002 1453 mororumetcaeterarum
3024 1397 3298 1450 arborum
3324 1394 3594 1464 perdidit,

1988 1463 2296 1557 309per
2308 1483 2550 1538 nimiam
2566 1484 2842 1555 pluviam,
2871 1486 2929 1537 et
2949 1485 3077 1554 post
3105 1463 3338 1537 tradidit
3346 1481 3596 1552 jumenta

1987 1590 2169 1627 eorum
2206 1572 2483 1643 grandini,
2537 1572 2610 1626 ad
2651 1571 3115 1643 percutiendum,
3148 1578 3197 1624 et
3214 1571 3594 1641 possessionem

1987 1678 2190 1728 eorum,
2216 1660 2275 1715 id
2296 1663 2383 1715 est
2408 1661 2613 1715 domos
2640 1663 2697 1714 et
2722 1663 2930 1714 caetera
2953 1675 3154 1714 eorum
3184 1658 3305 1729 igni
3331 1658 3403 1712 ad
3435 1673 3595 1711 eom-

280 1748 648 1817 cerbaverunt,
680 1749 833 1803 male
892 1749 1211 1820 operando,
1242 1749 1485 1805 vitulum
1533 1751 1887 1806 conﬂatilem
1914 1742 1966 1800 B
1989 1750 2340 1806 burendum.
2373 1749 2529 1803 Hanc
2561 1748 2791 1820 quidem
2832 1749 3064 1819 plagam
3097 1747 3168 1802 de
3196 1746 3351 1817 igne,
3380 1746 3598 1815 Moyses

278 1836 565 1904 faciendo,
594 1840 652 1891 et
689 1837 741 1891 ei
783 1840 954 1908 caput
982 1837 1336 1904 inclinando,
1379 1842 1438 1893 et
1461 1842 1668 1893 caetera
1704 1855 1885 1909 opera

282 1925 873 1997 malaagendo.Quod
889 1924 1125 1998 quidem
1143 1925 1384 1980 minime
1409 1926 1659 1994 deceret,
1677 1929 1739 1980 ut
1754 1943 1889 1981 eum

286 2012 558 2084 operibus
588 2014 754 2068 malis
807 2014 1239 2081 exacerbarent,
1279 2013 1376 2085 qui
1419 2018 1647 2069 sanctus
1701 2017 1805 2081 est,
1833 2018 1891 2070 et

288 2100 624 2157 obedientes
644 2101 749 2156 sibi
778 2101 1134 2157 sanctificare
1158 2104 1367 2174 potest.
1387 2102 1529 2157 Cum
1557 2106 1752 2157 autem
1771 2120 1889 2158 non

288 2189 624 2244 debuissent
652 2191 838 2245 Deum
880 2193 1127 2257 tentare,
1157 2190 1475 2245 htesitando
1510 2191 1580 2246 de
1633 2191 1893 2263 potentia

286 2277 430 2348 ejus,
463 2281 520 2332 et
549 2278 910 2333 recordando
936 2278 1182 2350 qualiter
1209 2294 1306 2333 eos
1344 2278 1593 2333 redemit
1621 2279 1691 2333 de
1714 2296 1894 2334 manu

285 2364 611 2420 tribulanlis
649 2382 749 2421 eos
774 2366 1109 2434 Pharaonis,
1141 2369 1200 2421 et
1240 2382 1382 2438 quas
1420 2368 1617 2438 plagas
1647 2367 1805 2422 dedit
1831 2367 1891 2421 in

284 2454 528 2525 Egypto
559 2470 663 2525 pro
687 2455 789 2512 eis.

352 2541 482 2596 Non
525 2549 649 2597 sunt
691 2541 956 2599 recordati
1000 2561 1208 2610 manus,
1251 2542 1311 2598 id
1365 2548 1452 2599 est
1494 2544 1770 2615 potentias
1834 2546 1893 2600 et

288 2629 481 2685 auxilii
513 2631 647 2701 ejus,
681 2647 891 2686 manus
931 2631 1060 2687 dico
1090 2631 1150 2685 in
1183 2630 1261 2685 eis
1289 2632 1553 2687 exhibita:
1581 2633 1640 2687 in
1670 2632 1755 2687 die
1782 2651 1892 2705 qua

283 2717 501 2773 redemit
530 2735 612 2772 eos
642 2718 707 2773 de
735 2736 902 2773 manu
943 2719 1265 2785 tribulantis,
1297 2718 1355 2773 id
1388 2722 1474 2774 est
1503 2719 1574 2773 de
1611 2721 1894 2791 potestale

290 2805 628 2873 Pharaonis,
673 2808 769 2879 qui
817 2823 914 2862 eos
971 2806 1204 2861 diversis
1246 2806 1639 2862 tribulationis
1676 2807 1896 2878 afﬂige-

289 2892 390 2947 bat
418 2896 476 2947 et
502 2911 610 2948 non
636 2901 762 2948 sunt
806 2894 1071 2951 recordati
1088 2894 1396 2965 signorum
1431 2912 1557 2967 quas
1588 2896 1779 2966 posuit
1832 2896 1892 2951 in

1987 1839 2046 1893 in
2078 1838 2267 1893 Exodo
2299 1853 2430 1892 cum
2461 1836 2680 1891 caeteris
2710 1834 2893 1907 plagis
2933 1852 3046 1890 non
3073 1834 3287 1905 posuit.
3328 1832 3439 1887 Sed
3464 1848 3597 1886 cum

1991 1929 2174 1982 multa
2202 1926 2314 1980 alia
2361 1924 2797 1996 praetermisisse
2830 1940 2964 1979 eum
2995 1924 3189 1996 palam
3216 1922 3306 1988 sit,
3343 1920 3598 1975 creditur

1993 2020 2051 2072 et
2080 2018 2230 2071 hanc
2247 2013 2705 2087 praetermisisse,
2729 2029 2901 2084 quam
2916 2012 3200 2083 propheta
3221 2025 3338 2091 non
3358 2006 3597 2061 minoris

1991 2103 2344 2161 auctoritatis
2364 2103 2611 2158 existens
2630 2118 2806 2175 quam
2832 2102 3066 2172 Moyses,
3087 2095 3596 2171 apposuit,Spiritu

1990 2196 2189 2249 sancto
2222 2194 2533 2247 revelante.

2065 2283 2132 2336 Et
2171 2283 2233 2335 ut
2265 2279 2661 2335 universaliter
2693 2278 2880 2333 dicam
2906 2294 2918 2331 :
2946 2276 3107 2333 Misit
3146 2277 3202 2330 in
3230 2291 3313 2331 eos
3348 2277 3509 2343 iram,
3538 2274 3600 2330 id

1992 2374 2078 2425 est
2108 2369 2425 2424 maximam
2470 2367 2781 2443 vindictam
2828 2367 3207 2435 indignationis
3235 2382 3365 2431 suae,
3400 2364 3458 2419 id
3490 2367 3595 2431 est,

1991 2475 2184 2531 parvae
2202 2456 2467 2513 vindictae
2492 2473 2608 2511 sua:
2641 2454 3080 2510 subsecutivam.
3114 2454 3182 2507 Et
3215 2470 3287 2508 ne
3310 2453 3601 2507 videretur

1992 2547 2102 2602 hoc
2129 2563 2250 2601 esse
2285 2546 2505 2600 dictum
2529 2543 2863 2610 intransive,
2906 2543 3119 2597 scilicet
3156 2544 3219 2595 ut
3264 2540 3421 2595 idem
3454 2544 3601 2594 esset

1994 2633 2079 2688 ira
2107 2626 2456 2705 indignatio,
2495 2630 2734 2702 exponit
2765 2647 2898 2685 cum
2946 2628 3233 2700 adjungit,
3275 2629 3598 2697 indignatio-

1994 2739 2111 2776 nem
2145 2720 2357 2775 scilicet
2379 2722 2523 2774 misit
2543 2722 2599 2772 in
2630 2736 2731 2785 eos,
2771 2718 2829 2773 id
2865 2721 2950 2772 est
2995 2733 3232 2787 parvam
3262 2715 3596 2782 vindictam,

1997 2809 2348 2865 destruendo
2381 2808 2639 2863 minores
2665 2823 2758 2861 res
2778 2822 3002 2872 eorum,
3018 2808 3075 2858 et
3094 2808 3242 2876 post,
3263 2806 3421 2871 iram,
3438 2804 3496 2857 id
3514 2807 3600 2858 est

1997 2897 2283 2969 majorem
2303 2896 2613 2951 vindictam
2641 2894 2988 2950 destruendo
3012 2893 3303 2948 chariores
3326 2909 3418 2947 res
3447 2893 3596 2962 ipso-

287 2982 554 3054 Egypto,
600 2985 735 3036 sicut
774 2984 955 3053 posuit
991 2984 1045 3036 in
1071 2982 1327 3053 {Egypto
1375 2984 1529 3052 signa
1562 3000 1677 3037 sua.
1730 2986 1809 3038 Ac
1851 2984 1896 3038 si
1926 3022 1974 3081 Ο
1995 3002 2147 3052 rum,
2176 2989 2233 3040 et
2262 2988 2391 3057 post
2417 2982 2948 3049 tribulationem,id
2966 2984 3069 3048 est,
3100 2982 3281 3035 multo
3310 2980 3597 3051 majorem

294 3069 544 3125 diceret:
578 3070 848 3125 Sciebant
876 3070 1111 3142 quidem
1146 3072 1328 3125 Deum
1359 3071 1524 3143 signa
1554 3071 1651 3126 illa
1677 3072 1894 3140 fecisse,
1931 3069 1974 3081 “”
1995 3073 2308 3128 vindictam
2340 3072 2654 3127 occidendo
2692 3071 2948 3141 ipsorum
2982 3072 3229 3141 partem,
3267 3072 3325 3123 et
3355 3083 3594 3123 omnem

295 3157 395 3212 sed
426 3173 543 3212 non
574 3157 652 3211 sic
686 3161 841 3212 certe
871 3158 1347 3225 recordabantur,
1387 3162 1447 3213 ut
1483 3159 1603 3230 ipse
1648 3160 1894 3231 gloriose

288 3245 507 3317 posuit;
543 3245 757 3301 scilicet
794 3262 913 3300 non
950 3245 1028 3300 sic
1069 3246 1550 3315 recordabantur,
1590 3252 1655 3301 ut
1685 3263 1889 3303 eorum

286 3334 545 3389 contuitu
572 3335 643 3389 de
673 3334 932 3406 poten’ia
963 3335 1085 3405 ejus
1098 3335 1347 3390 'ulterius
1396 3352 1514 3391 non
1531 3336 1886 3392 diffiderent.

287 3423 422 3478 Dico
454 3423 608 3495 quod
636 3425 789 3493 signa
815 3440 909 3476 sua
933 3424 987 3475 in
1000 3422 1254 3493 x/Egypto
1272 3425 1470 3495 posuit,
1492 3432 1543 3477 et
1568 3440 1686 3478 non
1718 3440 1894 3495 parva

288 3511 477 3582 signa,
506 3511 603 3565 sed
616 3511 895 3582 prodigia,
927 3510 983 3565 id
1006 3514 1092 3565 est
1129 3528 1347 3582 magna
1374 3512 1659 3566 mirabilia
1687 3529 1803 3578 sua,
1832 3512 1892 3566 id

288 3602 373 3655 est
404 3599 510 3654 sibi
541 3616 798 3670 congrua
832 3615 966 3653 cum
999 3598 1117 3669 ipse
1152 3615 1399 3670 magnus
1425 3603 1572 3653 esset
1610 3604 1667 3654 et
1688 3604 1892 3672 potens

288 3687 478 3759 posuit
507 3690 563 3741 in
608 3705 791 3758 campo
842 3688 1086 3741 Ihaneos
1140 3687 1466 3757 [Top/meos]
1533 3687 1591 3742 in
1621 3689 1887 3760 Egyplo,

286 3776 500 3830 scilicet
525 3794 559 3830 a
585 3780 747 3848 parte
791 3775 1027 3848 quidem
1064 3777 1254 3829 totum
1287 3774 1571 3845 designat.
1608 3776 1892 3831 Craterum

285 3863 533 3935 Taphnis
553 3865 637 3918 vel
663 3864 938 3935 Taphnze,
957 3865 1020 3916 ut
1033 3863 1159 3933 jam
1187 3861 1455 3925 diximus,
1477 3863 1670 3918 civitas
1694 3867 1779 3918 est
1796 3863 1893 3918 ubi

287 3968 392 4023 pro
413 3952 493 4006 eis
518 3953 700 4006 multa
712 3951 976 4024 prodigia
995 3953 1263 4022 operatus
1284 3954 1369 4005 est
1391 3951 1603 4010 {Ezech.
1630 3969 1756 4015 xxx,
1782 3954 1889 4024 18).

290 4039 356 4093 Et
381 4039 801 4111 ecce-prodigia
819 4039 1029 4093 scilicet
1047 4040 1105 4092 et
1122 4037 1367 4093 ﬂumina
1388 4039 1677 4095 currentia
1690 4057 1891 4096 eorum

288 4127 708 4199 Egyptiorum,
740 4134 789 4181 et
826 4127 1035 4192 imbres,
1067 4126 1126 4180 id
1160 4129 1245 4181 est
1296 4143 1473 4199 aquas
1509 4127 1579 4182 de
1605 4127 1888 4197 cisternis,

288 4229 427 4285 quas
440 4214 511 4270 de
536 4214 740 4286 pluviis
752 4216 1112 4286 collegerant
1122 4214 1197 4269 ad
1212 4232 1379 4270 usum
1401 4216 1635 4270 bibendi
1648 4221 1893 4287 propter

1995 3161 2145 3215 hanc
2159 3157 3186 3231 immissionem,indignationis,irae,et
3200 3155 3587 3210 tribulationis

1996 3256 2241 3320 operatus
2274 3254 2348 3304 est
2375 3266 2476 3320 per
2510 3248 2719 3318 angelos
2755 3246 2942 3313 malos,
2991 3246 3049 3299 id
3099 3249 3185 3300 est
3211 3261 3312 3318 per
3337 3244 3594 3299 ofﬁcium

1997 3337 2382 3392 diabolorum.
2428 3337 2554 3390 Haec
2599 3339 2697 3390 aut
2742 3335 2811 3390 de
2861 3334 3028 3388 malis
3070 3334 3289 3405 angelis
3321 3333 3506 3403 ponit,
3535 3334 3597 3386 ut

1992 3426 2394 3497 Egyptiorum
2425 3424 2720 3479 miseriam
2755 3426 3112 3494 augmentet,
3141 3438 3271 3476 cum
3288 3422 3358 3476 ab
3373 3420 3594 3475 eisdem

1995 3512 2146 3566 dicat
2167 3528 2263 3566 eos
2293 3511 2810 3583 afﬂictos,quorum
2844 3511 3370 3575 obeditoreserant,
3403 3510 3460 3562 ct
3494 3524 3595 3578 per

1993 3601 2103 3655 hoc
2134 3616 2365 3671 quoque
2387 3600 2678 3654 auditores
2703 3616 2736 3652 a
2756 3599 3108 3669 subjectione
3138 3601 3369 3654 revocat
3391 3597 3592 3650 diabo-

1993 3689 2205 3742 lorum.
2275 3686 2539 3740 Ostendit
2584 3702 2813 3756 quoque
2861 3685 3128 3739 ordinem
3176 3684 3440 3738 vindictae
3478 3699 3592 3736 suae

1994 3775 2072 3829 sic
2101 3792 2113 3829 :
2146 3775 2278 3829 Dico
2307 3774 2460 3846 quod
2483 3774 2631 3827 hanc
2657 3772 3073 3826 inimissionem
3103 3771 3233 3825 fecit
3250 3789 3350 3840 per
3376 3771 3595 3839 angelos

1992 3865 2179 3929 malos,
2204 3880 2307 3934 per
2336 3878 2606 3933 quorum,
2634 3860 2846 3915 scilicet
2867 3859 3122 3915 ofﬁcium
3166 3860 3295 3929 fecit
3340 3861 3505 3924 viam,
3536 3858 3593 3912 id

1994 3954 2079 4005 est
2109 3951 2553 4022 amplitudinem
2580 3952 2678 4003 ira?
2707 3966 2817 4003 suae
2845 3948 3065 4002 semitas
3113 3947 3269 4019 prius
3301 3946 3589 4001 existenti.

1990 4042 2069 4095 Ac
2106 4040 2151 4094 si
2174 4039 2356 4094 dicat:
2393 4038 2536 4093 Cum
2563 4037 2719 4109 prius
2745 4036 3110 4091 vindictasua
3124 4036 3319 4090 stricta
3344 4037 3491 4090 esset
3519 4034 3594 4088 ad

1992 4129 2232 4184 modum
2263 4127 2504 4190 semitae,
2534 4126 2668 4181 fecit
2689 4142 2818 4180 eam
2848 4126 3104 4195 amplam
3118 4125 3190 4180 ad
3205 4125 3441 4180 modum
3465 4125 3589 4178 viae.

1991 4219 2099 4273 Per
2127 4219 2236 4272 hoc
2263 4216 2500 4287 quidem
2528 4214 2778 4270 ostendit
2804 4214 3127 4286 quodprius
3153 4230 3327 4287 parva
3351 4213 3460 4267 fuit
3480 4213 3586 4281 ira,

290 4302 548 4373 inopiam
572 4301 1114 4370 fontium,convertit
1130 4303 1192 4357 in
1215 4305 1552 4372 sanguinem,
1572 4303 1628 4358 id
1660 4308 1745 4359 est
1761 4304 1895 4359 fecit
1913 4301 1966 4359 D
1992 4308 2191 4379 postea
2216 4321 2352 4360 vero
2369 4320 2606 4376 magna,
2633 4307 2691 4358 et
2707 4320 2811 4376 per
2836 4304 2945 4359 hoc
2958 4320 3061 4358 nos
3086 4303 3318 4357 instruit
3348 4320 3421 4357 ne
3461 4319 3592 4374 par-

289 4390 656 4461 sanguineas,
693 4407 759 4444 ne
808 4390 1037 4445 biberent
1079 4406 1176 4445 eas
1223 4391 1298 4445 ad
1344 4391 1746 4446 refectionem.
1783 4393 1890 4447 Ubi
1990 4409 2122 4447 vam
2155 4392 2277 4463 ejus
2304 4391 2615 4446 vindictam
2631 4390 3017 4462 negligamus,
3044 4407 3118 4445 ne
3133 4390 3283 4445 forte
3307 4390 3594 4461 majorem

289 4478 570 4533 habemus
597 4478 833 4547 imbres,
856 4478 1057 4533 beatus
1072 4477 1407 4532 Ambrosius
1429 4478 1594 4547 ponit
1618 4480 1893 4550 pluviales
1991 4479 2375 4535 incurramus.
2399 4479 2659 4535 Ostendit
2673 4495 2813 4551 ergo
2835 4496 2940 4550 per
2955 4482 3146 4551 partes
3172 4478 3457 4548 majorem
3470 4479 3596 4533 vin-

290 4570 552 4639 aquas,et
567 4570 697 4638 post
712 4566 1333 4638 hocprodigium,misit
1358 4567 1414 4620 in
1428 4570 1890 4638 eoscienomiyam,
1993 4568 2228 4634 dictam,
2259 4583 2388 4621 cum
2422 4567 2588 4638 ponit
2619 4566 2727 4629 sic:
2769 4567 2995 4622 Scilicet
3031 4585 3136 4621 non
3170 4569 3418 4639 pepercit
3451 4569 3527 4621 esi
3561 4585 3593 4621 a

288 4655 350 4710 id
375 4658 461 4709 est
490 4655 646 4710 misit
674 4657 878 4710 contra
905 4672 1023 4722 eos,
1048 4657 1110 4709 ut
1130 4670 1228 4710 eos
1247 4654 1554 4726 afﬂigeret,
1576 4656 1892 4712 maximam
1992 4663 2161 4711 morte
2185 4658 2489 4709 animarum
2527 4672 2625 4710 eos
2662 4656 2997 4710 auferendo.
3039 4656 3203 4721 Quod
3235 4660 3321 4711 est
3352 4656 3543 4710 dicere
3572 4673 3589 4708 :

294 4743 727 4799 multitudinem
758 4759 1108 4810 muscarum,
1140 4749 1190 4797 et
1221 4742 1448 4798 comedit
1478 4761 1581 4812 eos,
1599 4744 1658 4799 id
1680 4749 1763 4800 est
1778 4747 1893 4801 fre-
1995 4744 2287 4799 Interfecit
2316 4761 2414 4799 eos
2439 4743 2677 4798 interius
2698 4744 2757 4798 in
2785 4744 3106 4812 animabus,
3136 4745 3472 4799 excaecando
3497 4760 3596 4797 eos

291 4834 538 4902 quenter
568 4831 903 4886 momordit.
939 4834 998 4884 In
1032 4831 1269 4886 Hebraeo
1293 4831 1538 4887 habetur
1566 4851 1717 4887 omne
1733 4851 1897 4904 genus
1996 4838 2054 4889 et
2076 4833 2854 4900 indurando,nefilioslsrael
2878 4834 3089 4887 vellent
3112 4830 3595 4886 dimittere.Unde

291 4935 629 4987 muscarum;
667 4919 768 4974 sed
817 4935 949 4973 cum
975 4919 1141 4989 ponit
1198 4921 1604 4991 ccenomyiam,
1645 4939 1677 4976 a
1732 4927 1896 4995 parte

294 5008 482 5062 totum
513 5007 773 5069 denotat,
821 5010 879 5062 et
916 5009 1049 5078 post
1091 5007 1242 5061 hanc
1278 5008 1510 5078 plagam
1544 5012 1686 5065 misit
1708 5014 1763 5064 in
1792 5028 1895 5080 eos,

296 5094 527 5162 scilicet,
552 5096 843 5166 Egyptos,
876 5111 1084 5162 ranam,
1136 5093 1189 5148 id
1226 5099 1311 5148 est
1340 5112 1617 5152 ranarum
1648 5099 1894 5169 copiam,

296 5190 345 5238 et
370 5183 685 5254 disperdidit
719 5199 819 5249 eos,
855 5182 912 5236 id
960 5185 1046 5236 est
1085 5181 1370 5253 dispersos
1403 5184 1555 5239 fecit.
1586 5187 1709 5240 Non
1741 5188 1897 5241 enim

299 5272 630 5326 cohabitare
662 5273 932 5341 poterant
967 5273 1207 5341 propter
1245 5271 1487 5326 nimiam
1516 5290 1790 5328 ranarum
1823 5275 1902 5328 af-

1998 4922 2205 4994 legitur
2234 4938 2246 4975 :
2284 4920 2667 4975 «Induratum
2695 4924 2780 4975 est
2808 4937 2905 4974 cor
2952 4919 3284 4985 Pharaonis,
3331 4935 3447 4973 non
3482 4920 3598 4973 vult

2001 5010 2293 5065 dimittere
2321 5010 2596 5081 populum
2633 5008 2864 5063 Domini
2893 5006 3290 5078 (Exod.vn,9).
3315 5025 3346 5058 »
3377 5008 3441 5060 Et
3466 5005 3599 5078 quia

1998 5098 2056 5152 in
2075 5097 2375 5152 animabus
2392 5097 2676 5152 interfecti
2688 5096 2965 5167 populum
2993 5094 3270 5149 nolebant
3283 5093 3595 5161 dimittere,

1989 5186 2236 5256 jumenta
2265 5202 2447 5239 eorum
2499 5187 2553 5239 in
2586 5190 2752 5239 morte
2780 5183 3053 5249 conclusit,
3089 5181 3147 5236 id
3204 5184 3289 5236 est
3319 5182 3377 5236 in
3411 5183 3598 5236 morte

2003 5274 2186 5326 ﬁnivit
2215 5272 2614 5345 yerberatione
2640 5270 2957 5342 grandinis.
2994 5270 3106 5325 [Ioc
3134 5272 3329 5323 autem
3359 5272 3416 5323 et
3442 5269 3486 5323 si
3516 5285 3605 5325 su-

300 5358 625 5425 ﬂuentiam,
661 5374 788 5430 qua:
829 5373 928 5412 eos
964 5357 1316 5411 sordidabat.
1352 5359 1421 5411 Et
1468 5363 1597 5429 post
1627 5361 1730 5414 hac
1762 5361 1905 5415 dedit
2005 5359 2197 5431 perius
2227 5359 2446 5414 dictum
2496 5359 2586 5425 sit,
2639 5357 2735 5411 ubi
2750 5359 2950 5428 posuit,
2983 5356 3217 5411 tradidit
3248 5357 3502 5426 grandini
3520 5356 3607 5427 ju-

300 5449 512 5519 fructus
542 5464 720 5502 eorum
746 5447 980 5515 aerugini
993 5445 1066 5500 ad
1086 5445 1906 5520 consumendum,A§ruginem
2010 5454 2209 5515 menta,
2243 5450 2439 5502 tamen
2471 5446 2562 5500 hic
2588 5445 2743 5500 aliud
2774 5444 2960 5516 ponit,
2995 5462 3101 5499 nec
3122 5448 3321 5500 tamen
3354 5445 3611 5516 superius
3676 5474 3685 5483 η

300 5535 541 5613 quidem
573 5535 691 5591 vult
713 5534 921 5591 beatus
946 5533 1330 5606 Hieronymus
1353 5548 1475 5589 esse
1496 5534 1787 5605 quoddam
1816 5552 1911 5607 ge-

2006 5537 2178 5609 plane
2210 5534 2455 5605 intelligi
2504 5532 2712 5606 potuit,
2756 5532 2911 5606 quod
2934 5532 3204 5606 jumenta
3227 5533 3614 5596 interfecisset
