4004 6052
427 296 561 354 1047

1029 293 1086 351 S.
1128 291 1473 353 BRUNONIS
1514 289 2146 352 CAR’I‘IIUSIANORUM
2183 287 2649 383 INSTITUTORIS
2690 290 2843 349 OPP.
2885 286 3061 347 PARS
3100 290 3121 347 Ι

3601 292 3752 349 1048

426 416 582 487 quod
610 413 700 469 hic
730 412 965 486 quidem
986 413 1155 483 plane
1182 414 1365 484 ponit.
1402 415 1661 470 Ostendit
1686 418 1882 469 autem
1905 431 2029 469 ma-
2050 417 2106 474 A
2134 430 2231 468 eos
2256 412 2316 466 in
2344 412 2708 483 baptismate,
2765 411 2837 466 de
2871 428 3047 467 manu
3084 411 3427 481 tribulantis,
3459 412 3520 468 id
3550 415 3640 468 est
3666 413 3754 466 de

424 504 616 560 lorum
643 502 952 556 vindictam
977 518 1080 572 per
1110 505 1322 574 partes,
1340 519 1468 558 cum
1488 494 1780 576 adjungit:
1814 502 1890 556 Et
1908 520 2030 573 per-

425 594 584 646 cussit
609 609 761 645 omne
794 593 1210 660 primogenitum
1239 593 1302 645 in
1347 600 1485 646 terra
1515 592 1784 664 zEgypti,
1820 591 2033 645 sciiicet

428 684 596 736 nocte
617 680 715 734 illa
737 679 793 732 in
816 680 1090 751 quafilios
1114 681 1277 733 Israel
1310 680 1504 734 eduxit
1524 682 1593 734 de
1608 684 1761 734 terra
1783 681 2028 751 {Egyptiz

428 768 635 823 occidit
647 767 845 821 omnia
868 767 1090 836 majora
1102 770 1259 833 natu,
1285 771 1404 822 tam
1428 769 1497 822 de
1512 768 1844 822 hominibus
1858 784 2031 839 quam

429 856 500 910 de
532 856 747 910 bestiis.
794 854 859 907 Et
887 856 1043 925 prius
1073 855 1423 926 percussitin
1450 856 1803 911 tabernaculis
1838 855 2028 921 Cham,

426 943 486 997 id
518 943 673 996 estin
704 944 951 1014 zEgypto
976 943 1070 997 ubi
1090 944 1503 999 manseruntin
1530 944 1917 999 tabernaculis
1932 944 2031 997 ﬁlii

429 1032 630 1098 Cham,
650 1032 928 1101 primitias
950 1033 1118 1084 omnis
1160 1032 1352 1085 laboris
1376 1049 1577 1099 eorum,
1611 1032 1668 1087 id
1707 1037 1791 1087 est
1827 1049 2032 1087 omnes

428 1119 644 1189 primas
672 1123 730 1173 et
757 1118 1074 1188 praecipuas
1099 1118 1297 1189 fruges
1328 1137 1467 1191 quas
1494 1121 1837 1175 cumlabore
1871 1137 2032 1191 para-

427 1210 654 1261 verant:
688 1207 773 1260 vel
785 1208 1061 1276 primitias
1091 1206 1302 1269 laboris,
1334 1208 1389 1261 id
1407 1213 1491 1262 est
1514 1226 1725 1263 messes
1747 1225 1872 1279 qum
1906 1225 2029 1262 ma-

428 1295 513 1365 gis
524 1297 739 1366 paratio
753 1297 917 1348 erant
934 1294 1005 1347 ad
1022 1297 1616 1361 maturandum,unde
1637 1297 1822 1368 magis
1834 1295 2031 1349 afﬂicti

427 1385 861 1453 fuerunt,quam
877 1382 919 1435 si
934 1382 1160 1436 viliores
1173 1386 1269 1436 aut
1285 1384 1563 1439 tardiores
1576 1387 2029 1455 percuterentur.

500 1471 637 1526 Dico
669 1470 823 1541 quod
856 1471 1150 1541 Aigyptios
1182 1474 1269 1525 tot
1300 1475 1357 1525 et
1388 1475 1473 1525 tot
1504 1472 1690 1526 modis
1722 1471 1943 1536 afﬂixit,
1986 1478 2034 1524 ct

421 1559 687 1632 populum
721 1575 876 1611 suum
913 1557 1060 1611 ﬁlios
1102 1559 1274 1612 Israel
1320 1560 1582 1614 videlicet
1624 1560 1841 1614 abstulit
1866 1576 1900 1613 a
1929 1576 2031 1630 po-

429 1650 635 1703 testate
662 1646 1084 1718 Aigyptiorum,
1118 1649 1255 1700 sicut
1294 1664 1429 1716 oves,
1470 1649 1526 1703 id
1558 1652 1643 1703 est
1680 1653 1879 1720 utpote
1905 1665 2035 1703 oves

2132 503 2415 572 potestate
2439 499 2775 571 diaboli,qui
2796 517 2894 554 eos
2916 501 3249 556 trubulabat
3263 501 3525 556 ducendo
3543 517 3648 572 per
3672 501 3752 555 il-

2136 588 2309 643 licita.
2342 590 2409 643 Et
2449 605 2568 643 non
2600 587 2982 642 recordantur
3026 606 3160 643 eum
3195 589 3449 661 posuisse
3501 591 3656 658 signa
3684 591 3750 641 in

2128 677 2407 747 Egypto,
2435 677 2512 731 sic
2547 680 2609 731 ut
2644 677 2826 747 posuit
2841 678 2992 745 signa
3017 694 3134 743 sua,
3169 677 3222 731 id
3249 681 3335 732 est
3365 677 3654 732 mirabilia
3680 677 3747 731 in

2132 766 2390 820 humano
2422 781 2668 836 genere:
2716 765 2870 836 quod
2902 770 3025 820 erat
3052 767 3348 837 Egyptus,
3395 766 3452 821 id
3477 769 3563 820 est
3587 765 3745 820 afﬂi-

2133 856 2288 908 ctum
2314 871 2416 926 per
2438 853 2722 924 originale
2754 856 3168 924 peceatum.Ac
3199 853 3244 908 si
3275 854 3428 909 dicat
3457 870 3471 908 :
3504 855 3629 909 Non
3643 869 3747 908 ne-

2132 959 2206 1014 go
2255 944 2489 1014 quidem
2550 942 2688 1014 quin
2730 943 2921 1013 aliquo
2975 941 3152 997 modo
3196 943 3603 1009 recordentur;
3638 942 3744 996 sed

2130 1047 2248 1086 non
2284 1032 2663 1087 recordantur
2694 1030 2772 1085 sic
2804 1031 2874 1085 ad
2914 1031 3153 1102 plenum
3193 1033 3251 1084 et
3299 1030 3569 1101 gloriose.
3599 1031 3741 1085 Dieo

2130 1119 2285 1190 quod
2314 1123 2467 1189 signa
2492 1138 2589 1174 sua
2609 1121 2814 1190 posuit,
2838 1122 2896 1172 et
2934 1136 3051 1173 non
3086 1135 3260 1190 parva
3289 1118 3473 1189 signa,
3504 1118 3744 1189 sedpra-

2128 1210 2296 1277 digia,
2328 1209 2387 1262 id
2410 1213 2497 1263 est
2514 1208 2769 1263 maxima
2798 1211 2856 1262 et
2908 1208 3197 1262 mirabilia
3226 1207 3409 1279 signa.
3440 1208 3509 1261 Et
3531 1208 3656 1261 hare
3673 1210 3741 1260 si-

2128 1313 2235 1365 gna
2256 1298 2437 1367 posuit
2464 1299 2521 1350 in
2543 1313 2725 1367 campo
2767 1296 3030 1359 T/ianeos,
3062 1295 3118 1349 id
3151 1297 3236 1348 est
3270 1311 3372 1365 per
3414 1297 3651 1367 planam
3682 1298 3742 1349 et

2130 1384 2410 1438 humilem
2428 1384 3448 1453 doctrinamapostolorum.Magnum
3464 1383 3620 1438 enim
3634 1383 3741 1437 fuit

2134 1475 2191 1524 et
2214 1472 2634 1543 prodigiosum,
2664 1471 2819 1543 quod
2858 1488 2963 1542 per
2993 1472 3389 1542 apostolorum
3412 1470 3737 1525 doctrinam

2134 1559 2412 1631 quosdam
2437 1577 2503 1614 ex
2558 1576 2748 1614 massa
2772 1559 3132 1630 perditorum
3181 1559 3375 1629 elegit,
3433 1562 3493 1613 et
3530 1562 3739 1613 caetera

2134 1648 2385 1719 plurima
2410 1648 2673 1721 prodigia
2693 1648 2846 1702 fecit.
2881 1646 3044 1711 Quod
3071 1647 3273 1702 sibene
3287 1647 3360 1701 ad
3392 1647 3739 1702 memoriam

429 1753 559 1791 suas
589 1735 802 1790 scilicet
831 1736 1034 1806 quibus
1064 1752 1263 1789 curam
1296 1736 1643 1804 insumebat,
1670 1738 1814 1792 sicut
1839 1742 2036 1809 pastor
2064 1745 2113 1803 Β
2134 1736 2496 1803 reducerent,
2518 1753 2633 1790 non
2657 1738 2836 1791 Deum
2864 1736 3288 1807 quiclementer
3311 1734 3739 1806 eoselegitexa-

435 1841 635 1879 curam
660 1824 852 1879 ovium
875 1823 1049 1877 habet
1074 1840 1084 1876 :
1111 1826 1168 1877 et
1205 1840 1302 1877 eos
1345 1825 1494 1879 filios
1522 1827 1691 1880 Israel
1720 1826 1777 1879 in
1808 1827 2032 1880 deserto

431 1911 915 1983 existentes,quod
932 1912 1185 1965 estinter
1197 1929 1358 1967 mare
1374 1914 1627 1968 Rubrum
1645 1915 2031 1985 etAZgyplum,

423 2019 523 2074 per
549 2003 809 2056 desertum
840 2002 979 2056 illud
1007 2002 1180 2068 duxit,
1215 2010 1492 2074 tanquam,
1516 2004 1573 2057 id
1590 2007 1674 2057 est
1700 2007 1897 2075 utpote
1913 2019 2034 2070 gre-

429 2108 545 2159 gem
575 2107 761 2147 suum.
796 2091 1025 2162 Repetit
1055 2095 1249 2144 autem
1287 2091 1443 2162 quod
1469 2090 1626 2158 dixit,
1657 2091 1940 2162 perduxit,
1975 2092 2061 2143 ut‘

432 2180 645 2234 addat:
682 2179 759 2233 Et
811 2180 1026 2233 deduxit
1072 2197 1175 2246 eos,
1228 2180 1487 2251 inquam,
1549 2197 1652 2251 per
1703 2180 2033 2233 desertum:

432 2269 632 2323 ethoc
677 2270 734 2321 in
775 2284 862 2336 spe
910 2267 1190 2322 evadendi
1242 2271 1300 2322 et
1358 2269 1437 2322 ita
1494 2267 1650 2339 quod
1692 2284 1799 2320 non
1851 2268 2037 2319 timue-

434 2364 560 2411 runt
591 2355 889 2411 inimicos:
958 2356 1035 2409 Et
1101 2358 1337 2410 inimicos
1381 2344 1560 2411 eorum
1590 2355 1883 2426 Egyptios
1920 2373 2037 2425 ope-

400 2486 405 2491 .
434 2445 549 2497 ruit
578 2460 723 2497 mare
743 2446 801 2497 et
831 2443 1155 2507 interfecit;
1187 2447 1245 2499 et
1273 2461 1371 2498 eos
1401 2444 1547 2498 filios
1585 2445 1754 2498 Israel
1785 2445 1854 2499 de
1878 2444 2038 2497 'mari

434 2531 707 2585 liberatos
735 2530 945 2584 induxit
966 2531 1021 2583 in
1055 2538 1231 2586 monte
1255 2533 1687 2599 sanctiﬁcationis
1708 2548 1834 2598 sua),
1868 2531 1926 2585 id
1959 2533 2042 2585 est

436 2619 790 2673 Hierusalem
823 2636 934 2690 que
967 2618 1024 2673 in
1067 2623 1265 2674 monte
1292 2620 1401 2673 sita
1426 2623 1510 2674 est
1533 2638 1545 2674 :
1571 2636 1745 2691 quam
1776 2619 1895 2692 ipse
1913 2637 2041 2674 san-

436 2705 704 2760 etificavit
727 2714 1012 2775 :montem,
1042 2707 1305 2779 inquam,
1340 2726 1493 2779 quem
1513 2711 1795 2780 acquisivit
1810 2709 2041 2774 dextera,

438 2793 498 2848 id
518 2798 603 2848 est
632 2795 896 2866 potentia
920 2796 1033 2865 ejus
1060 2796 1133 2849 ad
1156 2811 1301 2866 opus
1323 2795 1575 2851 filiorum
1601 2798 1791 2851 Israel.
1821 2797 1888 2850 Et
1913 2795 2046 2867 quia

438 2881 541 2954 ipsi
569 2883 806 2936 alitcrin
836 2884 1142 2938 monteillo
1173 2900 1290 2939 non
1308 2888 1541 2955 possent
1561 2885 1738 2939 libere
1759 2884 2040 2949 habitare,

437 2970 588 3039 cjecit
616 2988 646 3023 a
667 2972 827 3040 facie,
863 2971 919 3024 id
949 2974 1033 3025 est
1059 2988 1093 3024 a
1120 2973 1447 3044 prmsentia,
1483 2975 1541 3027 et
1578 2990 1684 3044 per
1704 2971 2040 3027 instantiam

2133 1824 2456 1879 cerbarent.
2488 1826 2554 1878 Et
2575 1828 2637 1878 ut
2661 1824 2953 1895 peccando
2970 1823 3039 1877 ad
3061 1824 3368 1895 Egyptum
3388 1823 3596 1877 reverti
3616 1839 3741 1877 me-

2133 1915 2384 1979 tuerent;
2403 1929 2519 1967 non
2533 1912 2911 1966 recordantur
2929 1926 3105 1982 quam
3118 1911 3429 1965 vindictam
3442 1912 3591 1966 Deus
3602 1911 3747 1965 acci-

2134 2001 2253 2071 piat
2286 2000 2355 2053 de
2384 2000 2472 2053 his
2503 2000 2598 2070 qui
2639 1999 2697 2053 in
2730 2001 2972 2071 [Egypto
3005 2002 3335 2061 remanent,
3360 1999 3577 2053 scilicet
3604 1998 3747 2070 quid

2135 2096 2183 2141 et
2195 2092 2450 2144 convertit
2464 2090 2691 2156 [lumina
2715 2088 3097 2159 quorumdam
3112 2103 3337 2154 eorum,
3366 2087 3424 2141 id
3438 2088 3748 2157 estscripta

2136 2176 2634 2248 philosOphorum,
2663 2193 2790 2247 quae
2809 2176 3077 2230 dicuntur
3100 2176 3365 2243 ﬂumina,
3397 2192 3465 2231 eo
3488 2176 3644 2247 quod
3671 2175 3749 2230 ad

2138 2265 2379 2320 modum
2409 2264 2712 2319 ﬂuminum
2734 2265 2919 2319 ﬂuant
2947 2265 3005 2319 in
3032 2269 3312 2336 posteros,
3328 2267 3384 2318 in
3405 2266 3747 2334 sanguinem,

2139 2354 2197 2409 id
2218 2358 2303 2408 est
2348 2354 2407 2408 in
2446 2357 2720 2420 mortem,
2764 2361 2814 2407 et
2858 2354 3068 2421 imbres,
3100 2353 3158 2407 id
3186 2356 3274 2407 est
3301 2353 3475 2407 verba
3499 2369 3588 2419 ea,
3616 2367 3751 2423 qua:

2142 2442 2410 2496 dieuntur
2438 2442 2677 2509 imbres,
2708 2458 2775 2496 eo
2802 2442 2957 2513 quod
2983 2442 3094 2515 cito
3122 2445 3424 2497 transeunt
3445 2442 3518 2496 ad
3544 2441 3748 2495 simili-

2141 2529 2715 2597 tudinemimbrium,
2744 2529 2842 2601 qui
2861 2529 3129 2585 cadentes
3154 2530 3265 2585 cito
3297 2530 3752 2585 absorbenturet

2145 2618 2438 2684 deficiunt,
2473 2620 2527 2670 in
2553 2619 2899 2687 sanguinem,
2945 2618 3005 2671 id
3038 2621 3122 2672 est
3154 2618 3211 2671 in
3246 2621 3519 2685 mortem,
3552 2634 3626 2672 ne
3656 2617 3747 2671 bi-

2145 2706 2287 2760 bant
2306 2706 2426 2776 ipsa
2445 2705 2690 2760 ﬂumina
2708 2708 2765 2759 et
2779 2705 3013 2773 imbres,
3028 2706 3086 2760 id
3116 2707 3201 2760 est
3219 2721 3291 2760 ne
3307 2705 3640 2760 reficiantur
3666 2704 3751 2759 eis

2146 2794 2221 2848 ad
2252 2793 2582 2859 utilitatem,
2614 2796 2678 2847 ut
2707 2793 2947 2864 quilibet
2975 2795 3115 2863 potu
3147 2794 3399 2847 reﬁcitur
3422 2794 3496 2849 ad
3532 2794 3735 2848 utilita-

2144 2887 2286 2937 tem.
2307 2884 2431 2952 Per
2460 2881 2801 2951 sanguinem
2834 2897 2992 2935 mors
3021 2881 3315 2951 accipitur,
3357 2898 3426 2936 eo
3457 2881 3612 2953 quod
3640 2898 3749 2936 see-

2146 2971 2272 3043 pius
2303 2971 2359 3024 in
2384 2974 2574 3025 morte
2593 2969 2825 3040 sanguis
2851 2968 3181 3023 effunditur.
3212 2968 3381 3032 Quasi
3412 2969 3593 3023 dicat:
3615 2968 3747 3023 Phi-

437 3023 617 3111 cbrum
648 3023 867 3131 expulit
883 3023 1541 3131 gentes,
2073 3023 2120 3081 Ο
2142 3023 2366 3131 losophi
2385 3023 2586 3112 adhuc
2617 3023 2923 3113 existentes
2949 3057 3006 3110 in
3033 3023 3296 3128 Algypto,
3327 3056 3396 3111 de
3415 3056 3649 3111 diversis
3662 3073 3752 3111 er-

436 3147 729 3213 Jebuseos,
749 3146 955 3201 scilicet
980 3149 1037 3201 et
1061 3151 1318 3214 cmteros,
1342 3155 1411 3213 et,
1435 3149 1703 3218 gentibus
1731 3148 1945 3218 ejectis,
1962 3148 2043 3202 di-

441 3237 565 3289 visit
598 3238 670 3288 cis
700 3235 832 3289 filiis
871 3237 1041 3289 Israel
1073 3220 1257 3304 310
1282 3238 1868 3306 terram-promissionis
1894 3239 2049 3290 sorte

442 3339 546 3393 per
577 3322 779 3387 tribus,
807 3325 863 3375 et
885 3324 939 3374 in
968 3322 1212 3390 funiculo
1241 3322 1632 3377 distributionis
1660 3340 1767 3395 per
1780 3324 2043 3377 familias.

445 3410 580 3465 Dico
621 3410 777 3479 quod
819 3413 1019 3480 gentes
1058 3409 1247 3479 ejccit,
1278 3416 1326 3463 et
1380 3412 1433 3462 in
1466 3411 1820 3465 tabernaculis
1847 3430 2047 3472 eorum,

449 3496 507 3550 id
522 3496 677 3551 estin
692 3497 1023 3551 dominibus
1036 3497 1287 3568 ipsarum
1305 3497 1716 3568 gentium,fecit
1728 3500 2047 3566 inhabitare,

448 3585 507 3639 id
533 3588 617 3639 est
649 3584 744 3638 diu
772 3602 1006 3639 manere
1038 3585 1220 3640 tribus
1236 3586 1428 3640 Israel.
1910 3574 1923 3581 θ

520 3674 586 3727 Et
614 3673 825 3727 horum
851 3674 1044 3743 itaque
1070 3690 1335 3727 versuum
1367 3674 1778 3744 septemdecim
1805 3675 1949 3730 serie
1981 3675 2054 3729 ad

449 3761 704 3816 litteram
737 3761 1013 3833 exposita,
1048 3761 1325 3832 allegoria
1355 3762 1714 3817 ostendatur.
1736 3763 1870 3818 Dico
1899 3762 2055 3834 quod

451 3852 601 3905 Deus
631 3849 702 3903 ab
754 3849 1083 3904 inﬁdelibus
1114 3851 1172 3904 et
1211 3850 1283 3904 ab
1315 3850 1599 3905 haereticis
1643 3854 1833 3905 avertit
1893 3853 2051 3917 iram,

451 3955 626 4004 suam,
652 3938 1017 3991 recordando
1051 3938 1206 4008 quod
1236 3955 1357 3992 caro
1386 3946 1509 3991 sunt
1540 3943 1595 3992 et
1620 3942 1833 4009 spiritus
1864 3938 2055 3992 vadens

451 4031 499 4078 ct
528 4042 632 4077 non
671 4025 893 4080 rediens.
936 4026 1005 4079 Et
1054 4028 1253 4080 tamen
1296 4043 1427 4080 cum
1473 4043 1719 4081 cesssare
1753 4027 2051 4092 deberent,

451 4112 710 4167 centuitu
759 4112 1166 4167 misericordiae
1225 4113 1347 4179 Dei,
1403 4104 1652 4185 quoties
1704 4114 2054 4169 exacerbant

454 4217 587 4254 eum
614 4201 669 4252 in
697 4199 915 4266 deserto,
959 4198 1017 4253 id
1049 4204 1135 4253 est
1171 4199 1231 4253 in
1277 4200 1546 4254 ariditate
1592 4201 1799 4269 cordis,
1843 4201 2056 4256 scilicet

2144 3148 2370 3202 roribus
2399 3146 2533 3212 suis,
2568 3145 2777 3215 scripta
2806 3148 2864 3198 et
2893 3145 3067 3200 verba
3107 3145 3345 3211 faciunt,
3378 3162 3506 3216 qua:
3537 3145 3643 3198 sibi
3673 3145 3750 3199 ad

2146 3235 2344 3289 salutis
2374 3233 2752 3288 refectionem
2784 3249 2904 3287 esse
2935 3233 3195 3300 credunt,
3224 3249 3329 3305 per
3353 3249 3481 3304 qua;
3513 3236 3756 3287 czeteros

2147 3321 2532 3389 interﬁciunt;
2565 3322 2665 3376 sed
2697 3323 2843 3375 Deus
2875 3322 3155 3376 convertit
3177 3321 3330 3375 eisin
3364 3324 3612 3375 mortem
3630 3320 3759 3392 ipsa

2150 3411 2380 3480 scripta,
2414 3413 2473 3465 et
2501 3410 2677 3463 verba
2695 3426 2920 3472 eorum,
2949 3409 3160 3463 scilicet
3192 3412 3253 3463 ut
3280 3425 3394 3464 non
3425 3409 3629 3463 bibant
3662 3425 3753 3463 ea.

2150 3499 2275 3553 Non
2302 3499 2427 3553 dico
2456 3498 2689 3569 quidem
2708 3499 2863 3569 quod
2891 3515 3008 3553 non
3026 3498 3319 3552 bibantad
3341 3501 3626 3564 mortem;
3654 3498 3759 3552 sed

2152 3604 2271 3643 non
2303 3586 2527 3653 bibant,
2567 3586 2626 3640 id
2664 3588 2749 3639 est
2790 3603 2905 3640 non
2936 3586 3049 3641 sint
3087 3587 3168 3641 eis
3197 3586 3445 3641 refectio-
3470 3587 3757 3654 salutaris,

2153 3675 2309 3747 quod
2337 3676 2671 3745 opinantur,
2705 3674 2847 3729 sicut
2874 3677 3041 3746 potus
3088 3674 3324 3730 refectio
3366 3675 3631 3729 salutaris
3671 3679 3763 3730 est

2153 3762 2392 3818 bibenti.

2225 3853 2294 3906 Et
2317 3852 2375 3906 in
2411 3852 2690 3924 quosdam
2722 3850 2819 3924 qui
2857 3854 2991 3906 sunt
3013 3851 3071 3905 in
3093 3852 3357 3924 Egypto,
3389 3850 3568 3906 mittit
3608 3852 3761 3907 Deus

2155 3940 2539 4012 ccnnomyiam
2567 3944 2625 3995 et
2656 3940 2910 3995 comedit
2947 3957 3064 4008 eos,
3105 3940 3316 3995 scilicet
3360 3941 3757 3996 subtrahendo

2155 4028 2429 4083 auxilium
2452 4028 2653 4099 gratiae
2680 4045 2818 4091 suae,
2845 4028 3131 4099 permittit
3159 4028 3239 4083 eis
3264 4028 3553 4083 dominari
3577 4045 3757 4084 omne

2153 4133 2336 4187 genus
2354 4120 2720 4170 terrenorum
2751 4116 3207 4185 desideriorum;
3241 4133 3368 4189 qua:
3390 4133 3490 4171 eos
3516 4116 3760 4171 interius

2154 4204 2428 4259 mordent
2477 4204 2674 4258 multis
2730 4204 3223 4271 sollicitudinibus,
3263 4204 3408 4258 sicut
3434 4204 3761 4275 emnomyia

454 4288 589 4359 quia
613 4287 819 4342 deserti
852 4304 1015 4341 more
1040 4287 1262 4341 steriles
1277 4304 1336 4341 sc
1350 4287 1567 4351 faciunt
1596 4305 1632 4342 a
1654 4289 1833 4356 bono,
1865 4292 1924 4343 et
1948 4290 2056 4343 ari-
2078 4297 2133 4357 1)
2156 4291 2386 4346 mordet
2414 4291 2680 4346 exterius.
2713 4291 2878 4346 Unde
2904 4292 3045 4363 quia
3068 4292 3362 4359 mordent,
3385 4307 3677 4363 congruae
3689 4307 3763 4363 pr

455 4377 558 4431 dos
578 4393 613 4429 a
641 4375 828 4446 gratia
847 4374 1148 4446 spirituali.
1185 4376 1252 4430 Et
1295 4393 1413 4430 non
1445 4393 1653 4448 parum
1684 4379 2052 4445 exacerbant,

455 4464 555 4519 sed
584 4464 728 4518 adeo
759 4464 914 4536 quod
939 4465 995 4517 in
1015 4466 1154 4518 iram
1185 4465 1477 4519 concitant
1495 4482 1635 4532 eum,
1668 4465 1823 4521 idest
1842 4467 1901 4521 in
1933 4466 2055 4521 vin-

457 4551 668 4607 dictam
691 4555 905 4625 cogunt
931 4570 1062 4607 eum
1096 4555 1296 4608 contra
1339 4552 1555 4623 seipsos
1599 4556 1657 4607 in
1702 4556 1973 4626 inaquoso,
1997 4555 2057 4609 id

457 4643 544 4695 est
563 4641 620 4694 in
647 4640 912 4695 ariditate
934 4641 1140 4695 cordis.
1156 4643 1455 4696 Desertum
1475 4642 1881 4714 etinaquosum
1899 4644 2055 4698 idem

455 4732 608 4795 sunt,
645 4732 703 4783 et
732 4744 861 4783 vere
893 4729 1181 4783 concitant
1203 4746 1337 4783 eum
1362 4730 1579 4785 inirem
1594 4747 1698 4803 per
1727 4731 2056 4786 ariditatem

455 4833 640 4872 suam.
682 4817 827 4870 Nam
872 4820 930 4870 et
957 4817 1214 4871 conversi
1257 4820 1391 4871 sunt
1415 4834 1449 4871 a
1472 4818 1625 4873 bono
1657 4819 1731 4874 ad
1761 4820 1979 4874 malum
2008 4826 2059 4875 et

458 4911 810 4971 tentaverunt,
825 4904 882 4959 id
911 4907 997 4959 est
1014 4907 1241 4959 tentant
1258 4907 1441 4960 Deum
1461 4905 1696 4961 diversis
1723 4907 2053 4974 haeresibus,

456 4993 776 5047 luesitando
793 4993 863 5047 de
905 4996 1058 5059 eo,et
1071 4992 1415 5047 exacerbant
1436 4995 1586 5049 male
1609 4996 1903 5067 operando
1919 4994 2059 5050 San-

456 5086 598 5134 ctum
615 5078 804 5147 Israel,
849 5082 1031 5135 Deum
1065 5080 1276 5135 scilicet
1315 5079 1413 5152 qui
1444 5080 1685 5136 Sanctus
1722 5086 2054 5138 sanctorum

455 5170 560 5236 est,
594 5171 652 5223 et
665 5168 762 5240 qui
774 5168 1090 5223 sanctificat
1116 5185 1322 5224 omnes
1342 5169 1439 5241 qui
1458 5186 1575 5224 non
1606 5171 1909 5242 negligunt
1934 5187 2054 5225 esse

451 5257 644 5311 Israel.
679 5257 897 5311 Etcum
925 5257 1205 5311 deberent
1240 5257 1529 5311 recordari
1566 5258 1755 5312 auxilii
1788 5259 1942 5330 quod
1973 5259 2054 5313 eis

451 5343 740 5415 impendit
768 5343 828 5398 in
859 5344 1167 5415 baptismo,
1201 5348 1258 5399 et
1286 5361 1391 5416 per
1416 5346 1523 5400 hoc
1556 5363 1589 5400 a
1619 5336 2046 5414 malo‘cessare,

448 5447 567 5486 non
586 5431 1068 5499 recordantur,sic
1089 5434 1386 5487 uteessent
1411 5450 1640 5501 manus,
1665 5433 1723 5488 id
1739 5437 1823 5488 est
1843 5435 2051 5491 auxilia

446 5517 595 5591 ejus,
625 5536 833 5575 manus
864 5520 994 5576 dico
1023 5519 1148 5592 ejus
1175 5520 1386 5577 auxilia
1412 5521 1473 5576 in
1517 5521 1610 5577 die
1642 5538 1759 5595 qua
1787 5523 2042 5580 redemit

2154 4378 2539 4451 coanomyiam
2568 4378 2943 4452 accipiuntur.
2965 4380 3035 4434 Et
3056 4379 3116 4434 in
3147 4379 3670 4452 quosdam,scilicet
3698 4379 3759 4434 in

2155 4471 2354 4540 poetas
2392 4471 2452 4523 et
2494 4467 2795 4541 sophistas,
2854 4467 3138 4540 permittit
3184 4468 3380 4539 venire
3408 4485 3600 4523 ranam
3630 4484 3763 4539 qua:

2156 4555 2448 4627 disperdet
2479 4572 2577 4610 eos
2606 4555 2828 4611 scilicet
2856 4555 3119 4611 inutilem
3155 4556 3579 4628 garrulitatem,
3626 4572 3762 4627 qua:

2156 4659 2261 4714 per
2289 4660 2495 4698 ranam
2522 4647 2674 4698 recte
2709 4644 3063 4715 designatur,
3096 4662 3224 4716 quae
3248 4645 3481 4715 garrula
3511 4647 3623 4711 est;
3643 4660 3766 4714 qua:

2156 4732 2460 4803 garrulitas
2475 4730 2727 4801 disperdit
2742 4749 2843 4797 eos,
2860 4732 2918 4787 id
2932 4736 3017 4787 est
3031 4732 3319 4804 dispersos
3332 4732 3471 4787 facit
3489 4736 3546 4785 et
3571 4731 3763 4786 diver-

2157 4835 2269 4886 sos,
2301 4818 2516 4873 scilicet
2561 4822 2623 4873 ut
2661 4822 2848 4891 poetae
2879 4819 3115 4891 quidem
3144 4820 3204 4875 in
3234 4820 3465 4888 fabulis,
3490 4819 3763 4891 sophistae

2157 4923 2291 4962 vero
2320 4907 2378 4961 in
2437 4909 3037 4980 argumentationibus
3082 4910 3196 4965 sint
3245 4910 3410 4965 valde
3462 4909 3761 4965 contrarii.

2158 4985 2227 5049 Et
2253 4994 2297 5049 si
2330 4995 2545 5050 fructus
2575 4995 2752 5067 aliqui
2781 4997 3070 5053 bonorum
3116 5014 3360 5069 operum
3386 5002 3519 5054 sunt
3548 4999 3608 5053 in
3630 4997 3762 5070 qui-

2155 5082 2399 5159 busdam
2446 5084 2816 5139 manentibus
2865 5085 2924 5139 in
2969 5087 3235 5159 Egypto,
3273 5103 3404 5143 cum
3435 5087 3559 5142 sine
3589 5086 3761 5141 bonis

2154 5154 2256 5240 31
2296 5155 2312 5240 Ι
2362 5171 2630 5241 operibus
2660 5172 2997 5229 difﬁcillime
3024 5154 3137 5230 vita
3167 5175 3475 5246 cujuslibet
3520 5173 3759 5247 pessimi

2154 5257 2498 5327 inveniatur,
2525 5260 2733 5329 fructus
2771 5261 2897 5316 illos
2955 5263 3055 5316 dat
3106 5264 3258 5319 Deus
3300 5264 3554 5333 aerugini,
3583 5262 3641 5317 id
3673 5265 3761 5317 est

2153 5348 2500 5415 consumi,et
2517 5349 2591 5403 ad
2610 5348 2909 5405 interitum
2927 5350 3054 5406 duci
3074 5352 3361 5424 permittit
3381 5352 3453 5407 ab
3475 5352 3757 5423 mrugine,

2150 5438 2363 5493 scilicet
2386 5440 2447 5491 ut
2466 5436 2599 5508 quia
2620 5454 2816 5511 aerugo
2831 5439 2911 5494 eis
2936 5438 3291 5508 dominatur,
3323 5457 3497 5497 omne
3531 5440 3756 5495 bonum

2150 5542 2292 5599 opus
2329 5525 2388 5581 in
2419 5525 2500 5581 eis
2519 5525 2966 5585 annihiletur.Si
2994 5530 3311 5586 secundum
3335 5529 3761 5604 Hieronymum
