4004 6052
277 292 299 346 1
310 287 415 345 049

1220 269 1576 342 Exrosr'rio
1613 278 1684 340 IN
1722 282 2055 341 PSALMOS.
2090 315 2158 326 -
2188 283 2382 342 PSAL.
2420 284 2638 341 LXXVII
2704 352 2715 359 _

3451 299 3585 354 l050

276 407 601 481 mrugiuem
628 422 734 480 pro
761 403 980 461 cauillis
1002 403 1381 476 accipiamus:
1414 422 1519 478 per
1570 404 1887 476 aeruginem
1912 402 1967 461 A
1993 405 2331 473 bulationem,
2365 406 2425 461 id
2450 410 2537 461 est
2574 408 2757 462 multo
2792 407 3097 478 majorem,
3142 418 3191 466 et
3220 414 3594 473 immissione»;

268 514 404 570 quae
432 498 681 553 latenter
711 511 945 566 serpens
961 491 1644 566 'paulatim,comedendo
1671 494 1888 548 fructus

277 585 529 642 omnino
561 583 868 650 consumit,
899 583 1121 637 luxuria
1186 582 1543 653 intelligitur,
1567 598 1693 653 quas
1727 581 1888 653 quasi

274 674 477 730 furtim
510 672 861 737 subintrans,
889 674 947 726 et
970 670 1248 742 paulatim
1274 670 1549 725 miserum
1567 685 1774 739 corpus
1793 686 1886 724 oc-

273 776 513 833 cupans,
544 761 590 817 si
619 760 773 833 quod
804 760 1024 814 bonum
1042 758 1255 830 opusin
1275 774 1343 813 eo
1365 757 1455 824 sit,
1490 756 1632 811 illud
1673 774 1741 811 ex
1766 759 1888 811 toto

273 851 537 907 destruit.
589 848 726 904 Sine
780 847 1037 903 castitate
1067 846 1248 912 enim,
1278 862 1450 901 nemo
1472 846 1588 902 Deo
1620 845 1885 917 placebit.

272 938 399 994 Sive
459 938 504 993 si
548 937 867 1008 aeruginem
924 937 1131 992 brucos
1179 935 1458 1001 dicamus,
1517 933 1891 1005 intelligimus

270 1027 480 1082 eodem
509 1026 684 1082 modo
711 1025 1017 1093 luxuriam,
1045 1041 1112 1080 eo
1130 1023 1284 1096 quod
1313 1023 1746 1078 br’ucusfructus
1758 1038 1892 1077 con-

270 1118 481 1170 sumat.
518 1113 576 1168 Si
624 1130 781 1181 vero,
803 1114 968 1183 juxta
995 1110 1403 1183 Augustinum,
1432 1125 1629 1181 aerugo
1678 1125 1891 1164 nocens

271 1204 487 1258 nebula
515 1205 574 1256 et
626 1203 848 1257 occulta
877 1201 1119 1263 dicatur,
1171 1217 1297 1272 quae
1350 1200 1566 1254 fructus
1617 1200 1778 1253 occat
1834 1200 1892 1251 et

272 1290 547 1357 absumit,
576 1306 680 1361 per
709 1288 1028 1359 aeruginem
1055 1287 1372 1360 superbain
1396 1290 1590 1342 mente
1622 1285 1889 1358 gloriatio

273 1379 347 1455 de
387 1378 652 1433 bonitate
683 1376 979 1447 accipitur,
1007 1392 1134 1447 quae
1159 1376 1392 1430 virtutes
1414 1379 1471 1430 et
1496 1375 1716 1430 bonum
1750 1391 1892 1446 opus

273 1483 451 1524 omne
482 1466 744 1522 suffocat.
775 1465 854 1519 Et
876 1466 1076 1519 labores
1098 1482 1279 1519 eorum
1306 1464 1454 1520 dedit
1483 1464 1711 1532 locustis,
1734 1464 1791 1519 id
1808 1465 1893 1518 est

271 1556 429 1611 bona
450 1570 628 1626 opera
643 1553 1084 1627 quorundamin
1122 1553 1364 1624 Egypto
1398 1553 1750 1607 inﬁdelitatis
1775 1552 1890 1606 exi-

271 1645 546 1699 stentium
570 1660 584 1710 ;
612 1642 671 1697 in
684 1642 1306 1714 quibuslaboraverunt
1335 1640 1621 1711 permittit
1633 1641 1705 1695 ad
1740 1639 1888 1693 nihi-

1985 493 2135 548 hanc
2151 494 2416 549 vindictm
2432 512 2534 565 per
2562 495 2772 565 angelos
2796 496 2980 564 malos,
3013 498 3073 552 id
3098 503 3185 553 est
3209 517 3313 572 per
3340 504 3594 560 ofﬁcium

1988 582 2347 637 diabolorum
2375 585 2664 654 operatur.
2695 584 2940 655 Exponit
2968 589 3162 640 autem
3202 605 3305 658 per
3333 590 3595 646 similitu-

1989 670 2185 724 dinem
2200 671 2467 725 ordinem
2481 670 2900 739 vindictaa,cum
2921 673 3185 743 adjungit
3201 692 3213 728 :
3230 677 3337 730 Per
3347 695 3595 749 quorum

1990 760 2330 829 angelorum
2354 759 2630 829 otﬁcium,
2649 763 2811 828 viam,
2829 761 2887 816 id
2906 764 2992 816 est
3007 763 3447 832 amplitudinem
3462 769 3598 837 facit

1988 848 2185 900 semitae
2215 849 2308 901 irae
2336 864 2464 914 sum,
2480 846 2539 901 id
2570 850 2656 902 est
2684 848 2947 920 parvitati
2978 849 3239 905 vindictae
3278 868 3414 909 suae.
3436 854 3599 917 Quod

1990 937 2074 988 est
2105 934 2492 990 dicere:Cum
2514 935 2671 1006 prius
2708 936 2959 991 vindicta
2996 937 3070 991 ad
3107 939 3347 993 modum
3377 940 3598 997 semita

1990 1038 2167 1093 parva
2197 1024 2270 1078 sit
2311 1027 2369 1078 et
2394 1024 2608 1091 stricta,
2636 1024 2757 1095 ipsa
2786 1042 2890 1096 per
2938 1027 3277 1097 angelorum
3308 1029 3599 1084 malorum

1991 1110 2248 1164 ofﬁcium
2329 1128 2609 1182 magnam
2689 1115 2748 1165 et
2818 1114 3075 1183 amplam
3131 1130 3259 1168 eam
3318 1116 3472 1172 facit.
3534 1118 3602 1171 Et

1992 1200 2244 1255 ostendit
2274 1201 2568 1272 quomodo
2598 1201 2753 1273 prius
2796 1202 3001 1256 semita
3060 1203 3151 1270 sit,
3210 1220 3340 1259 cum
3393 1205 3597 1261 addit:

1990 1287 2133 1342 Vere
2178 1289 2339 1358 prius
2361 1287 2568 1343 semita
2597 1292 2710 1356 est;
2746 1306 2885 1342 nam
2927 1290 3082 1359 prius
3111 1308 3217 1344 non
3236 1295 3415 1362 parcit
3434 1292 3534 1361 eis,
3567 1311 3599 1348 a

1992 1383 2160 1429 morte
2186 1379 2487 1430 animarum
2507 1393 2710 1443 earum,
2725 1377 3026 1432 liberando
3045 1395 3161 1433 eos.
3184 1380 3281 1433 Hic
3294 1396 3397 1450 per
3415 1382 3599 1453 lypto-

1992 1468 2090 1519 ten
2113 1464 2452 1535 intelligitur
2492 1464 2648 1535 quod
2673 1465 2829 1534 prius
2860 1464 3129 1519 interﬁcit
3157 1483 3254 1521 eos
3283 1468 3522 1523 interius
3541 1470 3600 1523 in

1994 1553 2298 1608 animabus
2315 1554 2675 1608 exceecando.
2697 1537 3024 1623 Ostendit3
3046 1540 3063 1623 Ι
3083 1540 3147 1623 2
3177 1555 3351 1609 etiam
3366 1573 3604 1627 quomo-

1994 1642 2067 1696 do
2098 1640 2410 1695 vindictam
2443 1642 2700 1712 amplam
2738 1642 2913 1711 faciat
2936 1645 3001 1695 ut
3030 1643 3201 1709 viam,
3229 1660 3359 1698 cum
3387 1645 3547 1699 addit
3586 1663 3598 1700 :

270 1733 393 1787 lum
421 1732 745 1804 redigi,per
788 1730 1179 1785 temeritatem
1227 1729 1308 1784 eis
1332 1730 1733 1784 dominantem
1763 1744 1889 1799 quin
1919 1752 1971 1809 B
1991 1728 2067 1782 Et
2104 1731 2410 1800 postquam
2428 1728 2487 1782 in
2511 1729 2815 1784 animabus
2836 1730 3122 1784 interfecti
3140 1734 3293 1799 sunt,
3317 1733 3600 1802 concludit,

268 1837 375 1894 per
408 1822 651 1876 locustae
679 1819 1038 1889 intelligitur,
1066 1834 1134 1872 eo
1154 1818 1309 1889 quod
1341 1821 1559 1872 temere
1591 1816 1887 1883 incedunt,
1993 1817 2050 1871 id
2081 1818 2167 1871 est
2194 1816 2321 1871 ﬁnit
2350 1819 2407 1870 in
2429 1824 2603 1871 morte
2633 1818 2913 1889 corporali
2928 1818 3178 1888 jumenta
3197 1835 3427 1887 eorum,
3445 1819 3503 1874 id
3519 1825 3604 1876 est

272 1924 395 1964 non
423 1908 701 1965 habentes
716 1908 921 1962 ducem
943 1909 1007 1960 ut
1037 1922 1281 1961 examen
1303 1922 1496 1976 apum.
1520 1906 1585 1959 Et
1614 1904 1892 1977 percussit
1990 1906 2142 1977 ipsos
2170 1905 2466 1976 Egyptios
2503 1906 2772 1976 jumenta
2821 1904 3125 1961 existentes
3183 1906 3603 1963 irrationabiles

269 1998 329 2050 in
352 1996 613 2066 grandine
655 1998 834 2050 vineas
880 2011 1082 2062 eorum,
1137 1993 1492 2049 intransitive
1532 1993 1748 2048 dictum
1781 1997 1887 2051 est.
1990 1994 2202 2050 scilicet
2232 1997 2295 2048 ut
2335 1995 2623 2065 jumenta.
2678 1993 2772 2047 Vel
2806 1993 2911 2049 sic:
2935 1994 3070 2049 Dico
3128 1996 3281 2065 quod
3307 2013 3449 2049 viam
3475 1997 3605 2065 fecit

265 2086 349 2140 Ac
370 2084 415 2139 si
444 2088 623 2157 ponat
656 2102 668 2139 :
704 2082 994 2148 Quosdam
1026 2082 1085 2137 in
1110 2083 1354 2154 Egypto
1403 2084 1727 2149 manentes,
1778 2082 1879 2154 qui
1987 2086 2186 2138 semitae
2215 2086 2310 2137 ira
2336 2100 2466 2151 suae,
2495 2086 2554 2137 et
2598 2084 2707 2138 hoc
2771 2084 2945 2139 modo
3003 2083 3239 2157 quidem
3289 2084 3426 2140 facit
3454 2085 3602 2141 iram

271 2173 459 2228 vinem
490 2189 610 2228 esse
660 2173 960 2240 deberent,
979 2171 1257 2226 fructiferi
1286 2171 1497 2227 scilicet
1526 2170 1584 2225 in
1617 2171 1887 2243 operibus
1990 2173 2246 2243 amplam
2282 2175 2342 2226 ut
2389 2172 2563 2239 viam,
2595 2188 2723 2243 qua:
2753 2172 2909 2243 prius
2930 2173 3127 2227 stricta
3152 2176 3237 2227 est
3285 2176 3349 2226 ut
3376 2173 3600 2228 semita.

268 2261 460 2329 bonis,
483 2262 628 2315 sicut
655 2261 858 2328 vineae,
888 2260 948 2315 in
970 2260 1090 2315 uvis
1108 2259 1629 2330 permittitpercuti
1654 2276 1688 2314 a
1718 2276 1890 2331 gran-
1989 2261 2131 2315 Nam
2155 2277 2270 2316 non
2296 2260 2480 2331 parcit
2501 2260 2602 2327 eis,
2638 2263 2946 2314 utamorte
2962 2260 3293 2315 animarum
3323 2278 3422 2316 eos
3454 2261 3601 2316 libe-

270 2349 427 2417 dine,
461 2351 520 2404 et
575 2366 779 2404 eorum
808 2349 1024 2403 fructus
1063 2348 1302 2411 destrui,
1323 2346 1586 2402 videlicet
1610 2364 1644 2402 a
1683 2348 1881 2419 despe-
1987 2352 2096 2416 ret,
2129 2348 2229 2403 sed
2259 2347 2530 2403 interﬁcit
2556 2364 2654 2402 eos
2678 2348 2738 2401 in
2767 2347 2966 2401 anima
2995 2348 3355 2416 excaecando,
3389 2352 3448 2404 et
3471 2349 3600 2404 ﬁnit

269 2438 496 2494 ratione
522 2442 875 2494 aeternorum
902 2438 1211 2504 bonorum,
1244 2452 1370 2507 qua:
1396 2453 1499 2508 per
1527 2436 1875 2506 grandinem
1989 2439 2046 2490 in
2074 2444 2259 2504 morte,
2308 2436 2367 2492 id
2416 2440 2501 2492 est
2526 2437 2797 2492 interﬁcit
2833 2438 3081 2509 jumenta
3127 2456 3333 2507 eorum,
3385 2439 3601 2494 scilicet

270 2526 681 2582 convenienter
727 2525 1023 2598 accipitur.
1052 2524 1279 2580 Grando
1322 2524 1601 2579 nimirum
1635 2527 1722 2579 est
1739 2540 1889 2595 aqua
1988 2525 2493 2580 mansuetudinem
2528 2530 2587 2581 et
2627 2530 2862 2581 caeteras
2885 2526 3144 2595 virtutes,
3186 2527 3232 2581 si
3264 2544 3391 2600 quae
3424 2528 3486 2583 in
3521 2528 3602 2583 eis

274 2630 404 2686 quae
432 2614 492 2669 in
524 2614 768 2670 nubibus
799 2614 923 2669 caeli
952 2614 1307 2685 congelatur.
1341 2612 1503 2667 Unde
1525 2629 1662 2668 sane
1684 2613 1884 2684 despe-
1989 2616 2140 2682 sunt,
2161 2628 2264 2685 per
2276 2614 2866 2684 superabundantiam
2893 2615 3338 2688 vitiorum:quse
3367 2617 3605 2674 virtutes

272 2704 422 2758 ratio
444 2703 653 2758 dicitur
664 2703 911 2775 grando.
936 2701 1085 2756 Nihil
1107 2702 1266 2757 enim
1291 2703 1444 2758 aliud
1465 2705 1549 2756 est
1564 2702 1886 2774 desperatio
1988 2702 2367 2773 periumenta
2390 2703 2785 2775 designantur,
2805 2720 2873 2759 eo
2890 2704 3050 2776 quod
3069 2708 3372 2760 mansueta
3390 2706 3610 2761 anima-

275 2808 452 2864 quam
478 2792 764 2847 bonorum
793 2790 1107 2847 caelestium
1138 2791 1256 2863 spei
1276 2790 1618 2862 congelatio.
1639 2790 1853 2854 Quiver
1990 2791 2067 2845 lia
2095 2793 2247 2856 sunt,
2303 2794 2361 2845 et
2417 2808 2544 2863 quae
2599 2793 2982 2846 sustentacula
3032 2795 3164 2846 sunt
3186 2793 3514 2861 hominum,
3546 2797 3611 2849 ut

276 2880 565 2951 desperat,
588 2879 871 2934 inutiliter
887 2878 1103 2951 aliquid
1120 2878 1259 2934 boni
1291 2881 1583 2951 operatur.
1618 2877 1694 2932 Et
1723 2894 1894 2933 moros
1986 2878 2274 2950 jumenta.
2296 2880 2363 2933 Et
2378 2896 2496 2933 non
2512 2879 2878 2934 solummodo
2895 2880 3480 2951 ignobilesinterﬁcit,
3509 2880 3609 2936 sed

273 2985 455 3023 eorum
485 2967 772 3039 permittit
800 2968 1021 3039 percuti
1061 2970 1118 3021 in
1127 2969 1351 3037 pruina,
1387 2966 1445 3021 id
1474 2970 1560 3022 est
1614 2966 1893 3037 quosdam
1935 3025 1975 3040 ﬂ
1995 2969 2296 3038 etperculit
2318 2971 2508 3021 morte
2533 2984 2686 3021 omne
2689 2970 3108 3038 primogenitum
3121 2971 3175 3022 in
3189 2969 3605 3040 terra/Egypti,

274 3056 372 3128 qui
412 3055 688 3111 fructiferi
717 3072 838 3110 esse
868 3056 1146 3110 deberent
1171 3055 1230 3110 in
1274 3055 1439 3111 bonis
1507 3055 1794 3125 operibus,
1823 3054 1897 3109 ad
1930 3054 2152 3110 “idest
2175 3072 2378 3111 omnes
2414 3056 2543 3109 illos
2563 3055 2659 3125 qui
2696 3059 2831 3109 sunt
2866 3055 3157 3126 digniores
3174 3060 3232 3111 et
3247 3058 3519 3129 prmcipui
3547 3057 3608 3111 in
3662 3084 3666 3088 ι

276 3143 717 3199 similitudinem
731 3160 1030 3199 mororum
1052 3160 1178 3216 quae
1194 3142 1502 3198 fructiferae
1514 3146 1648 3198 sunt
1660 3143 1897 3215 permit—
1996 3145 2229 3198 terrena
2257 3143 2522 3213 Egypto.
2554 3142 3019 3214 Primogenitum
3034 3161 3137 3215 pro
3158 3143 3405 3215 digniori
3422 3145 3608 3217 ponit,

280 3232 349 3287 tit
370 3233 479 3301 uri,
509 3234 568 3287 et
588 3248 791 3288 eorum
817 3232 973 3288 bona
1002 3249 1180 3305 opera
1234 3231 1519 3300 consumi,
1558 3231 1734 3303 siqua
1765 3233 1898 3285 sunt

279 3320 355 3375 ab
389 3320 523 3375 odio
562 3325 765 3377 contra
790 3322 1143 3393 proximum,
1169 3322 1331 3392 quod
1362 3320 1551 3376 aufert
1605 3319 1896 3376 charitatis

278 3408 575 3475 ardorem,
588 3409 734 3463 sicut
746 3410 953 3481 pruina
970 3426 1142 3465 mane
1161 3426 1338 3481 quam
1349 3411 1517 3482 vulgo
1527 3410 1754 3479 [rimam
1766 3409 1899 3464 dici-

274 3514 426 3564 mus,
479 3497 668 3551 aufert
713 3497 846 3552 solis
874 3498 1182 3553 fervorem.
1235 3499 1483 3570 Ideoque
1513 3497 1710 3552 odium
1741 3501 1896 3552 recte

275 3585 488 3659 pruina
517 3585 743 3640 dicitur.
778 3585 939 3641 Unde
958 3587 1210 3642 Joannes
1239 3586 1411 3641 dicit:
1437 3608 1464 3636 «
1499 3585 1604 3650 Qui
1619 3586 1741 3640 odit
1777 3586 1894 3640 fra-

276 3679 430 3729 trem
460 3675 959 3738 suum,homicida
978 3678 1083 3730 est.
1106 3677 1174 3730 Et
1184 3675 1394 3731 scimus
1415 3675 1692 3746 quoniam
1706 3673 1896 3729 omnis

272 3761 571 3817 homicida
583 3778 701 3817 non
718 3764 894 3819 habet
920 3764 1098 3820 vitam
1116 3763 1175 3819 in
1195 3781 1253 3819 se
1285 3767 1625 3819 manentem
1653 3761 1703 3836 (Ι
1724 3763 1889 3817 Joan.

276 3867 360 3919 ιιι,
391 3850 504 3921 25.)
531 3872 559 3900 ››

348 3938 426 3993 Et
456 3938 681 3993 tradidit
702 3938 951 4009 jumenta
978 3957 1158 3995 eorum
1186 3939 1461 4012 grandini,
1479 3939 1537 3994 id
1564 3941 1650 3994 est
1670 3939 1891 3993 destru-

277 4027 477 4095 ctioni,
510 4043 640 4098 quae
660 4043 763 4098 per
792 4028 1141 4099 grandinem
1166 4029 1460 4100 accipitur,
1475 4042 1544 4082 eo
1558 4026 1713 4098 quod
1727 4043 1897 4097 gran-

1997 3248 2065 3286 eo
2098 3232 2253 3303 quod
2279 3230 2670 3302 primogenita
2701 3247 2824 3285 esse
2853 3232 3080 3286 soleant
3106 3231 3392 3303 digniora.

2068 3321 2135 3374 Et
2147 3324 2319 3374 antea
2340 3336 2515 3391 quam
2529 3318 2821 3391 digniores
2835 3323 3022 3374 morte
3036 3319 3293 3391 corporis
3306 3323 3609 3393 percutiat,

1996 3426 2070 3463 ne
2083 3407 2298 3480 aliquid
2312 3407 2448 3463 boni
2469 3408 2542 3462 sit
2559 3408 2617 3462 in
2638 3408 2741 3477 eis,
2761 3408 2917 3480 quod
2943 3409 3138 3463 salutis
3167 3426 3287 3465 esse
3305 3426 3474 3465 causa
3488 3428 3613 3483 pos-

1996 3496 2088 3563 sit,
2112 3496 2353 3551 destruit
2368 3499 2643 3566 primitias
2664 3499 2832 3551 omnis
2855 3497 3047 3553 laboris
3067 3515 3269 3565 eorum,
3297 3498 3355 3553 id
3374 3501 3460 3553 est
3480 3515 3609 3571 per-

1996 3584 2178 3641 mittit
2204 3584 2513 3639 annihilari
2544 3602 2648 3657 per
2677 3586 3269 3657 superabundantiam
3299 3589 3610 3651 malorum,

1997 3672 2196 3729 omnia
2211 3672 2501 3745 praecipua
2518 3675 2574 3727 et
2589 3673 2745 3727 bona
2757 3690 2937 3745 opera
2974 3673 3033 3727 in
3069 3674 3273 3745 quibus
3314 3675 3611 3729 laborave-

1994 3763 2151 3828 runt,
2179 3778 2236 3814 in
2255 3760 2614 3814 tabernaculis
2647 3759 2842 3828 Cham,
2865 3761 2925 3814 id
2938 3764 3025 3815 est
3054 3761 3113 3814 in
3131 3761 3533 3833 primogenitis
3557 3764 3614 3816 in

1995 3856 2140 3903 terra
2168 3847 2420 3918 Ai'gyph'
2473 3849 2572 3919 qui
2602 3850 2736 3902 sunt
2789 3848 3159 3904 tabernacula
3207 3848 3408 3915 Cham,
3442 3849 3502 3904 id
3526 3854 3614 3905 est

1993 3936 2321 3993 habitacula
2337 3935 2525 3991 callidi
2539 3935 2718 3991 hostis
2732 3935 3073 4007 diaboli,qui
3088 3936 3416 4007 emphatice
3431 3937 3612 3992 Cham

1996 4025 2225 4094 dicitur,
2251 4025 2308 4080 id
2331 4028 2415 4079 est
2445 4025 2747 4080 calliditas.
2789 4026 2869 4081 Et
2899 4024 2971 4079 ab
3002 4025 3273 4080 omnibus
3314 4024 3405 4079 his
3433 4024 3617 4081 vindi-

279 4116 353 4172 do
381 4132 593 4171 messes
646 4119 703 4170 et
731 4116 950 4172 fructus
977 4117 1299 4189 quassando
1311 4115 1571 4172 destruit.
1599 4116 1667 4169 Et
1688 4115 1797 4170 hoc
1811 4118 1897 4169 est
1995 4114 2120 4182 ctis,
2146 4114 2327 4183 aufert
2353 4113 2503 4168 Deus
2520 4112 2781 4184 populum
2830 4129 3003 4166 suum-
3043 4113 3143 4185 qui
3173 4112 3412 4184 reliquit
3435 4113 3610 4184 Egy-

276 4199 637 4258 intransitive
674 4204 1029 4274 positum,ac
1042 4206 1088 4261 si
1108 4203 1666 4269 diceretzouosdam
1689 4204 1760 4259 de
1807 4202 1896 4257 his
1916 4272 1948 4274 Α
1996 4205 2184 4273 ptum,
2212 4204 2348 4257 sicut
2363 4218 2483 4256 oves
2506 4218 2658 4268 suas,
2685 4200 2747 4255 id
2793 4203 2881 4255 est
2917 4204 3116 4271 utpote
3146 4201 3274 4257 illos
3303 4201 3375 4256 de
3405 4202 3612 4273 quibus

278 4291 380 4364 qui
403 4292 461 4345 in
507 4272 753 4363 Egypto
780 4272 941 4361 sunt,
964 4309 1031 4348 ex
1058 4295 1182 4349 toto
1217 4292 1477 4359 destruit,
1525 4291 1625 4363 qui
1656 4290 1883 4346 irratio-
1915 4272 1972 4332 D
1990 4272 2169 4346 habet
2190 4306 2388 4345 curam
2407 4291 2553 4345 sicut
2579 4293 2777 4360 pastor
2812 4288 2886 4343 de
2910 4289 3112 4347 ovibus
3138 4290 3207 4343 Et
3235 4272 3520 4360 quosdam
3534 4289 3607 4346 de

278 4379 549 4437 nabiliter
564 4395 625 4437 se
651 4380 889 4445 habent,
906 4384 965 4436 et
976 4380 1151 4436 nimis
1163 4381 1519 4451 voluptuose,
1532 4382 1596 4433 ut
1598 4379 1622 4449 j
1631 4382 1887 4434 amenta.
1989 4380 2202 4450 populo
2220 4396 2348 4450 suo,
2374 4378 2471 4450 qui
2483 4378 2616 4433 licet
2638 4377 2853 4449 egressi
2867 4377 2939 4432 de
2958 4378 3204 4449 Egypto
3228 4376 3611 4441 inﬁdelitatis,

274 4466 357 4523 Et
368 4470 743 4542 possessionem
772 4470 1161 4541 quorundam,
1192 4485 1393 4532 eorum,
1449 4468 1662 4523 scilicet
1711 4482 1892 4538 opera
1990 4467 2254 4522 nondum
2275 4472 2474 4522 tamen
2486 4468 2874 4538 pervenerunt
2890 4464 2964 4519 ad
2976 4481 3139 4530 mare
3151 4465 3434 4532 Rubrum,
3450 4464 3512 4520 id
3528 4465 3619 4521 est

276 4557 436 4613 bona
445 4557 1007 4635 qumipsipossident,
1035 4557 1199 4612 tradit
1218 4558 1336 4627 igni
1350 4556 1423 4611 ad
1443 4555 1885 4621 destruendum,

277 4644 338 4701 id
355 4652 441 4703 est
458 4651 741 4722 permittit
751 4647 1059 4705 annihilari
1071 4663 1175 4719 per
1188 4644 1434 4700 nimium
1453 4644 1555 4699 irae
1576 4643 1889 4713 fervorem,

276 4751 408 4806 quae
438 4739 520 4793 eis
548 4740 772 4795 assidue
795 4736 1147 4793 dominatur.
1186 4734 1322 4789 Dico
1366 4733 1523 4805 quod
1547 4733 1618 4787 de
1651 4733 1896 4805 quibus-

277 4824 417 4879 dam
445 4826 595 4883 hanc
620 4827 932 4883 vindictam
955 4823 1181 4897 accipit,
1202 4826 1265 4877 ut
1282 4822 1362 4877 eis
1396 4821 1480 4877 ira
1538 4820 1893 4886 dominetur,

276 4914 339 4967 et
368 4912 427 4968 in
457 4916 738 4986 quosdam
769 4913 982 4970 emittit
1027 4911 1367 4983 aeruginem,
1409 4913 1467 4964 et
1509 4911 1748 4965 caeteros
1774 4907 1897 4963 aliis

278 5001 489 5070 modis,
541 5004 604 5058 ut
656 5002 1029 5069 ostendimus,
1061 4999 1246 5072 punit.
1279 5000 1348 5053 Et
1384 5000 1448 5052 ut
1502 4996 1899 5052 universaliter

278 5087 470 5144 dicam
494 5107 508 5158 ;
532 5091 595 5145 In
610 5107 708 5146 eos
721 5106 926 5146 omnes
961 5087 1057 5160 qui
1097 5088 1405 5159 Egyptum
1435 5085 1762 5157 relinquere
1793 5099 1897 5138 no-

276 5176 426 5246 lunt,
475 5181 641 5233 mittit
669 5181 818 5234 Deus
846 5181 1003 5232 iram.
1055 5176 1114 5230 id
1139 5178 1223 5230 est
1268 5190 1547 5244 magnam
1584 5173 1899 5228 vindictam

278 5264 666 5336 indignationis
687 5283 819 5335 suae,
840 5281 1030 5337 parva:
1046 5263 1312 5318 vindictae
1333 5277 1448 5316 sum
1459 5261 1896 5317 subsecutivam.

275 5353 397 5409 Hoc
421 5359 613 5411 autem
626 5372 698 5410 ne
717 5355 978 5410 videatur
1003 5350 1361 5408 intransitive
1403 5350 1641 5417 dictum,
1666 5348 1904 5421 exponit

1989 4556 2064 4610 ad
2092 4554 2339 4627 gratiam
2386 4554 2679 4624 baptismi,
2732 4553 2833 4608 sed
2870 4553 3059 4608 adhuc
3104 4556 3240 4608 sunt
3284 4553 3345 4608 in
3374 4554 3605 4608 deserto

1989 4641 2151 4713 quod
2165 4644 2251 4696 est
2270 4642 2419 4695 inter
2446 4642 2758 4712 Egyptum
2811 4643 2869 4695 et
2898 4656 3061 4695 mare
3112 4641 3403 4708 Rubrum,
3433 4640 3492 4694 id
3523 4642 3610 4695 est

1992 4746 2124 4785 cum
2137 4729 2635 4795 tantummodo,ut
2647 4729 3055 4784 catechumeni
3075 4729 3341 4784 notitiam
3356 4728 3614 4783 habeant

1996 4818 2153 4885 ﬁdei,
2171 4820 2230 4872 et
2259 4816 2445 4872 adhuc
2474 4816 2589 4871 sint
2612 4816 2674 4871 in
2698 4817 2996 4872 sterilitate
3022 4818 3311 4873 bonorum
3348 4832 3612 4888 operum,

1998 4922 2247 4978 quorum
2267 4906 2460 4960 nullus
2482 4908 2674 4977 potest
2693 4906 2909 4979 aliquid
2941 4904 3050 4960 nisi
3086 4908 3215 4976 post
3262 4904 3615 4974 baptismum

1999 4991 2254 5064 adipisci,
2284 4993 2441 5048 ducit
2475 5009 2581 5065 per
2609 4994 2899 5048 desertum
2931 4992 3005 5046 ad
3045 5007 3207 5046 mare
3239 4991 3519 5059 Rubrum,
3542 5005 3616 5045 ne

1999 5082 2243 5137 redeant
2272 5082 2345 5136 ad
2370 5082 2683 5154 Egyptum,
2711 5087 2967 5152 tanquam
2988 5096 3200 5149 gregem
3226 5096 3414 5147 suum,
3443 5079 3502 5135 id
3531 5081 3617 5135 est

2000 5174 2200 5242 utpote
2226 5170 2351 5225 illos
2377 5169 2475 5241 qui
2486 5170 2613 5240 jam
2647 5185 2785 5239 grex
2806 5168 2929 5239 ejus
2946 5184 3052 5238 per
3066 5168 3239 5222 ﬁdem
3260 5168 3526 5223 existunt.
3550 5168 3618 5223 Et

2003 5258 2237 5313 adducit
2261 5275 2359 5314 eos
2380 5258 2451 5312 de
2479 5256 2705 5311 deserto
2739 5256 3053 5311 sterilitatis
3064 5256 3137 5311 ad
3150 5256 3521 5328 baptismum,
3552 5258 3618 5311 in

2002 5365 2089 5419 spe
2107 5346 2431 5402 salvationis
2441 5344 2675 5416 positos.
2698 5345 2765 5399 Et
2791 5348 2993 5416 postea
3011 5361 3130 5399 non
3146 5345 3359 5400 timent
3370 5345 3619 5400 Pharao-

277 5458 413 5498 cum
435 5442 617 5510 addit,
640 5442 851 5498 scilicet
879 5442 1294 5512 indignationem
1330 5439 1495 5493 mittit
1511 5438 1567 5491 in
1595 5454 1698 5505 eos,
1730 5436 1791 5491 id
1819 5439 1907 5491 est
2007 5453 2168 5503 nem,
2192 5435 2253 5490 id
2265 5438 2350 5490 est
2363 5434 2678 5501 diabolum,
2709 5436 2767 5487 et
2787 5430 3286 5501 inimicoseorum,
3310 5431 3370 5487 id
3389 5435 3474 5486 est
3491 5448 3620 5504 pec-

285 5546 529 5606 parvam
553 5530 889 5601 vindictam,
917 5536 968 5585 et
994 5532 1156 5601 iram,
1182 5527 1246 5583 id
1284 5530 1370 5583 est
1398 5525 1708 5597 majorem,
1730 5531 1781 5580 et
1808 5527 1905 5580 tri-

2009 5527 2201 5581 catum
2215 5523 2578 5595 originale,et
2589 5520 2836 5578 actualia
2846 5537 2974 5594 quae
2986 5519 3440 5593 egerunt,operit
3448 5538 3618 5577 mare.
