  <div class='ocr_page' id='page_1' title='image "/cluster/home/n/w/nwhite01/storage/ocr_20150623/152/hvd.32044054760103/531.png"; bbox 0 0 4008 6040; ppageno 0'>
   <div class='ocr_carea' id='block_1_1' title="bbox 391 296 594 355">
    <p class='ocr_par' dir='ltr' id='par_1_1' title="bbox 391 296 594 355">
     <span class='ocr_line' id='line_1_1' title="bbox 391 296 594 355; baseline -0.01 0"><span class='ocrx_word' id='word_1_1' title='bbox 391 296 399 307; x_wconf 73' lang='grc'><em>’</em></span> <span class='ocrx_word' id='word_1_2' title='bbox 466 300 594 355; x_wconf 78' lang='grc'><strong>1051</strong></span> 
     </span>
    </p>
   </div>
   <div class='ocr_carea' id='block_1_2' title="bbox 1068 284 3160 351">
    <p class='ocr_par' dir='ltr' id='par_1_2' title="bbox 1068 284 3160 351">
     <span class='ocr_line' id='line_1_2' title="bbox 1068 284 3160 351; baseline -0.004 0"><span class='ocrx_word' id='word_1_3' title='bbox 1068 293 1125 351; x_wconf 93' lang='lat' dir='ltr'>S.</span> <span class='ocrx_word' id='word_1_4' title='bbox 1167 288 1510 351; x_wconf 82' lang='lat' dir='ltr'>BBUNONIS</span> <span class='ocrx_word' id='word_1_5' title='bbox 1551 284 2181 349; x_wconf 79' lang='lat' dir='ltr'>CARTHUSIANORUM</span> <span class='ocrx_word' id='word_1_6' title='bbox 2218 284 2684 344; x_wconf 81' lang='lat' dir='ltr'>INSTI’I‘UTORIS</span> <span class='ocrx_word' id='word_1_7' title='bbox 2726 286 2881 344; x_wconf 87' lang='lat' dir='ltr'>OPP.</span> <span class='ocrx_word' id='word_1_8' title='bbox 2924 287 3101 344; x_wconf 82' lang='lat' dir='ltr'>PARS</span> <span class='ocrx_word' id='word_1_9' title='bbox 3138 290 3160 343; x_wconf 88' lang='grc' dir='ltr'>Ι</span> 
     </span>
    </p>
   </div>
   <div class='ocr_carea' id='block_1_3' title="bbox 3628 290 3780 345">
    <p class='ocr_par' dir='ltr' id='par_1_3' title="bbox 3628 290 3780 345">
     <span class='ocr_line' id='line_1_3' title="bbox 3628 290 3780 345; baseline 0.013 -2"><span class='ocrx_word' id='word_1_10' title='bbox 3628 290 3780 345; x_wconf 73' lang='grc'>1052</span> 
     </span>
    </p>
   </div>
   <div class='ocr_carea' id='block_1_4' title="bbox 456 411 3800 492">
    <p class='ocr_par' dir='ltr' id='par_1_4' title="bbox 456 411 3800 492">
     <span class='ocr_line' id='line_1_4' title="bbox 456 411 3800 492; baseline -0.003 -15"><span class='ocrx_word' id='word_1_11' title='bbox 456 422 516 477; x_wconf 87' lang='lat' dir='ltr'>id</span> <span class='ocrx_word' id='word_1_12' title='bbox 536 425 621 477; x_wconf 90' lang='lat' dir='ltr'>est</span> <span class='ocrx_word' id='word_1_13' title='bbox 638 419 1345 492; x_wconf 82' lang='lat' dir='ltr'>destruitbaptismum.Et</span> <span class='ocrx_word' id='word_1_14' title='bbox 1362 418 1851 492; x_wconf 87' lang='lat' dir='ltr'>postbaptismum</span> <span class='ocrx_word' id='word_1_15' title='bbox 1866 414 2066 469; x_wconf 88' lang='lat' dir='ltr'>inducit</span> <span class='ocrx_word' id='word_1_16' title='bbox 2087 415 2141 472; x_wconf 86' lang='lat' dir='ltr'><strong>A</strong></span> <span class='ocrx_word' id='word_1_17' title='bbox 2165 412 2451 469; x_wconf 87' lang='lat' dir='ltr'>mittendo</span> <span class='ocrx_word' id='word_1_18' title='bbox 2475 430 2542 468; x_wconf 83' lang='lat' dir='ltr'>ex</span> <span class='ocrx_word' id='word_1_19' title='bbox 2568 416 2690 468; x_wconf 88' lang='lat' dir='ltr'>toto</span> <span class='ocrx_word' id='word_1_20' title='bbox 2715 413 3081 492; x_wconf 30' lang='lat' dir='ltr'>defeceruntr</span> <span class='ocrx_word' id='word_1_21' title='bbox 3102 413 3267 479; x_wconf 87' lang='lat' dir='ltr'>Quod</span> <span class='ocrx_word' id='word_1_22' title='bbox 3286 411 3454 468; x_wconf 89' lang='lat' dir='ltr'>dicit:</span> <span class='ocrx_word' id='word_1_23' title='bbox 3478 429 3585 467; x_wconf 90' lang='lat' dir='ltr'>non</span> <span class='ocrx_word' id='word_1_24' title='bbox 3611 420 3800 468; x_wconf 86' lang='lat' dir='ltr'>custo-</span> 
     </span>
    </p>
   </div>
   <div class='ocr_carea' id='block_1_5' title="bbox 454 502 2063 577">
    <p class='ocr_par' dir='ltr' id='par_1_5' title="bbox 454 502 2063 577">
     <span class='ocr_line' id='line_1_5' title="bbox 454 502 2063 577; baseline -0.006 -11"><span class='ocrx_word' id='word_1_25' title='bbox 454 527 537 567; x_wconf 86' lang='lat' dir='ltr'>eos</span> <span class='ocrx_word' id='word_1_26' title='bbox 548 513 604 565; x_wconf 90' lang='lat' dir='ltr'>in</span> <span class='ocrx_word' id='word_1_27' title='bbox 617 509 1421 577; x_wconf 54' lang='lat' dir='ltr'>montemsanctiﬁcationzssuc&#39;e,</span> <span class='ocrx_word' id='word_1_28' title='bbox 1466 507 1526 561; x_wconf 90' lang='lat' dir='ltr'>id</span> <span class='ocrx_word' id='word_1_29' title='bbox 1539 510 1623 562; x_wconf 91' lang='lat' dir='ltr'>est</span> <span class='ocrx_word' id='word_1_30' title='bbox 1657 506 1715 559; x_wconf 93' lang='lat' dir='ltr'>in</span> <span class='ocrx_word' id='word_1_31' title='bbox 1736 502 2063 566; x_wconf 90' lang='lat' dir='ltr'>Ecclesiam,</span> 
     </span>
    </p>
   </div>
   <div class='ocr_carea' id='block_1_6' title="bbox 2163 502 3796 572">
    <p class='ocr_par' dir='ltr' id='par_1_6' title="bbox 2163 502 3796 572">
     <span class='ocr_line' id='line_1_6' title="bbox 2163 502 3796 572; baseline 0 -17"><span class='ocrx_word' id='word_1_32' title='bbox 2163 502 2373 556; x_wconf 88' lang='lat' dir='ltr'>dierunt</span> <span class='ocrx_word' id='word_1_33' title='bbox 2403 504 2701 557; x_wconf 88' lang='lat' dir='ltr'>testimonia</span> <span class='ocrx_word' id='word_1_34' title='bbox 2739 503 2883 572; x_wconf 87' lang='lat' dir='ltr'>ejus;</span> <span class='ocrx_word' id='word_1_35' title='bbox 2905 509 2957 556; x_wconf 90' lang='lat' dir='ltr'>et</span> <span class='ocrx_word' id='word_1_36' title='bbox 3005 508 3308 557; x_wconf 86' lang='lat' dir='ltr'>averterunt</span> <span class='ocrx_word' id='word_1_37' title='bbox 3323 519 3396 568; x_wconf 89' lang='lat' dir='ltr'>se,</span> <span class='ocrx_word' id='word_1_38' title='bbox 3458 502 3616 557; x_wconf 92' lang='lat' dir='ltr'>idem</span> <span class='ocrx_word' id='word_1_39' title='bbox 3646 504 3740 556; x_wconf 88' lang='lat' dir='ltr'>est</span> <span class='ocrx_word' id='word_1_40' title='bbox 3771 518 3796 566; x_wconf 87' lang='lat'><strong><em>;</em></strong></span> 
     </span>
    </p>
   </div>
   <div class='ocr_carea' id='block_1_7' title="bbox 457 590 3791 669">
    <p class='ocr_par' dir='ltr' id='par_1_7' title="bbox 457 590 3791 669">
     <span class='ocr_line' id='line_1_7' title="bbox 457 590 3791 669; baseline -0.003 -15"><span class='ocrx_word' id='word_1_41' title='bbox 457 603 521 655; x_wconf 90' lang='lat' dir='ltr'>ut</span> <span class='ocrx_word' id='word_1_42' title='bbox 545 598 716 669; x_wconf 89' lang='lat' dir='ltr'>sintej</span> <span class='ocrx_word' id='word_1_43' title='bbox 729 615 790 651; x_wconf 90' lang='lat' dir='ltr'>us</span> <span class='ocrx_word' id='word_1_44' title='bbox 803 597 923 665; x_wconf 88' lang='lat' dir='ltr'>ﬁlii,</span> <span class='ocrx_word' id='word_1_45' title='bbox 943 611 1117 666; x_wconf 91' lang='lat' dir='ltr'>quam</span> <span class='ocrx_word' id='word_1_46' title='bbox 1137 595 1256 667; x_wconf 85' lang='lat' dir='ltr'>ipse</span> <span class='ocrx_word' id='word_1_47' title='bbox 1275 595 1688 650; x_wconf 88' lang='lat' dir='ltr'>sanctiﬁcando</span> <span class='ocrx_word' id='word_1_48' title='bbox 1706 594 1987 646; x_wconf 84' lang='lat' dir='ltr'>excelsam</span> <span class='ocrx_word' id='word_1_49' title='bbox 2006 590 2064 645; x_wconf 90' lang='lat' dir='ltr'>in</span> <span class='ocrx_word' id='word_1_50' title='bbox 2162 591 2264 645; x_wconf 91' lang='lat' dir='ltr'>sed</span> <span class='ocrx_word' id='word_1_51' title='bbox 2282 591 2356 646; x_wconf 91' lang='lat' dir='ltr'>ad</span> <span class='ocrx_word' id='word_1_52' title='bbox 2376 592 2671 646; x_wconf 88' lang='lat' dir='ltr'>cumulum</span> <span class='ocrx_word' id='word_1_53' title='bbox 2695 591 2940 646; x_wconf 66' lang='lat' dir='ltr'>miseriae</span> <span class='ocrx_word' id='word_1_54' title='bbox 2971 607 3175 646; x_wconf 89' lang='lat' dir='ltr'>eorum</span> <span class='ocrx_word' id='word_1_55' title='bbox 3195 590 3462 646; x_wconf 82' lang='lat' dir='ltr'>inculcat.</span> <span class='ocrx_word' id='word_1_56' title='bbox 3495 591 3608 645; x_wconf 86' lang='lat' dir='ltr'>Sed</span> <span class='ocrx_word' id='word_1_57' title='bbox 3640 606 3791 645; x_wconf 89' lang='lat' dir='ltr'>cum</span> 
     </span>
    </p>
   </div>
   <div class='ocr_carea' id='block_1_8' title="bbox 455 678 3802 751">
    <p class='ocr_par' dir='ltr' id='par_1_8' title="bbox 455 678 3802 751">
     <span class='ocr_line' id='line_1_8' title="bbox 455 678 3802 751; baseline -0.003 -10"><span class='ocrx_word' id='word_1_58' title='bbox 455 686 754 741; x_wconf 79' lang='lat' dir='ltr'>virtutibus</span> <span class='ocrx_word' id='word_1_59' title='bbox 772 684 903 740; x_wconf 89' lang='lat' dir='ltr'>fecit</span> <span class='ocrx_word' id='word_1_60' title='bbox 932 684 1005 738; x_wconf 90' lang='lat' dir='ltr'>ad</span> <span class='ocrx_word' id='word_1_61' title='bbox 1025 683 1266 739; x_wconf 92' lang='lat' dir='ltr'>modum</span> <span class='ocrx_word' id='word_1_62' title='bbox 1294 683 1524 739; x_wconf 90' lang='lat' dir='ltr'>montis.</span> <span class='ocrx_word' id='word_1_63' title='bbox 1552 680 2066 751; x_wconf 85' lang='lat' dir='ltr'>Montem,inquam</span> <span class='ocrx_word' id='word_1_64' title='bbox 2167 678 2338 733; x_wconf 84' lang='lat' dir='ltr'>dicit:</span> <span class='ocrx_word' id='word_1_65' title='bbox 2364 678 2493 734; x_wconf 89' lang='lat' dir='ltr'>Non</span> <span class='ocrx_word' id='word_1_66' title='bbox 2510 685 2853 734; x_wconf 83' lang='lat' dir='ltr'>servaverunt</span> <span class='ocrx_word' id='word_1_67' title='bbox 2861 684 3105 750; x_wconf 79' lang='lat' dir='ltr'>pactum,</span> <span class='ocrx_word' id='word_1_68' title='bbox 3139 678 3389 734; x_wconf 79' lang='lat' dir='ltr'>ostendit</span> <span class='ocrx_word' id='word_1_69' title='bbox 3407 695 3506 734; x_wconf 89' lang='lat' dir='ltr'>eos</span> <span class='ocrx_word' id='word_1_70' title='bbox 3523 679 3631 733; x_wconf 91' lang='lat' dir='ltr'>hoc</span> <span class='ocrx_word' id='word_1_71' title='bbox 3653 694 3802 751; x_wconf 86' lang='lat' dir='ltr'>pro-</span> 
     </span>
    </p>
   </div>
   <div class='ocr_carea' id='block_1_9' title="bbox 458 768 2067 847">
    <p class='ocr_par' dir='ltr' id='par_1_9' title="bbox 458 768 2067 847">
     <span class='ocr_line' id='line_1_9' title="bbox 458 768 2067 847; baseline -0.004 -19"><span class='ocrx_word' id='word_1_72' title='bbox 458 792 610 847; x_wconf 84' lang='lat' dir='ltr'>quem</span> <span class='ocrx_word' id='word_1_73' title='bbox 633 775 909 845; x_wconf 75' lang='lat' dir='ltr'>acquisivit</span> <span class='ocrx_word' id='word_1_74' title='bbox 950 775 1137 827; x_wconf 86' lang='lat' dir='ltr'>morte</span> <span class='ocrx_word' id='word_1_75' title='bbox 1165 789 1284 840; x_wconf 88' lang='lat' dir='ltr'>sua,</span> <span class='ocrx_word' id='word_1_76' title='bbox 1340 772 1552 826; x_wconf 75' lang='lat' dir='ltr'>dextera</span> <span class='ocrx_word' id='word_1_77' title='bbox 1594 771 1731 841; x_wconf 87' lang='lat' dir='ltr'>ejus,</span> <span class='ocrx_word' id='word_1_78' title='bbox 1775 769 1828 824; x_wconf 88' lang='lat' dir='ltr'>id</span> <span class='ocrx_word' id='word_1_79' title='bbox 1872 772 1957 822; x_wconf 92' lang='lat' dir='ltr'>est</span> <span class='ocrx_word' id='word_1_80' title='bbox 1979 768 2067 823; x_wconf 87' lang='lat' dir='ltr'>Fi-</span> 
     </span>
    </p>
   </div>
   <div class='ocr_carea' id='block_1_10' title="bbox 458 855 2070 934">
    <p class='ocr_par' dir='ltr' id='par_1_10' title="bbox 458 855 2070 934">
     <span class='ocr_line' id='line_1_10' title="bbox 458 855 2070 934; baseline -0.005 -17"><span class='ocrx_word' id='word_1_81' title='bbox 458 864 566 917; x_wconf 90' lang='lat' dir='ltr'>lius</span> <span class='ocrx_word' id='word_1_82' title='bbox 595 862 735 933; x_wconf 85' lang='lat' dir='ltr'>ejus.</span> <span class='ocrx_word' id='word_1_83' title='bbox 765 862 873 916; x_wconf 90' lang='lat' dir='ltr'>Per</span> <span class='ocrx_word' id='word_1_84' title='bbox 888 861 996 916; x_wconf 92' lang='lat' dir='ltr'>hoc</span> <span class='ocrx_word' id='word_1_85' title='bbox 1026 863 1220 915; x_wconf 90' lang='lat' dir='ltr'>autem</span> <span class='ocrx_word' id='word_1_86' title='bbox 1268 877 1371 915; x_wconf 92' lang='lat' dir='ltr'>nos</span> <span class='ocrx_word' id='word_1_87' title='bbox 1398 859 1673 915; x_wconf 84' lang='lat' dir='ltr'>obnoxios</span> <span class='ocrx_word' id='word_1_88' title='bbox 1696 860 1812 913; x_wconf 89' lang='lat' dir='ltr'>Deo</span> <span class='ocrx_word' id='word_1_89' title='bbox 1860 855 2070 934; x_wconf 64' lang='lat' dir='ltr'>reddit,</span> 
     </span>
    </p>
   </div>
   <div class='ocr_carea' id='block_1_11' title="bbox 2168 763 3800 839">
    <p class='ocr_par' dir='ltr' id='par_1_11' title="bbox 2168 763 3800 839">
     <span class='ocr_line' id='line_1_11' title="bbox 2168 763 3800 839; baseline 0 -18"><span class='ocrx_word' id='word_1_90' title='bbox 2168 765 2386 821; x_wconf 88' lang='lat' dir='ltr'>misisse</span> <span class='ocrx_word' id='word_1_91' title='bbox 2410 784 2425 831; x_wconf 86' lang='lat'><strong><em>;</em></strong></span> <span class='ocrx_word' id='word_1_92' title='bbox 2457 769 2515 821; x_wconf 90' lang='lat' dir='ltr'>et</span> <span class='ocrx_word' id='word_1_93' title='bbox 2541 763 2599 821; x_wconf 86' lang='lat' dir='ltr'>in</span> <span class='ocrx_word' id='word_1_94' title='bbox 2624 767 2734 821; x_wconf 89' lang='lat' dir='ltr'>hoc</span> <span class='ocrx_word' id='word_1_95' title='bbox 2753 767 2983 839; x_wconf 83' lang='lat' dir='ltr'>gravius</span> <span class='ocrx_word' id='word_1_96' title='bbox 3014 770 3180 822; x_wconf 90' lang='lat' dir='ltr'>notat</span> <span class='ocrx_word' id='word_1_97' title='bbox 3207 783 3384 839; x_wconf 91' lang='lat' dir='ltr'>quam</span> <span class='ocrx_word' id='word_1_98' title='bbox 3409 767 3455 821; x_wconf 91' lang='lat' dir='ltr'>si</span> <span class='ocrx_word' id='word_1_99' title='bbox 3479 783 3597 823; x_wconf 92' lang='lat' dir='ltr'>non</span> <span class='ocrx_word' id='word_1_100' title='bbox 3648 782 3800 838; x_wconf 84' lang='lat' dir='ltr'>pro-</span> 
     </span>
    </p>
   </div>
   <div class='ocr_carea' id='block_1_12' title="bbox 2172 854 3802 911">
    <p class='ocr_par' dir='ltr' id='par_1_12' title="bbox 2172 854 3802 911">
     <span class='ocr_line' id='line_1_12' title="bbox 2172 854 3802 911; baseline 0 -3"><span class='ocrx_word' id='word_1_101' title='bbox 2172 854 2477 909; x_wconf 79' lang='lat' dir='ltr'>misissent.</span> <span class='ocrx_word' id='word_1_102' title='bbox 2512 856 2580 910; x_wconf 87' lang='lat' dir='ltr'>Et</span> <span class='ocrx_word' id='word_1_103' title='bbox 2621 871 2752 910; x_wconf 92' lang='lat' dir='ltr'>cum</span> <span class='ocrx_word' id='word_1_104' title='bbox 2785 855 2924 910; x_wconf 85' lang='lat' dir='ltr'>dicit</span> <span class='ocrx_word' id='word_1_105' title='bbox 2955 871 3258 911; x_wconf 84' lang='lat' dir='ltr'>conversos</span> <span class='ocrx_word' id='word_1_106' title='bbox 3313 872 3435 911; x_wconf 89' lang='lat' dir='ltr'>esse</span> <span class='ocrx_word' id='word_1_107' title='bbox 3490 857 3546 909; x_wconf 88' lang='lat' dir='ltr'>in</span> <span class='ocrx_word' id='word_1_108' title='bbox 3596 870 3802 910; x_wconf 81' lang='lat' dir='ltr'>areum</span> 
     </span>
    </p>
   </div>
   <div class='ocr_carea' id='block_1_13' title="bbox 460 943 3804 1023">
    <p class='ocr_par' dir='ltr' id='par_1_13' title="bbox 460 943 3804 1023">
     <span class='ocr_line' id='line_1_13' title="bbox 460 943 3804 1023; baseline -0.002 -18"><span class='ocrx_word' id='word_1_109' title='bbox 460 949 930 1023; x_wconf 86' lang='lat' dir='ltr'>quandoquidem</span> <span class='ocrx_word' id='word_1_110' title='bbox 963 952 1150 1004; x_wconf 91' lang='lat' dir='ltr'>morte</span> <span class='ocrx_word' id='word_1_111' title='bbox 1195 965 1296 1003; x_wconf 91' lang='lat' dir='ltr'>sua</span> <span class='ocrx_word' id='word_1_112' title='bbox 1334 965 1439 1003; x_wconf 92' lang='lat' dir='ltr'>nos</span> <span class='ocrx_word' id='word_1_113' title='bbox 1465 947 1779 1021; x_wconf 84' lang='lat' dir='ltr'>acquisivit.</span> <span class='ocrx_word' id='word_1_114' title='bbox 1803 946 1899 1000; x_wconf 92' lang='lat' dir='ltr'>Vel</span> <span class='ocrx_word' id='word_1_115' title='bbox 1919 961 2074 1017; x_wconf 83' lang='lat' dir='ltr'>quem</span> <span class='ocrx_word' id='word_1_116' title='bbox 2164 960 2419 1013; x_wconf 85' lang='lat' dir='ltr'>pravum,</span> <span class='ocrx_word' id='word_1_117' title='bbox 2443 944 2517 998; x_wconf 87' lang='lat' dir='ltr'>ad</span> <span class='ocrx_word' id='word_1_118' title='bbox 2545 943 2983 999; x_wconf 87' lang='lat' dir='ltr'>similitudinem</span> <span class='ocrx_word' id='word_1_119' title='bbox 3005 948 3236 1016; x_wconf 86' lang='lat' dir='ltr'>patrum</span> <span class='ocrx_word' id='word_1_120' title='bbox 3268 944 3458 1001; x_wconf 82' lang='lat' dir='ltr'>innuit</span> <span class='ocrx_word' id='word_1_121' title='bbox 3484 960 3584 1000; x_wconf 90' lang='lat' dir='ltr'>eos</span> <span class='ocrx_word' id='word_1_122' title='bbox 3635 944 3804 999; x_wconf 86' lang='lat' dir='ltr'>ince-</span> 
     </span>
    </p>
   </div>
   <div class='ocr_carea' id='block_1_14' title="bbox 461 1033 2078 1110">
    <p class='ocr_par' dir='ltr' id='par_1_14' title="bbox 461 1033 2078 1110">
     <span class='ocr_line' id='line_1_14' title="bbox 461 1033 2078 1110; baseline -0.004 -18"><span class='ocrx_word' id='word_1_123' title='bbox 461 1041 735 1110; x_wconf 83' lang='lat' dir='ltr'>acquisivit</span> <span class='ocrx_word' id='word_1_124' title='bbox 754 1039 989 1104; x_wconf 76' lang='lat' dir='ltr'>dextera,</span> <span class='ocrx_word' id='word_1_125' title='bbox 1023 1037 1080 1092; x_wconf 89' lang='lat' dir='ltr'>id</span> <span class='ocrx_word' id='word_1_126' title='bbox 1105 1039 1189 1091; x_wconf 88' lang='lat' dir='ltr'>est</span> <span class='ocrx_word' id='word_1_127' title='bbox 1245 1036 1507 1109; x_wconf 88' lang='lat' dir='ltr'>potentia</span> <span class='ocrx_word' id='word_1_128' title='bbox 1560 1036 1808 1090; x_wconf 64' lang='lat' dir='ltr'>dextera:</span> <span class='ocrx_word' id='word_1_129' title='bbox 1834 1034 1973 1105; x_wconf 86' lang='lat' dir='ltr'>ejus.</span> <span class='ocrx_word' id='word_1_130' title='bbox 2010 1033 2078 1087; x_wconf 90' lang='lat' dir='ltr'>Et</span> 
     </span>
    </p>
   </div>
   <div class='ocr_carea' id='block_1_15' title="bbox 460 1121 2074 1195">
    <p class='ocr_par' dir='ltr' id='par_1_15' title="bbox 460 1121 2074 1195">
     <span class='ocr_line' id='line_1_15' title="bbox 460 1121 2074 1195; baseline -0.004 -14"><span class='ocrx_word' id='word_1_131' title='bbox 460 1130 524 1181; x_wconf 85' lang='lat' dir='ltr'>ut</span> <span class='ocrx_word' id='word_1_132' title='bbox 547 1144 742 1181; x_wconf 91' lang='lat' dir='ltr'>secure</span> <span class='ocrx_word' id='word_1_133' title='bbox 775 1127 831 1180; x_wconf 91' lang='lat' dir='ltr'>in</span> <span class='ocrx_word' id='word_1_134' title='bbox 854 1129 1051 1181; x_wconf 90' lang='lat' dir='ltr'>monte</span> <span class='ocrx_word' id='word_1_135' title='bbox 1080 1124 1365 1192; x_wconf 85' lang='lat' dir='ltr'>habitent,</span> <span class='ocrx_word' id='word_1_136' title='bbox 1383 1128 1441 1179; x_wconf 88' lang='lat' dir='ltr'>et</span> <span class='ocrx_word' id='word_1_137' title='bbox 1465 1124 1585 1179; x_wconf 89' lang='lat' dir='ltr'>sine</span> <span class='ocrx_word' id='word_1_138' title='bbox 1619 1121 2074 1195; x_wconf 82' lang='lat' dir='ltr'>perturbatione,</span> 
     </span>
    </p>
   </div>
   <div class='ocr_carea' id='block_1_16' title="bbox 458 1209 2074 1285">
    <p class='ocr_par' dir='ltr' id='par_1_16' title="bbox 458 1209 2074 1285">
     <span class='ocr_line' id='line_1_16' title="bbox 458 1209 2074 1285; baseline -0.004 -16"><span class='ocrx_word' id='word_1_139' title='bbox 458 1215 609 1285; x_wconf 87' lang='lat' dir='ltr'>ejecit</span> <span class='ocrx_word' id='word_1_140' title='bbox 634 1233 666 1268; x_wconf 89' lang='lat' dir='ltr'>a</span> <span class='ocrx_word' id='word_1_141' title='bbox 684 1215 825 1285; x_wconf 76' lang='lat' dir='ltr'>facie</span> <span class='ocrx_word' id='word_1_142' title='bbox 871 1232 1052 1269; x_wconf 87' lang='lat' dir='ltr'>eorum</span> <span class='ocrx_word' id='word_1_143' title='bbox 1087 1219 1288 1283; x_wconf 79' lang='lat' dir='ltr'>gentes,</span> <span class='ocrx_word' id='word_1_144' title='bbox 1322 1212 1379 1266; x_wconf 93' lang='lat' dir='ltr'>id</span> <span class='ocrx_word' id='word_1_145' title='bbox 1406 1215 1491 1267; x_wconf 86' lang='lat' dir='ltr'>est</span> <span class='ocrx_word' id='word_1_146' title='bbox 1542 1211 1811 1284; x_wconf 87' lang='lat' dir='ltr'>propellit</span> <span class='ocrx_word' id='word_1_147' title='bbox 1837 1209 1972 1264; x_wconf 88' lang='lat' dir='ltr'>vitia</span> <span class='ocrx_word' id='word_1_148' title='bbox 2004 1209 2074 1263; x_wconf 89' lang='lat' dir='ltr'>ab</span> 
     </span>
    </p>
   </div>
   <div class='ocr_carea' id='block_1_17' title="bbox 458 1296 2076 1374">
    <p class='ocr_par' dir='ltr' id='par_1_17' title="bbox 458 1296 2076 1374">
     <span class='ocr_line' id='line_1_17' title="bbox 458 1296 2076 1374; baseline -0.004 -17"><span class='ocrx_word' id='word_1_149' title='bbox 458 1317 659 1357; x_wconf 90' lang='lat' dir='ltr'>eorum</span> <span class='ocrx_word' id='word_1_150' title='bbox 687 1302 1015 1374; x_wconf 65' lang='lat' dir='ltr'>praesentia,</span> <span class='ocrx_word' id='word_1_151' title='bbox 1044 1319 1116 1356; x_wconf 91' lang='lat' dir='ltr'>ne</span> <span class='ocrx_word' id='word_1_152' title='bbox 1142 1301 1364 1372; x_wconf 87' lang='lat' dir='ltr'>possint</span> <span class='ocrx_word' id='word_1_153' title='bbox 1386 1301 1466 1355; x_wconf 89' lang='lat' dir='ltr'>eis</span> <span class='ocrx_word' id='word_1_154' title='bbox 1496 1299 1783 1356; x_wconf 87' lang='lat' dir='ltr'>dominari</span> <span class='ocrx_word' id='word_1_155' title='bbox 1808 1316 1824 1351; x_wconf 90' lang='lat'><strong><em>:</em></strong></span> <span class='ocrx_word' id='word_1_156' title='bbox 1848 1315 1974 1370; x_wconf 77' lang='lat' dir='ltr'>quae</span> <span class='ocrx_word' id='word_1_157' title='bbox 1997 1296 2076 1352; x_wconf 86' lang='lat' dir='ltr'>di-</span> 
     </span>
    </p>
   </div>
   <div class='ocr_carea' id='block_1_18' title="bbox 358 1389 2072 1462">
    <p class='ocr_par' dir='ltr' id='par_1_18' title="bbox 358 1389 2072 1462">
     <span class='ocr_line' id='line_1_18' title="bbox 358 1389 2072 1462; baseline -0.003 -17"><span class='ocrx_word' id='word_1_158' title='bbox 358 1424 365 1429; x_wconf 69' lang='grc' dir='ltr'><strong>σ</strong></span> <span class='ocrx_word' id='word_1_159' title='bbox 458 1394 667 1445; x_wconf 89' lang='lat' dir='ltr'>cuntur</span> <span class='ocrx_word' id='word_1_160' title='bbox 698 1395 901 1461; x_wconf 83' lang='lat' dir='ltr'>gentes</span> <span class='ocrx_word' id='word_1_161' title='bbox 937 1394 1268 1462; x_wconf 86' lang='lat' dir='ltr'>propterea,</span> <span class='ocrx_word' id='word_1_162' title='bbox 1297 1389 1435 1462; x_wconf 89' lang='lat' dir='ltr'>quia</span> <span class='ocrx_word' id='word_1_163' title='bbox 1463 1389 1716 1443; x_wconf 84' lang='lat' dir='ltr'>maxima</span> <span class='ocrx_word' id='word_1_164' title='bbox 1759 1391 2072 1442; x_wconf 90' lang='lat' dir='ltr'>esteorum</span> 
     </span>
    </p>
   </div>
   <div class='ocr_carea' id='block_1_19' title="bbox 457 1474 2071 1548">
    <p class='ocr_par' dir='ltr' id='par_1_19' title="bbox 457 1474 2071 1548">
     <span class='ocr_line' id='line_1_19' title="bbox 457 1474 2071 1548; baseline -0.004 -15"><span class='ocrx_word' id='word_1_165' title='bbox 457 1477 795 1544; x_wconf 87' lang='lat' dir='ltr'>multitudo;</span> <span class='ocrx_word' id='word_1_166' title='bbox 820 1480 1053 1547; x_wconf 82' lang='lat' dir='ltr'>gentem</span> <span class='ocrx_word' id='word_1_167' title='bbox 1089 1476 1301 1548; x_wconf 89' lang='lat' dir='ltr'>quippe</span> <span class='ocrx_word' id='word_1_168' title='bbox 1332 1476 1595 1543; x_wconf 88' lang='lat' dir='ltr'>dicimus,</span> <span class='ocrx_word' id='word_1_169' title='bbox 1621 1474 1936 1530; x_wconf 82' lang='lat' dir='ltr'>maximam</span> <span class='ocrx_word' id='word_1_170' title='bbox 1966 1474 2071 1527; x_wconf 93' lang='lat' dir='ltr'>ho-</span> 
     </span>
    </p>
   </div>
   <div class='ocr_carea' id='block_1_20' title="bbox 457 1564 2074 1633">
    <p class='ocr_par' dir='ltr' id='par_1_20' title="bbox 457 1564 2074 1633">
     <span class='ocr_line' id='line_1_20' title="bbox 457 1564 2074 1633; baseline -0.002 -14"><span class='ocrx_word' id='word_1_171' title='bbox 457 1564 689 1619; x_wconf 89' lang='lat' dir='ltr'>minum</span> <span class='ocrx_word' id='word_1_172' title='bbox 723 1565 1178 1622; x_wconf 89' lang='lat' dir='ltr'>multitudinem.</span> <span class='ocrx_word' id='word_1_173' title='bbox 1211 1564 1288 1618; x_wconf 88' lang='lat' dir='ltr'>Et</span> <span class='ocrx_word' id='word_1_174' title='bbox 1317 1564 1506 1618; x_wconf 84' lang='lat' dir='ltr'>dividit</span> <span class='ocrx_word' id='word_1_175' title='bbox 1535 1566 1605 1617; x_wconf 85' lang='lat' dir='ltr'>eis</span> <span class='ocrx_word' id='word_1_176' title='bbox 1622 1570 1818 1617; x_wconf 90' lang='lat' dir='ltr'>terram</span> <span class='ocrx_word' id='word_1_177' title='bbox 1838 1564 2074 1633; x_wconf 84' lang='lat' dir='ltr'>promis-</span> 
     </span>
    </p>
   </div>
   <div class='ocr_carea' id='block_1_21' title="bbox 456 1649 2074 1724">
    <p class='ocr_par' dir='ltr' id='par_1_21' title="bbox 456 1649 2074 1724">
     <span class='ocr_line' id='line_1_21' title="bbox 456 1649 2074 1724; baseline -0.001 -18"><span class='ocrx_word' id='word_1_178' title='bbox 456 1654 636 1720; x_wconf 88' lang='lat' dir='ltr'>sionis,</span> <span class='ocrx_word' id='word_1_179' title='bbox 664 1653 876 1708; x_wconf 88' lang='lat' dir='ltr'>scilicet</span> <span class='ocrx_word' id='word_1_180' title='bbox 925 1653 1080 1708; x_wconf 92' lang='lat' dir='ltr'>dona</span> <span class='ocrx_word' id='word_1_181' title='bbox 1105 1652 1349 1724; x_wconf 89' lang='lat' dir='ltr'>Spiritus</span> <span class='ocrx_word' id='word_1_182' title='bbox 1375 1652 1577 1720; x_wconf 89' lang='lat' dir='ltr'>sancti,</span> <span class='ocrx_word' id='word_1_183' title='bbox 1611 1656 1669 1706; x_wconf 89' lang='lat' dir='ltr'>ct</span> <span class='ocrx_word' id='word_1_184' title='bbox 1696 1653 1804 1706; x_wconf 92' lang='lat' dir='ltr'>hoc</span> <span class='ocrx_word' id='word_1_185' title='bbox 1832 1656 1987 1714; x_wconf 89' lang='lat' dir='ltr'>sorte,</span> <span class='ocrx_word' id='word_1_186' title='bbox 2015 1649 2074 1705; x_wconf 91' lang='lat' dir='ltr'>id</span> 
     </span>
    </p>
   </div>
   <div class='ocr_carea' id='block_1_22' title="bbox 2173 1031 3806 1106">
    <p class='ocr_par' dir='ltr' id='par_1_22' title="bbox 2173 1031 3806 1106">
     <span class='ocr_line' id='line_1_22' title="bbox 2173 1031 3806 1106; baseline 0 -20"><span class='ocrx_word' id='word_1_187' title='bbox 2173 1031 2342 1104; x_wconf 86' lang='lat' dir='ltr'>pisse,</span> <span class='ocrx_word' id='word_1_188' title='bbox 2376 1034 2435 1087; x_wconf 88' lang='lat' dir='ltr'>et</span> <span class='ocrx_word' id='word_1_189' title='bbox 2465 1032 2537 1086; x_wconf 89' lang='lat' dir='ltr'>ad</span> <span class='ocrx_word' id='word_1_190' title='bbox 2567 1032 3002 1088; x_wconf 88' lang='lat' dir='ltr'>similitudinem</span> <span class='ocrx_word' id='word_1_191' title='bbox 3034 1037 3264 1106; x_wconf 90' lang='lat' dir='ltr'>patrum</span> <span class='ocrx_word' id='word_1_192' title='bbox 3299 1032 3593 1089; x_wconf 86' lang='lat' dir='ltr'>defecisse.</span> <span class='ocrx_word' id='word_1_193' title='bbox 3621 1032 3806 1096; x_wconf 84' lang='lat' dir='ltr'>Quod</span> 
     </span>
    </p>
   </div>
   <div class='ocr_carea' id='block_1_23' title="bbox 2174 1119 3806 1193">
    <p class='ocr_par' dir='ltr' id='par_1_23' title="bbox 2174 1119 3806 1193">
     <span class='ocr_line' id='line_1_23' title="bbox 2174 1119 3806 1193; baseline -0.001 -19"><span class='ocrx_word' id='word_1_194' title='bbox 2174 1119 2401 1190; x_wconf 83' lang='lat' dir='ltr'>gravius</span> <span class='ocrx_word' id='word_1_195' title='bbox 2451 1124 2535 1174; x_wconf 90' lang='lat' dir='ltr'>est</span> <span class='ocrx_word' id='word_1_196' title='bbox 2565 1138 2741 1193; x_wconf 92' lang='lat' dir='ltr'>quam</span> <span class='ocrx_word' id='word_1_197' title='bbox 2794 1138 2913 1176; x_wconf 90' lang='lat' dir='ltr'>non</span> <span class='ocrx_word' id='word_1_198' title='bbox 2964 1121 3241 1193; x_wconf 89' lang='lat' dir='ltr'>incipere.</span> <span class='ocrx_word' id='word_1_199' title='bbox 3296 1123 3363 1176; x_wconf 89' lang='lat' dir='ltr'>Et</span> <span class='ocrx_word' id='word_1_200' title='bbox 3392 1124 3806 1177; x_wconf 74' lang='lat' dir='ltr'>concitaverunt</span> 
     </span>
    </p>
   </div>
   <div class='ocr_carea' id='block_1_24' title="bbox 2174 1209 3808 1281">
    <p class='ocr_par' dir='ltr' id='par_1_24' title="bbox 2174 1209 3808 1281">
     <span class='ocr_line' id='line_1_24' title="bbox 2174 1209 3808 1281; baseline 0 -19"><span class='ocrx_word' id='word_1_201' title='bbox 2174 1225 2292 1262; x_wconf 90' lang='lat' dir='ltr'>eum</span> <span class='ocrx_word' id='word_1_202' title='bbox 2318 1211 2373 1263; x_wconf 85' lang='lat' dir='ltr'>in</span> <span class='ocrx_word' id='word_1_203' title='bbox 2397 1209 2563 1271; x_wconf 77' lang='lat' dir='ltr'>iram,</span> <span class='ocrx_word' id='word_1_204' title='bbox 2597 1209 2656 1263; x_wconf 93' lang='lat' dir='ltr'>id</span> <span class='ocrx_word' id='word_1_205' title='bbox 2689 1211 2774 1264; x_wconf 90' lang='lat' dir='ltr'>est</span> <span class='ocrx_word' id='word_1_206' title='bbox 2795 1213 3111 1281; x_wconf 89' lang='lat' dir='ltr'>coegerunt</span> <span class='ocrx_word' id='word_1_207' title='bbox 3140 1211 3213 1265; x_wconf 91' lang='lat' dir='ltr'>ad</span> <span class='ocrx_word' id='word_1_208' title='bbox 3232 1210 3547 1265; x_wconf 89' lang='lat' dir='ltr'>vindictam</span> <span class='ocrx_word' id='word_1_209' title='bbox 3565 1212 3620 1263; x_wconf 87' lang='lat' dir='ltr'>in</span> <span class='ocrx_word' id='word_1_210' title='bbox 3652 1210 3808 1263; x_wconf 79' lang='lat' dir='ltr'>colli-</span> 
     </span>
    </p>
   </div>
   <div class='ocr_carea' id='block_1_25' title="bbox 2177 1296 3806 1370">
    <p class='ocr_par' dir='ltr' id='par_1_25' title="bbox 2177 1296 3806 1370">
     <span class='ocr_line' id='line_1_25' title="bbox 2177 1296 3806 1370; baseline 0.001 -20"><span class='ocrx_word' id='word_1_211' title='bbox 2177 1296 2269 1350; x_wconf 85' lang='lat' dir='ltr'>bus</span> <span class='ocrx_word' id='word_1_212' title='bbox 2288 1296 2662 1352; x_wconf 88' lang='lat' dir='ltr'>sacriﬁcando</span> <span class='ocrx_word' id='word_1_213' title='bbox 2680 1297 2794 1352; x_wconf 91' lang='lat' dir='ltr'>ritu</span> <span class='ocrx_word' id='word_1_214' title='bbox 2823 1298 3122 1370; x_wconf 86' lang='lat' dir='ltr'>gentium;</span> <span class='ocrx_word' id='word_1_215' title='bbox 3161 1299 3406 1354; x_wconf 91' lang='lat' dir='ltr'>collibus</span> <span class='ocrx_word' id='word_1_216' title='bbox 3433 1298 3562 1354; x_wconf 88' lang='lat' dir='ltr'>dico</span> <span class='ocrx_word' id='word_1_217' title='bbox 3589 1301 3727 1361; x_wconf 76' lang='lat' dir='ltr'>suis,</span> <span class='ocrx_word' id='word_1_218' title='bbox 3746 1297 3806 1352; x_wconf 90' lang='lat' dir='ltr'>id</span> 
     </span>
    </p>
   </div>
   <div class='ocr_carea' id='block_1_26' title="bbox 2174 1384 3803 1458">
    <p class='ocr_par' dir='ltr' id='par_1_26' title="bbox 2174 1384 3803 1458">
     <span class='ocr_line' id='line_1_26' title="bbox 2174 1384 3803 1458; baseline -0.001 -18"><span class='ocrx_word' id='word_1_219' title='bbox 2174 1388 2258 1440; x_wconf 89' lang='lat' dir='ltr'>est</span> <span class='ocrx_word' id='word_1_220' title='bbox 2288 1401 2322 1439; x_wconf 89' lang='lat' dir='ltr'>a</span> <span class='ocrx_word' id='word_1_221' title='bbox 2350 1401 2410 1441; x_wconf 90' lang='lat' dir='ltr'>se</span> <span class='ocrx_word' id='word_1_222' title='bbox 2429 1384 2695 1453; x_wconf 89' lang='lat' dir='ltr'>inventis,</span> <span class='ocrx_word' id='word_1_223' title='bbox 2720 1403 2840 1440; x_wconf 91' lang='lat' dir='ltr'>non</span> <span class='ocrx_word' id='word_1_224' title='bbox 2867 1403 2900 1440; x_wconf 92' lang='lat' dir='ltr'>a</span> <span class='ocrx_word' id='word_1_225' title='bbox 2924 1388 3043 1441; x_wconf 89' lang='lat' dir='ltr'>Deo</span> <span class='ocrx_word' id='word_1_226' title='bbox 3077 1387 3398 1458; x_wconf 64' lang='lat' dir='ltr'>praeceptis.</span> <span class='ocrx_word' id='word_1_227' title='bbox 3428 1387 3803 1457; x_wconf 66' lang='lat' dir='ltr'>Praeceptum</span> 
     </span>
    </p>
   </div>
   <div class='ocr_carea' id='block_1_27' title="bbox 2173 1472 3802 1547">
    <p class='ocr_par' dir='ltr' id='par_1_27' title="bbox 2173 1472 3802 1547">
     <span class='ocr_line' id='line_1_27' title="bbox 2173 1472 3802 1547; baseline 0.001 -20"><span class='ocrx_word' id='word_1_228' title='bbox 2173 1472 2328 1528; x_wconf 91' lang='lat' dir='ltr'>enim</span> <span class='ocrx_word' id='word_1_229' title='bbox 2347 1477 2472 1528; x_wconf 91' lang='lat' dir='ltr'>erat</span> <span class='ocrx_word' id='word_1_230' title='bbox 2510 1474 2569 1528; x_wconf 91' lang='lat' dir='ltr'>in</span> <span class='ocrx_word' id='word_1_231' title='bbox 2592 1474 2740 1546; x_wconf 86' lang='lat' dir='ltr'>lege,</span> <span class='ocrx_word' id='word_1_232' title='bbox 2770 1491 2844 1529; x_wconf 90' lang='lat' dir='ltr'>ne</span> <span class='ocrx_word' id='word_1_233' title='bbox 2875 1474 3001 1547; x_wconf 87' lang='lat' dir='ltr'>quis</span> <span class='ocrx_word' id='word_1_234' title='bbox 3033 1477 3088 1529; x_wconf 91' lang='lat' dir='ltr'>in</span> <span class='ocrx_word' id='word_1_235' title='bbox 3113 1474 3334 1529; x_wconf 85' lang='lat' dir='ltr'>collibus</span> <span class='ocrx_word' id='word_1_236' title='bbox 3361 1478 3607 1546; x_wconf 86' lang='lat' dir='ltr'>propter</span> <span class='ocrx_word' id='word_1_237' title='bbox 3633 1475 3802 1528; x_wconf 88' lang='lat' dir='ltr'>loco-</span> 
     </span>
    </p>
   </div>
   <div class='ocr_carea' id='block_1_28' title="bbox 2172 1560 3804 1618">
    <p class='ocr_par' dir='ltr' id='par_1_28' title="bbox 2172 1560 3804 1618">
     <span class='ocr_line' id='line_1_28' title="bbox 2172 1560 3804 1618; baseline 0.001 -3"><span class='ocrx_word' id='word_1_238' title='bbox 2172 1577 2304 1615; x_wconf 90' lang='lat' dir='ltr'>rum</span> <span class='ocrx_word' id='word_1_239' title='bbox 2331 1560 2765 1618; x_wconf 86' lang='lat' dir='ltr'>immunditiam</span> <span class='ocrx_word' id='word_1_240' title='bbox 2824 1564 2941 1618; x_wconf 92' lang='lat' dir='ltr'>Deo</span> <span class='ocrx_word' id='word_1_241' title='bbox 2974 1563 3477 1618; x_wconf 80' lang='lat' dir='ltr'>sacriﬁcaretzsed</span> <span class='ocrx_word' id='word_1_242' title='bbox 3498 1565 3695 1618; x_wconf 87' lang='lat' dir='ltr'>solum</span> <span class='ocrx_word' id='word_1_243' title='bbox 3742 1560 3804 1617; x_wconf 92' lang='lat' dir='ltr'>in</span> 
     </span>
    </p>
   </div>
   <div class='ocr_carea' id='block_1_29' title="bbox 2172 1650 3808 1723">
    <p class='ocr_par' dir='ltr' id='par_1_29' title="bbox 2172 1650 3808 1723">
     <span class='ocr_line' id='line_1_29' title="bbox 2172 1650 3808 1723; baseline 0.001 -20"><span class='ocrx_word' id='word_1_244' title='bbox 2172 1651 2411 1721; x_wconf 90' lang='lat' dir='ltr'>templo,</span> <span class='ocrx_word' id='word_1_245' title='bbox 2440 1654 2539 1705; x_wconf 94' lang='lat' dir='ltr'>aut</span> <span class='ocrx_word' id='word_1_246' title='bbox 2567 1651 2625 1704; x_wconf 91' lang='lat' dir='ltr'>in</span> <span class='ocrx_word' id='word_1_247' title='bbox 2667 1651 3062 1719; x_wconf 89' lang='lat' dir='ltr'>tabernaculo,</span> <span class='ocrx_word' id='word_1_248' title='bbox 3109 1653 3209 1705; x_wconf 89' lang='lat' dir='ltr'>aut</span> <span class='ocrx_word' id='word_1_249' title='bbox 3242 1650 3302 1705; x_wconf 90' lang='lat' dir='ltr'>in</span> <span class='ocrx_word' id='word_1_250' title='bbox 3348 1652 3475 1706; x_wconf 92' lang='lat' dir='ltr'>loco</span> <span class='ocrx_word' id='word_1_251' title='bbox 3506 1651 3707 1723; x_wconf 87' lang='lat' dir='ltr'>aliquo</span> <span class='ocrx_word' id='word_1_252' title='bbox 3729 1650 3808 1704; x_wconf 89' lang='lat' dir='ltr'>ad</span> 
     </span>
    </p>
   </div>
   <div class='ocr_carea' id='block_1_30' title="bbox 414 1736 3812 1814">
    <p class='ocr_par' dir='ltr' id='par_1_30' title="bbox 414 1736 3812 1814">
     <span class='ocr_line' id='line_1_30' title="bbox 414 1736 3812 1814; baseline -0.001 -20"><span class='ocrx_word' id='word_1_253' title='bbox 414 1786 429 1811; x_wconf 76' lang='lat'>,</span> <span class='ocrx_word' id='word_1_254' title='bbox 461 1744 542 1795; x_wconf 89' lang='lat' dir='ltr'>est</span> <span class='ocrx_word' id='word_1_255' title='bbox 568 1741 766 1812; x_wconf 85' lang='lat' dir='ltr'>gratis.</span> <span class='ocrx_word' id='word_1_256' title='bbox 797 1740 963 1796; x_wconf 91' lang='lat' dir='ltr'>Sorte</span> <span class='ocrx_word' id='word_1_257' title='bbox 1013 1758 1150 1795; x_wconf 89' lang='lat' dir='ltr'>sane</span> <span class='ocrx_word' id='word_1_258' title='bbox 1179 1757 1284 1814; x_wconf 90' lang='lat' dir='ltr'>pro</span> <span class='ocrx_word' id='word_1_259' title='bbox 1313 1741 1493 1812; x_wconf 85' lang='lat' dir='ltr'>gratis</span> <span class='ocrx_word' id='word_1_260' title='bbox 1518 1741 1772 1813; x_wconf 89' lang='lat' dir='ltr'>ponitur,</span> <span class='ocrx_word' id='word_1_261' title='bbox 1819 1757 1887 1795; x_wconf 91' lang='lat' dir='ltr'>eo</span> <span class='ocrx_word' id='word_1_262' title='bbox 1919 1739 2075 1812; x_wconf 91' lang='lat' dir='ltr'>quod</span> <span class='ocrx_word' id='word_1_263' title='bbox 2100 1742 2149 1799; x_wconf 91' lang='lat' dir='ltr'><strong>B</strong></span> <span class='ocrx_word' id='word_1_264' title='bbox 2172 1736 2280 1792; x_wconf 91' lang='lat' dir='ltr'>hoc</span> <span class='ocrx_word' id='word_1_265' title='bbox 2308 1754 2451 1810; x_wconf 89' lang='lat' dir='ltr'>opus</span> <span class='ocrx_word' id='word_1_266' title='bbox 2479 1742 2834 1794; x_wconf 88' lang='lat' dir='ltr'>consecrato.</span> <span class='ocrx_word' id='word_1_267' title='bbox 2857 1739 2968 1812; x_wconf 89' lang='lat' dir='ltr'>Ipsi</span> <span class='ocrx_word' id='word_1_268' title='bbox 3001 1755 3137 1794; x_wconf 92' lang='lat' dir='ltr'>vero</span> <span class='ocrx_word' id='word_1_269' title='bbox 3167 1740 3223 1792; x_wconf 90' lang='lat' dir='ltr'>in</span> <span class='ocrx_word' id='word_1_270' title='bbox 3249 1738 3475 1795; x_wconf 82' lang='lat' dir='ltr'>collibus</span> <span class='ocrx_word' id='word_1_271' title='bbox 3506 1738 3622 1794; x_wconf 91' lang='lat' dir='ltr'>ritu</span> <span class='ocrx_word' id='word_1_272' title='bbox 3658 1755 3812 1810; x_wconf 84' lang='lat' dir='ltr'>gen-</span> 
     </span>
    </p>
   </div>
   <div class='ocr_carea' id='block_1_31' title="bbox 460 1827 2073 1901">
    <p class='ocr_par' dir='ltr' id='par_1_31' title="bbox 460 1827 2073 1901">
     <span class='ocr_line' id='line_1_31' title="bbox 460 1827 2073 1901; baseline 0 -19"><span class='ocrx_word' id='word_1_273' title='bbox 460 1828 599 1883; x_wconf 93' lang='lat' dir='ltr'>illud</span> <span class='ocrx_word' id='word_1_274' title='bbox 621 1829 777 1901; x_wconf 89' lang='lat' dir='ltr'>quod</span> <span class='ocrx_word' id='word_1_275' title='bbox 802 1829 972 1884; x_wconf 89' lang='lat' dir='ltr'>datur</span> <span class='ocrx_word' id='word_1_276' title='bbox 1001 1832 1176 1896; x_wconf 88' lang='lat' dir='ltr'>sorte,</span> <span class='ocrx_word' id='word_1_277' title='bbox 1201 1830 1369 1883; x_wconf 89' lang='lat' dir='ltr'>datur</span> <span class='ocrx_word' id='word_1_278' title='bbox 1381 1829 1577 1900; x_wconf 85' lang='lat' dir='ltr'>gratis.</span> <span class='ocrx_word' id='word_1_279' title='bbox 1607 1831 1770 1884; x_wconf 89' lang='lat' dir='ltr'>Dona</span> <span class='ocrx_word' id='word_1_280' title='bbox 1794 1827 2073 1883; x_wconf 88' lang='lat' dir='ltr'>nimirum</span> 
     </span>
    </p>
   </div>
   <div class='ocr_carea' id='block_1_32' title="bbox 459 1916 2071 1991">
    <p class='ocr_par' dir='ltr' id='par_1_32' title="bbox 459 1916 2071 1991">
     <span class='ocr_line' id='line_1_32' title="bbox 459 1916 2071 1991; baseline -0.001 -20"><span class='ocrx_word' id='word_1_281' title='bbox 459 1918 639 1972; x_wconf 87' lang='lat' dir='ltr'>sancti</span> <span class='ocrx_word' id='word_1_282' title='bbox 654 1917 897 1990; x_wconf 87' lang='lat' dir='ltr'>Spiritus</span> <span class='ocrx_word' id='word_1_283' title='bbox 919 1935 1023 1991; x_wconf 91' lang='lat' dir='ltr'>per</span> <span class='ocrx_word' id='word_1_284' title='bbox 1037 1922 1248 1973; x_wconf 88' lang='lat' dir='ltr'>terram</span> <span class='ocrx_word' id='word_1_285' title='bbox 1269 1916 1664 1991; x_wconf 90' lang='lat' dir='ltr'>promissionis</span> <span class='ocrx_word' id='word_1_286' title='bbox 1676 1917 2071 1988; x_wconf 85' lang='lat' dir='ltr'>designantur.</span> 
     </span>
    </p>
   </div>
   <div class='ocr_carea' id='block_1_33' title="bbox 2171 1824 3808 1899">
    <p class='ocr_par' dir='ltr' id='par_1_33' title="bbox 2171 1824 3808 1899">
     <span class='ocr_line' id='line_1_33' title="bbox 2171 1824 3808 1899; baseline 0.002 -22"><span class='ocrx_word' id='word_1_287' title='bbox 2171 1824 2317 1880; x_wconf 88' lang='lat' dir='ltr'>tium</span> <span class='ocrx_word' id='word_1_288' title='bbox 2337 1827 2745 1893; x_wconf 89' lang='lat' dir='ltr'>immolabant,</span> <span class='ocrx_word' id='word_1_289' title='bbox 2771 1831 2830 1882; x_wconf 92' lang='lat' dir='ltr'>et</span> <span class='ocrx_word' id='word_1_290' title='bbox 2854 1826 3009 1899; x_wconf 90' lang='lat' dir='ltr'>quod</span> <span class='ocrx_word' id='word_1_291' title='bbox 3024 1827 3189 1898; x_wconf 90' lang='lat' dir='ltr'>pejus</span> <span class='ocrx_word' id='word_1_292' title='bbox 3203 1831 3347 1894; x_wconf 90' lang='lat' dir='ltr'>erat,</span> <span class='ocrx_word' id='word_1_293' title='bbox 3377 1843 3498 1882; x_wconf 91' lang='lat' dir='ltr'>non</span> <span class='ocrx_word' id='word_1_294' title='bbox 3521 1829 3664 1893; x_wconf 90' lang='lat' dir='ltr'>Deo,</span> <span class='ocrx_word' id='word_1_295' title='bbox 3701 1824 3808 1881; x_wconf 89' lang='lat' dir='ltr'>sed</span> 
     </span>
    </p>
   </div>
   <div class='ocr_carea' id='block_1_34' title="bbox 2174 1913 3806 1986">
    <p class='ocr_par' dir='ltr' id='par_1_34' title="bbox 2174 1913 3806 1986">
     <span class='ocr_line' id='line_1_34' title="bbox 2174 1913 3806 1986; baseline -0.002 -17"><span class='ocrx_word' id='word_1_296' title='bbox 2174 1914 2499 1986; x_wconf 61' lang='lat' dir='ltr'>sculptilibus</span> <span class='ocrx_word' id='word_1_297' title='bbox 2523 1917 2651 1983; x_wconf 88' lang='lat' dir='ltr'>suis,</span> <span class='ocrx_word' id='word_1_298' title='bbox 2681 1914 2740 1970; x_wconf 90' lang='lat' dir='ltr'>id</span> <span class='ocrx_word' id='word_1_299' title='bbox 2766 1919 2852 1970; x_wconf 88' lang='lat' dir='ltr'>cst</span> <span class='ocrx_word' id='word_1_300' title='bbox 2901 1914 3069 1971; x_wconf 89' lang='lat' dir='ltr'>idolis</span> <span class='ocrx_word' id='word_1_301' title='bbox 3096 1933 3130 1970; x_wconf 90' lang='lat' dir='ltr'>a</span> <span class='ocrx_word' id='word_1_302' title='bbox 3160 1932 3219 1970; x_wconf 91' lang='lat' dir='ltr'>se</span> <span class='ocrx_word' id='word_1_303' title='bbox 3250 1915 3438 1971; x_wconf 81' lang='lat' dir='ltr'>factis.</span> <span class='ocrx_word' id='word_1_304' title='bbox 3473 1916 3541 1970; x_wconf 86' lang='lat' dir='ltr'>Et</span> <span class='ocrx_word' id='word_1_305' title='bbox 3567 1917 3623 1968; x_wconf 85' lang='lat' dir='ltr'>in</span> <span class='ocrx_word' id='word_1_306' title='bbox 3658 1913 3806 1969; x_wconf 86' lang='lat' dir='ltr'>scul-</span> 
     </span>
    </p>
   </div>
   <div class='ocr_carea' id='block_1_35' title="bbox 462 2002 3810 2078">
    <p class='ocr_par' dir='ltr' id='par_1_35' title="bbox 462 2002 3810 2078">
     <span class='ocr_line' id='line_1_35' title="bbox 462 2002 3810 2078; baseline -0.001 -17"><span class='ocrx_word' id='word_1_307' title='bbox 462 2022 530 2060; x_wconf 91' lang='lat' dir='ltr'>eo</span> <span class='ocrx_word' id='word_1_308' title='bbox 562 2006 718 2077; x_wconf 89' lang='lat' dir='ltr'>quod</span> <span class='ocrx_word' id='word_1_309' title='bbox 735 2007 912 2078; x_wconf 85' lang='lat' dir='ltr'>gratis</span> <span class='ocrx_word' id='word_1_310' title='bbox 933 2024 966 2061; x_wconf 89' lang='lat' dir='ltr'>a</span> <span class='ocrx_word' id='word_1_311' title='bbox 997 2009 1113 2061; x_wconf 91' lang='lat' dir='ltr'>Deo</span> <span class='ocrx_word' id='word_1_312' title='bbox 1148 2007 1458 2075; x_wconf 86' lang='lat' dir='ltr'>donentur,</span> <span class='ocrx_word' id='word_1_313' title='bbox 1483 2006 1627 2060; x_wconf 88' lang='lat' dir='ltr'>sicut</span> <span class='ocrx_word' id='word_1_314' title='bbox 1652 2009 1806 2060; x_wconf 89' lang='lat' dir='ltr'>terra</span> <span class='ocrx_word' id='word_1_315' title='bbox 1834 2004 2078 2077; x_wconf 89' lang='lat' dir='ltr'>promis-</span> <span class='ocrx_word' id='word_1_316' title='bbox 2166 2004 2389 2075; x_wconf 83' lang='lat' dir='ltr'>ptilibus</span> <span class='ocrx_word' id='word_1_317' title='bbox 2417 2005 2547 2070; x_wconf 83' lang='lat' dir='ltr'>suis,</span> <span class='ocrx_word' id='word_1_318' title='bbox 2579 2003 2640 2058; x_wconf 90' lang='lat' dir='ltr'>id</span> <span class='ocrx_word' id='word_1_319' title='bbox 2661 2006 2746 2058; x_wconf 90' lang='lat' dir='ltr'>est</span> <span class='ocrx_word' id='word_1_320' title='bbox 2774 2003 2835 2058; x_wconf 91' lang='lat' dir='ltr'>in</span> <span class='ocrx_word' id='word_1_321' title='bbox 2878 2002 3171 2059; x_wconf 88' lang='lat' dir='ltr'>sacriﬁciis</span> <span class='ocrx_word' id='word_1_322' title='bbox 3213 2004 3503 2060; x_wconf 90' lang='lat' dir='ltr'>idolorum</span> <span class='ocrx_word' id='word_1_323' title='bbox 3559 2018 3810 2057; x_wconf 89' lang='lat' dir='ltr'>suorum</span> 
     </span>
    </p>
   </div>
   <div class='ocr_carea' id='block_1_36' title="bbox 463 2090 3804 2166">
    <p class='ocr_par' dir='ltr' id='par_1_36' title="bbox 463 2090 3804 2166">
     <span class='ocr_line' id='line_1_36' title="bbox 463 2090 3804 2166; baseline -0 -19"><span class='ocrx_word' id='word_1_324' title='bbox 463 2093 639 2149; x_wconf 88' lang='lat' dir='ltr'>sionis</span> <span class='ocrx_word' id='word_1_325' title='bbox 662 2094 839 2166; x_wconf 88' lang='lat' dir='ltr'>gratis</span> <span class='ocrx_word' id='word_1_326' title='bbox 868 2094 997 2149; x_wconf 90' lang='lat' dir='ltr'>ﬁliis</span> <span class='ocrx_word' id='word_1_327' title='bbox 1027 2096 1197 2149; x_wconf 89' lang='lat' dir='ltr'>Israel</span> <span class='ocrx_word' id='word_1_328' title='bbox 1220 2094 1355 2150; x_wconf 87' lang='lat' dir='ltr'>data</span> <span class='ocrx_word' id='word_1_329' title='bbox 1386 2097 1490 2151; x_wconf 90' lang='lat' dir='ltr'>est.</span> <span class='ocrx_word' id='word_1_330' title='bbox 1525 2095 1658 2150; x_wconf 91' lang='lat' dir='ltr'>Dico</span> <span class='ocrx_word' id='word_1_331' title='bbox 1705 2094 1859 2166; x_wconf 90' lang='lat' dir='ltr'>quod</span> <span class='ocrx_word' id='word_1_332' title='bbox 1880 2092 2080 2148; x_wconf 91' lang='lat' dir='ltr'>dividit</span> <span class='ocrx_word' id='word_1_333' title='bbox 2166 2099 2608 2163; x_wconf 75' lang='lat' dir='ltr'>prouocauerunt,</span> <span class='ocrx_word' id='word_1_334' title='bbox 2641 2090 2699 2146; x_wconf 92' lang='lat' dir='ltr'>id</span> <span class='ocrx_word' id='word_1_335' title='bbox 2732 2095 2817 2146; x_wconf 89' lang='lat' dir='ltr'>est</span> <span class='ocrx_word' id='word_1_336' title='bbox 2863 2091 2915 2146; x_wconf 91' lang='lat' dir='ltr'>vi</span> <span class='ocrx_word' id='word_1_337' title='bbox 2957 2096 3274 2165; x_wconf 89' lang='lat' dir='ltr'>coegerunt</span> <span class='ocrx_word' id='word_1_338' title='bbox 3316 2109 3449 2149; x_wconf 90' lang='lat' dir='ltr'>eum</span> <span class='ocrx_word' id='word_1_339' title='bbox 3476 2091 3546 2147; x_wconf 89' lang='lat' dir='ltr'>ad</span> <span class='ocrx_word' id='word_1_340' title='bbox 3569 2091 3804 2146; x_wconf 73' lang='lat' dir='ltr'>aemula-</span> 
     </span>
    </p>
   </div>
   <div class='ocr_carea' id='block_1_37' title="bbox 465 2180 2076 2255">
    <p class='ocr_par' dir='ltr' id='par_1_37' title="bbox 465 2180 2076 2255">
     <span class='ocr_line' id='line_1_37' title="bbox 465 2180 2076 2255; baseline -0.001 -19"><span class='ocrx_word' id='word_1_341' title='bbox 465 2182 547 2237; x_wconf 80' lang='lat' dir='ltr'>eis</span> <span class='ocrx_word' id='word_1_342' title='bbox 575 2182 754 2253; x_wconf 86' lang='lat' dir='ltr'>gratis</span> <span class='ocrx_word' id='word_1_343' title='bbox 808 2182 961 2237; x_wconf 90' lang='lat' dir='ltr'>dona</span> <span class='ocrx_word' id='word_1_344' title='bbox 989 2183 1232 2255; x_wconf 90' lang='lat' dir='ltr'>Spiritus</span> <span class='ocrx_word' id='word_1_345' title='bbox 1261 2182 1464 2249; x_wconf 89' lang='lat' dir='ltr'>sancti,</span> <span class='ocrx_word' id='word_1_346' title='bbox 1514 2185 1572 2236; x_wconf 90' lang='lat' dir='ltr'>et</span> <span class='ocrx_word' id='word_1_347' title='bbox 1622 2183 1733 2237; x_wconf 91' lang='lat' dir='ltr'>hoc</span> <span class='ocrx_word' id='word_1_348' title='bbox 1780 2180 2076 2252; x_wconf 68' lang='lat' dir='ltr'>inaequali—</span> 
     </span>
    </p>
   </div>
   <div class='ocr_carea' id='block_1_38' title="bbox 466 2270 2076 2341">
    <p class='ocr_par' dir='ltr' id='par_1_38' title="bbox 466 2270 2076 2341">
     <span class='ocr_line' id='line_1_38' title="bbox 466 2270 2076 2341; baseline -0.001 -16"><span class='ocrx_word' id='word_1_349' title='bbox 466 2273 574 2338; x_wconf 90' lang='lat' dir='ltr'>ter,</span> <span class='ocrx_word' id='word_1_350' title='bbox 607 2271 706 2326; x_wconf 92' lang='lat' dir='ltr'>sed</span> <span class='ocrx_word' id='word_1_351' title='bbox 737 2272 793 2325; x_wconf 89' lang='lat' dir='ltr'>in</span> <span class='ocrx_word' id='word_1_352' title='bbox 820 2271 1084 2341; x_wconf 79' lang='lat' dir='ltr'>funiculo,</span> <span class='ocrx_word' id='word_1_353' title='bbox 1108 2271 1166 2326; x_wconf 88' lang='lat' dir='ltr'>id</span> <span class='ocrx_word' id='word_1_354' title='bbox 1188 2274 1273 2326; x_wconf 91' lang='lat' dir='ltr'>est</span> <span class='ocrx_word' id='word_1_355' title='bbox 1292 2271 1350 2325; x_wconf 91' lang='lat' dir='ltr'>in</span> <span class='ocrx_word' id='word_1_356' title='bbox 1374 2287 1646 2326; x_wconf 90' lang='lat' dir='ltr'>mensura</span> <span class='ocrx_word' id='word_1_357' title='bbox 1664 2270 2076 2331; x_wconf 81' lang='lat' dir='ltr'>distributionis,</span> 
     </span>
    </p>
   </div>
   <div class='ocr_carea' id='block_1_39' title="bbox 466 2357 2080 2431">
    <p class='ocr_par' dir='ltr' id='par_1_39' title="bbox 466 2357 2080 2431">
     <span class='ocr_line' id='line_1_39' title="bbox 466 2357 2080 2431; baseline 0 -19"><span class='ocrx_word' id='word_1_358' title='bbox 466 2362 532 2412; x_wconf 93' lang='lat' dir='ltr'>ut</span> <span class='ocrx_word' id='word_1_359' title='bbox 564 2358 660 2413; x_wconf 90' lang='lat' dir='ltr'>uni</span> <span class='ocrx_word' id='word_1_360' title='bbox 682 2359 919 2431; x_wconf 90' lang='lat' dir='ltr'>quidem</span> <span class='ocrx_word' id='word_1_361' title='bbox 941 2360 1147 2431; x_wconf 90' lang='lat' dir='ltr'>magis,</span> <span class='ocrx_word' id='word_1_362' title='bbox 1166 2360 1260 2414; x_wconf 89' lang='lat' dir='ltr'>alii</span> <span class='ocrx_word' id='word_1_363' title='bbox 1286 2376 1420 2415; x_wconf 90' lang='lat' dir='ltr'>vero</span> <span class='ocrx_word' id='word_1_364' title='bbox 1433 2359 1973 2430; x_wconf 85' lang='lat' dir='ltr'>minus,proutvult,</span> <span class='ocrx_word' id='word_1_365' title='bbox 1999 2357 2080 2413; x_wconf 92' lang='lat' dir='ltr'>di-</span> 
     </span>
    </p>
   </div>
   <div class='ocr_carea' id='block_1_40' title="bbox 470 2446 2079 2519">
    <p class='ocr_par' dir='ltr' id='par_1_40' title="bbox 470 2446 2079 2519">
     <span class='ocr_line' id='line_1_40' title="bbox 470 2446 2079 2519; baseline 0.001 -18"><span class='ocrx_word' id='word_1_366' title='bbox 470 2446 731 2503; x_wconf 88' lang='lat' dir='ltr'>stribuat.</span> <span class='ocrx_word' id='word_1_367' title='bbox 784 2447 946 2501; x_wconf 90' lang='lat' dir='ltr'>Unde</span> <span class='ocrx_word' id='word_1_368' title='bbox 999 2449 1303 2519; x_wconf 84' lang='lat' dir='ltr'>Apostolus</span> <span class='ocrx_word' id='word_1_369' title='bbox 1355 2448 1530 2502; x_wconf 88' lang='lat' dir='ltr'>dicit:</span> <span class='ocrx_word' id='word_1_370' title='bbox 1559 2467 1590 2500; x_wconf 93' lang='grc'><strong>‹‹</strong></span> <span class='ocrx_word' id='word_1_371' title='bbox 1628 2446 1943 2519; x_wconf 89' lang='lat' dir='ltr'>Unicuique</span> <span class='ocrx_word' id='word_1_372' title='bbox 1972 2464 2079 2502; x_wconf 90' lang='lat' dir='ltr'>no-</span> 
     </span>
    </p>
   </div>
   <div class='ocr_carea' id='block_1_41' title="bbox 358 2530 2078 2607">
    <p class='ocr_par' dir='ltr' id='par_1_41' title="bbox 358 2530 2078 2607">
     <span class='ocr_line' id='line_1_41' title="bbox 358 2530 2078 2607; baseline 0 -17"><span class='ocrx_word' id='word_1_373' title='bbox 358 2530 369 2538; x_wconf 86' lang='grc'><strong>’</strong></span> <span class='ocrx_word' id='word_1_374' title='bbox 472 2537 655 2590; x_wconf 86' lang='lat' dir='ltr'>strum</span> <span class='ocrx_word' id='word_1_375' title='bbox 686 2534 820 2589; x_wconf 88' lang='lat' dir='ltr'>data</span> <span class='ocrx_word' id='word_1_376' title='bbox 850 2538 935 2589; x_wconf 88' lang='lat' dir='ltr'>est</span> <span class='ocrx_word' id='word_1_377' title='bbox 960 2535 1166 2607; x_wconf 88' lang='lat' dir='ltr'>gratia,</span> <span class='ocrx_word' id='word_1_378' title='bbox 1190 2536 1506 2592; x_wconf 91' lang='lat' dir='ltr'>secundum</span> <span class='ocrx_word' id='word_1_379' title='bbox 1533 2552 1866 2592; x_wconf 88' lang='lat' dir='ltr'>mensuram</span> <span class='ocrx_word' id='word_1_380' title='bbox 1899 2536 2078 2590; x_wconf 88' lang='lat' dir='ltr'>dona-</span> 
     </span>
    </p>
   </div>
   <div class='ocr_carea' id='block_1_42' title="bbox 468 2621 2081 2696">
    <p class='ocr_par' dir='ltr' id='par_1_42' title="bbox 468 2621 2081 2696">
     <span class='ocr_line' id='line_1_42' title="bbox 468 2621 2081 2696; baseline 0.001 -20"><span class='ocrx_word' id='word_1_381' title='bbox 468 2621 643 2677; x_wconf 89' lang='lat' dir='ltr'>tionis</span> <span class='ocrx_word' id='word_1_382' title='bbox 701 2621 905 2677; x_wconf 86' lang='lat' dir='ltr'>Christi</span> <span class='ocrx_word' id='word_1_383' title='bbox 962 2622 1181 2694; x_wconf 81' lang='lat' dir='ltr'>(Ephes.</span> <span class='ocrx_word' id='word_1_384' title='bbox 1216 2640 1288 2695; x_wconf 86' lang='lat' dir='ltr'>1v,</span> <span class='ocrx_word' id='word_1_385' title='bbox 1319 2622 1398 2696; x_wconf 86' lang='lat'>&#39;7).</span> <span class='ocrx_word' id='word_1_386' title='bbox 1430 2644 1458 2673; x_wconf 85' lang='lat'>»</span> <span class='ocrx_word' id='word_1_387' title='bbox 1488 2623 1789 2677; x_wconf 88' lang='lat' dir='ltr'>Funiculus</span> <span class='ocrx_word' id='word_1_388' title='bbox 1846 2622 2081 2695; x_wconf 86' lang='lat' dir='ltr'>quidem</span> 
     </span>
    </p>
   </div>
   <div class='ocr_carea' id='block_1_43' title="bbox 2180 2179 3162 2247">
    <p class='ocr_par' dir='ltr' id='par_1_43' title="bbox 2180 2179 3162 2247">
     <span class='ocr_line' id='line_1_43' title="bbox 2180 2179 3162 2247; baseline 0 -12"><span class='ocrx_word' id='word_1_389' title='bbox 2180 2182 2392 2247; x_wconf 86' lang='lat' dir='ltr'>tionem,</span> <span class='ocrx_word' id='word_1_390' title='bbox 2427 2180 2485 2234; x_wconf 93' lang='lat' dir='ltr'>id</span> <span class='ocrx_word' id='word_1_391' title='bbox 2506 2182 2591 2235; x_wconf 89' lang='lat' dir='ltr'>est</span> <span class='ocrx_word' id='word_1_392' title='bbox 2619 2180 2693 2234; x_wconf 92' lang='lat' dir='ltr'>ad</span> <span class='ocrx_word' id='word_1_393' title='bbox 2722 2179 2966 2235; x_wconf 88' lang='lat' dir='ltr'>nimiam</span> <span class='ocrx_word' id='word_1_394' title='bbox 2990 2180 3162 2236; x_wconf 90' lang='lat' dir='ltr'>iram.</span> 
     </span>
    </p>
   </div>
   <div class='ocr_carea' id='block_1_44' title="bbox 2246 2268 3809 2338">
    <p class='ocr_par' dir='ltr' id='par_1_44' title="bbox 2246 2268 3809 2338">
     <span class='ocr_line' id='line_1_44' title="bbox 2246 2268 3809 2338; baseline -0.001 -15"><span class='ocrx_word' id='word_1_395' title='bbox 2246 2268 2478 2323; x_wconf 87' lang='lat' dir='ltr'>Audivit</span> <span class='ocrx_word' id='word_1_396' title='bbox 2508 2268 2665 2323; x_wconf 88' lang='lat' dir='ltr'>enim</span> <span class='ocrx_word' id='word_1_397' title='bbox 2679 2269 2845 2338; x_wconf 85' lang='lat' dir='ltr'>Deus,</span> <span class='ocrx_word' id='word_1_398' title='bbox 2869 2270 2930 2325; x_wconf 89' lang='lat' dir='ltr'>id</span> <span class='ocrx_word' id='word_1_399' title='bbox 2944 2272 3030 2324; x_wconf 88' lang='lat' dir='ltr'>est</span> <span class='ocrx_word' id='word_1_400' title='bbox 3059 2269 3469 2325; x_wconf 87' lang='lat' dir='ltr'>animadvertit</span> <span class='ocrx_word' id='word_1_401' title='bbox 3508 2270 3663 2325; x_wconf 89' lang='lat' dir='ltr'>Deus</span> <span class='ocrx_word' id='word_1_402' title='bbox 3706 2284 3809 2323; x_wconf 87' lang='lat' dir='ltr'>eos</span> 
     </span>
    </p>
   </div>
   <div class='ocr_carea' id='block_1_45' title="bbox 2177 2354 3811 2429">
    <p class='ocr_par' dir='ltr' id='par_1_45' title="bbox 2177 2354 3811 2429">
     <span class='ocr_line' id='line_1_45' title="bbox 2177 2354 3811 2429; baseline -0.001 -20"><span class='ocrx_word' id='word_1_403' title='bbox 2177 2355 2501 2426; x_wconf 81' lang='lat' dir='ltr'>sculptilibus</span> <span class='ocrx_word' id='word_1_404' title='bbox 2541 2355 2921 2412; x_wconf 89' lang='lat' dir='ltr'>sacriﬁcasse:</span> <span class='ocrx_word' id='word_1_405' title='bbox 2947 2358 3103 2429; x_wconf 92' lang='lat' dir='ltr'>quod</span> <span class='ocrx_word' id='word_1_406' title='bbox 3124 2357 3229 2429; x_wconf 89' lang='lat' dir='ltr'>ipsi</span> <span class='ocrx_word' id='word_1_407' title='bbox 3256 2375 3373 2412; x_wconf 89' lang='lat' dir='ltr'>non</span> <span class='ocrx_word' id='word_1_408' title='bbox 3396 2357 3706 2428; x_wconf 88' lang='lat' dir='ltr'>putabant.</span> <span class='ocrx_word' id='word_1_409' title='bbox 3729 2354 3811 2409; x_wconf 84' lang='lat' dir='ltr'>Et</span> 
     </span>
    </p>
   </div>
   <div class='ocr_carea' id='block_1_46' title="bbox 2179 2443 3807 2514">
    <p class='ocr_par' dir='ltr' id='par_1_46' title="bbox 2179 2443 3807 2514">
     <span class='ocr_line' id='line_1_46' title="bbox 2179 2443 3807 2514; baseline -0.001 -16"><span class='ocrx_word' id='word_1_410' title='bbox 2179 2444 2308 2499; x_wconf 90' lang='lat' dir='ltr'>ideo</span> <span class='ocrx_word' id='word_1_411' title='bbox 2330 2446 2524 2514; x_wconf 80' lang='lat' dir='ltr'>sprevit</span> <span class='ocrx_word' id='word_1_412' title='bbox 2579 2460 2697 2512; x_wconf 90' lang='lat' dir='ltr'>eos,</span> <span class='ocrx_word' id='word_1_413' title='bbox 2743 2450 2795 2498; x_wconf 88' lang='lat' dir='ltr'>et</span> <span class='ocrx_word' id='word_1_414' title='bbox 2824 2444 3016 2514; x_wconf 83' lang='lat' dir='ltr'>redigit</span> <span class='ocrx_word' id='word_1_415' title='bbox 3043 2443 3216 2499; x_wconf 84' lang='lat' dir='ltr'>Israel</span> <span class='ocrx_word' id='word_1_416' title='bbox 3258 2443 3410 2499; x_wconf 86' lang='lat' dir='ltr'>valde</span> <span class='ocrx_word' id='word_1_417' title='bbox 3437 2444 3510 2498; x_wconf 87' lang='lat' dir='ltr'>ad</span> <span class='ocrx_word' id='word_1_418' title='bbox 3549 2444 3807 2511; x_wconf 82' lang='lat' dir='ltr'>nihilum,</span> 
     </span>
    </p>
   </div>
   <div class='ocr_carea' id='block_1_47' title="bbox 2180 2533 3804 2606">
    <p class='ocr_par' dir='ltr' id='par_1_47' title="bbox 2180 2533 3804 2606">
     <span class='ocr_line' id='line_1_47' title="bbox 2180 2533 3804 2606; baseline 0 -18"><span class='ocrx_word' id='word_1_419' title='bbox 2180 2533 2239 2588; x_wconf 89' lang='lat' dir='ltr'>id</span> <span class='ocrx_word' id='word_1_420' title='bbox 2254 2536 2340 2588; x_wconf 90' lang='lat' dir='ltr'>est</span> <span class='ocrx_word' id='word_1_421' title='bbox 2367 2533 2516 2588; x_wconf 89' lang='lat' dir='ltr'>ﬁlios</span> <span class='ocrx_word' id='word_1_422' title='bbox 2538 2535 2709 2589; x_wconf 90' lang='lat' dir='ltr'>Israel</span> <span class='ocrx_word' id='word_1_423' title='bbox 2732 2534 2995 2605; x_wconf 87' lang='lat' dir='ltr'>permisit</span> <span class='ocrx_word' id='word_1_424' title='bbox 3013 2534 3290 2606; x_wconf 88' lang='lat' dir='ltr'>redigiad</span> <span class='ocrx_word' id='word_1_425' title='bbox 3310 2533 3554 2590; x_wconf 89' lang='lat' dir='ltr'>nimiam</span> <span class='ocrx_word' id='word_1_426' title='bbox 3576 2534 3804 2589; x_wconf 88' lang='lat' dir='ltr'>destru-</span> 
     </span>
    </p>
   </div>
   <div class='ocr_carea' id='block_1_48' title="bbox 2182 2621 3805 2693">
    <p class='ocr_par' dir='ltr' id='par_1_48' title="bbox 2182 2621 3805 2693">
     <span class='ocr_line' id='line_1_48' title="bbox 2182 2621 3805 2693; baseline 0.001 -18"><span class='ocrx_word' id='word_1_427' title='bbox 2182 2621 2458 2685; x_wconf 89' lang='lat' dir='ltr'>ctionem,</span> <span class='ocrx_word' id='word_1_428' title='bbox 2491 2638 2594 2693; x_wconf 91' lang='lat' dir='ltr'>per</span> <span class='ocrx_word' id='word_1_429' title='bbox 2633 2622 2972 2677; x_wconf 87' lang='lat' dir='ltr'>instantiam</span> <span class='ocrx_word' id='word_1_430' title='bbox 3005 2622 3450 2690; x_wconf 74' lang='lat' dir='ltr'>Philistaeorum,</span> <span class='ocrx_word' id='word_1_431' title='bbox 3484 2625 3542 2677; x_wconf 90' lang='lat' dir='ltr'>et</span> <span class='ocrx_word' id='word_1_432' title='bbox 3561 2626 3805 2677; x_wconf 68' lang='lat' dir='ltr'>caetero-</span> 
     </span>
    </p>
   </div>
   <div class='ocr_carea' id='block_1_49' title="bbox 468 2710 2084 2784">
    <p class='ocr_par' dir='ltr' id='par_1_49' title="bbox 468 2710 2084 2784">
     <span class='ocr_line' id='line_1_49' title="bbox 468 2710 2084 2784; baseline 0.001 -20"><span class='ocrx_word' id='word_1_433' title='bbox 468 2725 573 2782; x_wconf 90' lang='lat' dir='ltr'>pro</span> <span class='ocrx_word' id='word_1_434' title='bbox 605 2726 878 2766; x_wconf 88' lang='lat' dir='ltr'>mensura</span> <span class='ocrx_word' id='word_1_435' title='bbox 905 2710 1162 2784; x_wconf 90' lang='lat' dir='ltr'>ponitur,</span> <span class='ocrx_word' id='word_1_436' title='bbox 1190 2728 1258 2767; x_wconf 93' lang='lat' dir='ltr'>eo</span> <span class='ocrx_word' id='word_1_437' title='bbox 1285 2728 1428 2784; x_wconf 88' lang='lat' dir='ltr'>quos</span> <span class='ocrx_word' id='word_1_438' title='bbox 1452 2711 1704 2767; x_wconf 89' lang='lat' dir='ltr'>funiculo</span> <span class='ocrx_word' id='word_1_439' title='bbox 1729 2714 1885 2767; x_wconf 89' lang='lat' dir='ltr'>terra</span> <span class='ocrx_word' id='word_1_440' title='bbox 1903 2712 2084 2766; x_wconf 89' lang='lat' dir='ltr'>soleat</span> 
     </span>
    </p>
   </div>
   <div class='ocr_carea' id='block_1_50' title="bbox 469 2814 814 2855">
    <p class='ocr_par' dir='ltr' id='par_1_50' title="bbox 469 2814 814 2855">
     <span class='ocr_line' id='line_1_50' title="bbox 469 2814 814 2855; baseline 0.003 -3"><span class='ocrx_word' id='word_1_441' title='bbox 469 2814 791 2855; x_wconf 79' lang='lat' dir='ltr'>mensuram</span> <span class='ocrx_word' id='word_1_442' title='bbox 801 2840 814 2853; x_wconf 86' lang='lat'>.</span> 
     </span>
    </p>
   </div>
   <div class='ocr_carea' id='block_1_51' title="bbox 2181 2708 3807 2781">
    <p class='ocr_par' dir='ltr' id='par_1_51' title="bbox 2181 2708 3807 2781">
     <span class='ocr_line' id='line_1_51' title="bbox 2181 2708 3807 2781; baseline -0.001 -15"><span class='ocrx_word' id='word_1_443' title='bbox 2181 2727 2311 2766; x_wconf 91' lang='lat' dir='ltr'>rum</span> <span class='ocrx_word' id='word_1_444' title='bbox 2340 2709 3230 2775; x_wconf 89' lang='lat' dir='ltr'>circunstantiuminimicorum,</span> <span class='ocrx_word' id='word_1_445' title='bbox 3258 2713 3326 2766; x_wconf 85' lang='lat' dir='ltr'>Et</span> <span class='ocrx_word' id='word_1_446' title='bbox 3344 2712 3455 2767; x_wconf 91' lang='lat' dir='ltr'>hoc</span> <span class='ocrx_word' id='word_1_447' title='bbox 3483 2710 3663 2765; x_wconf 91' lang='lat' dir='ltr'>modo</span> <span class='ocrx_word' id='word_1_448' title='bbox 3682 2708 3807 2781; x_wconf 88' lang='lat' dir='ltr'>qui-</span> 
     </span>
    </p>
   </div>
   <div class='ocr_carea' id='block_1_52' title="bbox 2183 2798 3809 2872">
    <p class='ocr_par' dir='ltr' id='par_1_52' title="bbox 2183 2798 3809 2872">
     <span class='ocr_line' id='line_1_52' title="bbox 2183 2798 3809 2872; baseline -0.001 -19"><span class='ocrx_word' id='word_1_449' title='bbox 2183 2800 2315 2854; x_wconf 92' lang='lat' dir='ltr'>dem</span> <span class='ocrx_word' id='word_1_450' title='bbox 2348 2798 2611 2870; x_wconf 89' lang='lat' dir='ltr'>permisit</span> <span class='ocrx_word' id='word_1_451' title='bbox 2668 2815 2765 2854; x_wconf 89' lang='lat' dir='ltr'>eos</span> <span class='ocrx_word' id='word_1_452' title='bbox 2824 2799 3011 2871; x_wconf 86' lang='lat' dir='ltr'>redigi</span> <span class='ocrx_word' id='word_1_453' title='bbox 3039 2800 3115 2854; x_wconf 91' lang='lat' dir='ltr'>ad</span> <span class='ocrx_word' id='word_1_454' title='bbox 3160 2798 3426 2867; x_wconf 89' lang='lat' dir='ltr'>nihilum,</span> <span class='ocrx_word' id='word_1_455' title='bbox 3450 2799 3589 2872; x_wconf 90' lang='lat' dir='ltr'>quia</span> <span class='ocrx_word' id='word_1_456' title='bbox 3618 2798 3809 2870; x_wconf 78' lang='lat' dir='ltr'>repulit</span> 
     </span>
    </p>
   </div>
   <div class='ocr_carea' id='block_1_53' title="bbox 541 2886 3806 2960">
    <p class='ocr_par' dir='ltr' id='par_1_53' title="bbox 541 2886 3806 2960">
     <span class='ocr_line' id='line_1_53' title="bbox 541 2886 3806 2960; baseline 0 -19"><span class='ocrx_word' id='word_1_457' title='bbox 541 2888 609 2941; x_wconf 88' lang='lat' dir='ltr'>Et</span> <span class='ocrx_word' id='word_1_458' title='bbox 631 2887 824 2959; x_wconf 89' lang='lat' dir='ltr'>ejectis</span> <span class='ocrx_word' id='word_1_459' title='bbox 872 2887 1019 2942; x_wconf 91' lang='lat' dir='ltr'>vitiis</span> <span class='ocrx_word' id='word_1_460' title='bbox 1064 2890 1201 2959; x_wconf 82' lang='lat' dir='ltr'>facit</span> <span class='ocrx_word' id='word_1_461' title='bbox 1230 2890 1486 2957; x_wconf 75' lang='lat' dir='ltr'>habitare,</span> <span class='ocrx_word' id='word_1_462' title='bbox 1518 2889 1577 2945; x_wconf 92' lang='lat' dir='ltr'>id</span> <span class='ocrx_word' id='word_1_463' title='bbox 1609 2892 1696 2945; x_wconf 91' lang='lat' dir='ltr'>est</span> <span class='ocrx_word' id='word_1_464' title='bbox 1734 2888 1998 2944; x_wconf 86' lang='lat' dir='ltr'>damnari</span> <span class='ocrx_word' id='word_1_465' title='bbox 2026 2890 2083 2943; x_wconf 85' lang='lat' dir='ltr'>in</span> <span class='ocrx_word' id='word_1_466' title='bbox 2183 2887 2582 2942; x_wconf 86' lang='lat' dir='ltr'>tabernaculum</span> <span class='ocrx_word' id='word_1_467' title='bbox 2609 2886 2747 2951; x_wconf 87' lang='lat' dir='ltr'>Silo,</span> <span class='ocrx_word' id='word_1_468' title='bbox 2781 2886 2840 2942; x_wconf 90' lang='lat' dir='ltr'>id</span> <span class='ocrx_word' id='word_1_469' title='bbox 2858 2891 2944 2942; x_wconf 90' lang='lat' dir='ltr'>est</span> <span class='ocrx_word' id='word_1_470' title='bbox 2963 2889 3313 2960; x_wconf 86' lang='lat' dir='ltr'>contempsit</span> <span class='ocrx_word' id='word_1_471' title='bbox 3339 2889 3806 2953; x_wconf 89' lang='lat' dir='ltr'>tabernaculum,</span> 
     </span>
    </p>
   </div>
   <div class='ocr_carea' id='block_1_54' title="bbox 469 2975 3807 3052">
    <p class='ocr_par' dir='ltr' id='par_1_54' title="bbox 469 2975 3807 3052">
     <span class='ocr_line' id='line_1_54' title="bbox 469 2975 3807 3052; baseline 0.001 -23"><span class='ocrx_word' id='word_1_472' title='bbox 469 2975 839 3044; x_wconf 84' lang='lat' dir='ltr'>tabernaculis,</span> <span class='ocrx_word' id='word_1_473' title='bbox 859 2976 917 3031; x_wconf 92' lang='lat' dir='ltr'>id</span> <span class='ocrx_word' id='word_1_474' title='bbox 949 2979 1035 3031; x_wconf 89' lang='lat' dir='ltr'>est</span> <span class='ocrx_word' id='word_1_475' title='bbox 1064 2976 1123 3031; x_wconf 90' lang='lat' dir='ltr'>in</span> <span class='ocrx_word' id='word_1_476' title='bbox 1171 2978 1505 3033; x_wconf 84' lang='lat' dir='ltr'>habitaculis</span> <span class='ocrx_word' id='word_1_477' title='bbox 1553 2994 1756 3033; x_wconf 89' lang='lat' dir='ltr'>eorum</span> <span class='ocrx_word' id='word_1_478' title='bbox 1789 2978 2079 3046; x_wconf 88' lang='lat' dir='ltr'>vitiorum,</span> <span class='ocrx_word' id='word_1_479' title='bbox 2102 2994 2150 3052; x_wconf 72' lang='grc' dir='ltr'>α</span> <span class='ocrx_word' id='word_1_480' title='bbox 2182 2976 2442 3048; x_wconf 90' lang='lat' dir='ltr'>inquam,</span> <span class='ocrx_word' id='word_1_481' title='bbox 2490 2993 2664 3040; x_wconf 86' lang='lat' dir='ltr'>suum,</span> <span class='ocrx_word' id='word_1_482' title='bbox 2710 2977 2864 3048; x_wconf 89' lang='lat' dir='ltr'>quod</span> <span class='ocrx_word' id='word_1_483' title='bbox 2913 2981 3039 3032; x_wconf 89' lang='lat' dir='ltr'>erat</span> <span class='ocrx_word' id='word_1_484' title='bbox 3067 2977 3127 3033; x_wconf 93' lang='lat' dir='ltr'>in</span> <span class='ocrx_word' id='word_1_485' title='bbox 3177 2977 3294 3033; x_wconf 92' lang='lat' dir='ltr'>Silo</span> <span class='ocrx_word' id='word_1_486' title='bbox 3319 2977 3577 3045; x_wconf 88' lang='lat' dir='ltr'>civitate;</span> <span class='ocrx_word' id='word_1_487' title='bbox 3610 2977 3670 3031; x_wconf 89' lang='lat' dir='ltr'>in</span> <span class='ocrx_word' id='word_1_488' title='bbox 3692 2992 3807 3048; x_wconf 89' lang='lat' dir='ltr'>quo</span> 
     </span>
    </p>
   </div>
   <div class='ocr_carea' id='block_1_55' title="bbox 468 3064 3807 3139">
    <p class='ocr_par' dir='ltr' id='par_1_55' title="bbox 468 3064 3807 3139">
     <span class='ocr_line' id='line_1_55' title="bbox 468 3064 3807 3139; baseline 0 -21"><span class='ocrx_word' id='word_1_489' title='bbox 468 3065 638 3119; x_wconf 87' lang='lat' dir='ltr'>tribus</span> <span class='ocrx_word' id='word_1_490' title='bbox 684 3064 869 3133; x_wconf 80' lang='lat' dir='ltr'>Israel,</span> <span class='ocrx_word' id='word_1_491' title='bbox 902 3064 960 3120; x_wconf 94' lang='lat' dir='ltr'>id</span> <span class='ocrx_word' id='word_1_492' title='bbox 1017 3070 1103 3120; x_wconf 91' lang='lat' dir='ltr'>est</span> <span class='ocrx_word' id='word_1_493' title='bbox 1155 3066 1621 3139; x_wconf 85' lang='lat' dir='ltr'>congregationis</span> <span class='ocrx_word' id='word_1_494' title='bbox 1664 3066 1922 3122; x_wconf 88' lang='lat' dir='ltr'>ﬁdelium</span> <span class='ocrx_word' id='word_1_495' title='bbox 1984 3066 2079 3139; x_wconf 90' lang='lat' dir='ltr'>qui</span> <span class='ocrx_word' id='word_1_496' title='bbox 2183 3065 2554 3120; x_wconf 88' lang='lat' dir='ltr'>tabernaculo</span> <span class='ocrx_word' id='word_1_497' title='bbox 2576 3080 2709 3119; x_wconf 89' lang='lat' dir='ltr'>arca</span> <span class='ocrx_word' id='word_1_498' title='bbox 2734 3068 2878 3132; x_wconf 88' lang='lat' dir='ltr'>erat,</span> <span class='ocrx_word' id='word_1_499' title='bbox 2916 3067 2974 3119; x_wconf 87' lang='lat' dir='ltr'>et</span> <span class='ocrx_word' id='word_1_500' title='bbox 3004 3064 3099 3119; x_wconf 89' lang='lat' dir='ltr'>ubi</span> <span class='ocrx_word' id='word_1_501' title='bbox 3129 3065 3234 3120; x_wconf 90' lang='lat' dir='ltr'>sibi</span> <span class='ocrx_word' id='word_1_502' title='bbox 3264 3082 3298 3120; x_wconf 91' lang='lat' dir='ltr'>a</span> <span class='ocrx_word' id='word_1_503' title='bbox 3319 3067 3535 3138; x_wconf 90' lang='lat' dir='ltr'>p0pulo</span> <span class='ocrx_word' id='word_1_504' title='bbox 3586 3064 3807 3119; x_wconf 85' lang='lat' dir='ltr'>sacriﬁ-</span> 
     </span>
    </p>
   </div>
   <div class='ocr_carea' id='block_1_56' title="bbox 467 3151 3809 3227">
    <p class='ocr_par' dir='ltr' id='par_1_56' title="bbox 467 3151 3809 3227">
     <span class='ocr_line' id='line_1_56' title="bbox 467 3151 3809 3227; baseline -0 -20"><span class='ocrx_word' id='word_1_505' title='bbox 467 3155 600 3207; x_wconf 86' lang='lat' dir='ltr'>sunt</span> <span class='ocrx_word' id='word_1_506' title='bbox 651 3151 913 3207; x_wconf 89' lang='lat' dir='ltr'>videntes</span> <span class='ocrx_word' id='word_1_507' title='bbox 968 3154 1151 3208; x_wconf 91' lang='lat' dir='ltr'>Deum</span> <span class='ocrx_word' id='word_1_508' title='bbox 1238 3154 1313 3227; x_wconf 34' lang='lat' dir='ltr'>in,</span> <span class='ocrx_word' id='word_1_509' title='bbox 1351 3153 1861 3225; x_wconf 88' lang='lat' dir='ltr'>contemplatione,</span> <span class='ocrx_word' id='word_1_510' title='bbox 1928 3153 2083 3224; x_wconf 88' lang='lat' dir='ltr'>quod</span> <span class='ocrx_word' id='word_1_511' title='bbox 2181 3152 2892 3219; x_wconf 80' lang='lat' dir='ltr'>cabaturztabernaculum,</span> <span class='ocrx_word' id='word_1_512' title='bbox 2953 3151 3217 3224; x_wconf 91' lang='lat' dir='ltr'>inquam,</span> <span class='ocrx_word' id='word_1_513' title='bbox 3266 3171 3445 3217; x_wconf 86' lang='lat' dir='ltr'>suum,</span> <span class='ocrx_word' id='word_1_514' title='bbox 3496 3152 3557 3207; x_wconf 93' lang='lat' dir='ltr'>id</span> <span class='ocrx_word' id='word_1_515' title='bbox 3583 3156 3672 3207; x_wconf 88' lang='lat' dir='ltr'>est</span> <span class='ocrx_word' id='word_1_516' title='bbox 3700 3151 3809 3207; x_wconf 92' lang='lat' dir='ltr'>sibi</span> 
     </span>
    </p>
   </div>
   <div class='ocr_carea' id='block_1_57' title="bbox 467 3240 3805 3314">
    <p class='ocr_par' dir='ltr' id='par_1_57' title="bbox 467 3240 3805 3314">
     <span class='ocr_line' id='line_1_57' title="bbox 467 3240 3805 3314; baseline 0 -20"><span class='ocrx_word' id='word_1_517' title='bbox 467 3243 553 3294; x_wconf 90' lang='lat' dir='ltr'>est</span> <span class='ocrx_word' id='word_1_518' title='bbox 608 3240 797 3295; x_wconf 88' lang='lat' dir='ltr'>dicere</span> <span class='ocrx_word' id='word_1_519' title='bbox 828 3241 1024 3295; x_wconf 86' lang='lat' dir='ltr'>:Facit</span> <span class='ocrx_word' id='word_1_520' title='bbox 1081 3241 1233 3314; x_wconf 86' lang='lat' dir='ltr'>ipsos</span> <span class='ocrx_word' id='word_1_521' title='bbox 1282 3242 1464 3295; x_wconf 86' lang='lat' dir='ltr'>factos</span> <span class='ocrx_word' id='word_1_522' title='bbox 1514 3242 1690 3295; x_wconf 86' lang='lat' dir='ltr'>Israel</span> <span class='ocrx_word' id='word_1_523' title='bbox 1740 3258 1860 3296; x_wconf 87' lang='lat' dir='ltr'>esse</span> <span class='ocrx_word' id='word_1_524' title='bbox 1916 3240 2082 3296; x_wconf 87' lang='lat' dir='ltr'>inha-</span> <span class='ocrx_word' id='word_1_525' title='bbox 2181 3243 2601 3308; x_wconf 88' lang='lat' dir='ltr'>consecratum,</span> <span class='ocrx_word' id='word_1_526' title='bbox 2626 3256 2745 3296; x_wconf 90' lang='lat' dir='ltr'>non</span> <span class='ocrx_word' id='word_1_527' title='bbox 2795 3240 2981 3308; x_wconf 90' lang='lat' dir='ltr'>idolis,</span> <span class='ocrx_word' id='word_1_528' title='bbox 3025 3241 3122 3297; x_wconf 91' lang='lat' dir='ltr'>ubi</span> <span class='ocrx_word' id='word_1_529' title='bbox 3151 3241 3269 3313; x_wconf 88' lang='lat' dir='ltr'>ipse</span> <span class='ocrx_word' id='word_1_530' title='bbox 3306 3240 3608 3309; x_wconf 88' lang='lat' dir='ltr'>habitavit,</span> <span class='ocrx_word' id='word_1_531' title='bbox 3638 3241 3708 3295; x_wconf 86' lang='lat' dir='ltr'>Et</span> <span class='ocrx_word' id='word_1_532' title='bbox 3730 3257 3805 3295; x_wconf 89' lang='lat' dir='ltr'>ne</span> 
     </span>
    </p>
   </div>
   <div class='ocr_carea' id='block_1_58' title="bbox 468 3325 3807 3396">
    <p class='ocr_par' dir='ltr' id='par_1_58' title="bbox 468 3325 3807 3396">
     <span class='ocr_line' id='line_1_58' title="bbox 468 3325 3807 3396; baseline 0 -14"><span class='ocrx_word' id='word_1_533' title='bbox 468 3325 766 3394; x_wconf 89' lang='lat' dir='ltr'>bitatores,</span> <span class='ocrx_word' id='word_1_534' title='bbox 822 3327 879 3381; x_wconf 89' lang='lat' dir='ltr'>id</span> <span class='ocrx_word' id='word_1_535' title='bbox 946 3332 1031 3383; x_wconf 90' lang='lat' dir='ltr'>est</span> <span class='ocrx_word' id='word_1_536' title='bbox 1109 3329 1525 3390; x_wconf 89' lang='lat' dir='ltr'>dominatores,</span> <span class='ocrx_word' id='word_1_537' title='bbox 1576 3328 1635 3383; x_wconf 92' lang='lat' dir='ltr'>id</span> <span class='ocrx_word' id='word_1_538' title='bbox 1683 3332 1769 3382; x_wconf 88' lang='lat' dir='ltr'>est</span> <span class='ocrx_word' id='word_1_539' title='bbox 1833 3332 2084 3384; x_wconf 87' lang='lat' dir='ltr'>rectores</span> <span class='ocrx_word' id='word_1_540' title='bbox 2178 3329 2468 3384; x_wconf 89' lang='lat' dir='ltr'>videretur</span> <span class='ocrx_word' id='word_1_541' title='bbox 2496 3328 2555 3383; x_wconf 92' lang='lat' dir='ltr'>in</span> <span class='ocrx_word' id='word_1_542' title='bbox 2586 3329 2955 3385; x_wconf 88' lang='lat' dir='ltr'>tabernaculo</span> <span class='ocrx_word' id='word_1_543' title='bbox 2981 3330 3242 3385; x_wconf 87' lang='lat' dir='ltr'>localiter</span> <span class='ocrx_word' id='word_1_544' title='bbox 3260 3330 3571 3396; x_wconf 87' lang='lat' dir='ltr'>habitasse,</span> <span class='ocrx_word' id='word_1_545' title='bbox 3608 3329 3807 3383; x_wconf 80' lang='lat' dir='ltr'>deter-</span> 
     </span>
    </p>
   </div>
   <div class='ocr_carea' id='block_1_59' title="bbox 466 3398 2086 3488">
    <p class='ocr_par' dir='ltr' id='par_1_59' title="bbox 466 3398 2086 3488">
     <span class='ocr_line' id='line_1_59' title="bbox 466 3398 2086 3488; baseline -0.009 -3"><span class='ocrx_word' id='word_1_546' title='bbox 466 3398 530 3485; x_wconf 81' lang='lat'>3</span> <span class='ocrx_word' id='word_1_547' title='bbox 552 3398 569 3484; x_wconf 74' lang='lat' dir='ltr'>i</span> <span class='ocrx_word' id='word_1_548' title='bbox 591 3398 654 3484; x_wconf 85' lang='lat'>3</span> <span class='ocrx_word' id='word_1_549' title='bbox 684 3414 768 3469; x_wconf 78' lang='lat' dir='ltr'>sui</span> <span class='ocrx_word' id='word_1_550' title='bbox 807 3416 1001 3487; x_wconf 87' lang='lat' dir='ltr'>ipsius,</span> <span class='ocrx_word' id='word_1_551' title='bbox 1037 3416 1133 3488; x_wconf 91' lang='lat' dir='ltr'>qui</span> <span class='ocrx_word' id='word_1_552' title='bbox 1165 3417 1321 3487; x_wconf 92' lang='lat' dir='ltr'>prius</span> <span class='ocrx_word' id='word_1_553' title='bbox 1377 3421 1545 3471; x_wconf 87' lang='lat' dir='ltr'>erant</span> <span class='ocrx_word' id='word_1_554' title='bbox 1572 3417 1896 3472; x_wconf 88' lang='lat' dir='ltr'>habitacula</span> <span class='ocrx_word' id='word_1_555' title='bbox 1925 3417 2086 3472; x_wconf 90' lang='lat' dir='ltr'>vitio-</span> 
     </span>
    </p>
   </div>
   <div class='ocr_carea' id='block_1_60' title="bbox 466 3502 2087 3576">
    <p class='ocr_par' dir='ltr' id='par_1_60' title="bbox 466 3502 2087 3576">
     <span class='ocr_line' id='line_1_60' title="bbox 466 3502 2087 3576; baseline 0.003 -21"><span class='ocrx_word' id='word_1_556' title='bbox 466 3517 618 3569; x_wconf 90' lang='lat' dir='ltr'>rum,</span> <span class='ocrx_word' id='word_1_557' title='bbox 648 3502 706 3556; x_wconf 92' lang='lat' dir='ltr'>id</span> <span class='ocrx_word' id='word_1_558' title='bbox 726 3506 812 3556; x_wconf 91' lang='lat' dir='ltr'>est</span> <span class='ocrx_word' id='word_1_559' title='bbox 839 3503 943 3558; x_wconf 90' lang='lat' dir='ltr'>sub</span> <span class='ocrx_word' id='word_1_560' title='bbox 949 3504 1092 3575; x_wconf 90' lang='lat' dir='ltr'>jugo</span> <span class='ocrx_word' id='word_1_561' title='bbox 1120 3504 1409 3559; x_wconf 88' lang='lat' dir='ltr'>vitiorum.</span> <span class='ocrx_word' id='word_1_562' title='bbox 1453 3504 1738 3576; x_wconf 88' lang='lat' dir='ltr'>Sequitur.</span> <span class='ocrx_word' id='word_1_563' title='bbox 1762 3505 1839 3558; x_wconf 85' lang='lat' dir='ltr'>Et</span> <span class='ocrx_word' id='word_1_564' title='bbox 1860 3512 2087 3560; x_wconf 81' lang='lat' dir='ltr'>tentave-</span> 
     </span>
    </p>
   </div>
   <div class='ocr_carea' id='block_1_61' title="bbox 465 3592 2086 3665">
    <p class='ocr_par' dir='ltr' id='par_1_61' title="bbox 465 3592 2086 3665">
     <span class='ocr_line' id='line_1_61' title="bbox 465 3592 2086 3665; baseline 0.002 -21"><span class='ocrx_word' id='word_1_565' title='bbox 465 3596 611 3652; x_wconf 86' lang='lat' dir='ltr'>runt,</span> <span class='ocrx_word' id='word_1_566' title='bbox 644 3592 701 3645; x_wconf 91' lang='lat' dir='ltr'>et</span> <span class='ocrx_word' id='word_1_567' title='bbox 728 3594 934 3646; x_wconf 64' lang='lat' dir='ltr'>caetera</span> <span class='ocrx_word' id='word_1_568' title='bbox 955 3608 1131 3664; x_wconf 89' lang='lat' dir='ltr'>usque</span> <span class='ocrx_word' id='word_1_569' title='bbox 1153 3592 1227 3647; x_wconf 91' lang='lat' dir='ltr'>ad</span> <span class='ocrx_word' id='word_1_570' title='bbox 1255 3592 1433 3648; x_wconf 88' lang='lat' dir='ltr'>ﬁnem</span> <span class='ocrx_word' id='word_1_571' title='bbox 1480 3594 1706 3665; x_wconf 87' lang='lat' dir='ltr'>psalmi.</span> <span class='ocrx_word' id='word_1_572' title='bbox 1732 3593 1897 3658; x_wconf 91' lang='lat' dir='ltr'>Quod</span> <span class='ocrx_word' id='word_1_573' title='bbox 1915 3593 1992 3649; x_wconf 91' lang='lat' dir='ltr'>sic</span> <span class='ocrx_word' id='word_1_574' title='bbox 2012 3593 2086 3648; x_wconf 86' lang='lat' dir='ltr'>ad</span> 
     </span>
    </p>
   </div>
   <div class='ocr_carea' id='block_1_62' title="bbox 464 3678 2086 3753">
    <p class='ocr_par' dir='ltr' id='par_1_62' title="bbox 464 3678 2086 3753">
     <span class='ocr_line' id='line_1_62' title="bbox 464 3678 2086 3753; baseline 0.002 -21"><span class='ocrx_word' id='word_1_575' title='bbox 464 3678 723 3734; x_wconf 90' lang='lat' dir='ltr'>litteram</span> <span class='ocrx_word' id='word_1_576' title='bbox 744 3679 1011 3751; x_wconf 87' lang='lat' dir='ltr'>jungitur</span> <span class='ocrx_word' id='word_1_577' title='bbox 1030 3697 1043 3735; x_wconf 90' lang='lat'>:</span> <span class='ocrx_word' id='word_1_578' title='bbox 1068 3680 1304 3736; x_wconf 89' lang='lat' dir='ltr'>Ostendi</span> <span class='ocrx_word' id='word_1_579' title='bbox 1317 3682 1472 3753; x_wconf 92' lang='lat' dir='ltr'>quod</span> <span class='ocrx_word' id='word_1_580' title='bbox 1486 3684 1634 3737; x_wconf 90' lang='lat' dir='ltr'>Deus</span> <span class='ocrx_word' id='word_1_581' title='bbox 1647 3682 1793 3736; x_wconf 88' lang='lat' dir='ltr'>ﬁlios</span> <span class='ocrx_word' id='word_1_582' title='bbox 1805 3683 1976 3737; x_wconf 89' lang='lat' dir='ltr'>Israel</span> <span class='ocrx_word' id='word_1_583' title='bbox 1999 3682 2086 3736; x_wconf 90' lang='lat' dir='ltr'>de-</span> 
     </span>
    </p>
   </div>
   <div class='ocr_carea' id='block_1_63' title="bbox 465 3766 2086 3839">
    <p class='ocr_par' dir='ltr' id='par_1_63' title="bbox 465 3766 2086 3839">
     <span class='ocr_line' id='line_1_63' title="bbox 465 3766 2086 3839; baseline 0.001 -18"><span class='ocrx_word' id='word_1_584' title='bbox 465 3766 620 3823; x_wconf 76' lang='lat' dir='ltr'>duxit</span> <span class='ocrx_word' id='word_1_585' title='bbox 639 3782 743 3837; x_wconf 91' lang='lat' dir='ltr'>per</span> <span class='ocrx_word' id='word_1_586' title='bbox 772 3768 1087 3831; x_wconf 89' lang='lat' dir='ltr'>desertum,</span> <span class='ocrx_word' id='word_1_587' title='bbox 1119 3772 1178 3824; x_wconf 90' lang='lat' dir='ltr'>et</span> <span class='ocrx_word' id='word_1_588' title='bbox 1204 3769 1425 3824; x_wconf 75' lang='lat' dir='ltr'>induxit</span> <span class='ocrx_word' id='word_1_589' title='bbox 1452 3772 1508 3824; x_wconf 89' lang='lat' dir='ltr'>in</span> <span class='ocrx_word' id='word_1_590' title='bbox 1530 3776 1761 3825; x_wconf 83' lang='lat' dir='ltr'>montem</span> <span class='ocrx_word' id='word_1_591' title='bbox 1789 3771 2086 3839; x_wconf 80' lang='lat' dir='ltr'>sanctiﬁca-</span> 
     </span>
    </p>
   </div>
   <div class='ocr_carea' id='block_1_64' title="bbox 471 3855 2083 3931">
    <p class='ocr_par' dir='ltr' id='par_1_64' title="bbox 471 3855 2083 3931">
     <span class='ocr_line' id='line_1_64' title="bbox 471 3855 2083 3931; baseline 0.002 -22"><span class='ocrx_word' id='word_1_592' title='bbox 471 3857 646 3923; x_wconf 84' lang='lat' dir='ltr'>tionis,</span> <span class='ocrx_word' id='word_1_593' title='bbox 663 3857 720 3910; x_wconf 92' lang='lat' dir='ltr'>et</span> <span class='ocrx_word' id='word_1_594' title='bbox 740 3858 949 3911; x_wconf 63' lang='lat' dir='ltr'>caetera</span> <span class='ocrx_word' id='word_1_595' title='bbox 975 3858 1158 3912; x_wconf 91' lang='lat' dir='ltr'>multa</span> <span class='ocrx_word' id='word_1_596' title='bbox 1176 3855 1454 3913; x_wconf 87' lang='lat' dir='ltr'>beneﬁcia</span> <span class='ocrx_word' id='word_1_597' title='bbox 1477 3858 1738 3914; x_wconf 87' lang='lat' dir='ltr'>contulit.</span> <span class='ocrx_word' id='word_1_598' title='bbox 1757 3857 1838 3912; x_wconf 90' lang='lat' dir='ltr'>Et</span> <span class='ocrx_word' id='word_1_599' title='bbox 1862 3858 1967 3931; x_wconf 91' lang='lat' dir='ltr'>ipsi</span> <span class='ocrx_word' id='word_1_600' title='bbox 1998 3861 2083 3912; x_wconf 89' lang='lat' dir='ltr'>ta-</span> 
     </span>
    </p>
   </div>
   <div class='ocr_carea' id='block_1_65' title="bbox 470 3943 2084 4016">
    <p class='ocr_par' dir='ltr' id='par_1_65' title="bbox 470 3943 2084 4016">
     <span class='ocr_line' id='line_1_65' title="bbox 470 3943 2084 4016; baseline 0.002 -19"><span class='ocrx_word' id='word_1_601' title='bbox 470 3958 607 3997; x_wconf 90' lang='lat' dir='ltr'>men</span> <span class='ocrx_word' id='word_1_602' title='bbox 639 3943 827 3999; x_wconf 88' lang='lat' dir='ltr'>adhuc</span> <span class='ocrx_word' id='word_1_603' title='bbox 851 3951 1209 4013; x_wconf 81' lang='lat' dir='ltr'>tentaverunt,</span> <span class='ocrx_word' id='word_1_604' title='bbox 1237 3946 1556 4001; x_wconf 81' lang='lat' dir='ltr'>haesitando</span> <span class='ocrx_word' id='word_1_605' title='bbox 1584 3964 1658 4001; x_wconf 88' lang='lat' dir='ltr'>an</span> <span class='ocrx_word' id='word_1_606' title='bbox 1680 3949 1872 4016; x_wconf 87' lang='lat' dir='ltr'>posset</span> <span class='ocrx_word' id='word_1_607' title='bbox 1900 3962 1997 4001; x_wconf 92' lang='lat' dir='ltr'>eos</span> <span class='ocrx_word' id='word_1_608' title='bbox 2012 3946 2084 4001; x_wconf 89' lang='lat' dir='ltr'>ab</span> 
     </span>
    </p>
   </div>
   <div class='ocr_carea' id='block_1_66' title="bbox 470 4027 2084 4104">
    <p class='ocr_par' dir='ltr' id='par_1_66' title="bbox 470 4027 2084 4104">
     <span class='ocr_line' id='line_1_66' title="bbox 470 4027 2084 4104; baseline 0.003 -22"><span class='ocrx_word' id='word_1_609' title='bbox 470 4027 722 4083; x_wconf 90' lang='lat' dir='ltr'>inimicis</span> <span class='ocrx_word' id='word_1_610' title='bbox 748 4029 847 4101; x_wconf 91' lang='lat' dir='ltr'>qui</span> <span class='ocrx_word' id='word_1_611' title='bbox 876 4031 937 4085; x_wconf 93' lang='lat' dir='ltr'>in</span> <span class='ocrx_word' id='word_1_612' title='bbox 994 4030 1234 4086; x_wconf 89' lang='lat' dir='ltr'>circuitu</span> <span class='ocrx_word' id='word_1_613' title='bbox 1263 4036 1429 4087; x_wconf 84' lang='lat' dir='ltr'>erant</span> <span class='ocrx_word' id='word_1_614' title='bbox 1466 4032 1912 4104; x_wconf 89' lang='lat' dir='ltr'>circumquaque</span> <span class='ocrx_word' id='word_1_615' title='bbox 1942 4032 2084 4087; x_wconf 91' lang='lat' dir='ltr'>libe-</span> 
     </span>
    </p>
   </div>
   <div class='ocr_carea' id='block_1_67' title="bbox 471 4119 2086 4184">
    <p class='ocr_par' dir='ltr' id='par_1_67' title="bbox 471 4119 2086 4184">
     <span class='ocr_line' id='line_1_67' title="bbox 471 4119 2086 4184; baseline 0.003 -13"><span class='ocrx_word' id='word_1_616' title='bbox 471 4131 625 4184; x_wconf 87' lang='lat' dir='ltr'>rare,</span> <span class='ocrx_word' id='word_1_617' title='bbox 656 4124 706 4170; x_wconf 86' lang='lat' dir='ltr'>et</span> <span class='ocrx_word' id='word_1_618' title='bbox 752 4119 1193 4174; x_wconf 72' lang='lat' dir='ltr'>exacerbaverunt</span> <span class='ocrx_word' id='word_1_619' title='bbox 1220 4120 1398 4174; x_wconf 88' lang='lat' dir='ltr'>Deum</span> <span class='ocrx_word' id='word_1_620' title='bbox 1455 4121 1711 4175; x_wconf 72' lang='lat' dir='ltr'>excelsum</span> <span class='ocrx_word' id='word_1_621' title='bbox 1767 4124 1970 4175; x_wconf 86' lang='lat' dir='ltr'>contra</span> <span class='ocrx_word' id='word_1_622' title='bbox 1998 4137 2086 4175; x_wconf 83' lang='lat' dir='ltr'>se-</span> 
     </span>
    </p>
   </div>
   <div class='ocr_carea' id='block_1_68' title="bbox 471 4204 2087 4277">
    <p class='ocr_par' dir='ltr' id='par_1_68' title="bbox 471 4204 2087 4277">
     <span class='ocr_line' id='line_1_68' title="bbox 471 4204 2087 4277; baseline 0.002 -18"><span class='ocrx_word' id='word_1_623' title='bbox 471 4204 646 4275; x_wconf 88' lang='lat' dir='ltr'>ipsos.</span> <span class='ocrx_word' id='word_1_624' title='bbox 680 4204 749 4259; x_wconf 90' lang='lat' dir='ltr'>Et</span> <span class='ocrx_word' id='word_1_625' title='bbox 776 4205 886 4259; x_wconf 91' lang='lat' dir='ltr'>hoc</span> <span class='ocrx_word' id='word_1_626' title='bbox 917 4206 1095 4261; x_wconf 92' lang='lat' dir='ltr'>modo</span> <span class='ocrx_word' id='word_1_627' title='bbox 1127 4207 1362 4277; x_wconf 89' lang='lat' dir='ltr'>quidem</span> <span class='ocrx_word' id='word_1_628' title='bbox 1401 4208 1845 4264; x_wconf 78' lang='lat' dir='ltr'>exacerbaverunt</span> <span class='ocrx_word' id='word_1_629' title='bbox 1872 4226 1889 4261; x_wconf 89' lang='lat'><strong><em>:</em></strong></span> <span class='ocrx_word' id='word_1_630' title='bbox 1914 4209 1999 4277; x_wconf 87' lang='lat' dir='ltr'>Et,</span> <span class='ocrx_word' id='word_1_631' title='bbox 2027 4208 2087 4263; x_wconf 91' lang='lat' dir='ltr'>id</span> 
     </span>
    </p>
   </div>
   <div class='ocr_carea' id='block_1_69' title="bbox 2181 3416 3805 3486">
    <p class='ocr_par' dir='ltr' id='par_1_69' title="bbox 2181 3416 3805 3486">
     <span class='ocr_line' id='line_1_69' title="bbox 2181 3416 3805 3486; baseline -0.001 -14"><span class='ocrx_word' id='word_1_632' title='bbox 2181 3417 2369 3472; x_wconf 88' lang='lat' dir='ltr'>minat</span> <span class='ocrx_word' id='word_1_633' title='bbox 2393 3433 2525 3472; x_wconf 90' lang='lat' dir='ltr'>cum</span> <span class='ocrx_word' id='word_1_634' title='bbox 2570 3417 2731 3472; x_wconf 90' lang='lat' dir='ltr'>addit</span> <span class='ocrx_word' id='word_1_635' title='bbox 2750 3436 2763 3472; x_wconf 92' lang='lat'><strong>:</strong></span> <span class='ocrx_word' id='word_1_636' title='bbox 2781 3416 2849 3470; x_wconf 85' lang='lat' dir='ltr'>In</span> <span class='ocrx_word' id='word_1_637' title='bbox 2870 3418 3189 3486; x_wconf 85' lang='lat' dir='ltr'>hominibus,</span> <span class='ocrx_word' id='word_1_638' title='bbox 3218 3417 3729 3473; x_wconf 84' lang='lat' dir='ltr'>scilicethabitavit</span> <span class='ocrx_word' id='word_1_639' title='bbox 3744 3416 3805 3471; x_wconf 89' lang='lat' dir='ltr'>in</span> 
     </span>
    </p>
   </div>
   <div class='ocr_carea' id='block_1_70' title="bbox 2183 3504 3808 3561">
    <p class='ocr_par' dir='ltr' id='par_1_70' title="bbox 2183 3504 3808 3561">
     <span class='ocr_line' id='line_1_70' title="bbox 2183 3504 3808 3561; baseline -0.001 -1"><span class='ocrx_word' id='word_1_640' title='bbox 2183 3506 2554 3560; x_wconf 90' lang='lat' dir='ltr'>tabernaculo</span> <span class='ocrx_word' id='word_1_641' title='bbox 2582 3504 2642 3559; x_wconf 91' lang='lat' dir='ltr'>in</span> <span class='ocrx_word' id='word_1_642' title='bbox 2675 3504 3128 3560; x_wconf 89' lang='lat' dir='ltr'>sacriﬁcantibus</span> <span class='ocrx_word' id='word_1_643' title='bbox 3152 3505 3230 3560; x_wconf 92' lang='lat' dir='ltr'>ibi</span> <span class='ocrx_word' id='word_1_644' title='bbox 3260 3505 3471 3561; x_wconf 70' lang='lat' dir='ltr'>Judmis</span> <span class='ocrx_word' id='word_1_645' title='bbox 3496 3521 3615 3561; x_wconf 89' lang='lat' dir='ltr'>non</span> <span class='ocrx_word' id='word_1_646' title='bbox 3646 3505 3808 3559; x_wconf 87' lang='lat' dir='ltr'>loca-</span> 
     </span>
    </p>
   </div>
   <div class='ocr_carea' id='block_1_71' title="bbox 2183 3592 3809 3665">
    <p class='ocr_par' dir='ltr' id='par_1_71' title="bbox 2183 3592 3809 3665">
     <span class='ocr_line' id='line_1_71' title="bbox 2183 3592 3809 3665; baseline -0.001 -18"><span class='ocrx_word' id='word_1_647' title='bbox 2183 3593 2334 3661; x_wconf 91' lang='lat' dir='ltr'>liter,</span> <span class='ocrx_word' id='word_1_648' title='bbox 2350 3594 2449 3648; x_wconf 91' lang='lat' dir='ltr'>sed</span> <span class='ocrx_word' id='word_1_649' title='bbox 2473 3592 2790 3649; x_wconf 88' lang='lat' dir='ltr'>secundum</span> <span class='ocrx_word' id='word_1_650' title='bbox 2804 3592 3230 3648; x_wconf 89' lang='lat' dir='ltr'>inhabitantem</span> <span class='ocrx_word' id='word_1_651' title='bbox 3249 3593 3497 3665; x_wconf 87' lang='lat' dir='ltr'>gratiam</span> <span class='ocrx_word' id='word_1_652' title='bbox 3517 3593 3809 3647; x_wconf 83' lang='lat' dir='ltr'>inhabita-</span> 
     </span>
    </p>
   </div>
   <div class='ocr_carea' id='block_1_72' title="bbox 2183 3680 3805 3752">
    <p class='ocr_par' dir='ltr' id='par_1_72' title="bbox 2183 3680 3805 3752">
     <span class='ocr_line' id='line_1_72' title="bbox 2183 3680 3805 3752; baseline 0 -17"><span class='ocrx_word' id='word_1_653' title='bbox 2183 3680 2282 3748; x_wconf 85' lang='lat' dir='ltr'>vit,</span> <span class='ocrx_word' id='word_1_654' title='bbox 2313 3681 2571 3752; x_wconf 91' lang='lat' dir='ltr'>quandiu</span> <span class='ocrx_word' id='word_1_655' title='bbox 2602 3681 2871 3736; x_wconf 88' lang='lat' dir='ltr'>homines</span> <span class='ocrx_word' id='word_1_656' title='bbox 2893 3681 3148 3745; x_wconf 80' lang='lat' dir='ltr'>fuerunt,</span> <span class='ocrx_word' id='word_1_657' title='bbox 3175 3681 3599 3736; x_wconf 87' lang='lat' dir='ltr'>rationabiliter</span> <span class='ocrx_word' id='word_1_658' title='bbox 3619 3697 3681 3736; x_wconf 87' lang='lat' dir='ltr'>se</span> <span class='ocrx_word' id='word_1_659' title='bbox 3702 3681 3805 3735; x_wconf 88' lang='lat' dir='ltr'>ba-</span> 
     </span>
    </p>
   </div>
   <div class='ocr_carea' id='block_1_73' title="bbox 2183 3768 3806 3838">
    <p class='ocr_par' dir='ltr' id='par_1_73' title="bbox 2183 3768 3806 3838">
     <span class='ocr_line' id='line_1_73' title="bbox 2183 3768 3806 3838; baseline 0 -15"><span class='ocrx_word' id='word_1_660' title='bbox 2183 3769 2386 3824; x_wconf 87' lang='lat' dir='ltr'>bentes</span> <span class='ocrx_word' id='word_1_661' title='bbox 2417 3772 2479 3824; x_wconf 92' lang='lat' dir='ltr'>ut</span> <span class='ocrx_word' id='word_1_662' title='bbox 2497 3768 2793 3838; x_wconf 88' lang='lat' dir='ltr'>homines;</span> <span class='ocrx_word' id='word_1_663' title='bbox 2827 3786 2891 3824; x_wconf 90' lang='lat' dir='ltr'>ac</span> <span class='ocrx_word' id='word_1_664' title='bbox 2912 3770 2956 3824; x_wconf 91' lang='lat' dir='ltr'>si</span> <span class='ocrx_word' id='word_1_665' title='bbox 2991 3769 3145 3824; x_wconf 82' lang='lat' dir='ltr'>dicat</span> <span class='ocrx_word' id='word_1_666' title='bbox 3168 3786 3181 3824; x_wconf 89' lang='lat'>:</span> <span class='ocrx_word' id='word_1_667' title='bbox 3208 3769 3352 3833; x_wconf 89' lang='lat' dir='ltr'>Quia</span> <span class='ocrx_word' id='word_1_668' title='bbox 3407 3786 3466 3823; x_wconf 90' lang='lat' dir='ltr'>se</span> <span class='ocrx_word' id='word_1_669' title='bbox 3496 3768 3806 3823; x_wconf 86' lang='lat' dir='ltr'>inhoneste</span> 
     </span>
    </p>
   </div>
   <div class='ocr_carea' id='block_1_74' title="bbox 2182 3856 3807 3928">
    <p class='ocr_par' dir='ltr' id='par_1_74' title="bbox 2182 3856 3807 3928">
     <span class='ocr_line' id='line_1_74' title="bbox 2182 3856 3807 3928; baseline 0 -17"><span class='ocrx_word' id='word_1_670' title='bbox 2182 3857 2528 3924; x_wconf 88' lang='lat' dir='ltr'>habuerunt,</span> <span class='ocrx_word' id='word_1_671' title='bbox 2568 3860 2626 3911; x_wconf 91' lang='lat' dir='ltr'>et</span> <span class='ocrx_word' id='word_1_672' title='bbox 2672 3873 2770 3912; x_wconf 91' lang='lat' dir='ltr'>eos</span> <span class='ocrx_word' id='word_1_673' title='bbox 2794 3860 2861 3912; x_wconf 89' lang='lat' dir='ltr'>et</span> <span class='ocrx_word' id='word_1_674' title='bbox 2898 3874 3102 3913; x_wconf 90' lang='lat' dir='ltr'>eorum</span> <span class='ocrx_word' id='word_1_675' title='bbox 3147 3856 3423 3912; x_wconf 88' lang='lat' dir='ltr'>sacriﬁcia</span> <span class='ocrx_word' id='word_1_676' title='bbox 3481 3857 3718 3928; x_wconf 89' lang='lat' dir='ltr'>sprevit,</span> <span class='ocrx_word' id='word_1_677' title='bbox 3748 3860 3807 3911; x_wconf 86' lang='lat' dir='ltr'>et</span> 
     </span>
    </p>
   </div>
   <div class='ocr_carea' id='block_1_75' title="bbox 2184 3944 3803 4017">
    <p class='ocr_par' dir='ltr' id='par_1_75' title="bbox 2184 3944 3803 4017">
     <span class='ocr_line' id='line_1_75' title="bbox 2184 3944 3803 4017; baseline 0 -17"><span class='ocrx_word' id='word_1_678' title='bbox 2184 3945 2361 4000; x_wconf 89' lang='lat' dir='ltr'>etiam</span> <span class='ocrx_word' id='word_1_679' title='bbox 2390 3945 2826 4000; x_wconf 90' lang='lat' dir='ltr'>tabernaculum</span> <span class='ocrx_word' id='word_1_680' title='bbox 2851 3944 2910 4000; x_wconf 91' lang='lat' dir='ltr'>in</span> <span class='ocrx_word' id='word_1_681' title='bbox 2944 3961 3056 4017; x_wconf 90' lang='lat' dir='ltr'>quo</span> <span class='ocrx_word' id='word_1_682' title='bbox 3089 3946 3491 4000; x_wconf 87' lang='lat' dir='ltr'>sacriﬁcabant</span> <span class='ocrx_word' id='word_1_683' title='bbox 3514 3945 3651 4000; x_wconf 90' lang='lat' dir='ltr'>licet</span> <span class='ocrx_word' id='word_1_684' title='bbox 3700 3946 3803 4000; x_wconf 89' lang='lat' dir='ltr'>sibi</span> 
     </span>
    </p>
   </div>
   <div class='ocr_carea' id='block_1_76' title="bbox 2185 4033 3805 4106">
    <p class='ocr_par' dir='ltr' id='par_1_76' title="bbox 2185 4033 3805 4106">
     <span class='ocr_line' id='line_1_76' title="bbox 2185 4033 3805 4106; baseline 0.001 -18"><span class='ocrx_word' id='word_1_685' title='bbox 2185 4033 2511 4088; x_wconf 89' lang='lat' dir='ltr'>dedicatum</span> <span class='ocrx_word' id='word_1_686' title='bbox 2534 4036 2698 4088; x_wconf 89' lang='lat' dir='ltr'>esset.</span> <span class='ocrx_word' id='word_1_687' title='bbox 2728 4034 2837 4088; x_wconf 88' lang='lat' dir='ltr'>Per</span> <span class='ocrx_word' id='word_1_688' title='bbox 2852 4033 2962 4089; x_wconf 89' lang='lat' dir='ltr'>hoc</span> <span class='ocrx_word' id='word_1_689' title='bbox 2985 4037 3178 4089; x_wconf 89' lang='lat' dir='ltr'>autem</span> <span class='ocrx_word' id='word_1_690' title='bbox 3205 4034 3361 4106; x_wconf 91' lang='lat' dir='ltr'>quod</span> <span class='ocrx_word' id='word_1_691' title='bbox 3386 4050 3493 4104; x_wconf 92' lang='lat' dir='ltr'>pro</span> <span class='ocrx_word' id='word_1_692' title='bbox 3513 4033 3595 4088; x_wconf 91' lang='lat' dir='ltr'>eis</span> <span class='ocrx_word' id='word_1_693' title='bbox 3617 4034 3805 4089; x_wconf 85' lang='lat' dir='ltr'>taber-</span> 
     </span>
    </p>
   </div>
   <div class='ocr_carea' id='block_1_77' title="bbox 2185 4120 3804 4192">
    <p class='ocr_par' dir='ltr' id='par_1_77' title="bbox 2185 4120 3804 4192">
     <span class='ocr_line' id='line_1_77' title="bbox 2185 4120 3804 4192; baseline 0.001 -17"><span class='ocrx_word' id='word_1_694' title='bbox 2185 4121 2454 4175; x_wconf 91' lang='lat' dir='ltr'>naculum</span> <span class='ocrx_word' id='word_1_695' title='bbox 2496 4120 2772 4192; x_wconf 89' lang='lat' dir='ltr'>sprevisse</span> <span class='ocrx_word' id='word_1_696' title='bbox 2804 4121 2960 4189; x_wconf 91' lang='lat' dir='ltr'>dicit,</span> <span class='ocrx_word' id='word_1_697' title='bbox 3010 4138 3110 4177; x_wconf 91' lang='lat' dir='ltr'>eos</span> <span class='ocrx_word' id='word_1_698' title='bbox 3146 4122 3312 4177; x_wconf 88' lang='lat' dir='ltr'>valde</span> <span class='ocrx_word' id='word_1_699' title='bbox 3360 4122 3604 4177; x_wconf 88' lang='lat' dir='ltr'>odibiles</span> <span class='ocrx_word' id='word_1_700' title='bbox 3632 4122 3804 4177; x_wconf 81' lang='lat' dir='ltr'>fuisse</span> 
     </span>
    </p>
   </div>
   <div class='ocr_carea' id='block_1_78' title="bbox 2184 4207 3804 4281">
    <p class='ocr_par' dir='ltr' id='par_1_78' title="bbox 2184 4207 3804 4281">
     <span class='ocr_line' id='line_1_78' title="bbox 2184 4207 3804 4281; baseline 0.001 -19"><span class='ocrx_word' id='word_1_701' title='bbox 2184 4208 2393 4262; x_wconf 90' lang='lat' dir='ltr'>innuit.</span> <span class='ocrx_word' id='word_1_702' title='bbox 2427 4209 2495 4262; x_wconf 86' lang='lat' dir='ltr'>Et</span> <span class='ocrx_word' id='word_1_703' title='bbox 2518 4207 2628 4262; x_wconf 90' lang='lat' dir='ltr'>illis</span> <span class='ocrx_word' id='word_1_704' title='bbox 2651 4208 2879 4279; x_wconf 89' lang='lat' dir='ltr'>spretis,</span> <span class='ocrx_word' id='word_1_705' title='bbox 2911 4209 3134 4265; x_wconf 85' lang='lat' dir='ltr'>tradidit</span> <span class='ocrx_word' id='word_1_706' title='bbox 3164 4212 3220 4264; x_wconf 87' lang='lat' dir='ltr'>in</span> <span class='ocrx_word' id='word_1_707' title='bbox 3241 4212 3610 4281; x_wconf 83' lang='lat' dir='ltr'>captivitatem</span> <span class='ocrx_word' id='word_1_708' title='bbox 3630 4212 3804 4264; x_wconf 83' lang='lat' dir='ltr'>virtu-</span> 
     </span>
    </p>
   </div>
   <div class='ocr_carea' id='block_1_79' title="bbox 473 4289 3803 4369">
    <p class='ocr_par' dir='ltr' id='par_1_79' title="bbox 473 4289 3803 4369">
     <span class='ocr_line' id='line_1_79' title="bbox 473 4289 3803 4369; baseline 0.003 -25"><span class='ocrx_word' id='word_1_709' title='bbox 473 4292 560 4345; x_wconf 89' lang='lat' dir='ltr'>est</span> <span class='ocrx_word' id='word_1_710' title='bbox 615 4289 827 4346; x_wconf 89' lang='lat' dir='ltr'>scilicet</span> <span class='ocrx_word' id='word_1_711' title='bbox 854 4308 961 4345; x_wconf 88' lang='lat' dir='ltr'>non</span> <span class='ocrx_word' id='word_1_712' title='bbox 990 4292 1349 4346; x_wconf 84' lang='lat' dir='ltr'>custodierunt</span> <span class='ocrx_word' id='word_1_713' title='bbox 1394 4296 1713 4363; x_wconf 82' lang='lat' dir='ltr'>testimonia,</span> <span class='ocrx_word' id='word_1_714' title='bbox 1746 4294 1806 4349; x_wconf 90' lang='lat' dir='ltr'>id</span> <span class='ocrx_word' id='word_1_715' title='bbox 1830 4298 1914 4349; x_wconf 88' lang='lat' dir='ltr'>est</span> <span class='ocrx_word' id='word_1_716' title='bbox 1940 4312 2086 4367; x_wconf 71' lang='lat' dir='ltr'>prae-</span> <span class='ocrx_word' id='word_1_717' title='bbox 2109 4307 2162 4367; x_wconf 80' lang='lat'>1)</span> <span class='ocrx_word' id='word_1_718' title='bbox 2186 4303 2289 4350; x_wconf 92' lang='lat' dir='ltr'>tem</span> <span class='ocrx_word' id='word_1_719' title='bbox 2312 4312 2515 4363; x_wconf 89' lang='lat' dir='ltr'>eorum,</span> <span class='ocrx_word' id='word_1_720' title='bbox 2546 4295 2606 4350; x_wconf 92' lang='lat' dir='ltr'>id</span> <span class='ocrx_word' id='word_1_721' title='bbox 2627 4299 2713 4350; x_wconf 86' lang='lat' dir='ltr'>est</span> <span class='ocrx_word' id='word_1_722' title='bbox 2737 4311 2936 4352; x_wconf 88' lang='lat' dir='ltr'>arcam</span> <span class='ocrx_word' id='word_1_723' title='bbox 2968 4313 3096 4369; x_wconf 70' lang='lat' dir='ltr'>qua:</span> <span class='ocrx_word' id='word_1_724' title='bbox 3141 4297 3202 4352; x_wconf 92' lang='lat' dir='ltr'>in</span> <span class='ocrx_word' id='word_1_725' title='bbox 3232 4299 3608 4354; x_wconf 86' lang='lat' dir='ltr'>tabernaculo</span> <span class='ocrx_word' id='word_1_726' title='bbox 3658 4302 3803 4368; x_wconf 86' lang='lat' dir='ltr'>erat,</span> 
     </span>
    </p>
   </div>
   <div class='ocr_carea' id='block_1_80' title="bbox 473 4379 2076 4454">
    <p class='ocr_par' dir='ltr' id='par_1_80' title="bbox 473 4379 2076 4454">
     <span class='ocr_line' id='line_1_80' title="bbox 473 4379 2076 4454; baseline 0.004 -22"><span class='ocrx_word' id='word_1_727' title='bbox 473 4380 641 4451; x_wconf 90' lang='lat' dir='ltr'>cepta</span> <span class='ocrx_word' id='word_1_728' title='bbox 669 4379 803 4449; x_wconf 87' lang='lat' dir='ltr'>ejus,</span> <span class='ocrx_word' id='word_1_729' title='bbox 836 4394 964 4451; x_wconf 68' lang='lat' dir='ltr'>qua:</span> <span class='ocrx_word' id='word_1_730' title='bbox 993 4380 1096 4434; x_wconf 90' lang='lat' dir='ltr'>sub</span> <span class='ocrx_word' id='word_1_731' title='bbox 1125 4379 1456 4437; x_wconf 89' lang='lat' dir='ltr'>testimonio</span> <span class='ocrx_word' id='word_1_732' title='bbox 1482 4382 1656 4454; x_wconf 84' lang='lat' dir='ltr'>Moysi</span> <span class='ocrx_word' id='word_1_733' title='bbox 1708 4382 1788 4437; x_wconf 92' lang='lat' dir='ltr'>eis</span> <span class='ocrx_word' id='word_1_734' title='bbox 1818 4383 2076 4438; x_wconf 90' lang='lat' dir='ltr'>dederat.</span> 
     </span>
    </p>
   </div>
   <div class='ocr_carea' id='block_1_81' title="bbox 474 4466 2085 4541">
    <p class='ocr_par' dir='ltr' id='par_1_81' title="bbox 474 4466 2085 4541">
     <span class='ocr_line' id='line_1_81' title="bbox 474 4466 2085 4541; baseline 0.004 -22"><span class='ocrx_word' id='word_1_735' title='bbox 474 4466 544 4519; x_wconf 89' lang='lat' dir='ltr'>Et</span> <span class='ocrx_word' id='word_1_736' title='bbox 571 4466 998 4521; x_wconf 90' lang='lat' dir='ltr'>contemnendo</span> <span class='ocrx_word' id='word_1_737' title='bbox 1024 4467 1146 4538; x_wconf 90' lang='lat' dir='ltr'>ejus</span> <span class='ocrx_word' id='word_1_738' title='bbox 1165 4472 1475 4541; x_wconf 66' lang='lat' dir='ltr'>praecepta,</span> <span class='ocrx_word' id='word_1_739' title='bbox 1502 4477 1807 4525; x_wconf 87' lang='lat' dir='ltr'>averterunt</span> <span class='ocrx_word' id='word_1_740' title='bbox 1819 4488 1872 4526; x_wconf 89' lang='lat' dir='ltr'>se</span> <span class='ocrx_word' id='word_1_741' title='bbox 1890 4488 1924 4526; x_wconf 90' lang='lat' dir='ltr'>a</span> <span class='ocrx_word' id='word_1_742' title='bbox 1946 4473 2085 4540; x_wconf 92' lang='lat' dir='ltr'>Deo,</span> 
     </span>
    </p>
   </div>
   <div class='ocr_carea' id='block_1_82' title="bbox 476 4554 2085 4631">
    <p class='ocr_par' dir='ltr' id='par_1_82' title="bbox 476 4554 2085 4631">
     <span class='ocr_line' id='line_1_82' title="bbox 476 4554 2085 4631; baseline 0.004 -23"><span class='ocrx_word' id='word_1_743' title='bbox 476 4554 546 4608; x_wconf 89' lang='lat' dir='ltr'>Et</span> <span class='ocrx_word' id='word_1_744' title='bbox 571 4570 677 4608; x_wconf 88' lang='lat' dir='ltr'>non</span> <span class='ocrx_word' id='word_1_745' title='bbox 704 4560 1045 4610; x_wconf 81' lang='lat' dir='ltr'>servaverunt</span> <span class='ocrx_word' id='word_1_746' title='bbox 1086 4562 1331 4626; x_wconf 85' lang='lat' dir='ltr'>pactum,</span> <span class='ocrx_word' id='word_1_747' title='bbox 1374 4558 1528 4630; x_wconf 88' lang='lat' dir='ltr'>quod</span> <span class='ocrx_word' id='word_1_748' title='bbox 1550 4575 1683 4614; x_wconf 91' lang='lat' dir='ltr'>cum</span> <span class='ocrx_word' id='word_1_749' title='bbox 1731 4575 1798 4614; x_wconf 91' lang='lat' dir='ltr'>eo</span> <span class='ocrx_word' id='word_1_750' title='bbox 1850 4559 2085 4631; x_wconf 90' lang='lat' dir='ltr'>pepige-</span> 
     </span>
    </p>
   </div>
   <div class='ocr_carea' id='block_1_83' title="bbox 476 4644 2089 4721">
    <p class='ocr_par' dir='ltr' id='par_1_83' title="bbox 476 4644 2089 4721">
     <span class='ocr_line' id='line_1_83' title="bbox 476 4644 2089 4721; baseline 0.002 -22"><span class='ocrx_word' id='word_1_751' title='bbox 476 4647 629 4708; x_wconf 86' lang='lat' dir='ltr'>rant,</span> <span class='ocrx_word' id='word_1_752' title='bbox 657 4660 788 4698; x_wconf 93' lang='lat' dir='ltr'>cum</span> <span class='ocrx_word' id='word_1_753' title='bbox 844 4644 1255 4717; x_wconf 89' lang='lat' dir='ltr'>promiserunt,</span> <span class='ocrx_word' id='word_1_754' title='bbox 1283 4647 1439 4718; x_wconf 92' lang='lat' dir='ltr'>quod</span> <span class='ocrx_word' id='word_1_755' title='bbox 1463 4647 1623 4702; x_wconf 90' lang='lat' dir='ltr'>omni</span> <span class='ocrx_word' id='word_1_756' title='bbox 1664 4651 1927 4721; x_wconf 87' lang='lat' dir='ltr'>tempore</span> <span class='ocrx_word' id='word_1_757' title='bbox 1982 4648 2089 4719; x_wconf 91' lang='lat' dir='ltr'>ipsi</span> 
     </span>
    </p>
   </div>
   <div class='ocr_carea' id='block_1_84' title="bbox 479 4730 2089 4807">
    <p class='ocr_par' dir='ltr' id='par_1_84' title="bbox 479 4730 2089 4807">
     <span class='ocr_line' id='line_1_84' title="bbox 479 4730 2089 4807; baseline 0.002 -20"><span class='ocrx_word' id='word_1_758' title='bbox 479 4730 804 4795; x_wconf 89' lang='lat' dir='ltr'>obedirent,</span> <span class='ocrx_word' id='word_1_759' title='bbox 824 4731 866 4787; x_wconf 90' lang='lat' dir='ltr'>si</span> <span class='ocrx_word' id='word_1_760' title='bbox 880 4736 1083 4803; x_wconf 89' lang='lat' dir='ltr'>gentes</span> <span class='ocrx_word' id='word_1_761' title='bbox 1100 4749 1134 4787; x_wconf 91' lang='lat' dir='ltr'>a</span> <span class='ocrx_word' id='word_1_762' title='bbox 1148 4733 1293 4788; x_wconf 87' lang='lat' dir='ltr'>facie</span> <span class='ocrx_word' id='word_1_763' title='bbox 1305 4751 1509 4790; x_wconf 91' lang='lat' dir='ltr'>eorum</span> <span class='ocrx_word' id='word_1_764' title='bbox 1522 4734 1761 4806; x_wconf 90' lang='lat' dir='ltr'>ejiceret</span> <span class='ocrx_word' id='word_1_765' title='bbox 1780 4752 1792 4790; x_wconf 92' lang='lat'>:</span> <span class='ocrx_word' id='word_1_766' title='bbox 1811 4734 1889 4789; x_wconf 88' lang='lat' dir='ltr'>Et</span> <span class='ocrx_word' id='word_1_767' title='bbox 1905 4752 2089 4807; x_wconf 81' lang='lat' dir='ltr'>quem-</span> 
     </span>
    </p>
   </div>
   <div class='ocr_carea' id='block_1_85' title="bbox 366 4820 2088 4895">
    <p class='ocr_par' dir='ltr' id='par_1_85' title="bbox 366 4820 2088 4895">
     <span class='ocr_line' id='line_1_85' title="bbox 366 4820 2088 4895; baseline 0.003 -20"><span class='ocrx_word' id='word_1_768' title='bbox 366 4832 371 4841; x_wconf 85' lang='lat'>&#39;</span> <span class='ocrx_word' id='word_1_769' title='bbox 479 4820 770 4876; x_wconf 90' lang='lat' dir='ltr'>admodum</span> <span class='ocrx_word' id='word_1_770' title='bbox 784 4827 969 4891; x_wconf 82' lang='lat' dir='ltr'>patres</span> <span class='ocrx_word' id='word_1_771' title='bbox 1017 4836 1199 4876; x_wconf 81' lang='lat' dir='ltr'>eorum</span> <span class='ocrx_word' id='word_1_772' title='bbox 1231 4825 1469 4877; x_wconf 88' lang='lat' dir='ltr'>conversi</span> <span class='ocrx_word' id='word_1_773' title='bbox 1514 4827 1708 4878; x_wconf 88' lang='lat' dir='ltr'>suntin</span> <span class='ocrx_word' id='word_1_774' title='bbox 1751 4840 1937 4881; x_wconf 86' lang='lat' dir='ltr'>arcum</span> <span class='ocrx_word' id='word_1_775' title='bbox 1954 4842 2088 4895; x_wconf 86' lang='lat' dir='ltr'>pra-</span> 
     </span>
    </p>
   </div>
   <div class='ocr_carea' id='block_1_86' title="bbox 477 4909 2091 4984">
    <p class='ocr_par' dir='ltr' id='par_1_86' title="bbox 477 4909 2091 4984">
     <span class='ocr_line' id='line_1_86' title="bbox 477 4909 2091 4984; baseline 0.003 -19"><span class='ocrx_word' id='word_1_776' title='bbox 477 4926 624 4979; x_wconf 85' lang='lat' dir='ltr'>vum,</span> <span class='ocrx_word' id='word_1_777' title='bbox 647 4909 707 4964; x_wconf 92' lang='lat' dir='ltr'>id</span> <span class='ocrx_word' id='word_1_778' title='bbox 733 4914 819 4965; x_wconf 92' lang='lat' dir='ltr'>est</span> <span class='ocrx_word' id='word_1_779' title='bbox 830 4909 903 4964; x_wconf 88' lang='lat' dir='ltr'>ad</span> <span class='ocrx_word' id='word_1_780' title='bbox 919 4909 1356 4965; x_wconf 88' lang='lat' dir='ltr'>similitudinem</span> <span class='ocrx_word' id='word_1_781' title='bbox 1370 4910 1695 4967; x_wconf 88' lang='lat' dir='ltr'>inﬁdelium</span> <span class='ocrx_word' id='word_1_782' title='bbox 1714 4917 1945 4984; x_wconf 89' lang='lat' dir='ltr'>patrum</span> <span class='ocrx_word' id='word_1_783' title='bbox 1965 4931 2091 4970; x_wconf 85' lang='lat' dir='ltr'>suo-</span> 
     </span>
    </p>
   </div>
   <div class='ocr_carea' id='block_1_87' title="bbox 477 4996 2091 5073">
    <p class='ocr_par' dir='ltr' id='par_1_87' title="bbox 477 4996 2091 5073">
     <span class='ocr_line' id='line_1_87' title="bbox 477 4996 2091 5073; baseline 0.002 -20"><span class='ocrx_word' id='word_1_784' title='bbox 477 5013 633 5060; x_wconf 87' lang='lat' dir='ltr'>rum,</span> <span class='ocrx_word' id='word_1_785' title='bbox 667 4997 765 5069; x_wconf 89' lang='lat' dir='ltr'>qui</span> <span class='ocrx_word' id='word_1_786' title='bbox 802 4999 986 5052; x_wconf 90' lang='lat' dir='ltr'>Deum</span> <span class='ocrx_word' id='word_1_787' title='bbox 1015 4996 1383 5053; x_wconf 76' lang='lat' dir='ltr'>offenderunt</span> <span class='ocrx_word' id='word_1_788' title='bbox 1410 4998 1653 5068; x_wconf 90' lang='lat' dir='ltr'>assidue,</span> <span class='ocrx_word' id='word_1_789' title='bbox 1684 5004 1992 5073; x_wconf 87' lang='lat' dir='ltr'>postquam</span> <span class='ocrx_word' id='word_1_790' title='bbox 2010 5002 2091 5058; x_wconf 90' lang='lat' dir='ltr'>eis</span> 
     </span>
    </p>
   </div>
   <div class='ocr_carea' id='block_1_88' title="bbox 392 5084 2094 5154">
    <p class='ocr_par' dir='ltr' id='par_1_88' title="bbox 392 5084 2094 5154">
     <span class='ocr_line' id='line_1_88' title="bbox 392 5084 2094 5154; baseline 0.002 -13"><span class='ocrx_word' id='word_1_791' title='bbox 392 5092 401 5101; x_wconf 90' lang='lat'><strong><em>’</em></strong></span> <span class='ocrx_word' id='word_1_792' title='bbox 479 5084 760 5141; x_wconf 87' lang='lat' dir='ltr'>beneﬁcia</span> <span class='ocrx_word' id='word_1_793' title='bbox 792 5086 975 5140; x_wconf 89' lang='lat' dir='ltr'>multa</span> <span class='ocrx_word' id='word_1_794' title='bbox 1002 5087 1345 5154; x_wconf 85' lang='lat' dir='ltr'>contulerat,</span> <span class='ocrx_word' id='word_1_795' title='bbox 1378 5090 1614 5142; x_wconf 87' lang='lat' dir='ltr'>conversi</span> <span class='ocrx_word' id='word_1_796' title='bbox 1622 5088 1818 5143; x_wconf 89' lang='lat' dir='ltr'>suntin</span> <span class='ocrx_word' id='word_1_797' title='bbox 1834 5089 2094 5145; x_wconf 89' lang='lat' dir='ltr'>similitu-</span> 
     </span>
    </p>
   </div>
   <div class='ocr_carea' id='block_1_89' title="bbox 379 5172 2094 5244">
    <p class='ocr_par' dir='ltr' id='par_1_89' title="bbox 379 5172 2094 5244">
     <span class='ocr_line' id='line_1_89' title="bbox 379 5172 2094 5244; baseline 0.003 -16"><span class='ocrx_word' id='word_1_798' title='bbox 379 5231 382 5234; x_wconf 63' lang='grc'><strong><em>,</em></strong></span> <span class='ocrx_word' id='word_1_799' title='bbox 482 5173 619 5229; x_wconf 89' lang='lat' dir='ltr'>dine</span> <span class='ocrx_word' id='word_1_800' title='bbox 648 5172 829 5244; x_wconf 89' lang='lat' dir='ltr'>pravi,</span> <span class='ocrx_word' id='word_1_801' title='bbox 864 5172 921 5228; x_wconf 92' lang='lat' dir='ltr'>id</span> <span class='ocrx_word' id='word_1_802' title='bbox 974 5176 1059 5228; x_wconf 89' lang='lat' dir='ltr'>est</span> <span class='ocrx_word' id='word_1_803' title='bbox 1096 5173 1296 5229; x_wconf 89' lang='lat' dir='ltr'>inertis</span> <span class='ocrx_word' id='word_1_804' title='bbox 1349 5191 1531 5242; x_wconf 89' lang='lat' dir='ltr'>arcus,</span> <span class='ocrx_word' id='word_1_805' title='bbox 1558 5176 1702 5231; x_wconf 90' lang='lat' dir='ltr'>Nam</span> <span class='ocrx_word' id='word_1_806' title='bbox 1760 5176 1903 5232; x_wconf 85' lang='lat' dir='ltr'>sicut</span> <span class='ocrx_word' id='word_1_807' title='bbox 1931 5194 2094 5232; x_wconf 89' lang='lat' dir='ltr'>arcus</span> 
     </span>
    </p>
   </div>
   <div class='ocr_carea' id='block_1_90' title="bbox 480 5261 2088 5334">
    <p class='ocr_par' dir='ltr' id='par_1_90' title="bbox 480 5261 2088 5334">
     <span class='ocr_line' id='line_1_90' title="bbox 480 5261 2088 5334; baseline 0.002 -19"><span class='ocrx_word' id='word_1_808' title='bbox 480 5277 692 5334; x_wconf 87' lang='lat' dir='ltr'>pravus</span> <span class='ocrx_word' id='word_1_809' title='bbox 734 5277 866 5316; x_wconf 91' lang='lat' dir='ltr'>cum</span> <span class='ocrx_word' id='word_1_810' title='bbox 911 5261 1068 5333; x_wconf 86' lang='lat' dir='ltr'>prius</span> <span class='ocrx_word' id='word_1_811' title='bbox 1098 5261 1438 5326; x_wconf 89' lang='lat' dir='ltr'>intenditur,</span> <span class='ocrx_word' id='word_1_812' title='bbox 1464 5263 1882 5334; x_wconf 88' lang='lat' dir='ltr'>aliquantulum</span> <span class='ocrx_word' id='word_1_813' title='bbox 1910 5265 2088 5334; x_wconf 90' lang='lat' dir='ltr'>ejicit;</span> 
     </span>
    </p>
   </div>
   <div class='ocr_carea' id='block_1_91' title="bbox 481 5349 2091 5422">
    <p class='ocr_par' dir='ltr' id='par_1_91' title="bbox 481 5349 2091 5422">
     <span class='ocr_line' id='line_1_91' title="bbox 481 5349 2091 5422; baseline 0.001 -18"><span class='ocrx_word' id='word_1_814' title='bbox 481 5350 687 5422; x_wconf 86' lang='lat' dir='ltr'>postea</span> <span class='ocrx_word' id='word_1_815' title='bbox 712 5364 847 5403; x_wconf 86' lang='lat' dir='ltr'>vera</span> <span class='ocrx_word' id='word_1_816' title='bbox 884 5349 1161 5419; x_wconf 87' lang='lat' dir='ltr'>paulatim</span> <span class='ocrx_word' id='word_1_817' title='bbox 1200 5350 1577 5413; x_wconf 90' lang='lat' dir='ltr'>remittendo,</span> <span class='ocrx_word' id='word_1_818' title='bbox 1608 5367 1676 5405; x_wconf 84' lang='lat' dir='ltr'>ex</span> <span class='ocrx_word' id='word_1_819' title='bbox 1696 5354 1818 5406; x_wconf 89' lang='lat' dir='ltr'>toto</span> <span class='ocrx_word' id='word_1_820' title='bbox 1851 5351 2044 5405; x_wconf 85' lang='lat' dir='ltr'>deﬁcit</span> <span class='ocrx_word' id='word_1_821' title='bbox 2076 5370 2091 5420; x_wconf 89' lang='lat'><strong>;</strong></span> 
     </span>
    </p>
   </div>
   <div class='ocr_carea' id='block_1_92' title="bbox 486 5435 2094 5510">
    <p class='ocr_par' dir='ltr' id='par_1_92' title="bbox 486 5435 2094 5510">
     <span class='ocr_line' id='line_1_92' title="bbox 486 5435 2094 5510; baseline 0.002 -19"><span class='ocrx_word' id='word_1_822' title='bbox 486 5435 568 5491; x_wconf 85' lang='lat' dir='ltr'>sic</span> <span class='ocrx_word' id='word_1_823' title='bbox 587 5440 645 5491; x_wconf 90' lang='lat' dir='ltr'>et</span> <span class='ocrx_word' id='word_1_824' title='bbox 671 5435 777 5506; x_wconf 88' lang='lat' dir='ltr'>ipsi</span> <span class='ocrx_word' id='word_1_825' title='bbox 805 5435 963 5507; x_wconf 92' lang='lat' dir='ltr'>prius</span> <span class='ocrx_word' id='word_1_826' title='bbox 1010 5437 1070 5492; x_wconf 92' lang='lat' dir='ltr'>in</span> <span class='ocrx_word' id='word_1_827' title='bbox 1101 5438 1402 5510; x_wconf 72' lang='lat' dir='ltr'>praeceptis</span> <span class='ocrx_word' id='word_1_828' title='bbox 1429 5438 1528 5494; x_wconf 90' lang='lat' dir='ltr'>Dei</span> <span class='ocrx_word' id='word_1_829' title='bbox 1572 5438 1734 5493; x_wconf 92' lang='lat' dir='ltr'>valde</span> <span class='ocrx_word' id='word_1_830' title='bbox 1764 5438 2094 5509; x_wconf 89' lang='lat' dir='ltr'>promissio-</span> 
     </span>
    </p>
   </div>
   <div class='ocr_carea' id='block_1_93' title="bbox 490 5521 2098 5599">
    <p class='ocr_par' dir='ltr' id='par_1_93' title="bbox 490 5521 2098 5599">
     <span class='ocr_line' id='line_1_93' title="bbox 490 5521 2098 5599; baseline 0.003 -20"><span class='ocrx_word' id='word_1_831' title='bbox 490 5521 659 5579; x_wconf 88' lang='lat' dir='ltr'>nibus</span> <span class='ocrx_word' id='word_1_832' title='bbox 686 5523 917 5589; x_wconf 89' lang='lat' dir='ltr'>imensi,</span> <span class='ocrx_word' id='word_1_833' title='bbox 939 5528 997 5581; x_wconf 89' lang='lat' dir='ltr'>et</span> <span class='ocrx_word' id='word_1_834' title='bbox 1018 5525 1439 5598; x_wconf 86' lang='lat' dir='ltr'>aliquantulum</span> <span class='ocrx_word' id='word_1_835' title='bbox 1455 5526 1696 5599; x_wconf 89' lang='lat' dir='ltr'>operati,</span> <span class='ocrx_word' id='word_1_836' title='bbox 1710 5527 1989 5599; x_wconf 88' lang='lat' dir='ltr'>paulatim</span> <span class='ocrx_word' id='word_1_837' title='bbox 2011 5544 2098 5584; x_wconf 89' lang='lat' dir='ltr'>re-</span> 
     </span>
    </p>
   </div>
   <div class='ocr_carea' id='block_1_94' title="bbox 2185 4382 3805 4459">
    <p class='ocr_par' dir='ltr' id='par_1_94' title="bbox 2185 4382 3805 4459">
     <span class='ocr_line' id='line_1_94' title="bbox 2185 4382 3805 4459; baseline 0.002 -21"><span class='ocrx_word' id='word_1_838' title='bbox 2185 4384 2345 4455; x_wconf 82' lang='lat' dir='ltr'>cujus</span> <span class='ocrx_word' id='word_1_839' title='bbox 2369 4382 2634 4456; x_wconf 70' lang='lat' dir='ltr'>praasidio</span> <span class='ocrx_word' id='word_1_840' title='bbox 2660 4383 2720 4438; x_wconf 90' lang='lat' dir='ltr'>in</span> <span class='ocrx_word' id='word_1_841' title='bbox 2770 4384 2937 4439; x_wconf 89' lang='lat' dir='ltr'>bellis</span> <span class='ocrx_word' id='word_1_842' title='bbox 2963 4384 3142 4440; x_wconf 86' lang='lat' dir='ltr'>fortes</span> <span class='ocrx_word' id='word_1_843' title='bbox 3185 4389 3375 4448; x_wconf 89' lang='lat' dir='ltr'>erant,</span> <span class='ocrx_word' id='word_1_844' title='bbox 3420 4384 3668 4459; x_wconf 87' lang='lat' dir='ltr'>ideoque</span> <span class='ocrx_word' id='word_1_845' title='bbox 3691 4386 3805 4442; x_wconf 85' lang='lat' dir='ltr'>vir-</span> 
     </span>
    </p>
   </div>
   <div class='ocr_carea' id='block_1_95' title="bbox 2184 4470 3804 4547">
    <p class='ocr_par' dir='ltr' id='par_1_95' title="bbox 2184 4470 3804 4547">
     <span class='ocr_line' id='line_1_95' title="bbox 2184 4470 3804 4547; baseline 0.002 -20"><span class='ocrx_word' id='word_1_846' title='bbox 2184 4476 2276 4527; x_wconf 90' lang='lat' dir='ltr'>tus</span> <span class='ocrx_word' id='word_1_847' title='bbox 2305 4487 2510 4527; x_wconf 90' lang='lat' dir='ltr'>eorum</span> <span class='ocrx_word' id='word_1_848' title='bbox 2537 4470 2861 4535; x_wconf 87' lang='lat' dir='ltr'>dicebatur,</span> <span class='ocrx_word' id='word_1_849' title='bbox 2875 4472 3002 4545; x_wconf 88' lang='lat' dir='ltr'>capi</span> <span class='ocrx_word' id='word_1_850' title='bbox 3030 4472 3297 4545; x_wconf 70' lang='lat' dir='ltr'>permisit</span> <span class='ocrx_word' id='word_1_851' title='bbox 3323 4473 3397 4528; x_wconf 88' lang='lat' dir='ltr'>ab</span> <span class='ocrx_word' id='word_1_852' title='bbox 3424 4474 3804 4547; x_wconf 77' lang='lat' dir='ltr'>Allophylisin</span> 
     </span>
    </p>
   </div>
   <div class='ocr_carea' id='block_1_96' title="bbox 2186 4557 3807 4634">
    <p class='ocr_par' dir='ltr' id='par_1_96' title="bbox 2186 4557 3807 4634">
     <span class='ocr_line' id='line_1_96' title="bbox 2186 4557 3807 4634; baseline 0.002 -19"><span class='ocrx_word' id='word_1_853' title='bbox 2186 4559 2441 4615; x_wconf 80' lang='lat' dir='ltr'>maxima</span> <span class='ocrx_word' id='word_1_854' title='bbox 2465 4557 2580 4615; x_wconf 85' lang='lat' dir='ltr'>Silo</span> <span class='ocrx_word' id='word_1_855' title='bbox 2610 4558 2832 4615; x_wconf 88' lang='lat' dir='ltr'>civitate</span> <span class='ocrx_word' id='word_1_856' title='bbox 2870 4560 2930 4615; x_wconf 93' lang='lat' dir='ltr'>in</span> <span class='ocrx_word' id='word_1_857' title='bbox 2962 4578 3080 4633; x_wconf 90' lang='lat' dir='ltr'>qua</span> <span class='ocrx_word' id='word_1_858' title='bbox 3128 4564 3256 4617; x_wconf 89' lang='lat' dir='ltr'>erat</span> <span class='ocrx_word' id='word_1_859' title='bbox 3284 4578 3416 4618; x_wconf 90' lang='lat' dir='ltr'>eam</span> <span class='ocrx_word' id='word_1_860' title='bbox 3447 4563 3807 4634; x_wconf 85' lang='lat' dir='ltr'>capientibus</span> 
     </span>
    </p>
   </div>
   <div class='ocr_carea' id='block_1_97' title="bbox 2189 4640 3809 4720">
    <p class='ocr_par' dir='ltr' id='par_1_97' title="bbox 2189 4640 3809 4720">
     <span class='ocr_line' id='line_1_97' title="bbox 2189 4640 3809 4720; baseline 0.003 -20"><span class='ocrx_word' id='word_1_861' title='bbox 2189 4640 2391 4717; x_wconf 84' lang='lat' dir='ltr'>(IReg.</span> <span class='ocrx_word' id='word_1_862' title='bbox 2420 4663 2493 4710; x_wconf 80' lang='lat' dir='ltr'>IV,</span> <span class='ocrx_word' id='word_1_863' title='bbox 2528 4646 2634 4718; x_wconf 80' lang='lat' dir='ltr'>ll),</span> <span class='ocrx_word' id='word_1_864' title='bbox 2664 4664 2737 4702; x_wconf 91' lang='lat' dir='ltr'>ne</span> <span class='ocrx_word' id='word_1_865' title='bbox 2794 4664 2927 4703; x_wconf 90' lang='lat' dir='ltr'>arca</span> <span class='ocrx_word' id='word_1_866' title='bbox 2977 4652 3183 4720; x_wconf 89' lang='lat' dir='ltr'>postea</span> <span class='ocrx_word' id='word_1_867' title='bbox 3226 4648 3436 4704; x_wconf 68' lang='lat' dir='ltr'>Judmis</span> <span class='ocrx_word' id='word_1_868' title='bbox 3461 4652 3609 4705; x_wconf 88' lang='lat' dir='ltr'>esset</span> <span class='ocrx_word' id='word_1_869' title='bbox 3636 4667 3809 4706; x_wconf 86' lang='lat' dir='ltr'>causa</span> 
     </span>
    </p>
   </div>
   <div class='ocr_carea' id='block_1_98' title="bbox 2187 4734 3807 4805">
    <p class='ocr_par' dir='ltr' id='par_1_98' title="bbox 2187 4734 3807 4805">
     <span class='ocr_line' id='line_1_98' title="bbox 2187 4734 3807 4805; baseline 0.002 -16"><span class='ocrx_word' id='word_1_870' title='bbox 2187 4734 2430 4790; x_wconf 86' lang='lat' dir='ltr'>virtutis.</span> <span class='ocrx_word' id='word_1_871' title='bbox 2462 4734 2541 4790; x_wconf 85' lang='lat' dir='ltr'>Et</span> <span class='ocrx_word' id='word_1_872' title='bbox 2586 4734 3050 4805; x_wconf 81' lang='lat' dir='ltr'>pulchritudinem</span> <span class='ocrx_word' id='word_1_873' title='bbox 3109 4753 3289 4790; x_wconf 89' lang='lat' dir='ltr'>eorum</span> <span class='ocrx_word' id='word_1_874' title='bbox 3346 4737 3586 4793; x_wconf 83' lang='lat' dir='ltr'>tradidit</span> <span class='ocrx_word' id='word_1_875' title='bbox 3610 4740 3807 4793; x_wconf 83' lang='lat' dir='ltr'>inma—</span> 
     </span>
    </p>
   </div>
   <div class='ocr_carea' id='block_1_99' title="bbox 2187 4822 3809 4891">
    <p class='ocr_par' dir='ltr' id='par_1_99' title="bbox 2187 4822 3809 4891">
     <span class='ocr_line' id='line_1_99' title="bbox 2187 4822 3809 4891; baseline 0.002 -15"><span class='ocrx_word' id='word_1_876' title='bbox 2187 4839 2287 4876; x_wconf 89' lang='lat' dir='ltr'>nus</span> <span class='ocrx_word' id='word_1_877' title='bbox 2317 4823 2540 4889; x_wconf 88' lang='lat' dir='ltr'>inimici,</span> <span class='ocrx_word' id='word_1_878' title='bbox 2574 4822 2918 4891; x_wconf 75' lang='lat' dir='ltr'>Philisthiim</span> <span class='ocrx_word' id='word_1_879' title='bbox 2956 4822 3191 4878; x_wconf 86' lang='lat' dir='ltr'>scilicet.</span> <span class='ocrx_word' id='word_1_880' title='bbox 3212 4823 3677 4879; x_wconf 84' lang='lat' dir='ltr'>Pulchritudinem</span> <span class='ocrx_word' id='word_1_881' title='bbox 3716 4843 3809 4880; x_wconf 82' lang='lat' dir='ltr'>ar-</span> 
     </span>
    </p>
   </div>
   <div class='ocr_carea' id='block_1_100' title="bbox 2190 4909 3806 4982">
    <p class='ocr_par' dir='ltr' id='par_1_100' title="bbox 2190 4909 3806 4982">
     <span class='ocr_line' id='line_1_100' title="bbox 2190 4909 3806 4982; baseline 0.002 -17"><span class='ocrx_word' id='word_1_882' title='bbox 2190 4927 2319 4965; x_wconf 90' lang='lat' dir='ltr'>cam</span> <span class='ocrx_word' id='word_1_883' title='bbox 2348 4909 2504 4977; x_wconf 91' lang='lat' dir='ltr'>dicit,</span> <span class='ocrx_word' id='word_1_884' title='bbox 2532 4927 2709 4982; x_wconf 89' lang='lat' dir='ltr'>quam</span> <span class='ocrx_word' id='word_1_885' title='bbox 2738 4913 2797 4965; x_wconf 91' lang='lat' dir='ltr'>et</span> <span class='ocrx_word' id='word_1_886' title='bbox 2824 4913 3074 4966; x_wconf 85' lang='lat' dir='ltr'>virtutem</span> <span class='ocrx_word' id='word_1_887' title='bbox 3100 4913 3351 4967; x_wconf 87' lang='lat' dir='ltr'>vocavit:</span> <span class='ocrx_word' id='word_1_888' title='bbox 3381 4912 3482 4967; x_wconf 88' lang='lat' dir='ltr'>sed</span> <span class='ocrx_word' id='word_1_889' title='bbox 3524 4913 3682 4969; x_wconf 90' lang='lat' dir='ltr'>aliud</span> <span class='ocrx_word' id='word_1_890' title='bbox 3712 4914 3806 4969; x_wconf 87' lang='lat' dir='ltr'>de-</span> 
     </span>
    </p>
   </div>
   <div class='ocr_carea' id='block_1_101' title="bbox 2191 4984 3809 5074">
    <p class='ocr_par' dir='ltr' id='par_1_101' title="bbox 2191 4984 3809 5074">
     <span class='ocr_line' id='line_1_101' title="bbox 2191 4984 3809 5074; baseline 0.002 -21"><span class='ocrx_word' id='word_1_891' title='bbox 2191 5002 2375 5066; x_wconf 89' lang='lat' dir='ltr'>notat,</span> <span class='ocrx_word' id='word_1_892' title='bbox 2403 4998 2616 5054; x_wconf 83' lang='lat' dir='ltr'>scilicet</span> <span class='ocrx_word' id='word_1_893' title='bbox 2641 5015 2772 5053; x_wconf 91' lang='lat' dir='ltr'>eam</span> <span class='ocrx_word' id='word_1_894' title='bbox 2803 4998 2976 5054; x_wconf 86' lang='lat' dir='ltr'>fuisse</span> <span class='ocrx_word' id='word_1_895' title='bbox 2997 5016 3248 5068; x_wconf 88' lang='lat' dir='ltr'>causam,</span> <span class='ocrx_word' id='word_1_896' title='bbox 3297 4984 3360 5071; x_wconf 85' lang='lat'>3</span> <span class='ocrx_word' id='word_1_897' title='bbox 3382 4985 3399 5071; x_wconf 84' lang='lat' dir='ltr'><strong>I</strong></span> <span class='ocrx_word' id='word_1_898' title='bbox 3418 4985 3667 5074; x_wconf 77' lang='lat' dir='ltr'>4quare</span> <span class='ocrx_word' id='word_1_899' title='bbox 3687 5002 3809 5074; x_wconf 85' lang='lat' dir='ltr'>pul-</span> 
     </span>
    </p>
   </div>
   <div class='ocr_carea' id='block_1_102' title="bbox 2191 5086 3810 5155">
    <p class='ocr_par' dir='ltr' id='par_1_102' title="bbox 2191 5086 3810 5155">
     <span class='ocr_line' id='line_1_102' title="bbox 2191 5086 3810 5155; baseline 0.003 -15"><span class='ocrx_word' id='word_1_900' title='bbox 2191 5086 2312 5141; x_wconf 91' lang='lat' dir='ltr'>chri</span> <span class='ocrx_word' id='word_1_901' title='bbox 2349 5086 2589 5141; x_wconf 91' lang='lat' dir='ltr'>interius</span> <span class='ocrx_word' id='word_1_902' title='bbox 2613 5086 2673 5141; x_wconf 91' lang='lat' dir='ltr'>in</span> <span class='ocrx_word' id='word_1_903' title='bbox 2702 5086 3002 5143; x_wconf 87' lang='lat' dir='ltr'>virtutibus</span> <span class='ocrx_word' id='word_1_904' title='bbox 3025 5088 3169 5143; x_wconf 90' lang='lat' dir='ltr'>adeo</span> <span class='ocrx_word' id='word_1_905' title='bbox 3206 5088 3436 5155; x_wconf 89' lang='lat' dir='ltr'>ﬁerent,</span> <span class='ocrx_word' id='word_1_906' title='bbox 3466 5105 3601 5144; x_wconf 89' lang='lat' dir='ltr'>cum</span> <span class='ocrx_word' id='word_1_907' title='bbox 3631 5089 3685 5144; x_wconf 90' lang='lat' dir='ltr'>ei</span> <span class='ocrx_word' id='word_1_908' title='bbox 3701 5091 3810 5145; x_wconf 91' lang='lat' dir='ltr'>cul-</span> 
     </span>
    </p>
   </div>
   <div class='ocr_carea' id='block_1_103' title="bbox 2190 5174 3804 5248">
    <p class='ocr_par' dir='ltr' id='par_1_103' title="bbox 2190 5174 3804 5248">
     <span class='ocr_line' id='line_1_103' title="bbox 2190 5174 3804 5248; baseline 0.002 -19"><span class='ocrx_word' id='word_1_909' title='bbox 2190 5178 2316 5229; x_wconf 88' lang='lat' dir='ltr'>tum</span> <span class='ocrx_word' id='word_1_910' title='bbox 2346 5174 2419 5229; x_wconf 91' lang='lat' dir='ltr'>ad</span> <span class='ocrx_word' id='word_1_911' title='bbox 2447 5174 2733 5229; x_wconf 90' lang='lat' dir='ltr'>honorem</span> <span class='ocrx_word' id='word_1_912' title='bbox 2759 5176 3174 5245; x_wconf 86' lang='lat' dir='ltr'>persolverent.</span> <span class='ocrx_word' id='word_1_913' title='bbox 3199 5176 3280 5230; x_wconf 90' lang='lat' dir='ltr'>Ne</span> <span class='ocrx_word' id='word_1_914' title='bbox 3297 5176 3473 5248; x_wconf 88' lang='lat' dir='ltr'>igitur</span> <span class='ocrx_word' id='word_1_915' title='bbox 3498 5176 3621 5247; x_wconf 87' lang='lat' dir='ltr'>ejus</span> <span class='ocrx_word' id='word_1_916' title='bbox 3638 5193 3804 5233; x_wconf 90' lang='lat' dir='ltr'>causa</span> 
     </span>
    </p>
   </div>
   <div class='ocr_carea' id='block_1_104' title="bbox 2191 5261 3805 5335">
    <p class='ocr_par' dir='ltr' id='par_1_104' title="bbox 2191 5261 3805 5335">
     <span class='ocr_line' id='line_1_104' title="bbox 2191 5261 3805 5335; baseline 0.002 -19"><span class='ocrx_word' id='word_1_917' title='bbox 2191 5261 2414 5333; x_wconf 91' lang='lat' dir='ltr'>pulchri</span> <span class='ocrx_word' id='word_1_918' title='bbox 2450 5262 2690 5317; x_wconf 87' lang='lat' dir='ltr'>ulterius</span> <span class='ocrx_word' id='word_1_919' title='bbox 2737 5265 2927 5323; x_wconf 88' lang='lat' dir='ltr'>essent</span> <span class='ocrx_word' id='word_1_920' title='bbox 2963 5280 3091 5319; x_wconf 89' lang='lat' dir='ltr'>eam</span> <span class='ocrx_word' id='word_1_921' title='bbox 3127 5280 3231 5335; x_wconf 91' lang='lat' dir='ltr'>per</span> <span class='ocrx_word' id='word_1_922' title='bbox 3273 5264 3700 5322; x_wconf 74' lang='lat' dir='ltr'>Philistzeorum</span> <span class='ocrx_word' id='word_1_923' title='bbox 3724 5265 3805 5320; x_wconf 91' lang='lat' dir='ltr'>in-</span> 
     </span>
    </p>
   </div>
   <div class='ocr_carea' id='block_1_105' title="bbox 2193 5351 3808 5426">
    <p class='ocr_par' dir='ltr' id='par_1_105' title="bbox 2193 5351 3808 5426">
     <span class='ocr_line' id='line_1_105' title="bbox 2193 5351 3808 5426; baseline 0.001 -21"><span class='ocrx_word' id='word_1_924' title='bbox 2193 5351 2466 5406; x_wconf 87' lang='lat' dir='ltr'>stantiam</span> <span class='ocrx_word' id='word_1_925' title='bbox 2498 5351 2843 5407; x_wconf 91' lang='lat' dir='ltr'>eisabstulit.</span> <span class='ocrx_word' id='word_1_926' title='bbox 2874 5353 2943 5406; x_wconf 88' lang='lat' dir='ltr'>Et</span> <span class='ocrx_word' id='word_1_927' title='bbox 2971 5353 3167 5408; x_wconf 89' lang='lat' dir='ltr'>ablata</span> <span class='ocrx_word' id='word_1_928' title='bbox 3195 5369 3350 5419; x_wconf 87' lang='lat' dir='ltr'>arca,</span> <span class='ocrx_word' id='word_1_929' title='bbox 3371 5353 3628 5408; x_wconf 78' lang='lat' dir='ltr'>conclusit</span> <span class='ocrx_word' id='word_1_930' title='bbox 3644 5370 3808 5426; x_wconf 63' lang='grc' dir='ltr'><strong><em>μορυς</em></strong></span> 
     </span>
    </p>
   </div>
   <div class='ocr_carea' id='block_1_106' title="bbox 2195 5439 3809 5514">
    <p class='ocr_par' dir='ltr' id='par_1_106' title="bbox 2195 5439 3809 5514">
     <span class='ocr_line' id='line_1_106' title="bbox 2195 5439 3809 5514; baseline 0.003 -21"><span class='ocrx_word' id='word_1_931' title='bbox 2195 5440 2306 5494; x_wconf 86' lang='lat' dir='ltr'>lum</span> <span class='ocrx_word' id='word_1_932' title='bbox 2326 5440 2624 5496; x_wconf 73' lang='lat' dir='ltr'>Iudaicum</span> <span class='ocrx_word' id='word_1_933' title='bbox 2658 5439 2815 5512; x_wconf 88' lang='lat' dir='ltr'>prius</span> <span class='ocrx_word' id='word_1_934' title='bbox 2833 5456 2989 5495; x_wconf 87' lang='lat' dir='ltr'>suum</span> <span class='ocrx_word' id='word_1_935' title='bbox 3015 5441 3079 5495; x_wconf 78' lang='lat' dir='ltr'>in</span> <span class='ocrx_word' id='word_1_936' title='bbox 3100 5439 3303 5511; x_wconf 84' lang='lat' dir='ltr'>gladio,</span> <span class='ocrx_word' id='word_1_937' title='bbox 3333 5439 3393 5494; x_wconf 92' lang='lat' dir='ltr'>id</span> <span class='ocrx_word' id='word_1_938' title='bbox 3423 5443 3512 5496; x_wconf 88' lang='lat' dir='ltr'>est</span> <span class='ocrx_word' id='word_1_939' title='bbox 3550 5443 3809 5514; x_wconf 86' lang='lat' dir='ltr'>permisit</span> 
     </span>
    </p>
   </div>
   <div class='ocr_carea' id='block_1_107' title="bbox 2194 5524 3807 5602">
    <p class='ocr_par' dir='ltr' id='par_1_107' title="bbox 2194 5524 3807 5602">
     <span class='ocr_line' id='line_1_107' title="bbox 2194 5524 3807 5602; baseline 0.002 -19"><span class='ocrx_word' id='word_1_940' title='bbox 2194 5527 2350 5584; x_wconf 89' lang='lat' dir='ltr'>ﬁniri</span> <span class='ocrx_word' id='word_1_941' title='bbox 2376 5524 2565 5586; x_wconf 86' lang='lat' dir='ltr'>morte</span> <span class='ocrx_word' id='word_1_942' title='bbox 2602 5528 2663 5585; x_wconf 87' lang='lat' dir='ltr'>in</span> <span class='ocrx_word' id='word_1_943' title='bbox 2711 5527 3077 5601; x_wconf 89' lang='lat' dir='ltr'>percussione</span> <span class='ocrx_word' id='word_1_944' title='bbox 3126 5527 3304 5602; x_wconf 88' lang='lat' dir='ltr'>gladii</span> <span class='ocrx_word' id='word_1_945' title='bbox 3346 5528 3807 5593; x_wconf 66' lang='lat' dir='ltr'>Philisthazorum</span> 
     </span>
    </p>
   </div>
  </div>
