4004 6052
372 328 508 390 1053

1315 330 1667 393 EXPOSI’I‘IO
1706 336 1775 392 IN
1812 327 2146 393 PSAIMOS.
2186 368 2256 378 —-—
2292 337 2486 394 PSAL.
2531 336 2746 395 LXXVII

3541 344 3677 399 1054

368 448 898 523 (IReg.1v,l0).Dico
915 452 1973 523 populum,etutvehementiusdicam,
2005 471 2059 528 Α
2081 455 2297 524 saecula,
2331 457 2389 512 id
2416 462 2501 513 est
2531 458 2588 512 in
2620 461 2924 526 mternum,
2970 456 3029 514 in
3054 458 3406 514 Hierusalem
3438 460 3675 520 scilicet.

366 538 907 606 hereditatemsuam,
928 539 987 593 id
1017 542 1103 594 est
1133 540 1259 595 illos
1291 558 1434 613 quos
1457 543 1613 614 prius
1651 545 1978 598 excoluerat

369 629 433 679 ut
462 625 861 681 haereditatem
889 629 1110 697 sprevit,
1145 631 1204 682 et
1236 630 1417 684 occidi
1448 631 1731 700 permisit.
1780 633 1841 685 In
1867 632 1976 685 hoc

368 717 563 768 autem
596 713 824 785 gravius
847 730 944 769 eos
969 719 1157 787 notat,
1190 733 1321 771 cum
1361 718 1517 789 prius
1542 717 1695 773 dicat
1719 718 1976 772 charissi-

367 818 495 857 mos
518 801 712 865 fuisse,
741 804 943 873 postea
968 820 1101 858 vero
1132 806 1285 859 malo
1310 806 1515 860 merito
1529 823 1630 861 suo
1654 806 1973 861 villissimos

367 890 638 945 exsitisse.
670 891 737 944 Et
758 891 1011 946 ostendit
1036 909 1069 947 a
1099 893 1354 964 partibus
1378 894 1671 965 quomodo
1693 896 1970 967 populum

366 979 545 1033 occidi
577 978 858 1051 permisit,
891 996 1021 1034 cum
1051 980 1213 1036 addit
1242 998 1255 1035 :
1290 981 1431 1036 Vere
1465 984 1679 1052 sprevit.
1713 984 1853 1036 Nam
1872 983 1969 1052 ju-

364 1083 517 1122 venes
542 1084 723 1121 eorum
749 1067 1000 1122 ﬁliorum
1052 1070 1247 1136 Israel,
1283 1069 1379 1140 qui
1409 1070 1675 1125 fortiores
1701 1075 1867 1125 erant
1898 1070 1971 1124 ad

367 1154 919 1228 prmliandumignis,
978 1157 1219 1223 comedit,
1253 1158 1311 1212 id
1338 1161 1423 1212 est
1457 1158 1681 1212 comedi
1709 1159 1971 1229 permisit

366 1243 427 1298 id
457 1248 543 1298 est
572 1245 764 1299 fervor
793 1246 893 1300 irae
925 1247 1048 1301 Dei.
1099 1245 1263 1309 Quod
1294 1248 1378 1300 est
1404 1246 1631 1301 dicere:
1683 1246 1969 1311 Quoniam

369 1331 450 1387 eis
467 1336 590 1387 erat
615 1332 788 1388 nimis
810 1333 1009 1401 iratus,
1042 1351 1223 1388 eorum
1245 1334 1466 1405 juvenes
1486 1336 1558 1389 ab
1578 1334 1822 1389 inimicis
1838 1351 1968 1406 per-

368 1420 525 1475 misit
556 1421 756 1476 occidi.
785 1421 863 1475 Et
891 1424 1125 1491 virgines
1150 1440 1331 1477 eorum
1350 1424 1562 1494 partim
1584 1423 1806 1493 occism,
1838 1439 1969 1494 par-

366 1508 476 1563 tim
502 1525 636 1564 vero
667 1513 929 1581 stuprum
969 1527 1171 1582 passae,
1205 1528 1309 1564 non
1340 1518 1463 1564 sunt
1516 1511 1583 1564 ab
1623 1510 1746 1564 aliis
1777 1511 1975 1565 lamen-

369 1601 495 1651 tata:
517 1614 531 1651 :
556 1614 622 1652 ac
644 1597 688 1651 si
720 1597 907 1652 dicat:
941 1599 1121 1653 Tanta
1148 1615 1286 1671 ergo
1320 1600 1429 1654 fuit
1457 1599 1973 1672 persecutio,quod
2022 1670 2029 1676 ‘

368 1701 486 1740 non
519 1685 626 1739 fuit
654 1685 835 1739 otium
861 1686 1037 1741 flendi
1064 1687 1351 1758 virginum
1374 1691 1624 1742 mortem
1643 1691 1700 1742 et
1719 1692 1969 1759 raptum.

2078 543 2193 598 Hoc
2225 548 2417 600 autem
2451 547 2520 600 de
2547 546 2893 617 signiﬁcanti
2924 545 3279 602 Hierusalem
3308 547 3418 602 dici
3447 564 3563 603 non
3580 565 3680 622 po-

2072 635 2202 697 test,
2238 637 2297 686 ut
2313 633 2384 688 sit
2401 634 2635 703 fundata
2667 637 2722 687 in
2748 634 3102 696 saecula,cum
3130 638 3327 706 postea
3372 635 3547 690 fuerit
3575 637 3675 691 de-

2073 722 2316 787 structa;
2346 721 2445 775 sed
2471 721 2543 775 de
2563 721 2809 775 Ecclesia
2838 721 3159 793 signiﬁcata
3186 739 3289 794 per
3317 722 3676 778 Hierusalum

2074 807 2287 862 dictum
2316 814 2420 877 est,
2447 810 2554 865 etsi
2585 815 2792 866 caetera
2804 813 2978 867 verba
3002 812 3305 867 videantur
3317 814 3483 884 juxta
3499 814 3676 868 histo-

2068 896 2214 951 riam
2249 915 2369 953 esse
2400 900 2769 970 positaﬁCum
2803 904 2997 955 autem
3028 902 3192 972 ponit
3212 902 3320 956 hoc
3339 902 3494 972 quod
3511 901 3678 955 adhi-

2070 985 2309 1040 storiam
2333 987 2443 1058 legi
2464 1005 2581 1042 non
2617 991 2825 1058 potest,
2848 989 3040 1043 innuit
3051 990 3344 1061 psalmum
3365 989 3541 1043 istum
3556 1005 3673 1043 non

2072 1071 2143 1124 ad
2174 1072 2475 1127 historiam
2498 1076 2809 1144 legendum
2824 1092 2944 1130 esse
2968 1076 3329 1148 simpliciter.
3356 1077 3493 1131 Dico
3519 1077 3677 1147 quod

2069 1161 2421 1215 sancti/icium
2444 1163 2725 1217 aediﬁcavit
2745 1181 2756 1217 :
2783 1164 3158 1220 Sancti/icium
3176 1164 3304 1218 dico
3318 1167 3454 1218 sicut
3468 1166 3680 1219 unicor-

2069 1247 2304 1317 nium,id
2317 1249 2395 1303 esi
2410 1253 2605 1321 utpote
2619 1254 2975 1306 unicorhium.
2999 1252 3163 1316 Quod
3181 1256 3265 1306 est
3285 1252 3475 1306 dicere
3504 1269 3516 1305 :
3538 1252 3672 1305 Tale

2072 1334 2535 1403 sanctiﬁcium,in
2558 1354 2671 1409 quo
2685 1338 2790 1393 sibi
2812 1340 3119 1394 unicornes
3136 1338 3676 1397 sacriﬁcabantzﬁde

2072 1422 2154 1475 les
2187 1423 2399 1478 scilicet
2422 1424 2601 1478 Judmi
2633 1426 2729 1496 qui
2758 1427 3069 1481 unicornes
3092 1426 3230 1481 dicti
3255 1429 3407 1493 sunt,
3426 1443 3493 1481 eo
3521 1425 3676 1497 quod

2073 1512 3109 1580 unum'cornubabehant,idestﬁdem
3131 1514 3407 1569 uniusDei
3422 1514 3678 1578 ﬁrmam,

2073 1598 2201 1653 etin
2222 1601 2399 1653 altum
2421 1601 2856 1669 tendentem,ad
2882 1603 3124 1658 modum
3142 1620 3322 1658 cornu
3336 1618 3462 1674 quas
3476 1618 3565 1655 res
3587 1602 3680 1655 ﬁr-

2073 1704 2173 1762 ma
2193 1691 2297 1762 e_st,
2322 1692 2379 1741 et
2396 1689 2454 1744 in
2475 1690 2656 1743 altum
2675 1707 3022 1745 excrescens.
3047 1692 3180 1746 Dico
3204 1691 3481 1762 quoniam
3504 1689 3679 1760 elegit

365 1774 673 1830 Sacerdotes
697 1790 876 1827 eorum
906 1775 1226 1843 ceciderunt,
1264 1775 1321 1829 id
1375 1780 1459 1830 est
1488 1776 1702 1831 mortui
1729 1758 1883 1842 sunt,
1920 1779 1973 1830 in
1996 1781 2045 1840 B
2073 1759 2135 1844 3
2158 1758 2257 1846 I5
2290 1776 2485 1830 tribum
2508 1777 2677 1843 Juda,
2716 1782 2778 1832 ut
2813 1779 2948 1833 inde
2982 1796 3181 1851 regem
3214 1758 3519 1849 acciperet,
3537 1784 3587 1830 et
3611 1758 3678 1831 ex

366 1863 564 1934 gladio,
588 1861 646 1917 id
676 1866 762 1916 est
786 1861 843 1915 in
869 1863 1267 1934 persecutione
1287 1864 1492 1935 gladii,
1519 1868 1577 1921 et
1608 1881 1723 1920 non
1751 1867 1973 1920 suntla-

368 1951 633 2020 mentati,
668 1951 856 2022 Ophni
886 1951 1218 2006 videlicetet
1248 1953 1490 2007 Phinees
1512 1953 1612 2007 ﬁlii
1644 1954 1764 2008 Heli
1784 1970 1970 2008 sacer-

369 2040 519 2095 dotis
542 2038 596 2110 (Ι
616 2038 749 2109 Reg.
775 2056 846 2107 1v,
873 2041 981 2109 11),
1009 2056 1077 2095 eo
1099 2041 1252 2113 quod
1275 2057 1378 2112 per
1404 2041 1714 2113 ingluviem
1729 2043 1972 2097 meliora

370 2128 631 2183 sacriﬁcii
662 2128 843 2183 frusta
873 2128 1309 2201 subripuissent.
1332 2130 1408 2185 Et
1435 2131 1806 2186 vidua'eorum
1827 2128 1969 2202 'par-

367 2216 474 2271 tim
527 2217 746 2285 occisa,
804 2217 1015 2287 partim
1041 2217 1530 2294 incestum'passa:
1555 2237 1660 2275 non
1675 2220 1967 2291 ploraban-

370 2313 476 2361 tur.

436 2394 505 2448 Et
533 2396 662 2466 post
692 2395 914 2449 tantam
940 2395 1401 2466 persecutionem
1436 2396 1673 2451 tandem
1704 2397 1965 2452 excitatus

370 2488 465 2553 est,
488 2481 547 2537 id
572 2485 657 2536 est
673 2484 927 2537 excitatus
939 2482 1088 2537 visus
1100 2486 1184 2537 est
1195 2483 1477 2551 Dominus,
1501 2484 1829 2539 miserendo
1862 2485 1963 2548 eis,

367 2568 526 2640 prius
556 2570 821 2637 existens,
856 2577 1112 2642 tanquam
1138 2571 1418 2639 dormiens,
1433 2573 1493 2627 id
1514 2572 1808 2627 estsimilis
1832 2573 1965 2628 dor-

367 2657 595 2723 mienti,
626 2657 764 2712 dum
799 2675 897 2713 eos
923 2658 1104 2729 afﬂigi
1136 2660 1516 2731 permitteret.
1540 2663 1617 2717 Et
1639 2678 1756 2716 non
1769 2661 1968 2716 similis

366 2745 576 2799 leniter
605 2746 939 2817 dormienti,
967 2747 1067 2801 sed
1098 2753 1356 2819 tanquam
1374 2756 1562 2819 potens
1595 2749 1898 2820 crapulatus
1935 2768 1967 2804 a

367 2836 512 2900 vino,
538 2834 595 2889 id
623 2838 709 2888 est
736 2834 937 2889 similis
966 2835 1202 2890 cuilibet
1230 2838 1477 2908 potenti,
1515 2837 1611 2909 qui
1643 2857 1675 2891 a
1702 2841 1823 2892 vino
1851 2856 1968 2892 cra-

358 2922 600 2992 pulatus,
661 2925 718 2976 et
761 2922 941 2977 nimio
973 2940 1178 2979 somno
1206 2941 1529 2996 Oppressus,
1564 2942 1679 2980 non
1711 2926 1975 2998 providet

369 3008 593 3076 domui,
624 3009 727 3064 etsi
750 3010 852 3065 ﬁat
868 3012 927 3064 in
945 3028 1014 3066 ea
1037 3014 1421 3069 tumultuosus
1443 3014 1690 3069 hostium
1707 3015 1968 3069 assultus.

371 3097 440 3150 Et
468 3096 741 3152 excitatus
747 3102 1009 3170 percussit
1038 3101 1284 3154 inimicos
1302 3118 1422 3155 suos
1450 3101 1829 3170 Philisthaaos,
1876 3102 1971 3174 qui

368 3201 487 3240 non
518 3186 590 3240 ad
621 3187 744 3257 ejus
772 3188 1219 3258 vindictam,sed
1245 3189 1433 3261 potius
1461 3191 1535 3245 ad
1559 3192 1974 3247 contumeliam

369 3271 519 3328 ﬁlios
546 3275 717 3329 Israel
751 3277 1036 3346 persecuti
1070 3277 1322 3345 fuerant,
1369 3280 1425 3331 in
1460 3282 1773 3352 posteriora,
1803 3279 1861 3335 id
1892 3284 1978 3335 est

370 3360 427 3416 in
462 3362 756 3433 podicibus
776 3381 873 3420 eos
888 3365 1093 3421 morbo
1120 3366 1455 3437 gravissimo
1475 3369 1769 3438 percussit,
1793 3373 1863 3425 ut
1877 3386 1978 3441 pu-

368 3451 618 3504 trescere
636 3450 854 3506 faceret
884 3454 949 3507 Et
969 3470 1073 3525 per
1092 3454 1240 3508 hanc
1262 3455 1880 3527 percussionem,dedit
1896 3457 1976 3514 eis

371 3538 789 3609 sempiternum
819 3541 1215 3612 opprobrium.
1240 3542 1372 3597 Haec
1396 3544 1553 3598 enim
1582 3546 1867 3615 percussio
1895 3545 1976 3599 eis

374 3640 408 3679 a
429 3624 638 3680 Iudaeis
663 3626 1007 3699 frequenter
1036 3630 1108 3683 ad
1125 3629 1447 3685 maximum
1475 3631 1977 3703 opprobriumim-

340 3718 345 3723 “
374 3717 689 3784 properata
709 3717 889 3770 est.Et
903 3720 1211 3789 postquam
1235 3718 1445 3790 adepta
1458 3719 1977 3789 misericordia,ﬁlii

376 3801 546 3855 Israel
574 3818 774 3873 regem
797 3804 906 3858 sibi
938 3803 1062 3858 dari
1090 3822 1123 3859 a
1145 3806 1259 3861 Deo
1273 3811 1677 3878 poposcerunt,
1697 3826 1761 3863 ex
1785 3808 1978 3881 aliqua

380 3889 687 3944 duodecim
717 3892 993 3959 tribuum,
1058 3893 1257 3963 repulit
1285 3896 1549 3949 Dominus
1572 3896 1978 3951 tabernaculum

378 3976 591 4049 Joseph,
640 3978 697 4033 id
745 3983 832 4034 est
874 3980 1190 4036 maximam
1216 3983 1649 4039 multitudinem
1675 3985 1859 4040 tribus
1883 3987 1976 4041 Jo-

383 4066 540 4137 seph.
576 4083 703 4137 quin
730 4068 923 4139 potior
951 4068 1275 4138 videbatur,
1306 4072 1675 4143 contempsit,
1709 4089 1781 4127 ne
1816 4074 1886 4128 de
1913 4089 1982 4129 ea

381 4169 583 4224 regem
614 4154 871 4225 eligeret.
903 4156 1357 4213 Tabernaculum
1370 4176 1473 4231 pro
1506 4160 1872 4216 multitudine
1887 4179 1986 4234 po-

384 4241 563 4304 nit,eo
586 4243 829 4315 quodibi
845 4245 1123 4300 exercitus
1147 4248 1455 4303 multitudo
1476 4250 1658 4305 soleat
1678 4250 1971 4305 demorari

2072 1862 2195 1933 ipsa
2224 1863 2374 1917 tribu
2396 1864 2741 1933 elegitDavid
2767 1883 2973 1921 servum
3002 1867 3241 1934 suum,id
3268 1870 3352 1921 est
3373 1866 3549 1921 David
3575 1880 3680 1935 per

2072 1950 2271 2004 omnia
2300 1951 2406 2006 sibi
2434 1952 2805 2007 obedientem
2830 1957 2893 2007 ut
2922 1953 3563 2025 servum.Etsustulit,id
3595 1954 3681 2005 est

2070 2038 2525 2093 sublimaviteum
2542 2040 2605 2093 de
2620 2042 2867 2110 gregibus
2886 2044 3063 2095 ovium
3081 2045 3402 2113 acceptum.
3434 2042 3512 2095 Ne
3540 2055 3674 2093 vero

2068 2124 2361 2181 videretur
2390 2128 2460 2182 de
2490 2128 2631 2182 illud
2658 2130 2945 2184 causative
2960 2146 3079 2184 esse
3106 2130 3459 2200 positum°ut
3475 2127 3683 2198 saepius

2068 2213 2334 2281 habetur,
2362 2214 2630 2270 addendo
2664 2216 3031 2271 determinat
3060 2217 3176 2272 sic:
3211 2217 3434 2272 Scilicet
3464 2213 3683 2286 accepit

2068 2317 2203 2356 eum
2231 2301 2296 2356 de
2319 2302 2428 2358 hoc
2446 2304 2600 2375 quod
2623 2309 2747 2359 erat
2764 2311 2887 2376 post
2905 2305 3056 2374 fetan
3074 2312 3167 2371 tes,
3200 2304 3259 2358 id
3277 2307 3362 2358 est
3382 2305 3514 2374 post
3540 2317 3677 2356 oves

2066 2390 2245 2461 patris
2282 2391 2365 2445 sui
2385 2392 2537 2447 Jesse
2573 2408 2811 2463 pascens
2834 2392 3004 2463 eas(I
3025 2392 3157 2461 Reg.
3179 2410 3232 2459 x,
3270 2392 3385 2463 l9):
3411 2406 3656 2462 pascere,

2066 2478 2124 2533 id
2155 2482 2240 2534 est
2269 2480 2341 2534 ad
2376 2481 2725 2551 pascendum
2753 2480 2922 2535 Jacob
2943 2497 3154 2535 servum
3182 2497 3357 2534 suum.
3381 2477 3546 2543 Quod
3573 2479 3660 2531 est

2068 2567 2255 2623 dicere
2281 2585 2293 2622 :
2326 2568 2414 2623 Ad
2444 2569 2551 2623 hoc
2578 2587 2710 2625 eum
2742 2571 2812 2625 de
2842 2574 3071 2642 pastore
3094 2570 3266 2640 elegit,
3282 2571 3345 2623 ut
3372 2584 3472 2622 rex
3490 2567 3672 2621 factus

2065 2661 2327 2729 pasceret
2342 2657 2508 2711 Jacob
2524 2675 2733 2713 servum
2761 2676 2939 2722 suum,
2966 2659 3025 2713 id
3044 2662 3129 2713 est
3145 2660 3300 2712 recte
3317 2657 3673 2729 gubernaret

2068 2745 2319 2813 pastorio
2332 2744 2464 2815 jure
2493 2744 2789 2800 Iudaicum
2814 2746 3094 2817 populum
3119 2743 3350 2799 Domini
3374 2741 3679 2796 servum.Et
3790 2796 3801 2809 ,

2070 2834 2207 2904 quia
2238 2833 2458 2888 dixerat
2486 2850 2710 2901 servum,
2745 2851 2817 2888 ne
2845 2834 3105 2889 videatur
3139 2849 3273 2888 eum
3304 2830 3669 2904 depressisse,

2071 2921 2251 2989 addit,
2284 2926 2333 2976 et
2367 2920 2549 2992 Israel,
2582 2922 2842 2994 inquam,
2867 2922 2926 2977 id
2955 2926 3039 2976 est
3065 2921 3365 2976 Iudaicum
3398 2920 3677 2992 populum

2072 3008 2429 3064 hereditatem
2448 3028 2601 3064 suam
2631 3010 3068 3078 existentem,id
3087 3013 3172 3064 est
3196 3025 3368 3081 quem
3402 3007 3681 3064 Dominus

2072 3102 2342 3169 procurat
2357 3102 2554 3169 utpote
2567 3116 2729 3153 suam
2749 3098 3313 3153 hzereditatemDico
3329 3095 3683 3169 quodDomi-

2076 3202 2182 3239 nus
2210 3186 2282 3240 ad
2307 3187 2416 3241 hoc
2444 3203 2575 3241 cum
2591 3188 2746 3256 elegit
2768 3190 2830 3241 ut
2851 3190 3133 3258 pasceret,
3150 3190 3208 3241 et
3226 3186 3346 3257 ipse
3364 3187 3510 3240 bene
3519 3185 3677 3255 pavit

2075 3290 2157 3327 eos
2183 3276 2238 3327 in
2259 3276 2578 3342 innocentia,
2601 3274 2660 3329 id
2690 3277 2775 3329 est
2809 3274 2867 3329 in
2900 3275 3165 3346 exemplo
3192 3272 3537 3329 innocentia:
3557 3289 3673 3326 cor-

2073 3361 2158 3416 dis
2186 3364 2296 3430 sui,
2321 3363 2514 3418 dando
2547 3362 2756 3417 scilicet
2770 3363 2851 3417 eis
2880 3362 2937 3417 in
2969 3379 3026 3418 se
3053 3361 3674 3433 exempluminnocen-

2073 3450 2273 3505 titeEt
2312 3452 2528 3506 deduxit
2546 3468 2628 3505 eos
2649 3452 2718 3505 de
2738 3452 2894 3506 bono
2928 3451 2985 3505 in
3008 3452 3236 3517 melius,
3262 3453 3318 3504 in
3334 3449 3676 3504 intellectibus

2074 3555 2334 3592 manuum
2361 3555 2598 3605 suarum,
2635 3539 2695 3593 id
2734 3543 2819 3593 est
2837 3540 2894 3593 in
2924 3539 3249 3593 rationibus
3274 3554 3513 3610 operum
3541 3553 3673 3592 suo-

2074 3643 2225 3681 rum.
2260 3626 2426 3690 Quod
2456 3630 2541 3681 est
2565 3626 2793 3681 dicere:
2848 3627 3018 3681 Dedit
3042 3627 3123 3681 eis
3154 3629 3485 3697 exemplum
3524 3627 3671 3680 bene

2077 3714 2354 3787 operandi
2377 3731 2482 3786 per
2502 3730 2680 3785 opera
2708 3731 2807 3769 sua
2840 3731 2966 3785 quae
2997 3732 3115 3769 non
3145 3718 3366 3769 temere
3406 3716 3674 3785 Operatus

2077 3805 2181 3871 est,
2209 3803 2308 3857 sed
2338 3819 2441 3874 per
2470 3803 2839 3857 rationabiles
2864 3803 3205 3857 intellectus.

2148 3892 2367 3947 Horum
2399 3890 2575 3962 igitur
2622 3891 2688 3944 14
2739 3906 3006 3944 versuum
3033 3890 3358 3945 litteratura
3392 3888 3669 3960 exposita,

2079 3979 2415 4052 allegoriam
2450 3978 2795 4033 eorumdem
2821 3978 3195 4050 attingamus.
3213 3978 3334 4033 Dixi
3362 3977 3516 4049 quod
3529 3979 3684 4031 Deus

2081 4069 2276 4123 aufert
2294 4068 2493 4122 ﬁdeles
2522 4083 2651 4121 suos
2682 4067 2778 4138 qui
2801 4069 2933 4120 sunt
2962 4067 3205 4139 populus
3234 4082 3414 4120 suusa
3443 4065 3683 4120 damna-

2081 4157 2335 4213 tionibus
2364 4171 2506 4227 quas
2535 4153 2641 4226 ipsi
2672 4154 2989 4226 patiuntur,
3015 4154 3111 4227 qui
3133 4154 3191 4208 in
3224 4154 3466 4225 :Egypto
3479 4168 3672 4207 rema-

2085 4248 2227 4301 nent
2247 4261 2260 4298 :
2288 4248 2347 4298 et
2366 4242 2643 4316 quoniam
2663 4242 2882 4297 inducit
2902 4259 2998 4297 eos
3018 4242 3077 4296 in
3091 4245 3355 4297 montem
3368 4241 3685 4296 sanctiﬁca-

384 4318 645 4385 Oétendit
672 4348 809 4403 ergo
841 4348 876 4387 a
914 4332 1167 4404 digniori
1190 4337 1376 4407 parte,
1410 4336 1591 4391 Deum
1622 4338 1839 4392 tribum
1881 4339 1976 4395 Jo-
2005 4326 2059 4386 D
2084 4333 2276 4400 tionis,
2300 4334 2578 4386 etczetera
2598 4329 2969 4385 beneﬁciaeis
2994 4329 3312 4385 confert.Et
3335 4328 3441 4400 ipsi
3458 4332 3679 4396 tamen,

381 4418 520 4490 seph
551 4418 982 4492 contempsisse.
1024 4422 1165 4477 Vere
1192 4422 1408 4478 tribum
1428 4424 1626 4496 Joseph
1651 4427 1876 4497 repulit,
1910 4446 1985 4484 ne

383 4505 455 4561 de
480 4523 549 4562 ea
570 4525 770 4580 regem
809 4510 1065 4582 eligeret.
1095 4511 1240 4565 Nam
1269 4517 1339 4578 et,
1369 4510 1428 4567 id
1458 4516 1543 4567 est
1571 4512 1747 4568 etiam
1779 4517 1980 4571 tribum

380 4591 647 4667 Ephraim
675 4597 776 4651 ﬁlii
802 4599 1009 4671 Ioseph
1036 4617 1141 4654 non
1161 4601 1325 4669 eligit,
1360 4602 1422 4654 ut
1452 4600 1524 4655 de
1554 4617 1623 4656 ea
1654 4619 1853 4673 regem
1887 4621 1980 4659 ac-

382 4681 619 4753 ciperet,
669 4702 797 4757 quae
826 4684 1057 4756 dignior
1096 4703 1227 4759 pars
1256 4689 1381 4741 erat
1407 4688 1590 4743 tribus
1614 4689 1823 4763 Ioseph
1848 4709 1863 4760 ;
1894 4693 1983 4747 sed

382 4771 534 4840 elegit
558 4773 753 4829 tribum
780 4774 949 4843 Juda,
974 4777 1037 4829 ut
1053 4775 1123 4829 de
1145 4792 1213 4829 ea
1242 4792 1438 4847 regem
1462 4776 1840 4849 acciperet.Et
1863 4796 1980 4835 non

383 4859 558 4931 elegit
593 4860 847 4933 aliquem
907 4864 1097 4918 locum
1139 4863 1197 4917 in
1227 4880 1341 4936 quo
1371 4865 1659 4920 habitaret
1691 4867 1761 4921 de
1792 4868 1983 4939 aliqua

384 4947 627 5003 aliarum
659 4949 943 5019 tribuum,
998 4954 1063 5006 ut
1087 4952 1243 5007 locus
1272 4951 1365 5006 ille
1398 4956 1543 5007 esset
1571 4957 1741 5026 caput
1777 4956 1977 5027 regni;

384 5036 479 5090 sed
512 5044 742 5092 montem
795 5038 929 5094 Sion
970 5040 1145 5111 elegit
1172 5057 1326 5112 quem
1349 5041 1537 5096 dilexit
1571 5058 1583 5096 :
1627 5042 1980 5099 Hierusalem

381 5123 597 5179 scilicet
623 5126 798 5198 elegit
815 5130 879 5181 ut
906 5131 1053 5182 esset
1072 5131 1243 5199 caput
1272 5129 1469 5201 regni;
1496 5147 1624 5201 quas
1647 5130 1980 5203 designatur

382 5229 417 5267 a
447 5216 611 5285 parte
641 5214 854 5270 scilicet
883 5232 987 5286 per
1016 5223 1246 5271 montem
1277 5217 1336 5271 in
1369 5235 1482 5289 quo
1514 5218 1622 5273 sita
1653 5224 1779 5275 erat
1807 5221 1980 5276 turris

382 5299 540 5356 Sion.
564 5300 645 5356 Et
684 5306 814 5375 post
858 5303 1167 5371 aediﬁcavit,
1200 5303 1260 5358 id
1289 5308 1375 5358 est
1402 5305 1673 5361 aediﬁcari
1701 5306 1836 5361 fecit
1860 5325 1981 5361 san-

380 5389 633 5456 cti/icium
660 5407 836 5460 suum,
870 5390 929 5444 id
960 5393 1045 5446 est
1073 5392 1514 5446 tabernaculum
1533 5396 1981 5467 sanctum,quod

378 5475 487 5531 fuit
513 5481 646 5533 ante
660 5480 944 5550 templum
960 5496 994 5535 a
1014 5479 1194 5534 David
1213 5496 1352 5551 rege
1362 5479 1579 5535 factum
1597 5483 1653 5535 in
1665 5477 1803 5536 terra
1818 5500 1982 5555 quam

375 5563 654 5643 fundavit,
686 5565 746 5623 id
776 5569 863 5623 est
891 5583 1065 5642 quam
1091 5567 1326 5624 ﬁrmam
1351 5571 1411 5623 et
1448 5567 1716 5626 stabilem
1754 5570 1892 5627 fecit
1914 5572 1977 5631 in

2085 4438 2214 4477 cum
2239 4438 2273 4475 a
2286 4420 2387 4475 Dei
2405 4418 2726 4474 tentatione
2742 4422 2800 4473 et
2810 4417 3247 4473 exacerbatione
3262 4415 3523 4472 contuitu
3534 4414 3686 4470 tanti

2082 4508 2347 4565 beneﬁcii
2376 4525 2597 4563 cessare
2622 4507 2900 4562 deberent
2912 4505 3495 4575 ulterius,secundum
3515 4520 3686 4577 quos-

2083 4598 2219 4652 dam
2240 4598 2471 4652 tentant
2486 4595 2670 4649 adhuc
2691 4595 2872 4649 Deum
2902 4610 3008 4665 per
3034 4595 3218 4649 varias
3228 4595 3474 4650 haereses
3497 4596 3684 4649 :etex-

2083 4686 2358 4742 acerbant
2381 4686 2562 4740 Deum
2575 4684 2859 4738 excelsum
2890 4684 3157 4758 operibus
3185 4685 3319 4740 suis.
3348 4685 3417 4738 Et
3438 4685 3545 4739 hoc
3557 4700 3686 4739 mo-

2084 4777 2156 4832 do
2184 4774 2395 4830 scilicet
2424 4774 2787 4840 exacerbant,
2844 4773 2978 4845 quia
3016 4791 3133 4829 non
3163 4773 3493 4829 custodiunt
3516 4772 3673 4827 testi-

2080 4863 2364 4931 monia,id
2382 4867 2466 4919 est
2489 4864 2659 4917 ﬁrma
2671 4866 2958 4935 prmcepta
2977 4864 3099 4933 ejus
3113 4861 3445 4917 testimonio
3459 4864 3685 4932 aposto-

2079 4954 2269 5009 lorum
2300 4953 2434 5007 data
2458 4952 2670 5007 scilicet
2690 4969 2809 5007 non
2839 4951 3187 5016 custodiunt,
3217 4953 3280 5005 ut
3308 4965 3510 5004 eorum
3519 4949 3681 5020 jussu

2080 5058 2114 5097 a
2136 5041 2301 5095 malis
2330 5040 2600 5111 operibus
2627 5040 2917 5095 desistant.
2937 5039 3003 5091 Et
3028 5037 3378 5109 negligendo
3390 5040 3679 5109 praecepta

2080 5130 2222 5202 ejus,
2252 5130 2516 5183 avertunt
2545 5144 2604 5181 se
2635 5127 2707 5181 ab
2738 5142 2806 5181 eo
2838 5125 3028 5180 eundo
3082 5129 3213 5196 post
3253 5125 3571 5181 diabolum.
3610 5126 3680 5179 Et

2079 5235 2206 5273 cum
2225 5214 2667 5290 promiserintin
2686 5214 2973 5285 baptismo
2993 5231 3052 5269 se
3065 5231 3365 5285 nunquam
3387 5216 3569 5269 Deum
3583 5214 3678 5268 de-

2077 5311 2349 5373 serturos,
2378 5321 2481 5376 per
2502 5305 2611 5358 hoc
2640 5302 2795 5375 quod
2815 5320 2875 5358 se
2901 5306 3184 5369 avertunt,
3206 5303 3266 5357 in
3297 5319 3365 5358 eo
3394 5320 3510 5358 non
3556 5319 3678 5357 ser-

2078 5398 2215 5449 vant
2244 5396 2478 5465 pactum
2505 5392 2647 5462 ejus,
2681 5391 2837 5463 quod
2865 5408 3059 5446 secum
3109 5392 3475 5463 pepigerunt,
3512 5408 3570 5445 se
3595 5391 3678 5445 illi

2080 5500 2310 5555 semper
2322 5482 2674 5548 obedituros,
2686 5481 2734 5537 si
2761 5481 2841 5536 eis
2853 5484 3088 5554 peccata
3099 5479 3401 5552 originalia
3412 5482 3470 5535 et
3482 5482 3678 5535 actua-

2076 5570 2156 5628 lia
2183 5571 2536 5627 remitteret:
2576 5568 2698 5639 sed,
2729 5569 3223 5643 quemadmodum
3238 5570 3430 5641 patres
3448 5584 3677 5643 eorum,
