4008 6040
390 317 522 370 105ξί

1005 313 1062 367 S.
1103 312 1448 369 BRUNONIS
1491 306 2125 366 CARTHUSIANORUM
2159 303 2626 362 INSTITUTORIS
2669 302 2821 357 OPP.
2865 301 3041 357 PARS
3084 302 3103 355 Ι

3551 298 3685 356 i056

381 435 791 490 convertuntur
811 435 865 487 in
893 452 1078 489 arcum
1095 435 1416 505 pravum,id
1443 438 1527 487 est
1553 435 1626 488 ad
1654 432 1983 487 similitudi-
2008 435 2062 492 Α
2087 430 2242 502 prius
2263 431 2428 483 erant
2454 427 2698 498 p0pu1us
2726 443 2878 480 suus.
2907 423 3072 489 Quod
3085 421 3390 477 estdicere:
3421 420 3694 492 Compre-

382 539 519 577 nem
538 525 958 576 antecessorum
975 521 1567 592 inﬁdelium,quorum
1584 520 1682 574 ﬁlii
1697 520 1984 574 dicuntur:

383 627 501 664 non
515 609 828 663 secundum
847 609 1306 680 generationem,
1331 609 1428 662 sed
1444 608 1755 662 secundum
1777 607 1986 661 erroris

382 698 792 762 imitationem,
827 701 1240 751 convertuntur
1264 697 1321 750 in
1347 697 1788 750 similitudinem
1803 695 1981 766 pravi,

381 785 440 841 id
468 790 552 840 est
581 785 778 840 inertis
819 785 1104 856 arcus,qui
1137 801 1270 839 cum
1324 785 1480 855 prius
1527 785 1845 839 intenditur
1889 782 1987 836 ali-

383 875 724 946 quantulum
742 873 970 942 trajicit,
1005 875 1063 926 et
1085 873 1364 943 paulatim
1393 874 1464 927 ad
1485 873 1775 927 defectum
1804 871 1981 925 venit.

385 962 475 1016 Sic
516 964 572 1016 et
605 961 709 1032 ipsi
747 960 903 1032 prius
933 960 1082 1014 circa
1113 961 1401 1031 baptisma
1425 976 1631 1031 parum
1659 962 1982 1032 operantes,

383 1051 513 1121 post
540 1066 605 1102 ex
636 1052 755 1103 toto
789 1049 1083 1103 deficiunt.

458 1137 720 1208 Exposito
774 1138 880 1190 hoc
912 1137 1158 1207 qualiter
1211 1153 1346 1191 eum
1395 1137 1725 1201 exacerbant,
1754 1135 1988 1206 exponit

384 1241 612 1296 quoque
645 1226 890 1296 qualiter
913 1228 1156 1291 tentant,
1185 1242 1315 1280 cum
1347 1227 1642 1297 adiungit:
1675 1226 1809 1280 Dico
1833 1223 1986 1295 quod

384 1315 630 1368 tentant.
656 1313 721 1365 Et
750 1313 859 1367 hoc
885 1315 1059 1368 modo
1075 1317 1484 1385 tentant,quod
1505 1317 1559 1368 in
1581 1316 1725 1368 iram
1750 1313 1984 1384 quidam

389 1401 679 1454 concitant
705 1417 858 1464 eum,
894 1401 989 1472 qui
1021 1400 1078 1454 in
1109 1403 1346 1456 collibus
1372 1402 1507 1469 suis,
1534 1402 1590 1456 id
1613 1406 1698 1457 est
1721 1403 1777 1455 in
1802 1403 1988 1455 haere-

386 1487 540 1542 sibus
570 1487 684 1540 suis
717 1505 844 1557 quin
878 1504 910 1540 a
939 1489 1170 1542 sublimi
1203 1490 1473 1559 superbia
1497 1490 1814 1560 procedunt
1845 1491 1983 1543 dum

386 1575 518 1629 novi
545 1580 602 1628 et
634 1575 866 1628 subtiles
893 1574 1070 1628 videri
1093 1581 1378 1646 quaerunt.
1415 1578 1660 1648 Ideoque
1691 1594 1792 1648 per
1816 1578 1987 1631 colles

387 1663 766 1731 designantur
797 1662 894 1733 qui
921 1663 1194 1717 sublimes
1223 1668 1387 1718 sunt:
1440 1670 1497 1718 et
1523 1665 1756 1734 quidam
1787 1681 1989 1734 provo-

385 1754 521 1804 cant
549 1767 682 1805 eum
715 1750 787 1804 ad
817 1751 1271 1817 simulationem,
1291 1751 1346 1805 id
1366 1755 1450 1805 est
1480 1752 1552 1806 ad
1585 1752 1985 1807 nimiamiram
2015 1781 2066 1840 Β

384 1840 449 1893 in
473 1838 798 1908 sculptilibus
819 1841 944 1908 suis,
995 1838 1052 1892 id
1103 1843 1188 1893 est
1217 1839 1274 1893 in
1307 1839 1723 1894 sacriﬁcatione
1751 1841 1986 1911 sculpti-

384 1927 526 1981 lium
558 1943 813 1981 suorum.
832 1925 995 1990 Quod
1023 1931 1106 1980 est
1134 1927 1349 1982 dicere:
1380 1929 1522 1982 Vere
1538 1929 1717 1982 Deum
1743 1931 1986 1983 tentant.

385 2015 528 2070 Nam
563 2015 701 2068 dum
737 2017 865 2084 post
890 2015 1176 2086 baptisma
1207 2015 1442 2086 quidam
1470 2033 1528 2068 se
1559 2015 1992 2070 hzeresibusim-

387 2104 622 2176 plicant,
680 2102 917 2173 quidam
967 2105 1159 2156 autem
1193 2102 1358 2157 idolis
1384 2104 1590 2157 iterum
1644 2103 1988 2169 sacrificant,

386 2193 569 2247 Deum
602 2206 721 2243 esse
752 2189 1140 2259 impotentem
1166 2192 1239 2245 ad
1268 2191 1656 2246 ulciscendum
1697 2194 1988 2263 reputant.

389 2279 501 2334 Sed
527 2281 725 2331 tamen
758 2279 908 2332 Deus
938 2278 1061 2332 haec
1095 2279 1273 2341 audit,
1306 2279 1364 2333 id
1393 2283 1476 2334 est
1497 2279 1991 2349 animadvertit,et

387 2365 609 2437 spernit
635 2382 751 2430 eos,
777 2382 918 2436 quos
940 2366 1100 2436 prius
1125 2367 1328 2421 charos
1350 2367 1568 2433 habuit,
1588 2370 1646 2421 et
1665 2368 1808 2422 adeo
1841 2383 1993 2438 sper-

392 2454 477 2508 nit
499 2454 656 2525 quod
671 2453 833 2506 valde
865 2453 1097 2523 redigit,
1118 2453 1176 2507 id
1207 2459 1294 2508 est
1319 2455 1503 2524 redigi
1527 2455 1812 2526 permittit
1841 2456 1994 2527 ipsos

391 2542 486 2614 qui
515 2541 670 2612 prius
701 2543 867 2594 erant
899 2542 1093 2609 Israel,
1115 2541 1186 2594 ad
1217 2543 1442 2596 nihilum
1469 2543 1790 2598 sanctitatis
1817 2560 1992 2614 quam

390 2628 548 2700 prius
579 2627 889 2682 habebant.
919 2628 1014 2682 Vel
1049 2628 1118 2681 ad
1156 2630 1406 2697 nihilum,
1438 2631 1495 2684 id
1526 2633 1612 2684 est
1639 2631 1712 2685 ad
1743 2648 1992 2686 massam

391 2718 902 2790 peccatorum,per
927 2733 1104 2788 quam
1135 2717 1374 2772 veniunt
1397 2719 1467 2771 ad
1491 2719 1712 2772 nihilum
1734 2719 1994 2774 sanctita-

399 2804 492 2858 tis.
527 2805 594 2858 Et
630 2805 866 2876 exponit
905 2806 1198 2876 quomodo
1230 2807 1469 2876 spernit,
1505 2807 1582 2860 sic
1612 2824 1624 2861 :
1661 2807 1794 2862 Dico
1837 2809 1993 2880 quod

392 2892 578 2963 redigi
615 2893 905 2963 permittit
935 2894 1008 2948 ad
1032 2895 1298 2962 nihilum,
1334 2898 1573 2966 propter
1604 2898 1757 2950 mala
1781 2897 1993 2952 merita

391 2996 593 3035 eorum
612 2996 625 3034 :
645 2983 704 3034 et
717 2997 820 3051 per
840 2981 948 3036 hoc
971 2981 1152 3051 redigi
1177 2983 1458 3053 permittit
1476 2984 1548 3038 ad
1565 2983 1992 3056 nihilum,quod

2087 519 2291 572 hendit
2315 534 2412 572 eos
2434 516 2491 570 in
2518 515 2769 569 vindicta
2793 531 2912 580 sua,
2942 531 2975 568 a
3009 511 3392 566 similitudine
3412 510 3563 564 illius
3595 509 3691 581 qui

2087 606 2144 660 in
2175 623 2401 660 carcere
2428 601 3150 671 concluditur.Quiagladio
3169 601 3234 654 fit
3257 598 3534 662 vindicta,
3563 598 3696 652 Gla-

2087 694 2210 749 dius
2237 710 2341 766 pro
2363 691 2611 747 vindicta
2634 691 2889 763 ponitur.
2925 687 3350 759 Dic0p0pulum,
3385 691 3463 748 et,
3484 690 3546 741 ut
3571 703 3695 741 ma-

2079 783 2174 853 jus
2204 782 2339 853 quid
2372 780 2581 841 dicam,
2635 779 2993 832 hereditatem
3047 793 3200 830 suam
3250 775 3490 847 spernit,
3525 774 3584 829 id
3615 779 3701 828 est

2086 869 2214 924 illos
2245 867 2340 940 qui
2371 867 2526 938 prius
2557 870 2725 920 erant
2750 883 2852 920 sua
2875 864 3178 919 haereditas
3201 862 3698 933 spcrnit;conclu-

2087 957 2276 1013 dendo
2299 973 2396 1010 eos
2412 957 2467 1008 in
2495 954 2694 1025 gladio.
2726 954 2951 1018 Quanto
2984 968 3118 1006 vero
3140 967 3238 1005 eos
3251 949 3505 1005 ostendit
3524 949 3699 1004 fuisse

2086 1045 2376 1100 chariores
2399 1047 2558 1097 tanto
2593 1059 2692 1097 eos
2715 1041 2904 1095 innuit
2929 1057 3062 1095 cum
3099 1039 3282 1110 spreti
3311 1039 3572 1104 sint,esse
3597 1036 3704 1091 mi-

2086 1134 2345 1190 seriores.
2370 1131 2633 1186 Ostendit
2664 1147 2802 1202 ergo
2833 1146 2938 1201 per
2962 1131 3153 1200 partes
3181 1126 3494 1181 vindictam
3523 1142 3698 1196 quam

2087 1222 2157 1276 de
2184 1221 2264 1275 eis
2293 1219 2486 1285 sumit,
2514 1219 2591 1273 sic
2615 1235 2628 1272 :
2663 1220 2806 1272 Vere
2838 1216 3128 1271 concludit
3145 1232 3240 1270 eos
3271 1214 3331 1267 in
3355 1213 3697 1268 vindictam:

2087 1311 2231 1364 Nam
2267 1309 2484 1379 juvenes
2513 1323 2682 1360 eorem
2704 1305 2927 1359 comedit
2957 1303 3179 1372 ignis,id
3196 1306 3283 1356 est
3298 1318 3397 1356 eos
3411 1301 3507 1372 qui
3534 1301 3697 1370 prius

2089 1397 2255 1450 erant
2278 1395 2561 1464 juvenum
2593 1410 2757 1447 more
2818 1392 2998 1446 fortes
3027 1389 3244 1444 scilicet
3279 1389 3338 1443 in
3365 1387 3695 1452 virtutibus,

2087 1483 2376 1556 permittit
2393 1481 2951 1547 consumi,eteorum
2974 1478 3246 1532 virtutem
3264 1475 3572 1531 annihilari
3598 1492 3705 1547 per

2089 1573 2286 1644 ignem
2304 1570 2780 1641 concupiscenlize
2813 1569 2908 1640 qui
2929 1567 3264 1622 dominatur
3281 1566 3456 1620 eis.Et
3475 1567 3707 1633 virgines

2089 1678 2290 1721 eorum,
2325 1659 2381 1712 id
2415 1661 2500 1711 est
2528 1658 2603 1712 illi
2638 1657 2733 1728 qui
2767 1656 2922 1727 prius
2953 1659 3119 1710 erant
3145 1671 3306 1709 more
3329 1653 3620 1724 virginum
3647 1652 3703 1706 in

2090 1749 2201 1803 ﬁde
2234 1753 2292 1802 et
2318 1746 2648 1801 innocentia
2676 1745 3024 1816 incorrupti,
3044 1760 3173 1798 cum
3221 1743 3645 1798 consumuntur
3673 1756 3706 1794 a

2091 1837 2258 1902 vitiis,
2287 1852 2403 1889 non
2424 1836 2816 1888 lamentantur
2841 1833 2912 1886 ab
2947 1831 3203 1886 Ecclesiaz
3233 1830 3502 1902 praelatis.
3539 1828 3702 1892 Quod

2090 1928 2176 1979 est
2201 1924 2418 1978 dicere:
2449 1922 2605 1976 Adeo
2629 1922 2686 1976 in
2711 1921 3025 1991 reprobum
3047 1936 3282 1974 sensum
3308 1922 3365 1973 et
3387 1917 3708 1990 inprofun-

2093 2013 2333 2066 ditatem
2366 2011 2637 2066 vitiorum
2678 2011 3062 2075 adducuntur,
3092 2009 3250 2081 quod
3278 2009 3435 2062 nulla
3455 2023 3593 2060 cura
3619 2010 3707 2060 est

2093 2102 2163 2156 de
2189 2101 2290 2168 eis,
2321 2100 2579 2155 Ecclesia:
2603 2099 2944 2171 pastoribus,
2976 2115 3164 2170 neque
3182 2099 3252 2153 de
3284 2112 3484 2152 eorum
3507 2095 3704 2168 perni-

2094 2191 2197 2256 cie,
2227 2206 2402 2261 quam
2437 2189 2630 2243 divino
2657 2188 2875 2259 judicio
2904 2187 3102 2242 vident
3129 2187 3468 2257 contingere
3483 2186 3706 2239 lamen-

2095 2281 2312 2332 tantur.
2361 2278 2430 2330 Et
2479 2277 2656 2330 etiam
2685 2276 3016 2330 sacerdotes
3044 2291 3268 2341 eorum,
3297 2274 3394 2345 qui
3429 2272 3703 2344 praecipui

2096 2383 2218 2421 esse
2237 2366 2538 2431 deberent,
2561 2367 2617 2418 et
2640 2365 2780 2420 alios
2811 2365 3074 2435 exemplo
3093 2381 3192 2418 suo
3214 2363 3288 2418 ad
3317 2362 3494 2416 vitam
3522 2361 3704 2415 addu-

2095 2471 2245 2521 cere,
2269 2454 2434 2508 malis
2459 2452 2728 2524 operibus
2749 2452 2863 2506 suis
2892 2452 3250 2524 exigentibus
3275 2450 3488 2505 cadunt
3509 2466 3543 2503 a
3574 2466 3704 2503 san-

2096 2543 2291 2596 ctitate
2339 2558 2512 2613 quam
2560 2541 2718 2611 prius
2747 2541 3063 2607 habebant,
3098 2542 3154 2594 in
3179 2539 3378 2608 gladio,
3408 2537 3468 2592 id
3520 2541 3607 2591 est
3645 2536 3705 2590 in

2099 2630 2346 2685 vindicta
2385 2630 2779 2684 excmcalionis
2802 2630 3018 2685 Dei.Et
3050 2629 3223 2682 vidua:
3242 2645 3422 2682 eorum
3455 2644 3560 2679 non
3581 2626 3704 2696 plo-

2097 2722 2298 2772 rantur
2341 2717 2550 2772 scilicet
2580 2718 2746 2772 multi
2777 2719 2927 2772 inter
2958 2717 3129 2788 ipsos,
3159 2716 3254 2786 qui
3286 2715 3445 2788 prius
3473 2715 3707 2768 fuerunt

2096 2807 2308 2861 similes
2331 2806 2534 2873 viduis,
2568 2809 2797 2861 mortuo
2819 2806 2877 2859 in
2894 2805 2974 2859 eis
2993 2803 3705 2872 mundo,cuiadha?serant

2097 2899 2159 2950 ut
2185 2895 2394 2950 mulier
2419 2894 2652 2960 marito,
2687 2897 3078 2964 apostatantes
3106 2891 3242 2947 facti
3263 2909 3295 2945 a
3319 2891 3620 2946 sanctitate
3648 2892 3705 2944 et

2096 2983 2450 3055 perfectione
2483 2983 2580 3038 illa
2607 2982 2772 3036 malis
2802 2981 3021 3036 meritis
3047 2981 3162 3035 suis
3185 2980 3482 3045 cadunt,et
3505 2977 3578 3033 ad
3597 2979 3706 3032 hoc

391 3068 620 3138 repellit
643 3085 675 3121 a
696 3068 884 3140 gratia
901 3069 1005 3136 sui,
1040 3070 1433 3124 tabernaculum
1464 3071 1599 3138 Silo,
1627 3071 1683 3126 id
1715 3077 1798 3126 est
1821 3073 1990 3126 abru-
2017 3062 2064 3121 C
2094 3072 2364 3126 vitiorum
2388 3071 2723 3137 deveniunt,
2749 3071 2902 3141 quod
2935 3070 3004 3124 de
3036 3085 3237 3124 eorum
3268 3068 3646 3122 damnatione
3675 3082 3706 3119 a

388 3155 748 3229 ptionis.Silo
780 3157 936 3211 enim
969 3161 1385 3230 interpretatur
1399 3161 1646 3230 abruptio
1672 3160 1994 3215 sciliceteos

391 3243 488 3315 qui
511 3244 664 3314 prius
687 3248 852 3298 erant
879 3245 1366 3313 tabernaculum,in
1381 3264 1493 3317 quo
1512 3247 1632 3318 ipse
1661 3247 1994 3318 spiritaliter

391 3331 695 3386 manebat:
714 3333 939 3401 repellit
957 3349 988 3386 a
1019 3334 1204 3403 gratia
1219 3333 1322 3401 sui,
1347 3335 1480 3404 quia
1503 3352 1561 3390 se
1585 3336 1654 3389 ab
1677 3352 1744 3389 eo
1768 3336 1995 3389 abrum-

391 3421 539 3488 punt
565 3435 668 3489 per
695 3419 961 3473 haircsim
995 3421 1454 3476 etidololatriam
1470 3426 1527 3477 et
1553 3425 1766 3478 malam
1790 3441 1991 3495 opera-

394 3504 637 3559 tionem.
669 3507 739 3560 Et‘
765 3505 898 3578 quia
925 3507 1145 3561 dixerat
1166 3509 1585 3576 tabernaculum,
1610 3513 1798 3565 etnon
1832 3512 1992 3567 addi-

401 3595 564 3650 derat
578 3613 756 3664 suum,
788 3597 998 3667 repetit
1028 3601 1088 3651 ut
1120 3599 1295 3652 addat
1325 3599 1428 3653 sic:
1457 3583 1642 3669 316
1662 3599 1997 3654 Tabernaeu-

395 3683 525 3750 lum,
549 3683 806 3755 inquam,
835 3702 1010 3747 suum,
1046 3686 1134 3739 ubi
1161 3687 1421 3741 habitavit
1441 3689 1756 3742 secundum
1789 3688 1992 3759 inope-

397 3775 627 3827 rantem
660 3773 932 3843 gratiam,
967 3777 1024 3828 in
1053 3775 1353 3829 hominibus
1384 3776 1594 3830 scilicet
1623 3776 1902 3846 habitabit,
1935 3777 1994 3831 id

396 3863 482 3913 est
513 3860 712 3914 tandiu
742 3861 975 3915 fuerunt
1005 3861 1127 3931 ejus
1177 3865 1592 3931 tabernaculum;
1617 3864 1756 3919 etin
1789 3864 1869 3918 eis
1897 3865 1993 3918 ha-

397 3947 603 4015 bitavit,
637 3949 891 4020 quandiu
913 3951 1180 4004 homines
1211 3952 1465 4019 fuerunt,
1484 3953 1541 4006 id
1574 3956 1659 4007 est
1687 3952 1998 4007 rationabi-

395 4036 528 4090 liter
563 4053 621 4089 se
655 4037 950 4091 habentes.
987 4039 1053 4092 Et
1079 4042 1386 4110 postquam
1418 4058 1514 4095 eos
1545 4041 1992 4112 repellit,tradit,

395 4122 456 4176 id
477 4126 562 4176 est
589 4124 738 4176 tradi
754 4125 1304 4193 permittitvirtutem
1329 4145 1508 4181 eorum
1531 4131 1584 4181 in
1607 4130 1992 4198 captivitatem,

397 4209 611 4265 scilicet
637 4210 886 4265 liberum
931 4211 1234 4268 arbitrium
1262 4232 1463 4269 eorum
1489 4216 1644 4286 quod
1684 4217 1842 4287 pxius
1872 4220 1991 4270 erat

2095 3160 2358 3214 fidelibus
2386 3177 2500 3214 non
2533 3159 2810 3230 ploratur.

2166 3247 2494 3301 Notandum
2524 3247 2592 3302 de
2618 3246 3008 3318 perfectorum
3040 3243 3414 3300 damnatione
3441 3243 3573 3298 ideo
3591 3241 3706 3313 agi,

2095 3339 2157 3390 ut
2184 3353 2287 3406 per
2313 3336 2420 3389 hoc
2448 3335 2574 3389 illos
2610 3334 2706 3406 qui
2745 3334 2939 3388 minus
2963 3334 3205 3405 perfecti
3236 3335 3430 3399 sunt,a
3457 3330 3707 3403 peccatis

2097 3425 2382 3478 exterreat
2404 3443 2416 3478 :
2437 3422 2904 3494 quandoquidem
2932 3421 3009 3476 illi
3031 3421 3126 3492 qui
3150 3421 3294 3474 adeo
3319 3419 3561 3490 perfecti
3575 3420 3710 3473 sunt

2098 3515 2158 3566 ut
2187 3511 2512 3566 sacerdotes
2543 3510 2678 3577 sint,
2710 3511 2797 3564 vel
2821 3511 3080 3580 juvenes,
3115 3510 3200 3562 vel
3227 3509 3494 3579 virgines,
3521 3508 3610 3561 vel
3630 3506 3708 3560 vi-

2098 3601 2224 3655 dua:
2279 3599 2562 3666 dicantur,
2624 3599 2699 3654 sic
2741 3599 2906 3652 malis
2962 3598 3182 3653 meritis
3218 3597 3331 3652 suis
3358 3597 3502 3651 adeo
3535 3612 3712 3650 excae-

2095 3693 2316 3744 cantur.
2354 3687 2800 3758 Ostensajgitur
2830 3687 3197 3759 quorundam
3230 3686 3326 3757 qui
3360 3687 3488 3756 post
3517 3684 3705 3755 bapti-

2096 3793 2286 3830 smum
2320 3775 2393 3829 ad
2431 3775 2569 3829 vitia
2615 3775 3154 3843 revertunturjusta
3179 3772 3584 3838 damnatione,
3631 3790 3705 3826 ne

2094 3864 2384 3919 videretur
2415 3863 2620 3935 aliquis
2649 3864 2706 3917 in
2743 3867 2977 3934 peccata
2994 3865 3122 3933 post
3138 3862 3425 3934 baptisma
3449 3861 3709 3915 reciden-

2096 3953 2243 4008 tium
2267 3951 2474 4007 salvari
2511 3969 2630 4006 non
2665 3956 2923 4022 posse,et
2952 3951 3029 4005 sic
3053 3951 3374 4005 auferretur
3395 3951 3552 4004 locus
3583 3967 3705 4020 poe-

2097 4041 2377 4107 nitentim,
2397 4039 2765 4111 quorundam
2795 4039 3178 4093 recidentium
3208 4038 3579 4093 salvationem
3614 4054 3704 4092 os-

2097 4129 2304 4195 tendit,
2337 4144 2467 4182 cum
2499 4126 2763 4198 adjungit
2785 4127 2892 4181 sic:
2925 4126 3059 4182 Dico
3093 4126 3250 4198 quod
3277 4128 3427 4180 Deus
3453 4126 3704 4196 repellit,

2097 4219 2156 4271 et
2180 4219 2235 4270 in
2261 4215 2439 4284 gladio
2465 4216 2718 4285 populum
2746 4232 2898 4268 suum
2920 4215 3230 4276 concludit,
3249 4213 3346 4285 qui
3376 4214 3706 4286 postbapti-

397 4297 654 4366 firmum,
681 4301 758 4365 et,
787 4301 850 4353 ut
873 4298 953 4354 ita
981 4299 1193 4364 dicam,
1234 4302 1568 4370 virtuosum,
1593 4304 1995 4378 permisitcap-
2019 4301 2071 4360 D
2095 4320 2291 4360 smum
2311 4320 2446 4358 eum
2467 4305 2653 4356 tentat
2664 4306 2723 4357 et
2735 4303 3055 4358 exacerbat.
3080 4304 3149 4356 Et
3168 4305 3364 4356 tamen
3387 4301 3705 4356 secundum

398 4385 585 4454 tivari,
617 4386 676 4440 id
702 4388 788 4442 est
811 4387 1109 4443 inﬁrmum
1129 4393 1195 4443 et
1229 4389 1521 4462 impotens
1544 4393 1617 4446 ad
1655 4393 1802 4447 bene
1820 4410 1998 4465 agen-

399 4474 540 4528 dum
569 4475 714 4542 ﬁeri,
751 4476 825 4530 ad
844 4476 1284 4533 similitudinem
1315 4479 1520 4550 captivi
1548 4480 1645 4552 qui
1674 4480 1880 4536 virtute
1899 4500 2000 4538 sua

400 4562 604 4634 nequit
639 4563 742 4619 uti.

472 4652 541 4705 Et
558 4651 1012 4722 pulchritudinem
1040 4654 1376 4712 interiorem
1401 4657 1751 4714 innocentia:
1765 4661 1823 4714 et
1839 4661 2002 4715 crete-

399 4755 597 4795 rarum
628 4740 902 4797 virtutum
927 4761 1105 4798 eorum
1135 4744 1419 4817 permittit
1447 4764 1566 4801 esse
1598 4747 1653 4800 in
1683 4765 1868 4801 manus
1905 4750 2004 4802 ini-

401 4831 546 4898 mici,
569 4829 627 4884 id
657 4834 740 4885 est
765 4830 824 4885 in
853 4835 1132 4903 potestate
1166 4833 1400 4890 diaboli.
1457 4835 1620 4898 Quod
1651 4841 1736 4890 est
1765 4836 1952 4891 dicere
1987 4853 1999 4890 :

400 4916 510 4973 Pro
540 4917 705 4972 malis
730 4920 946 4974 meritis
969 4937 1193 4988 eorum,
1211 4921 1494 4992 permittit
1515 4925 1663 4978 Deus
1690 4941 1792 4995 per
1819 4924 2002 4994 impe-

399 5008 526 5060 tum
549 5005 763 5060 diaboli
783 5007 1099 5063 annihilari
1119 5009 1177 5063 in
1194 5009 1275 5065 eis
1295 5009 2006 5081 innocentiaapulchritudi-

399 5111 541 5162 nem,
571 5098 629 5148 et
657 5094 819 5149 liberi
843 5097 1063 5152 arbitrii
1095 5101 1362 5166 virtutem,
1398 5101 1461 5153 ut
1479 5103 1772 5170 nequeant
1795 5100 1890 5154 illo
1923 5100 2004 5153 uti

402 5182 548 5238 sicut
575 5182 750 5253 prius.
777 5185 1207 5256 chetitautem
1224 5186 1729 5259 aequipollentibus
1750 5188 2000 5254 vocibus,

403 5270 559 5342 quod
591 5271 730 5325 dixit
756 5289 768 5326 :
799 5274 991 5344 repulit
1021 5275 1421 5329 tabernaculum
1441 5275 1576 5343 Silo,
1609 5279 1672 5330 ut
1691 5290 1793 5346 per
1812 5279 2004 5346 partes

406 5359 694 5426 ostendat,
720 5360 826 5415 sic:
850 5361 984 5416 Dico
1016 5364 1172 5434 quod
1194 5363 1371 5418 tradit
1391 5365 1452 5418 in
1470 5365 1829 5434 captivitatem
1842 5365 2006 5416 virtu-

404 5452 507 5498 tem
534 5463 736 5515 eorum,
786 5456 835 5502 et
861 5450 968 5504 hoc
1000 5451 1200 5515 modo,
1223 5452 1477 5506 conclusit
1481 5452 1740 5523 populum
1760 5468 1916 5505 suum
1949 5450 2005 5504 in

400 5532 602 5600 gladio,
642 5534 702 5590 id
753 5539 836 5592 est
863 5537 1154 5594 concludit
1190 5538 1250 5594 in
1302 5539 1552 5596 vindicta
1581 5556 1683 5595 sua
1730 5539 1876 5604 illos,
1908 5538 2007 5612 qui

2099 4392 2380 4463 quosdam
2409 4407 2614 4446 eorum
2629 4392 2707 4446 sal
2715 4391 2930 4445 vandos
2945 4390 3223 4446 excitatur
3237 4389 3711 4456 Dominus,redu-

2101 4481 2282 4535 cendo
2312 4496 2411 4535 eos
2439 4480 2514 4534 ad
2557 4496 2618 4534 se
2652 4496 2666 4534 :
2701 4479 2986 4534 Dominus
3015 4479 3141 4534 dico
3172 4479 3419 4533 existens
3451 4485 3711 4550 tanquam

2099 4569 2381 4636 dormiens,
2413 4567 2474 4622 id
2503 4571 2589 4623 est
2616 4567 2817 4623 similis
2848 4567 3515 4634 dormienti,secundum
3536 4565 3714 4620 maxi-

2103 4674 2264 4712 mam
2295 4673 2498 4712 eorum
2525 4660 2752 4728 partem
2795 4673 2968 4727 quam
3011 4656 3302 4711 concludit
3330 4658 3384 4709 in
3413 4655 3616 4725 gladio,
3652 4657 3714 4708 ut

2104 4745 2361 4818 superius
2373 4745 2691 4800 ostendi.Et
2708 4762 2826 4800 non
2844 4745 3048 4799 similis
3063 4743 3716 4810 leviterdormienti,scd

2107 4835 2354 4890 existens
2377 4840 2631 4905 tanquam
2646 4834 2923 4905 potens,id
2939 4837 3293 4904 esttanquam
3312 4833 3583 4904 princeps
3611 4831 3715 4886 ali-

2108 4923 2233 4996 quis
2252 4923 2555 4992 crapulatus
2567 4940 2598 4975 a
2626 4922 2836 4989 vino,id
2852 4925 2938 4976 est
2953 4921 3113 4976 valde
3127 4921 3441 4992 ebrius,qui
3465 4920 3720 4992 graviter

2107 5011 2368 5064 dormiens
2391 5009 2588 5064 domui
2620 5027 2735 5064 suae
2762 5010 2981 5064 nullam
3014 5026 3211 5064 curam
3236 5009 3546 5080 impendit.
3580 5009 3718 5062 Dico

2109 5099 2406 5164 excitatur,
2428 5102 2486 5152 et
2508 5099 2614 5153 hoc
2631 5099 2804 5153 modo
2827 5099 3040 5153 scilicet
3064 5098 3121 5154 in
3147 5097 3490 5170 quibusdam
3514 5097 3724 5151 excita-

2107 5192 2200 5242 tur
2244 5186 2487 5240 Percutit
2509 5186 2757 5241 stimulis
2777 5187 3134 5257 paenitentiae
3162 5203 3279 5254 eos,
3308 5186 3725 5242 inimicossuos

2109 5275 2412 5330 existentes
2436 5277 2588 5330 male
2609 5276 2870 5330 vivendo.
2888 5276 3022 5330 Dico
3047 5276 3485 5346 percutiteos,et
3497 5290 3730 5346 percus-

2112 5363 2272 5417 sione
2289 5362 2504 5417 scilicet
2520 5363 2796 5417 tendente
2811 5365 2866 5416 in
2887 5365 3179 5433 posteriora
3197 5362 3490 5428 saecula,id
3515 5366 3601 5416 est
3620 5362 3726 5416 tali

2114 5451 2476 5524 percussione
2507 5469 2633 5523 qum
2661 5455 2860 5522 postea
2890 5453 3059 5506 durat
3088 5469 3191 5524 per
3221 5468 3461 5507 omnem
3488 5454 3728 5506 mtatem

2123 5522 2186 5609 3
2207 5523 2224 5608 I
2244 5523 2307 5608 7
2329 5522 2550 5596 eorum.
2570 5541 2637 5594 Et
2661 5540 2796 5611 quia
2811 5541 2920 5594 hoc
2949 5522 3188 5596 obscure
3210 5539 3449 5606 dixerat,
3467 5540 3729 5610 exponit,

2129 5643 2262 5682 cum
2293 5627 2494 5685 addit:
2533 5627 2669 5684 Dico
2726 5628 2882 5700 quod
2903 5643 3001 5685 eos
3031 5627 3282 5701 percutit
3309 5629 3363 5681 in
3381 5629 3682 5699 posteriora
3709 5644 3728 5700 ς
