4004 6052
286 246 303 254 ’
347 274 484 342 lose

947 276 1006 339 S.
1046 276 1390 339 BRUNONIS
1432 271 2063 339 CARTHUSIANORUM
2098 274 2566 337 INSTITUTORIS
2604 276 2759 339 OPP.
2800 275 2977 336 PARS
3013 276 3037 337 Ῑ

3502 269 3653 339 1060

342 404 505 456 tatem
536 405 683 456 tuam
712 397 772 457 in
801 398 1111 457 Ecclesiam
1131 399 1363 456 scilicet.
1398 400 1464 455 Et
1506 398 1641 474 quia
1686 415 1804 455 non
1837 396 1936 456 de-
1961 404 2017 464 Α
2040 398 2299 468 irasceris,
2322 396 2383 457 id
2403 400 2490 455 est
2508 413 2688 472 usque
2709 395 2784 455 ad
2803 412 2977 472 quem
2998 393 3242 454 modum
3274 394 3384 455 erit
3403 394 3529 456 haec
3556 398 3657 457 ira

336 490 751 546 terminaverat
780 489 853 545 ad
876 490 1015 563 quid
1062 490 1120 544 in
1172 489 1479 545 Ecclesiam
1520 489 1828 555 venissent,
1865 505 1937 543 ne

336 582 640 651 putaretur
668 580 741 634 ad
767 568 987 634 bonum
1017 595 1114 633 eos
1144 578 1202 633 in
1250 596 1381 633 eam
1413 578 1654 644 venisse,
1690 576 1941 632 ostendit

337 666 475 739 quid
504 668 562 722 in
590 685 659 723 ea
687 668 983 723 venientes
1014 668 1327 722 effecerunt
1368 684 1501 722 cum
1563 666 1724 722 addit
1756 683 1767 721 :
1802 665 1936 720 Dico

335 763 613 823 venerunt,
642 761 701 811 et
725 756 1020 811 venientes
1042 757 1353 827 polluenunt
1379 754 1800 811 conformando
1832 753 1937 808 sibi

337 846 641 917 quosdam,
672 845 769 917 qui
800 849 965 900 erant
994 846 1151 917 prius
1177 851 1417 899 sanctum
1466 844 1713 915 templum
1762 849 1934 896 tamn.

334 933 404 988 Et
453 933 852 989 interﬁciendo
890 933 1178 1001 fortiores,
1237 940 1531 1005 posuerunt
1575 931 1936 997 Hierusalem,

268 1032 277 1043 ’
332 1020 393 1076 id
418 1026 503 1078 est
529 1022 836 1077 Ecclesiam
868 1024 924 1076 in
953 1023 1264 1090 custodiam,
1292 1023 1351 1077 id
1388 1026 1471 1076 est
1513 1021 1570 1075 in
1613 1021 1938 1076 similitudi-

333 1126 473 1167 nem
504 1112 775 1167 custodia:
806 1129 1114 1183 pomorum,
1152 1112 1364 1167 scilicet
1394 1111 1453 1164 in
1501 1110 1939 1165 similitudinem

334 1199 639 1270 cujuslibet
661 1199 919 1254 vilissimi
940 1198 1157 1271 tugurii
1187 1198 1279 1254 siti
1309 1199 1364 1253 in
1411 1198 1705 1270 pomariis,
1736 1198 1794 1252 in
1826 1215 1939 1269 quo

334 1281 524 1344 solent
548 1304 786 1342 manere
814 1288 1094 1355 custodes,
1118 1288 1215 1359 qui
1234 1304 1411 1359 poma
1423 1286 1754 1341 custodiunt
1775 1289 1951 1367 ante-_

331 1393 511 1450 quam
542 1377 915 1447 colligantur;
949 1377 1152 1448 quibus
1183 1377 1453 1443 collectis,
1480 1375 1775 1448 tugurium
1799 1376 1939 1431 illud

335 1465 637 1520 deseritur.
681 1464 772 1519 Sic
800 1469 857 1519 et
888 1465 1133 1519 Ecclesia
1163 1464 1411 1519 collectis
1453 1465 1647 1519 multis
1678 1465 1940 1521 fidelibus

334 1568 439 1623 per
466 1556 720 1607 mortem
753 1552 980 1606 deserta
1010 1553 1075 1605 fit
1104 1555 1163 1606 et
1188 1552 1330 1607 vilis.
1356 1552 1481 1607 Non
1512 1554 1697 1606 solum
1745 1555 1940 1607 autem

334 1639 690 1694 Hierusalem
714 1640 1000 1695 desertam
1024 1641 1285 1694 fecerunt
1301 1655 1406 1711 per
1423 1643 1672 1695 mortem
1699 1639 1937 1695 fortissi-

338 1743 572 1783 morum
591 1728 849 1783 fidelium
871 1746 884 1797 ;
904 1728 1003 1783 sed
1015 1728 1189 1783 etiam
1202 1728 1359 1801 quod
1379 1728 1542 1783 valde
1556 1728 1941 1784 inhumanum

335 1820 441 1883 est,
483 1812 778 1887 posuerunt
826 1819 1130 1884 morticina,
1184 1816 1242 1871 id
1296 1819 1381 1871 est
1422 1821 1652 1871 mortua
1698 1833 1943 1888 corpora

335 1923 605 1960 servorum
646 1912 893 1971 tuorum,
955 1922 1083 1977 quae
1143 1905 1450 1959 crudeliter
1502 1904 1939 1969 interfecerunt,

336 2012 476 2049 escas
521 1994 822 2049 volatilibus
869 1993 1001 2061 caeli,
1044 2000 1094 2046 et
1149 2009 1332 2047 carnes
1369 2000 1673 2048 sanctorum
1727 2001 1943 2048 tuorum

335 2099 440 2157 pro
471 2087 528 2138 te
559 2083 899 2149 occisorum,
934 2098 1089 2136 escas
1112 2082 1286 2136 bestiis
1316 2088 1482 2135 terrae.
1518 2082 1683 2146 Quod
1731 2085 1815 2137 est
1853 2082 1940 2137 di-

335 2187 506 2227 cere:
545 2172 673 2226 Non
704 2170 1068 2225 solummodo
1106 2169 1414 2224 crudeliter
1455 2187 1553 2225 eos
1584 2170 1938 2238 occiderunt,

337 2260 439 2314 sed
465 2259 622 2331 quod
654 2258 940 2313 crudelius
964 2261 1067 2324 est,
1099 2274 1195 2312 eos
1226 2257 1438 2312 occisos
1468 2258 1524 2312 in
1558 2274 1819 2329 corpore,
1843 2275 1941 2314 vo-

334 2346 591 2404 latilibus
619 2350 675 2401 et
703 2345 894 2401 bestiis
924 2345 996 2399 ad
1022 2345 1445 2400 comedendum
1476 2347 1943 2416 posuerunt.Non

338 2434 473 2489 dicit
497 2434 798 2490 volatilibus
829 2434 945 2487 caeli
975 2438 1024 2487 et
1048 2433 1222 2486 bestiis
1251 2440 1403 2487 terraD
1434 2433 1503 2488 ad
1533 2433 1941 2502 differentiam;

337 2522 438 2577 sed
471 2538 614 2578 cum
643 2521 803 2576 addit
832 2521 944 2575 cali
969 2526 1017 2574 et
1050 2528 1220 2588 terrae,
1244 2524 1409 2575 notat
1451 2537 1651 2575 eorum
1675 2521 1947 2577 intentio-

338 2626 477 2665 nem
508 2610 880 2665 sasvissimam
900 2608 1112 2663 scilicet
1136 2609 1291 2680 quod
1318 2610 1391 2663 ad
1416 2609 1524 2663 hoc
1544 2609 1623 2665 eis
1643 2610 1948 2665 morticina

338 2699 736 2770 exponebant,
757 2714 875 2752 non
895 2696 1262 2752 solummodo
1290 2700 1353 2751 ut
1382 2696 1519 2752 inde
1536 2698 1945 2764 reficerentur;

339 2786 438 2841 sed
467 2790 529 2841 ut
549 2803 616 2841 ea
649 2785 967 2840 frustratim
982 2802 1087 2857 per
1108 2790 1325 2840 terram
1357 2790 1415 2840 et
1436 2802 1631 2841 aerem
1654 2786 1945 2859 disperge-

337 2879 489 2941 rent,
522 2893 594 2931 ne
624 2893 658 2930 a
685 2874 1020 2930 Christianis
1043 2874 1472 2946 colligerentur.
1500 2876 1569 2929 Et
1598 2877 1823 2931 nullum
1857 2894 1946 2931 re-

2040 492 2137 543 tua
2158 489 2216 543 in
2240 488 2447 545 nobis?
2462 487 2625 553 Quod
2652 490 2739 542 est
2771 487 2993 544 dicere:
3016 488 3103 543 Ad
3128 487 3269 559 quid
3297 487 3558 545 deveniat
3580 488 3650 547 in

2039 577 2205 632 nobis
2225 578 2348 632 haec
2363 577 2490 633 ira?
2512 576 2923 633 Irascerisnein
2942 577 3123 649 ﬁnem,
3143 576 3201 632 id
3213 580 3299 631 est
3321 594 3388 631 ex
3408 580 3553 645 toto,
3582 581 3653 634 ut

2038 665 2267 736 penitus
2290 682 2395 721 nos
2416 665 2663 738 perdas?
2692 664 2962 738 Sequitur
2990 664 3196 721 solutio
3224 666 3494 721 sic:Vere
3524 682 3650 722 non

2039 753 2299 809 irasceris
2327 753 2386 807 in
2418 754 2622 822 ﬁnem,
2651 754 2751 809 sed
2768 754 2906 808 zelus
2937 760 3075 822 tuus,
3101 754 3161 810 id
3190 757 3275 809 est
3298 754 3420 809 haec
3446 770 3649 826 perse-

2040 842 2212 909 cutio,
2247 858 2373 914 quae
2396 858 2514 897 non
2548 846 2634 897 est
2655 843 2824 910 zelus,
2843 841 3056 897 scilicet
3077 841 3300 897 videtur
3319 829 3488 910 zelus,
3511 858 3649 897 cum

2040 934 2238 986 tamen
2262 931 2333 988 sit
2357 948 2591 987 summa
2619 931 3035 1000 misericordia,
3061 932 3371 986 accendetur
3390 931 3450 986 in
3479 932 3651 987 nobis

2040 1020 2178 1073 velut
2207 1022 2362 1089 ignis,
2388 1020 2445 1074 id
2473 1024 2558 1075 est
2578 1021 2652 1075 ad
2680 1019 3121 1075 similitudinem
3151 1020 3320 1091 ignis,
3337 1020 3551 1076 scilicet
3579 1020 3655 1076 si-

2041 1111 2136 1163 cut
2165 1108 2314 1180 ignis
2336 1124 2474 1163 auro
2504 1107 2814 1171 adhibitus,
2856 1108 3053 1164 sordes
3078 1107 3123 1163 si
3158 1125 3286 1181 quae
3319 1108 3379 1163 in
3415 1126 3484 1164 eo
3515 1112 3653 1166 sunt

2041 1198 2250 1268 expiat,
2280 1201 2338 1253 et
2377 1197 2429 1251 ei
2453 1197 2705 1252 nitorem
2726 1196 3130 1253 subministrat
3155 1214 3169 1265 ;
3202 1198 3279 1253 sic
3294 1201 3352 1253 et
3374 1197 3524 1270 ignis
3544 1197 3649 1253 tri~

2039 1286 2402 1341 bulationum
2429 1286 2487 1341 in
2507 1285 2674 1341 nobis
2692 1303 2810 1341 non
2829 1286 2901 1342 ad
2922 1286 3363 1342 incommodum
3380 1290 3651 1344 nostrum

2040 1391 2309 1429 accensus
2321 1415 2339 1440 ,
2356 1375 2552 1430 sordes
2565 1374 2966 1446 peccaminum
2988 1374 3220 1443 delebit,
3237 1377 3295 1428 et
3314 1374 3513 1446 gloriae
3524 1375 3651 1430 nito

2037 1480 2163 1519 rem
2189 1463 2550 1535 praecipuum
2569 1462 2827 1518 donabit.
2851 1462 2986 1535 Agit
3006 1465 3201 1517 autem
3223 1463 3545 1518 concessive
3577 1463 3652 1519 de

2039 1550 2321 1625 quorumd
2331 1568 2427 1606 am
2438 1551 2497 1606 in
2505 1551 2577 1606 fid
2586 1551 3310 1619 eliumdamnationemum
3324 1551 3649 1607 additzDico

1973 1693 2021 1751 Β
2041 1640 2199 1713 quod
2214 1642 2498 1695 morticina
2520 1654 2794 1697 servorum
2814 1646 3027 1694 tuorum
3054 1643 3441 1712 exposuerunt
3478 1640 3653 1694 bestiis

2049 1738 2090 1751 ,Α
2140 1746 2197 1751 --Α
2213 1728 2435 1751 1--ι.⁹1.⁸1λ-.,.
2507 1731 2555 1751 ,ι
2608 1745 2693 1751 ΑΔ...
2708 1730 2907 1751 ---.·.ΑΑ..,
2959 1745 3126 1751 -.ημημ
3179 1728 3474 1751 -.α.-,1-,.--..ι
3530 1735 3615 1751 Α-..

2041 1738 2090 1783 et
2137 1728 2456 1796 volatilibus,
2503 1731 2561 1782 et
2600 1730 2912 1798 sanguinem
2950 1745 3131 1783 eorum
3171 1728 3474 1799 effuderunt
3527 1735 3649 1782 tan-

2041 1834 2203 1888 quam
2232 1835 2451 1888 aquam.
2480 1817 2547 1871 Et
2589 1815 2726 1888 quia
2753 1817 2875 1872 haec
2904 1817 3166 1872 fecerunt
3197 1833 3209 1872 :
3233 1816 3473 1888 E/funde
3511 1818 3651 1871 iram

2043 1912 2193 1959 tuam
2224 1908 2282 1960 in
2311 1912 2511 1976 gentes,
2538 1922 2655 1979 quae
2680 1911 2728 1959 te
2747 1922 2854 1959 non
2882 1911 3173 1973 noverunt;
3205 1921 3271 1959 ac
3301 1903 3348 1958 si
3382 1905 3601 1960 diceret
3633 1921 3646 1960 :

2039 1993 2367 2049 Vindictam
2399 1997 2559 2047 tuam
2580 1993 2709 2065 jam
2740 1992 2981 2048 interius
3007 1992 3065 2047 in
3093 2008 3192 2048 eos
3220 1992 3436 2059 fudisti,
3468 2009 3649 2049 excae-

2042 2080 2225 2139 cando
2258 2083 2313 2137 in
2345 2082 2574 2150 anima;
2608 2083 2861 2155 concedo
2884 2097 3112 2155 quoque
3136 2084 3199 2135 ut
3214 2097 3347 2136 eam
3367 2081 3650 2144 eﬂundas,

2043 2171 2100 2226 id
2118 2175 2199 2225 est
2222 2170 2469 2226 exterius
2484 2170 2692 2225 fundas
2707 2170 2766 2225 in
2779 2186 3024 2242 corpora
3037 2170 3095 2224 in
3116 2169 3334 2237 futuro,
3362 2168 3653 2225 mittendo

2044 2275 2253 2330 corpus
2272 2263 2330 2314 et
2351 2258 2615 2313 animam
2635 2258 2695 2312 in
2716 2258 3046 2330 gehennam
3072 2256 3313 2330 ignis.Et
3330 2256 3459 2312 ideo
3480 2260 3655 2328 effun-

2043 2350 2271 2419 de,quia
2296 2354 2343 2401 te
2362 2365 2467 2401 non
2505 2346 2858 2416 noverunt,id
2889 2350 2974 2401 est
3016 2345 3426 2417 praedicatione
3458 2348 3657 2400 nostra

2046 2436 2118 2490 ad
2135 2436 2219 2489 tui
2246 2434 2509 2490 notitiam
2529 2434 2724 2489 venire
2744 2435 3145 2506 neglexerunt.
3162 2432 3241 2487 Et
3260 2435 3316 2487 in
3337 2450 3499 2503 regna
3518 2449 3658 2504 gen-

2045 2523 2193 2577 tium
2228 2522 2444 2593 effunde
2469 2523 2629 2589 iram,
2651 2538 2769 2593 quae
2807 2538 2998 2576 nomen
3044 2528 3195 2576 tuum
3226 2538 3333 2575 non
3380 2524 3656 2577 invocave-

2046 2618 2196 2667 runt.
2233 2611 2435 2681 Regna
2463 2613 2520 2664 et
2551 2612 2755 2681 gentes
2784 2626 2889 2682 pro
2936 2610 3143 2665 eodem
3187 2610 3283 2665 hic
3319 2610 3517 2678 habet,
3554 2609 3658 2665 sed

2048 2700 2222 2756 aliam
2248 2715 2477 2753 causam
2499 2698 2680 2761 addit,
2704 2714 2883 2769 quare
2905 2714 3074 2769 super
3095 2714 3191 2753 eos
3202 2698 3290 2753 ira
3301 2698 3655 2767 effundatur,

2048 2787 2263 2843 scilicet
2292 2786 2427 2859 quia
2463 2801 2570 2839 non
2620 2788 3012 2853 invocaverunt,
3046 2785 3103 2839 id
3142 2789 3228 2841 est
3274 2785 3409 2857 quia
3436 2801 3656 2840 nomen

2048 2876 2171 2943 Dei,
2210 2875 2482 2947 quodest
2511 2873 2808 2939 Dominus,
2840 2873 3107 2928 invocare
3144 2875 3541 2945 neglexerunt.

339 2967 598 3034 spectum
629 2962 828 3018 damni
867 2966 962 3017 aut
995 2961 1402 3017 misericordias
1431 2963 1490 3018 in
1521 2980 1724 3018 eorum
1756 2968 1946 3020 morte
1977 2976 2024 3036 ο
2119 2966 2186 3019 Et
2207 2964 2335 3018 ideo
2366 2962 2551 3017 adhuc
2570 2963 2802 3033 eﬂ'unde,
2832 2964 2961 3034 quia
2990 2962 3327 3017 comederunt
3369 2962 3562 3029 Jacob,
3592 2961 3657 3017 id

338 3055 789 3123 reputaverunt;
822 3051 921 3105 sed
955 3051 1257 3122 effuderunt
1297 3054 1610 3121 sanguinem
1643 3070 1822 3106 eorum
1864 3053 1944 3106 vi-

338 3140 540 3209 riliter,
574 3143 632 3195 et
656 3140 778 3194 sine
819 3142 1084 3209 respectu
1125 3139 1325 3193 damni
1370 3140 1636 3211 alicujus,
1689 3147 1947 3211 tanquam

342 3245 541 3300 aquam
562 3228 620 3283 in
642 3229 803 3298 cujus
815 3227 1091 3281 effusione
1115 3243 1304 3297 neque
1327 3227 1723 3282 misericordia
1743 3228 1947 3300 aliquis

344 3321 823 3387 movetur,neque
840 3315 1122 3368 damnum
1150 3314 1382 3385 aliquod
1412 3316 1805 3385 reputatur.Et
1829 3330 1946 3368 non

344 3406 404 3461 in
427 3390 489 3476 3
511 3390 526 3475 Ι
546 3388 609 3474 9
628 3420 742 3459 uno
762 3405 882 3457 solo
910 3403 1037 3456 loco
1055 3418 1260 3456 eorum
1287 3405 1597 3472 sanguinem
1625 3403 1946 3473 e/I‘uderunt,

342 3493 490 3548 sedet
514 3494 569 3544 in
589 3487 1237 3554 circuituHierusalem,id
1249 3488 1582 3543 estcircuitu
1598 3489 1769 3544 totius
1786 3507 1952 3544 mun-

346 3581 426 3647 di,
450 3580 775 3649 ubicunque
816 3578 899 3631 est
938 3575 1275 3629 Hierusalem
1295 3576 1354 3630 id
1380 3579 1465 3630 est
1494 3577 1758 3632 Ecclesia.
1787 3578 1951 3642 Quod

344 3672 430 3724 est
449 3668 667 3723 dicere:
686 3665 904 3736 Ubique
930 3668 1218 3719 terrarum
1233 3664 1580 3730 effuderunt,
1595 3666 1728 3737 quia
1739 3666 1949 3738 ubique

344 3760 631 3810 terrarum
646 3754 883 3809 dilatata
911 3756 997 3807 est
1031 3753 1389 3809 Ecclesia.Et
1423 3772 1527 3808 non
1552 3772 1762 3827 paucos
1801 3756 1946 3810 occi-

343 3843 574 3911 derunt,
602 3842 703 3898 sed
730 3845 818 3897 tot
852 3844 992 3913 quot
1020 3859 1127 3895 non
1171 3849 1285 3895 erat
1326 3842 1581 3897 fidelium
1636 3846 1949 3898 conventus

343 3935 629 4003 superstes
644 3932 739 4002 qui
762 3930 1017 4000 sepeliret,
1044 3929 1103 3983 id
1133 3932 1218 3983 est
1246 3945 1363 3984 non
1395 3934 1734 4001 supererant
1778 3933 1864 3985 tot
1888 3931 1949 3984 fl-

343 4020 581 4085 delium,
611 4018 708 4090 qui
739 4017 999 4071 sufﬁcere
1031 4020 1269 4086 possent
1299 4017 1372 4071 ad
1400 4018 1796 4089 sepeliendum
1828 4034 1948 4072 cor-

343 4123 486 4177 pora
516 4105 855 4161 occisorum.

415 4195 483 4247 Et
515 4193 590 4247 sic
615 4192 801 4246 viliter
832 4195 888 4245 et
918 4191 1041 4245 sine
1063 4190 1280 4246 ultione
1302 4190 1626 4259 manifesta,
1658 4194 1786 4248 tuos
1816 4209 1945 4264 per-

2046 3057 2131 3109 est
2148 3053 2566 3119 devoraverunt
2584 3050 2784 3105 ﬁdeles
2795 3049 2891 3122 qui
2904 3054 3071 3105 erant
3086 3053 3394 3107 luctatores
3409 3051 3659 3126 tui,pnr—

2049 3145 2195 3205 tem,
2220 3145 2282 3195 ut
2302 3139 2570 3205 diximus,
2603 3138 2688 3194 sui
2718 3139 3126 3194 conformitate
3156 3122 3663 3212 polluendo,¥eli~

2047 3246 2190 3301 quos
2217 3232 2411 3283 autem
2443 3226 2868 3283 occidendo.Et
2889 3227 3248 3283 comedenda
3275 3228 3705 3299 Jacob,locum-

2047 3318 2159 3388 ejus
2188 3316 2576 3382 desolaverunt,
2611 3314 2669 3368 id
2703 3317 2789 3369 est
2827 3315 2953 3369 illos
2979 3315 3077 3386 qui
3108 3316 3414 3370 voluerunt
3436 3316 3496 3369 in
3527 3316 3657 3370 loco

2050 3405 2172 3475 ejus
2199 3404 2272 3459 ad
2301 3403 2479 3458 ﬁdem
2530 3402 2832 3458 succedere
2862 3403 3244 3470 desolaverunt,
3277 3403 3657 3474 perterrendo

2050 3510 2147 3549 eos
2176 3496 2364 3547 morte
2386 3491 2561 3563 ipsius
2584 3491 2780 3547 Jacob.
2805 3490 2904 3544 Vel
2935 3490 3106 3545 locum
3130 3490 3243 3560 ejus
3270 3490 3659 3558 desolaverunt,

2049 3580 2358 3635 Ecclesiam
2373 3578 2587 3634 scilicet
2605 3579 2667 3632 in
2688 3595 2801 3650 qua
2812 3578 3128 3633 secundum
3147 3577 3429 3633 unitatem
3452 3577 3587 3634 fidei
3600 3580 3662 3633 et

2048 3668 2343 3723 charitatis
2366 3666 2732 3722 concorditer
2763 3666 3102 3732 manebant,
3124 3666 3246 3738 ejus
3272 3669 3461 3722 morte
3488 3666 3657 3722 deso-

2047 3758 2225 3811 latam
2250 3756 2532 3810 fecerunt.
2566 3756 2676 3810 Pro
2724 3753 2922 3824 seipsis
2954 3744 3169 3821 autem,
3213 3756 3384 3809 orant
3415 3753 3494 3808 sic
3529 3769 3542 3807 :
3576 3755 3658 3809 De

2048 3845 2317 3916 gentibus
2337 3842 2707 3899 concedimus
2725 3845 2785 3896 ut
2795 3841 2880 3897 ira
2892 3845 2989 3897 tua
3001 3841 3060 3896 in
3073 3857 3169 3896 eas
3187 3842 3656 3898 effundatur.Pro

2048 3932 2214 3987 nobis
2225 3948 2357 3986 vero
2383 3947 2676 4001 rogamus,
2702 3932 2884 3985 utnos
2899 3946 3004 4001 pro
3032 3928 3430 4000 iniquitatibus
3446 3928 3659 3985 nostris

2046 4019 2294 4092 antiquis
2305 4018 2548 4073 deficere
2572 4035 2690 4073 non
2715 4017 2977 4090 patiaris.
3003 4017 3090 4071 Ne
3118 4019 3416 4072 memineris
3447 4018 3654 4089 iniqui-

2046 4113 2218 4163 tatum
2247 4114 2549 4161 nostrarum
2576 4108 2939 4178 antiquarum,
2962 4104 3175 4178 quiain
3208 4105 3529 4178 baptimate
3560 4121 3653 4160 re-

2046 4196 2232 4251 missae
2256 4198 2409 4262 sunt,
2424 4193 2635 4249 scilicet
2650 4194 2786 4265 quia
2815 4198 3013 4266 postea
3039 4193 3097 4247 in
3130 4210 3226 4248 eas
3254 4197 3480 4266 partem
3513 4192 3656 4248 reci-

346 4284 528 4338 mittis
548 4279 830 4348 interﬁci;
865 4297 969 4334 nos
998 4279 1209 4334 residui
1240 4283 1298 4334 et
1323 4281 1675 4350 superstites,
1695 4283 1832 4351 facti
1858 4299 1939 4336 su-
1970 4256 2023 4316 D
2048 4284 2255 4350 dimus,
2273 4299 2390 4337 non
2421 4283 2569 4354 ipsas
2589 4298 2623 4336 a
2644 4281 2809 4337 nobis
2830 4298 3008 4353 usque
3025 4281 3098 4336 ad
3125 4280 3499 4335 novissimum
3519 4298 3655 4353 qua-

345 4390 461 4426 mus
480 4370 839 4441 opprobrium,
860 4368 920 4422 id
939 4371 1024 4422 est
1037 4384 1207 4423 causa
1218 4369 1511 4440 opprobrii
1534 4372 1715 4424 vicinis
1735 4374 1944 4439 nostris,

342 4461 401 4516 id
434 4463 518 4513 est
542 4458 652 4513 illis
672 4457 769 4530 qui
783 4458 1031 4529 jamjam
1056 4456 1128 4510 ad
1147 4456 1322 4511 ﬁdem
1355 4458 1616 4528 exemplo
1644 4459 1824 4513 nostri
1853 4476 1945 4513 ac-

344 4549 547 4603 cedere
561 4545 1064 4612 volebant,scilicet
1085 4545 1165 4599 eis
1183 4546 1561 4615 opprobrium
1581 4550 1665 4601 est
1678 4549 1832 4619 quod
1848 4565 1948 4602 un-

345 4653 519 4709 quam
539 4634 705 4689 nobis
724 4633 1075 4689 conformari
1097 4634 1416 4688 voluerunt.
1443 4633 1520 4687 Et
1540 4636 1620 4688 his
1640 4638 1736 4708 qui
1754 4638 1945 4690 suntin

343 4726 567 4781 circuitu
586 4728 762 4777 nostra
780 4722 838 4777 id
860 4725 945 4775 est
959 4721 1055 4793 qui
1072 4725 1204 4775 sunt
1225 4721 1283 4775 in
1319 4722 1707 4792 elongatione,
1742 4723 1946 4779 infide-

344 4814 426 4869 les
452 4827 860 4884 usquequaque
892 4813 949 4864 et
980 4810 1052 4864 ad
1100 4808 1271 4863 ﬁdem
1316 4810 1644 4864 nullatenus
1677 4812 1947 4866 accedere

342 4898 758 4963 volentes,facti
781 4914 978 4952 sumus
992 4897 1334 4951 subsannatio
1355 4912 1460 4967 per
1480 4902 1705 4967 gestum
1723 4899 1866 4965 nasi,
1887 4902 1950 4953 ut

342 4991 656 5060 corrugent
676 5002 846 5040 nares
872 4984 946 5039 ad
973 4983 1320 5039 derisionem
1352 4985 1561 5053 nostri;
1585 4992 1634 5039 et
1654 4986 1823 5040 illusio
1846 5003 1948 5058 per

340 5078 537 5145 verba,
557 5079 621 5130 ut
645 5072 1065 5129 contumeliosa
1087 5072 1262 5126 verba
1280 5071 1339 5125 in
1363 5089 1468 5126 nos
1483 5074 1947 5138 evomant.Quod

343 5171 426 5222 est
447 5165 667 5220 dicere:
691 5162 963 5217 Derident
983 5176 1088 5215 nos
1108 5163 1166 5213 et
1195 5162 1361 5230 gestu
1384 5164 1440 5214 et
1471 5161 1673 5215 verbis.
1694 5162 1945 5217 Subsan-

296 5283 317 5297 υ
342 5270 503 5319 nare,
536 5255 620 5307 est
651 5266 852 5305 nasum
902 5266 969 5302 ex
1016 5248 1250 5318 alicujus
1290 5248 1559 5318 despectu
1615 5266 1944 5320 corrugare.

413 5343 635 5396 Utvero
658 5338 1079 5410 posteasolvat;
1112 5354 1179 5391 ex
1212 5337 1391 5391 nimia
1421 5338 1841 5408 compassione,
1870 5340 1948 5393 sic

341 5429 718 5503 quaestionem
737 5427 872 5481 facit
887 5417 905 5480 Ξ
926 5424 1059 5480 Dico
1080 5426 1234 5497 quod
1252 5425 1328 5479 sic
1342 5425 1528 5479 viliter
1543 5442 1647 5479 nos
1663 5426 1948 5495 permittis

340 5517 542 5589 affligi,
577 5519 636 5573 et
660 5515 717 5570 in
742 5516 854 5573 hoc
872 5513 1287 5574 viderisiratus.
1304 5514 1372 5568 Et
1388 5529 1671 5586 usquequo,
1694 5513 1944 5585 Domine,

2048 4373 2316 4427 drantem
2346 4371 2538 4441 exigas
2571 4370 2791 4441 (Matth.
2822 4388 2877 4439 v,
2909 4370 3021 4442 26),
3062 4372 3120 4424 et
3144 4386 3248 4441 pro
3288 4368 3377 4423 his
3407 4370 3653 4425 deficere

2046 4460 2368 4533 permittas.
2401 4460 2500 4513 Vel
2532 4462 2879 4531 im’quitatum
2912 4460 3264 4530 antiquarum
3292 4473 3433 4529 quas
3460 4461 3654 4528 patres

2048 4547 2688 4615 nostri-commiserunt,
2720 4563 2847 4617 qua:
2877 4550 3072 4601 tamen
3103 4549 3314 4600 nostra:
3352 4548 3485 4600 sunt
3521 4562 3655 4601 cum

2047 4653 2247 4692 earum
2275 4636 2578 4707 participes
2602 4635 3010 4689 fiamusAliter
3038 4634 3194 4689 enim
3229 4650 3347 4689 non
3361 4638 3658 4705 oporteret

2047 4726 2120 4780 de
2133 4725 2214 4779 eis
2229 4724 2457 4791 timere,
2478 4723 2586 4778 nisi
2599 4723 2811 4779 conscii
2838 4736 3090 4778 essemus
3104 4739 3212 4778 nos
3223 4722 3456 4777 easdem
3483 4723 3657 4794 parii-

2047 4811 2440 4885 cipare.Filius
2468 4810 2628 4866 enim
2652 4827 2770 4865 non
2791 4809 3430 4882 portabitiniquitatem
3452 4811 3653 4882 patris,

2047 4901 2091 4956 si
2117 4900 2307 4955 eidem
2342 4898 2631 4970 iniquitati
2670 4914 2967 4953 assensum
3024 4915 3143 4952 non
3185 4896 3531 4952 adhibuerit.
3559 4898 3657 4954 Vel

2048 4989 2391 5060 iniquitatum
2426 4989 2790 5058 antiquarum,
2824 4986 2883 5041 id
2907 4990 2993 5041 est
3024 4987 3150 5057 jam
3183 4987 3358 5054 longo
3390 4988 3658 5056 tempore

2047 5075 2494 5148 praeteritarum,
2512 5078 2641 5146 post
2663 5074 3163 5148 baptisma_ta_lnen
3188 5073 3493 5127 factarum.
3519 5073 3657 5129 Dico

2046 5146 2113 5218 ne
2135 5165 2431 5217 memineris
2450 5165 2818 5235 iniquitatum;
2832 5146 3129 5232 sed3
3144 5163 3250 5215 cito
3269 5163 3658 5232 anticzpentnos

2047 5252 2438 5318 misericordiae,
2462 5252 2519 5304 id
2551 5254 2637 5305 est
2668 5250 3066 5305 miserationes
3094 5257 3218 5318 tuae,
3250 5249 3464 5303 scilicet
3477 5250 3654 5304 bene-

2046 5339 2176 5394 ﬁcia
2188 5338 2596 5394 misericordiae
2612 5342 2745 5392 tUEB.
2765 5338 2928 5402 Quod
2951 5340 3037 5392 est
3069 5336 3259 5391 dicere
3287 5339 3651 5407 :Antequam

2048 5428 2121 5483 ad
2152 5428 2439 5483 defectum
2471 5444 2537 5481 ex
2568 5426 2860 5481 debilitate
2890 5425 3207 5492 veniamus,
3233 5424 3500 5479 citissime
3522 5425 3653 5480 sub-

2051 5516 2285 5576 veniant
2314 5514 2480 5574 nobis
2509 5514 2716 5571 auxilia
2746 5512 3153 5575 misericordiae
3182 5513 3392 5570 tuae.Et
3414 5528 3646 5574 necesse
