4008 6040
315 292 442 357 ίοϐί
524 335 534 345 ›

1264 294 1622 358 EXPOSITIO
1655 296 1725 357 IN
1763 296 2098 359 PSALMOS.
2140 332 2209 345 --
2246 301 2441 362 PSAL.
2483 303 2675 364 LXXIX

3484 313 3622 379 1062

311 422 397 479 est
416 422 480 479 ut
502 418 840 498 anticipent,
871 419 998 514 quia
1010 438 1111 514 per
1135 425 1436 514 peccatum
1471 422 1609 481 Adae
1648 424 1788 497 facti
1824 442 1913 482 su-
1935 426 1991 491 Α
2013 425 2223 501 septies
2250 428 2438 502 majus
2468 427 2890 503 improperium
2923 428 2984 488 in
3014 431 3186 492 corde
3207 449 3409 496 eorum
3441 455 3618 514 quam

309 528 429 569 mus
456 514 614 567 nimis
622 528 900 585 pauperes,
923 511 1137 569 scilicet
1162 528 1296 569 cum
1324 512 1482 587 prius
1510 530 1793 586 pauperes
1822 531 1910 570 es-

310 618 523 670 semus,
542 602 601 657 id
634 606 718 657 est
746 601 1162 658 insufﬁcieutes
1186 618 1292 674 per
1320 619 1446 671 nos,
1481 606 1641 658 nimis
1655 621 1914 675 pauperes

306 691 445 761 facti
465 708 665 758 sumus,
702 690 761 745 id
787 694 872 747 est
901 691 1076 746 nimis
1119 691 1527 747 insufﬁcientes
1573 696 1631 748 et
1674 693 1908 748 debiles.

307 779 459 853 Ergo
498 780 632 852 quia
651 797 846 835 sumus
890 781 1047 835 nimis
1082 798 1361 852 pauperes,
1384 780 1583 835 oDeus
1639 781 1909 849 salutaris,

307 866 368 925 id
387 872 472 925 est
527 870 785 926 Salvator
813 872 1010 925 noster
1054 886 1158 940 per
1184 874 1435 925 mortem
1485 869 1685 937 crucis,
1710 868 1912 940 adjuca

306 975 400 1014 nos
430 958 505 1014 ad
528 958 794 1015 inimicos
821 958 1202 1015 devincendes
1227 962 1287 1013 et
1329 958 1789 1029 incorporandos
1815 977 1832 1013 :
1863 966 1913 1013 et

308 1047 471 1104 libera
499 1066 613 1117 nos,
635 1064 707 1103 ne
740 1048 1054 1103 vincamur.
1069 1048 1146 1102 Et
1174 1048 1283 1104 hoc
1310 1064 1428 1102 non
1447 1050 1684 1120 propter
1705 1047 1913 1103 merita

307 1141 535 1193 nostra:
560 1138 661 1194 sed
679 1144 899 1210 propter
915 1139 1147 1208 gloriam
1166 1138 1396 1192 nominis
1427 1138 1534 1205 tui,
1586 1138 1818 1205 scilicet,
1847 1140 1911 1192 ut

306 1244 524 1284 nomen
549 1230 711 1284 tuum
734 1227 870 1283 inde
891 1227 1263 1299 gloriﬁcatur.
1285 1226 1361 1280 Et
1383 1244 1456 1282 ne
1482 1227 1909 1298 apraesentibus

306 1316 555 1388 peccatis
585 1315 995 1386 impediamur,
1014 1316 1285 1387 propitius
1310 1322 1415 1370 esto
1436 1317 1670 1387 peccatis
1690 1318 1904 1384 nostris,

306 1405 686 1483 praesentibus
700 1404 1056 1476 indulgendo
1076 1410 1313 1476 :prOpter
1335 1420 1524 1458 nomen
1538 1410 1711 1472 tuum,
1728 1405 1907 1460 uthac

307 1493 605 1549 occasione
635 1493 1039 1566 magniﬁcetur
1055 1509 1272 1549 nomen
1293 1497 1479 1548 tuum.
1511 1494 1580 1549 Et
1596 1492 1723 1547 ideo
1744 1493 1908 1548 libera

305 1599 379 1637 ne
404 1583 695 1649 cedamus,
739 1599 805 1636 ne
831 1584 971 1652 forte
999 1582 1180 1636 dicant
1228 1584 1285 1635 in
1319 1581 1585 1652 gentibus,
1612 1580 1671 1636 id
1720 1583 1806 1635 est
1835 1598 1907 1636 ne

305 1672 508 1742 gentes
527 1669 843 1726 dicanthoc
872 1670 1026 1742 quod
1051 1669 1290 1724 stultum
1321 1672 1383 1724 et
1402 1669 1708 1724 fortuitum
1737 1672 1905 1736 esset,

2013 516 2181 571 nobis
2203 517 2744 590 improperaverint.
2772 521 2840 576 Et
2866 522 2976 577 hoc
3006 526 3092 579 est
3119 542 3185 581 ac
3237 527 3283 582 si
3316 528 3493 586 dicat:
3512 531 3621 589 Fac

2013 608 2078 659 ut
2104 606 2310 678 septies
2335 609 2561 663 tantum
2583 609 2688 664 sibi
2716 610 3114 682 improperent
3149 620 3431 686 quantum
3456 621 3625 676 nobis

2015 691 2557 767 improperaverint,
2586 700 2741 771 quod
2771 700 2841 754 de
2870 702 2978 756 hoc
3012 703 3177 757 nobis
3198 705 3623 777 improperave-

2012 785 2150 834 runt
2176 781 2236 862 in
2262 785 2435 839 corde
2469 791 2797 857 gementes.
2834 790 2944 845 Per
2984 793 3377 862 septenarium
3410 795 3622 867 quippe

2013 885 2344 939 numerum,
2376 874 2860 947 multiplicitatem
2888 877 3412 951 improperationis,
3445 900 3620 955 quam

2011 956 2117 1010 sibi
2144 958 2335 1013 facere
2362 961 2594 1029 debent,
2618 964 2888 1019 ostendit.
2923 964 3048 1021 Sive
3088 984 3191 1040 per
3225 971 3617 1040 septenarium

2012 1045 2361 1116 septiformis
2393 1049 2667 1122 accipitur
2691 1053 2898 1124 gratia,
2933 1071 3049 1125 qua
3082 1055 3289 1115 imbuti
3318 1058 3425 1113 sibi
3465 1060 3621 1130 quod

2014 1134 2164 1188 male
2195 1141 2440 1207 egerunt
2470 1139 3381 1214 multipliciterimproperabunt.
3398 1147 3621 1204 Dicitur

2011 1223 2208 1276 autem
2238 1238 2338 1278 cor
2363 1223 2539 1292 sinus,
2558 1242 2627 1280 eo
2642 1229 2796 1298 quod
2809 1229 2881 1283 ad
2893 1231 3133 1285 modum
3156 1232 3311 1288 sinus
3335 1238 3621 1290 secretum

2009 1308 2082 1363 sit
2112 1312 2170 1364 et
2196 1311 2402 1365 latens.
2451 1312 2585 1368 Dico
2628 1316 2782 1370 redde
2834 1317 2916 1371 eis
2956 1320 3327 1392 improperium
3365 1325 3617 1395 ipsorum.

2007 1396 2124 1451 Nos
2160 1405 2338 1455 autem
2362 1398 2407 1453 si
2435 1401 2545 1456 hoc
2592 1401 2796 1458 feceris
2845 1404 3151 1462 existentes
3197 1411 3428 1480 populus
3476 1418 3617 1480 tuus,

2009 1491 2079 1552 et,
2114 1488 2174 1538 ut
2196 1486 2380 1558 magis
2395 1487 2603 1557 dicam,
2632 1491 2936 1548 existentes
2950 1510 3065 1548 oves
3067 1512 3284 1564 pascuae
3313 1504 3437 1565 tuae,
3457 1514 3618 1570 quas,

2011 1573 2225 1628 scilicet
2254 1576 2519 1632 doctrina
2537 1579 2721 1650 pascis
2738 1584 2795 1635 et
2816 1580 3099 1653 sapientia
3112 1583 3391 1652 interiori,
3410 1588 3620 1656 conﬁte-

2013 1663 2184 1718 bimur
2202 1666 2303 1719 tibi
2330 1668 2386 1720 in
2399 1668 2673 1744 sarculum,
2704 1669 2765 1724 id
2795 1672 2880 1724 est
2925 1672 3286 1729 laudabimus
3308 1677 3364 1729 te
3408 1678 3467 1730 et
3499 1692 3618 1744 ore,

304 1739 517 1813 scilicet
533 1775 608 1814 ne
647 1758 841 1814 dicant
862 1739 965 1815 :_U
967 1759 1019 1813 bi
1031 1765 1103 1814 est
1127 1758 1271 1813 Deus
1283 1773 1468 1813 eorum
1491 1759 1519 1811 φ
1543 1773 1609 1812 ac
1634 1758 1680 1811 si
1711 1757 1863 1812 dicat
1889 1774 1906 1810 :
1935 1741 1985 1800 B
2011 1754 2069 1805 et
2094 1752 2286 1821 corde,
2319 1757 2377 1808 et
2603 1774 2799 1829 opere,
2816 1760 3475 1830 quandiusaeculumhoc
3487 1739 3618 1820 erit:

301 1849 412 1920 Ipsi
445 1848 748 1905 Christiani
765 1849 1064 1922 jactabant
1091 1865 1152 1904 se
1180 1850 1364 1904 Deum
1402 1848 1638 1915 habere,
1692 1847 1789 1920 qui
1812 1864 1909 1902 eos

299 1937 502 1993 ﬁrmos
522 1940 583 1991 et
602 1939 931 1992 constantes
942 1937 1182 2003 faceret,
1199 1952 1271 1991 ne
1293 1936 1587 1991 cederent.
1613 1936 1682 1990 Et
1697 1935 1794 1990 ubi
1825 1937 1909 1991 est

299 2024 477 2081 modo
497 2024 526 2080 ?
555 2026 644 2080 vel
670 2041 955 2098 nusquam
985 2027 1105 2093 est;
1131 2025 1219 2079 vel
1237 2024 1281 2079 si
1314 2040 1557 2096 usquam
1593 2027 1697 2092 est,
1726 2023 1911 2094 impo-

298 2116 430 2169 tens
448 2116 553 2168 est.
579 2113 717 2169 Orat
745 2129 975 2186 quoque
1002 2129 1107 2185 pro
1122 2123 1286 2186 parte
1308 2112 1738 2180 salvandorum,
1779 2112 1858 2167 sic
1893 2129 1906 2167 :

300 2202 544 2258 Oramus
568 2206 632 2257 ut
660 2201 886 2258 liberes.

370 2292 441 2345 Et
466 2291 577 2346 hoc
607 2291 783 2346 etiam
805 2307 1039 2346 oramus
1080 2292 1145 2345 ut
1163 2290 1296 2346 ultio
1338 2291 1614 2360 sanguinis
1643 2305 1911 2343 servorum

300 2386 514 2434 tuorum
550 2382 646 2451 qui
689 2381 884 2451 effusus
909 2385 1004 2434 est.
1031 2378 1180 2433 Ultio
1210 2377 1335 2433 dico
1415 2377 1681 2433 facienda
1712 2395 1747 2432 a
1771 2381 1829 2433 te
1855 2379 1911 2434 in

298 2468 618 2523 nationibus
629 2467 890 2539 gentium
915 2469 1227 2534 innotescat,
1267 2466 1327 2521 id
1350 2469 1435 2521 est
1456 2468 1657 2539 aperta
1678 2466 1779 2521 ﬁat
1791 2466 1906 2522 exi-

299 2558 456 2611 stens
485 2572 666 2611 coram
690 2556 851 2610 oculis
871 2558 1082 2623 nostris,
1112 2556 1170 2609 id
1200 2559 1284 2609 est
1314 2554 1687 2610 manifestam
1715 2555 1773 2609 in
1824 2555 1906 2610 eis

298 2644 581 2700 ultionem
612 2660 831 2711 exerce,
863 2660 1040 2716 quam
1063 2643 1240 2698 oculis
1257 2643 1579 2698 videamus.
1610 2645 1678 2697 Et
1702 2646 1764 2697 ut
1783 2643 1906 2698 ιιωο

297 2731 440 2788 ultio
467 2750 646 2788 coram
673 2732 834 2787 oculis
853 2734 1047 2787 nostris
1090 2734 1399 2799 innotescat,
1447 2734 1674 2785 introeat
1703 2731 1775 2785 ad
1795 2732 1905 2785 hoc

296 2825 362 2877 ut
389 2821 464 2877 sit
485 2820 545 2875 in
566 2826 841 2893 conspectu
883 2827 993 2881 tuo.
1024 2820 1083 2875 id
1135 2823 1220 2875 est
1246 2819 1304 2875 in
1336 2819 1777 2891 beneplacentia
1806 2822 1906 2874 tua

293 2912 519 2981 gemitus
548 2910 979 2982 compeditorum,
1014 2907 1231 2965 scilicet
1276 2908 1566 2964 orationes
1603 2924 1743 2980 quas
1772 2924 1904 2962 cum

296 2997 609 3070 gemitibus
623 3014 729 3070 pro
745 2999 854 3053 hac
876 2997 1093 3052 ultione
1109 2995 1529 3068 fundimus,qui
1544 3012 1740 3051 sumus
1753 3012 1907 3051 com-
1932 3025 1980 3085 ρ

294 3086 476 3158 pediti
500 3087 603 3154 tui,
625 3086 838 3143 scilicet
856 3085 1026 3141 vincti
1048 3086 1326 3158 compede
1346 3087 1765 3157 praeceptorum
1778 3087 1904 3139 tuo-

294 3191 447 3243 rum,
480 3177 567 3230 vel
588 3174 763 3230 vincti
786 3191 891 3246 pro
928 3178 986 3229 te
1016 3174 1297 3246 compede
1318 3173 1785 3228 tribulationum.
1804 3173 1904 3227 Ex-

290 3262 458 3336 ponit
484 3266 679 3318 autem
700 3263 886 3336 ipsam
900 3262 1204 3329 ultionem,
1238 3278 1370 3317 cum
1385 3261 1548 3317 addit
1569 3278 1582 3315 :
1604 3261 1741 3317 Dico
1760 3261 1900 3316 ultio

294 3354 610 3420 innotescat;
643 3368 771 3424 quae
802 3351 941 3406 ultio
971 3350 1207 3423 quidem
1239 3350 1310 3405 sit
1340 3350 1483 3406 haec.
1503 3352 1659 3421 Ipsas
1698 3353 1901 3421 gentes

292 3439 473 3495 factas
501 3439 634 3495 filios
683 3439 965 3511 spiritales
1011 3439 1457 3494 mortificatorum
1494 3437 1703 3509 posside
1724 3455 1740 3491 :
1761 3455 1826 3492 ac
1853 3438 1900 3493 si

295 3528 448 3584 dicat
475 3545 488 3583 :
521 3528 629 3583 Fac
658 3531 723 3582 ut
752 3527 888 3600 ipsae
917 3527 1019 3582 ﬁlii
1071 3526 1252 3582 nostri
1279 3526 1424 3582 ﬁant
1450 3543 1463 3582 :
1491 3543 1593 3598 per
1640 3529 1898 3581 nostram

291 3616 765 3690 praedicationem
786 3615 1098 3688 acquisita,
1132 3615 1229 3688 qui
1269 3631 1374 3688 pro
1398 3618 1453 3669 te
1479 3615 1899 3671 mortiﬁcamur

291 3704 353 3760 in
373 3722 567 3772 carne,
581 3704 604 3775 j
616 3705 709 3777 ugi
728 3703 1122 3760 tribulatione.
1141 3704 1208 3759 Et
1224 3707 1353 3777 post
1370 3719 1466 3758 eas
1480 3704 1707 3774 posside,
1732 3703 1791 3758 id
1813 3706 1896 3758 est

291 3792 398 3850 tibi
423 3793 601 3849 subde
630 3796 690 3848 et
712 3810 869 3865 rege.
903 3793 972 3846 Et
988 3793 1098 3847 hoc
1131 3792 1217 3846 fac
1244 3791 1529 3845 secundum
1570 3792 1894 3863 magnitudi-

291 3898 413 3937 nem
435 3882 646 3937 brachii
659 3883 756 3949 tui,
788 3881 848 3936 id
864 3883 949 3936 est
959 3880 1274 3936 secundum
1300 3879 1766 3952 magnitudinem
1782 3896 1903 3935 ma-

294 3986 426 4042 gna;
454 3968 806 4025 fortitudinis
826 3972 959 4037 tuae,
994 3968 1205 4024 scilicet
1230 3967 1384 4041 quod
1414 3968 1581 4023 fortis
1610 3970 1668 4023 et
1699 3972 1904 4041 potens

295 4074 355 4113 es
383 4058 457 4113 ad
485 4059 594 4114 hoc
623 4058 938 4131 agendum.
960 4058 1075 4112 Hoc
1088 4059 1282 4112 autem
1305 4057 1460 4130 quod
1483 4059 1632 4113 Deus
1655 4074 1753 4112 eos
1773 4074 1903 4130 pos-

276 4145 505 4202 sidebit
524 4149 691 4202 vocat
732 4146 1034 4209 ultionem,
1084 4160 1217 4200 cum
1266 4146 1405 4202 utile
1450 4146 1523 4201 sit
1545 4146 1645 4213 eis,
1675 4148 1733 4200 et
1762 4145 1901 4200 ultio

296 4250 415 4289 non
440 4234 621 4290 soleat
648 4234 826 4306 accipi
845 4234 951 4289 nisi
978 4234 1038 4288 in
1078 4235 1337 4302 malum;
1370 4234 1470 4289 sed
1506 4250 1610 4305 per
1638 4234 1901 4289 similitu-

2011 1840 2079 1893 Et
2099 1840 2276 1896 etiam
2320 1845 2757 1900 annuntiabimus
2788 1847 2995 1903 laudem
3028 1855 3196 1917 tuam,
3231 1853 3288 1905 et
3323 1853 3379 1904 in
3399 1870 3620 1921 genera-

2012 1929 2151 1983 tione
2197 1930 2364 2002 hujus
2386 1933 2622 1989 mundi:
2646 1937 2703 1989 et
2732 1936 2922 1991 eundo
2955 1954 3130 2009 usque
3159 1940 3215 1993 in
3233 1943 3624 2008 generationem

2010 2015 2285 2085 futuram,
2311 2021 2544 2091 quando
2576 2038 2824 2094 corpora
2873 2027 3071 2079 nostra
3095 2027 3618 2097 regenerabuntur.

2012 2104 2177 2170 Quod
2202 2110 2287 2161 est
2316 2108 2539 2164 dicere:
2572 2111 2637 2165 Et
2665 2111 2758 2166 hic
2783 2112 3148 2168 laudabimus
3179 2117 3254 2181 te,
3274 2115 3404 2169 etin
3422 2116 3617 2171 futuro

2012 2196 2448 2251 annuntiabimus
2478 2197 2685 2253 laudem
2733 2207 2898 2269 tuam,
2926 2200 2986 2256 id
3012 2204 3095 2256 est
3151 2203 3622 2259 annuntiabimus

2013 2280 2342 2338 inﬁdelibus
2367 2284 2463 2356 qui
2485 2285 2580 2340 hic
2599 2290 2654 2342 te
2676 2289 3001 2359 negligunt,
3030 2292 3090 2344 te
3112 2289 3463 2347 laudabilem
3476 2308 3618 2362 esse,

2010 2384 2115 2440 per
2144 2372 2609 2444 magnitudinem
2635 2377 3072 2447 gloriﬁcationis
3102 2382 3333 2435 nostrae.

2493 2464 2559 2518 IN
2590 2464 2913 2522 PSALMUM
2953 2467 3167 2523 LXXIX.

2077 2546 2294 2603 Titulus
2346 2553 2720 2624 septugesimi
2774 2554 2936 2610 noni.
2970 2554 3038 2609 In
3074 2557 3235 2625 ﬁnem
3285 2572 3389 2627 pro
3427 2556 3507 2611 his
3526 2558 3659 2629 qui.

2006 2628 2400 2691 commutantur
2417 2642 2776 2697 testimonium
2797 2642 3005 2714 Asaph,
3052 2644 3308 2699 Psalmus
3326 2660 3428 2716 pro
3455 2628 3619 2716 Assy-

2007 2724 2118 2776 riis.
2156 2723 2319 2787 Quod
2344 2727 2422 2781 sic
2451 2730 2916 2801 exponiturzlste
2935 2733 3179 2803 psalmus
3206 2734 3292 2787 est
3310 2749 3487 2804 agens
3507 2751 3610 2804 pro

2004 2810 2085 2865 his
2107 2814 2202 2884 qui
2252 2816 2607 2871 immutantur
2636 2821 2692 2872 in
2723 2820 2898 2888 linem,
2960 2820 3020 2876 id
3070 2823 3155 2875 est
3202 2825 3259 2875 et
3279 2821 3612 2877 Judaeorum

2007 2900 2065 2989 et
2092 2900 2355 2971 gentium
2408 2904 2673 2989 ut‘ilitate,
2714 2908 2811 2978 qui
2858 2908 3071 2963 scilicet
3116 2908 3295 2964 Judaei
3325 2912 3383 2964 et
3409 2911 3613 2982 gentes

2007 2986 2572 3048 immutabuntur‘de
2610 2998 2889 3051 vetustate
2914 2997 2973 3051 in
3008 2997 3343 3052 novitatem.
3404 2998 3472 3051 Et
3499 2998 3612 3053 hoc

2008 3076 2063 3128 in
2094 3077 2271 3146 linem,
2301 3079 2361 3134 id
2381 3084 2465 3135 est
2510 3082 2568 3136 in
2598 3083 3017 3153 perfectionem
3044 3102 3055 3139 :
3086 3085 3177 3139 hic
3205 3085 3420 3141 scilicet
3450 3102 3609 3141 com-

2006 3165 2384 3223 mutabuntur
2404 3185 2471 3223 ex
2500 3175 2681 3241 parte,
2705 3173 3023 3227 secundum
3040 3173 3311 3228 virtutum
3332 3173 3605 3228 honesta-

2003 3254 2151 3320 tem;
2183 3258 2241 3309 et
2264 3255 2323 3309 in
2348 3257 2540 3313 futuro
2555 3260 2873 3315 secundum
2889 3261 3089 3334 gloriae
3104 3261 3420 3335 perfectam
3449 3278 3611 3317 accu-

2002 3341 2412 3402 mulationem.
2452 3347 2552 3401 Vel
2573 3350 2629 3401 in
2658 3349 2836 3416 linem,
2871 3350 2927 3405 id
2960 3350 3115 3405 estin
3137 3351 3423 3406 Christum
3450 3367 3610 3406 com-

2002 3431 2380 3487 mutabuntur
2400 3434 2612 3491 scilicet
2641 3436 2700 3491 in
2730 3438 3199 3494 conformitatem
3226 3439 3346 3511 ejus
3372 3438 3611 3507 redacti,

2003 3517 2099 3588 qui
2129 3519 2261 3574 ﬁnis
2291 3524 2375 3576 est
2404 3525 2723 3597 prOphetiaa
2768 3530 2825 3581 et
2854 3527 3016 3599 legis.
3052 3530 3119 3583 Et
3167 3531 3253 3583 est
3300 3529 3478 3584 etiam
3507 3529 3613 3582 iste

1990 3605 2228 3674 psalmus
2260 3626 2437 3681 agens
2455 3629 2558 3682 pro
2583 3612 2844 3683 Assyriis,
2878 3615 2938 3669 id
2969 3619 3054 3670 est
3103 3620 3206 3687 pro
3238 3617 3483 3671 utilitate
3506 3618 3609 3671 As-

1998 3694 2311 3765 syriorum,
2341 3699 2671 3755 Iudaeorum
2686 3703 2897 3757 scilicet
2920 3704 3016 3775 qui
3048 3703 3247 3759 dicunt
3265 3722 3325 3760 se
3357 3706 3614 3777 Assyrios

2000 3796 2122 3835 esse
2153 3798 2289 3838 cum
2311 3802 2428 3840 non
2453 3787 2587 3854 sint,
2612 3788 2824 3844 scilicet
2853 3790 3120 3845 dicuntse
3161 3790 3474 3863 dirigentes
3493 3808 3614 3847 esse

2002 3866 2061 3922 in
2087 3869 2234 3941 lege,
2287 3889 2419 3928 cum
2472 3875 2659 3947 potius
2693 3876 2769 3931 ibi
2820 3877 2933 3931 sint
2963 3877 3406 3950 distorquentes.
3434 3880 3502 3934 Et
3529 3883 3616 3934 est

2001 3959 2260 4025 psalmus
2284 3961 2389 4017 iste
2433 3967 2788 4021 testimonium
2824 3965 3011 4037 Asaph
3037 3969 3096 4020 et
3120 3966 3303 4022 ﬁdelis
3333 3970 3390 4021 et
3418 3966 3618 4022 infide-

2003 4042 2091 4098 lis.
2126 4047 2332 4105 Fidelis
2362 4052 2598 4123 quidem
2618 4054 2810 4126 Asaph
2839 4057 2923 4108 est
2946 4054 3344 4110 testimonium
3371 4055 3615 4111 creduli-

2006 4140 2138 4197 tatis
2169 4140 2310 4211 ejus,
2359 4139 2575 4195 scilicet
2623 4141 2757 4212 quia
2786 4142 2934 4196 bene
2986 4143 3167 4198 credit
3211 4145 3456 4200 salutem
3495 4161 3617 4200 esse

2006 4246 2110 4301 per
2141 4228 2450 4295 Christum,
2480 4245 2609 4283 cum
2643 4229 2781 4284 dicit
2804 4230 3082 4298 ;Ostende
3115 4231 3323 4287 faciem
3376 4236 3539 4289 tuam
3560 4237 3619 4289 et

296 4322 495 4378 dinem
526 4322 733 4378 dicitur
762 4303 924 4379 ultio.
959 4322 1116 4378 Sicut
1136 4322 1295 4377 enim
1319 4303 1597 4377 victor—de
1623 4323 1787 4377 hoste
1818 4338 1905 4375 su-
1928 4303 1981 4361 D
2006 4316 2390 4374 salvierimus.
2442 4316 2694 4373 Inﬁdelis
2712 4319 2947 4390 quidem
2970 4320 3160 4391 Asaph
3175 4320 3283 4376 hoc
3308 4322 3483 4377 modo
3534 4325 3620 4377 est

293 4415 496 4484 perato
513 4427 547 4466 a
561 4412 805 4479 se,hanc
831 4411 1133 4478 ultionem,
1149 4410 1354 4483 saepius
1375 4410 1600 4480 accipit,
1625 4410 1778 4482 quod
1797 4410 1900 4464 du-

295 4498 373 4553 cit
401 4516 535 4554 eum
554 4503 684 4572 post
699 4516 758 4555 se
777 4500 851 4555 ad
880 4498 1110 4555 libitum
1122 4513 1314 4565 suum,
1344 4501 1402 4552 et
1432 4497 1670 4552 vinculis
1688 4498 1899 4564 nectit;

295 4586 374 4641 sic
391 4589 608 4643 etDeus
629 4587 757 4643 illos
776 4586 876 4659 qui
903 4586 1008 4641 sibi
1037 4586 1196 4657 prius
1249 4586 1402 4639 male
1462 4584 1689 4657 agendo
1731 4601 1901 4656 repu-

295 4679 609 4747 gnant,per
633 4675 1041 4748 praedicatores
1062 4672 1313 4729 devictos
1325 4672 1411 4729 sui
1422 4688 1693 4745 sequaces
1704 4672 1900 4741 efﬁcit,

296 4765 356 4817 et
374 4763 598 4819 vinculo
626 4766 1050 4836 praeceptorum
1076 4778 1313 4817 suorum
1350 4762 1549 4817 nectit.

367 4851 501 4907 Dico
543 4852 769 4922 posside,
814 4858 865 4905 et
916 4850 1051 4922 quia
1076 4851 1196 4923 ipse
1228 4850 1393 4905 nobis
1412 4848 1725 4922 opprobria
1754 4849 1902 4904 infe-

291 4940 475 4995 rendo
524 4940 629 4995 tibi
684 4940 1105 5013 improperant,
1150 4939 1261 4994 illis
1302 4939 1467 4994 factis
1508 4940 1694 4993 vicinis
1718 4940 1905 4993 nostris

292 5028 618 5083 accedendo
644 5029 718 5083 ad
747 5028 947 5095 ﬁdem,
984 5028 1139 5082 redde
1162 5028 1372 5091 insinu,
1422 5026 1480 5081 id
1531 5030 1617 5081 est
1642 5026 1699 5080 in
1730 5026 1903 5082 corde

291 5133 473 5171 eorum
525 5116 821 5187 septuplum
860 5118 1296 5187 improperiorum
1335 5118 1605 5186 ipsorum:
1639 5116 1816 5187 quod,
1845 5114 1905 5169 id

292 5206 378 5260 est
398 5221 466 5260 eo
486 5205 627 5277 quod
671 5205 1117 5276 exprobrauerunt
1144 5204 1257 5271 tibi,
1296 5205 1545 5269 Domine,
1593 5202 1755 5258 nobis
1800 5218 1901 5273 op-

289 5293 587 5365 probrium
613 5291 936 5348 inferendo.
974 5291 1139 5356 Quod
1190 5293 1277 5345 est
1305 5290 1494 5345 dicere
1521 5308 1533 5345 :
1566 5291 1709 5355 Quia
1733 5290 1901 5345 nobis

290 5381 745 5454 improperando
768 5380 870 5435 tibi
906 5394 1136 5452 quoque
1167 5378 1633 5449 exprobraverunt,
1682 5378 1771 5432 fac
1803 5394 1897 5435 eas

290 5469 455 5525 nobis
484 5487 589 5542 per
619 5470 794 5526 ﬁdem
812 5469 1045 5537 vicinas,
1080 5470 1137 5523 et
1167 5484 1272 5540 pro
1303 5466 1656 5539 imprOperio
1689 5482 1891 5521 eorum

289 5559 457 5615 nobis
489 5561 549 5614 et
576 5557 678 5614 tibi
707 5558 880 5623 facto,
904 5558 1057 5612 redde
1086 5556 1167 5613 eis
1196 5556 1288 5611 hic
1318 5555 1645 5629 praemium,
1683 5552 1894 5611 scilicet

2004 4405 2425 4474 testimonium,
2443 4409 2506 4460 ut
2531 4423 2661 4461 eam
2688 4407 2989 4462 convincat
3017 4425 3210 4463 errare
3231 4410 3302 4465 de
3333 4410 3442 4466 hoc
3463 4411 3619 4483 quod

2008 4493 2318 4559 Christum,
2336 4497 2511 4564 negat
2526 4510 2647 4549 esse
2670 4496 3034 4563 salvatorem,
3059 4514 3190 4551 cum
3215 4502 3413 4569 aperte
3433 4502 3620 4554 osten-

2008 4583 2107 4659 dat
2137 4581 2588 4637 destructionem
2606 4583 2822 4638 Judaici
2838 4584 3035 4657 populi
3048 4585 3254 4640 Christi
3278 4590 3616 4659 contempo-

2006 4670 2189 4737 ranei,
2219 4686 2345 4741 quae
2369 4670 2451 4724 eis
2480 4671 2786 4744 contingit,
2807 4689 2876 4728 eo
2899 4674 3054 4746 quod
3085 4674 3273 4746 ipsum
3297 4675 3615 4746 Christum,

2006 4758 2366 4813 Salvatorem
2398 4774 2522 4812 esse
2570 4763 2947 4830 negaverunt.
2982 4761 3139 4816 Hanc
3182 4762 3358 4834 igitur
3388 4763 3606 4818 destru—

2006 4846 2260 4902 ctionem
2307 4845 2576 4912 ostendit,
2609 4847 2706 4901 ubi
2763 4848 3283 4905 dicitzDestruaisti
3327 4855 3614 4907 maceriam

2005 4936 2138 5006 ejus,
2170 4937 2279 4989 etc.
2314 4935 2381 4988 Et
2408 4934 2554 4988 bene
2577 4934 2783 4990 dicitur
2814 4954 2985 5008 agere
3016 4955 3120 5010 pro
3150 4938 3239 4994 his
3277 4940 3375 5012 qui
3401 4940 3613 4996 immu-

2004 5025 2301 5090 tabuntur,
2318 5025 2376 5078 et
2381 5038 2482 5093 pro
2499 5022 2765 5093 Assyriis.
2784 5024 3057 5080 Collectio
3079 5043 3330 5100 namque
3350 5027 3611 5086 ﬁdelium

2005 5113 2179 5183 longe
2206 5114 2341 5166 ante
2387 5109 2591 5165 Christi
2625 5114 2852 5184 tempus
2906 5113 3186 5183 existens;
3221 5118 3307 5170 vel
3338 5116 3436 5172 illa
3485 5135 3613 5189 qua:

2006 5200 2156 5256 circa
2184 5203 2414 5273 tempus
2445 5199 2569 5271 ejus
2593 5201 2861 5268 existens,
2890 5218 3025 5257 eum
3054 5202 3245 5258 videre
3286 5206 3520 5273 meruit,
3551 5211 3616 5262 ut

2004 5290 2238 5345 Simeon
2277 5288 2463 5358 justus
2490 5290 2549 5342 et
2598 5289 2934 5357 Nathanael,
2991 5293 3048 5344 et
3071 5290 3262 5346 caeteri
3302 5294 3493 5363 plures
3522 5293 3610 5348 in-
3706 5350 3715 5357 _

1999 5378 2319 5436 traducitur
2344 5378 2402 5432 in
2441 5378 2550 5432 hoc
2592 5379 2835 5449 psalmo,
2864 5394 2931 5435 ex
2970 5378 3149 5434 nimia
3179 5379 3480 5436 affectione
3509 5383 3610 5437 ad-

2000 5470 2204 5523 ventus
2245 5466 2452 5521 Christi
2478 5466 2576 5539 qui
2604 5466 2853 5521 nimium
2882 5467 2993 5542 ipsi
3024 5465 3284 5522 differtur
3321 5470 3612 5540 suspirans

2001 5560 2060 5613 et
2088 5572 2259 5613 orans
2284 5558 2347 5616 ut
2367 5558 2513 5613 Deus
2534 5557 2703 5613 Pater
2731 5553 2979 5619 mittens
2995 5571 3129 5616 eum
3148 5572 3317 5633 quem
3344 5557 3613 5615 missurus
