4008 6040
474 261 612 322 1063

1077 259 1138 319 S.
1177 258 1522 319 BRUNONIS
1560 256 2198 321 CARTHUSIANORUM
2230 260 2698 322 INSTITUTORIS
2736 262 2894 323 OPP.
2932 260 3112 321 PARS
3146 261 3172 320 ῐ
3364 290 3395 307 -

3646 258 3815 321 1064

467 387 574 453 est,
598 400 704 459 per
732 379 906 457 ipsius
932 380 1246 439 adventum
1275 381 1639 438 convertatet
1666 380 1844 437 salvet
1872 394 2075 436 omnes
2100 388 2156 450 Α
2179 382 2318 450 veni,
2358 381 2440 439 ita
2474 381 2689 439 scilicet
2739 379 2868 439 dico
2899 381 3039 450 veni,
3080 385 3143 437 ut
3187 377 3357 437 salvos
3409 377 3585 451 facias
3635 393 3754 436 nos
3787 393 3809 449 ;

468 476 532 532 in
562 478 828 544 tempore
854 471 1041 545 gratia
1064 472 1384 539 salvandos,
1413 474 1535 526 tam
1565 474 1767 541 gentes
1779 486 1955 541 quam
1984 470 2076 523 Ju-

473 565 646 620 dieos.
670 563 807 619 Orat
837 577 1066 633 quoque
1091 575 1196 632 pro
1219 563 1381 631 parte
1401 560 1729 614 Judaeorum
1752 558 1811 612 in
1832 557 1945 612 ﬁne
1963 560 2071 612 sal-

468 653 813 717 vandorum,
847 653 905 704 et
946 649 1194 704 ostendit
1219 647 1665 702 destructionem
1694 646 2068 713 Hierusalem,

466 741 601 813 quia
624 738 963 795 visitationis
993 754 1107 792 suae
1138 740 1365 807 tempus
1394 753 1513 791 non
1542 736 1829 807 cognovit.
1849 736 2072 790 Hocau-

462 833 584 887 tem
602 830 731 885 ideo
745 827 1325 891 facit,utostendendo
1344 828 1624 898 quantum
1637 824 1899 879 habuerit
1918 824 2073 879 Chri-

467 920 536 973 sti
568 918 843 972 adventus
874 916 1313 983 desiderium,et
1330 915 1506 970 etiam
1548 913 1905 969 ostendendo
1936 929 2068 984 per-

465 1005 745 1061 ditionem
760 1020 984 1071 eorum,
1017 1003 1115 1075 qui
1135 1019 1268 1057 eum
1300 1000 1561 1057 venerari
1583 1000 2067 1071 neglexerunt,ad

472 1093 646 1165 ipsius
672 1092 1104 1147 venerationem
1134 1108 1240 1145 nos
1267 1089 1567 1163 proniores
1589 1088 1812 1143 reddat.

540 1180 648 1248 Qui
669 1184 803 1252 regis
832 1179 1002 1235 Israel
1055 1178 1284 1233 intende.
1321 1178 1485 1242 Quod
1512 1180 1597 1232 est
1621 1177 1837 1232 dicere:
1860 1176 2065 1231 ODeus

464 1271 634 1326 Pater
656 1271 753 1341 qui
776 1271 911 1339 regis
937 1268 1109 1323 Israel
1129 1268 1340 1322 scilicet
1369 1267 1566 1321 ﬁdeles
1614 1266 1684 1320 de
1723 1265 1931 1319 Judmis
1963 1264 2062 1319 de-

462 1358 724 1413 ducendo
749 1357 820 1411 de
840 1356 1047 1410 virtute
1074 1355 1132 1409 in
1152 1355 1443 1421 virtutem,
1487 1368 1718 1408 oramus
1744 1352 1970 1418 intende,
2004 1351 2062 1406 id

460 1449 547 1501 est
567 1445 857 1500 intentum
885 1447 940 1498 te
960 1444 1049 1497 fac
1084 1443 1141 1496 in
1169 1442 1341 1513 ipsius
1370 1443 1539 1496 Israel
1569 1441 1871 1511 regimine.
1904 1441 1970 1493 Et
2001 1444 2061 1494 tu

460 1535 556 1604 qui
582 1533 794 1588 deducis
833 1532 1051 1602 Joseph,
1083 1530 1141 1584 id
1167 1534 1250 1584 est
1276 1529 1519 1583 deduces
1570 1529 1846 1599 populum
1878 1527 2061 1599 genti-

460 1623 576 1677 lem
598 1620 1051 1676 convertendum
1081 1619 1151 1673 de
1177 1619 1333 1673 bono
1353 1618 1411 1672 in
1435 1616 1657 1685 melius,
1688 1616 1783 1688 qui
1807 1617 1915 1670 erit
1961 1617 2059 1669 Jo-

2178 473 2234 525 et
2263 470 2355 526 hic
2377 488 2411 526 a
2439 471 2685 544 peccatis
2705 470 2839 526 etin
2868 470 3062 526 futuro
3104 468 3361 543 perfecta
3411 466 3755 525 salvatione
3789 483 3807 536 ;

2174 560 2316 615 sicut
2336 561 2409 615 ad
2432 561 2688 632 priorem
2723 561 2999 633 pOpulum
3024 558 3248 626 venisti,
3276 558 3596 613 secundum
3626 557 3812 612 auxi-

2171 648 2314 703 lium
2342 648 2562 720 gratiae,
2596 651 2659 703 ut
2706 649 2778 703 ab
2806 646 3207 720 Egyptiorum
3249 646 3522 701 servitute
3552 662 3657 701 eos
3684 645 3816 700 sal-

2171 753 2352 791 vares.
2404 738 2540 792 Dico
2596 737 2770 792 salvos
2797 737 2972 806 facias
2986 752 3079 790 nos
3107 752 3119 789 :
3148 737 3207 789 et
3255 751 3369 802 nos,
3400 734 3620 788 scilicet
3648 737 3812 789 ante

2170 828 2399 897 tempus
2426 825 2632 880 Christi
2649 825 2974 890 existentes,
3008 822 3106 896 qui
3128 839 3261 877 eum
3284 839 3403 878 non
3431 822 3803 889 videbimm,

2169 913 2227 967 id
2257 916 2342 968 est
2366 913 2663 986 eripiendo
2692 929 2727 968 a
2754 912 3026 980 tenebris,
3050 912 3111 966 in
3138 912 3344 983 quibus
3372 914 3504 981 post
3524 914 3808 965 mortem

2169 1001 2561 1057 detinebimur
2585 1018 2691 1074 pro
2709 1001 2976 1072 originali
2998 1004 3256 1073 peccato;
3295 1002 3352 1054 et
3374 999 3578 1054 ﬁdeles
3594 998 3802 1053 nostri

2166 1090 2512 1157 conformes,
2542 1089 2640 1162 qui
2660 1090 2720 1145 in
2749 1093 3015 1161 tempore
3036 1089 3159 1160 ejus
3195 1090 3388 1154 erunt,
3419 1086 3742 1158 eripienda
3767 1102 3807 1141 a

2166 1178 2743 1250 peccatiszutrosque
2802 1180 2998 1232 autem
3046 1180 3107 1231 et
3132 1192 3245 1243 nos,
3303 1173 3521 1229 scilicet
3564 1177 3629 1227 et
3653 1189 3796 1239 eos,

2162 1268 2315 1321 salva
2344 1266 2598 1339 perfecta
2614 1267 2930 1323 salvatione
2951 1266 3010 1321 in
3028 1265 3239 1321 futuro.
3268 1263 3561 1328 Quoniam
3582 1265 3801 1317 autem

2163 1355 2610 1411 indeterminate
2664 1356 2887 1411 dixerat
2931 1356 3086 1410 salva
3123 1370 3237 1421 nos,
3294 1353 3482 1423 ipsam
3511 1350 3797 1430 salvatio-

2162 1459 2299 1498 nem
2316 1445 2570 1516 exponit,
2589 1445 2666 1499 sic
2691 1462 2703 1498 :
2720 1444 2874 1512 Dico,
2894 1445 3066 1499 salva.
3104 1443 3293 1497 Ethoc
3312 1440 3490 1496 modo
3502 1439 3795 1512 quidem:

2163 1531 2207 1586 Ο
2242 1534 2388 1587 Deus
2416 1533 2624 1588 ostende
2652 1534 2849 1602 faciem
2880 1538 3048 1599 tuam,
3079 1531 3141 1585 id
3160 1534 3245 1585 est
3264 1529 3469 1584 Filium
3493 1527 3796 1601 quifacies

2160 1621 2259 1673 tua
2285 1636 2540 1691 congrue
2571 1621 2797 1688 dicitur,
2820 1637 2889 1676 eo
2917 1620 3074 1693 quod
3102 1636 3206 1693 per
3224 1635 3356 1673 eum
3374 1616 3784 1689 cognosceris,

455 1712 600 1783 sep/2,
634 1709 693 1764 id
736 1713 821 1764 est
851 1711 1276 1780 augmentatus,
1306 1707 1532 1773 intende,
1562 1706 1621 1760 id
1651 1708 1735 1760 est
1772 1706 2060 1760 intentum
2088 1698 2138 1757 Β
2159 1707 2469 1763 sicuttotus
2488 1709 2812 1780 perfaciem
2830 1711 3006 1765 homo
3034 1708 3416 1779 cognoscitur,
3435 1721 3504 1760 ac
3519 1706 3571 1760 si
3586 1705 3788 1760 dicat:

456 1804 514 1855 te
537 1801 627 1854 fac
650 1798 723 1853 ad
745 1798 953 1868 Joseph
984 1795 1414 1863 deducendum,
1443 1811 1507 1849 ac
1536 1794 1581 1848 si
1613 1793 1763 1849 dicat
1791 1810 1803 1848 :
1834 1793 1977 1858 Quia
2004 1797 2060 1847 te

454 1889 757 1960 potentem
782 1900 902 1940 esse
924 1884 1341 1956 cognoscimus,
1374 1882 1444 1937 ad
1468 1884 1636 1937 Israel
1649 1882 1969 1953 regendum
2003 1884 2063 1936 et

451 1976 660 2047 Ioseph
688 1973 1208 2044 augmentandum,
1241 1975 1299 2027 et
1335 1972 1444 2026 hoc
1475 1970 1675 2043 spiritu
1722 1969 2059 2042 prOphetico

453 2063 856 2136 praevidemus,
880 2061 1035 2134 quod
1063 2061 1172 2115 hoc
1195 2061 1504 2132 utrumque
1523 2059 1718 2126 facies,
1752 2074 1985 2112 oramus
1998 2059 2061 2111 ut

452 2152 687 2208 festines
714 2152 787 2206 ad
805 2151 1026 2205 intense
1043 2150 1364 2220 regendum
1393 2152 1451 2203 et
1478 2148 1901 2203 deducendum.
1924 2144 2057 2202 Dico

454 2240 610 2312 quod
625 2240 823 2311 Joseph
854 2239 1120 2293 deduces.
1152 2238 1361 2310 Joseph
1389 2237 1537 2303 dico,
1570 2243 1630 2290 ut
1659 2252 1828 2302 ovem,
1872 2234 1928 2289 id
1976 2237 2061 2289 est

452 2332 651 2401 utpote
665 2345 830 2384 ovem
843 2345 1017 2400 quem
1036 2327 1248 2381 scilicet
1272 2343 1339 2380 ex
1379 2340 1519 2380 cane
1533 2326 1900 2379 mansuetum
1920 2323 2060 2378 facis

452 2421 517 2472 ut
529 2434 696 2472 ovem
736 2417 884 2483 dico,
919 2416 1146 2481 intende,
1170 2415 1347 2469 ethoc
1367 2414 1541 2469 modo
1563 2413 1949 2467 videlicetzTu
1966 2413 2061 2484 qui

452 2506 592 2561 sedes
602 2523 757 2576 super
773 2504 1082 2571 Cherubim,
1101 2502 1161 2558 id
1174 2507 1259 2558 est
1271 2503 1368 2576 qui
1388 2504 1821 2574 perseveranter
1834 2499 2059 2555 habitas

453 2598 510 2650 et
525 2592 840 2649 dominaris
869 2593 925 2647 in
959 2592 1276 2648 coelestibus
1313 2590 1667 2663 spiritus,qui
1701 2593 1832 2643 sunt
1845 2589 2055 2644 Cheru-

452 2681 658 2750 bim,id
675 2684 759 2736 est
774 2682 929 2754 pleni
945 2680 1181 2736 scientia
1196 2684 1308 2735 tuae
1320 2678 2054 2751 cognitionis.mani/'estare,

451 2769 510 2825 id
524 2772 609 2825 est
623 2769 990 2824 manifestum
1011 2771 1065 2824 te
1083 2768 1175 2823 fac
1198 2785 1301 2841 per
1341 2767 1538 2834 ﬁdem,
1570 2784 1749 2821 coram
1767 2764 2053 2836 Ephraim,

451 2857 752 2928 Beniamin
776 2864 825 2911 et
848 2857 1116 2924 Manasse,
1142 2856 1200 2910 id
1226 2860 1311 2911 est
1338 2872 1533 2910 coram
1566 2855 1828 2909 fidelibus
1858 2854 2058 2908 utrius-

452 2963 562 3018 que
590 2947 806 3019 populi,
838 2945 935 3017 qui
967 2961 1100 2999 cum
1129 2945 1304 2999 modo
1352 2944 1467 2998 sint
1491 2943 1591 2998 ﬁlii
1624 2942 1873 3039 adoptivi
1923 2958 2055 3014 per-
2080 2980 2127 3039 Ο

451 3034 684 3089 ditionis
730 3038 787 3088 et
833 3033 955 3097 iras,
1011 3033 1153 3087 ﬁent
1196 3034 1229 3088 ὁ,
1267 3036 1324 3087 te
1356 3032 1669 3103 Beniamin,
1731 3030 1791 3085 id
1822 3026 1925 3084 'est
1953 3030 2055 3084 ﬁlii

450 3122 719 3189 dexterae,
772 3122 984 3177 scilicet
1036 3120 1136 3175 ﬁlii
1175 3120 1426 3192 adoptivi
1463 3136 1567 3190 per
1614 3120 1812 3185 ﬁdem,
1859 3118 1955 3190 qui
1981 3119 2055 3173 ad

451 3210 744 3265 dexteram
761 3210 874 3280 maj
884 3209 1077 3264 estatis
1089 3211 1199 3263 tua)
1213 3210 1648 3263 collocabuntur
1662 3206 1721 3261 in
1751 3207 1945 3260 futuro
1968 3222 1981 3271 ;
1998 3208 2056 3259 et

449 3314 580 3352 cum
606 3298 721 3351 sint
763 3298 981 3351 steriles
1032 3297 1093 3351 in
1163 3296 1430 3367 operibus
1486 3295 1674 3361 honis,
1732 3294 1904 3348 facies
1957 3309 2055 3347 eos

446 3387 734 3456 Ephraim,
762 3384 823 3440 id
839 3387 922 3439 est
975 3387 1027 3437 in
1061 3384 1192 3438 bona
1246 3384 1666 3452 fructificantes;
1700 3386 1758 3437 et
1786 3398 1916 3436 cum
1941 3380 2055 3435 sint

448 3473 507 3528 in
539 3473 782 3529 terrenis
827 3489 885 3527 se
916 3473 1283 3540 delectantes,
1318 3472 1490 3526 facies
1520 3488 1638 3538 eos,
1690 3469 1960 3536 Manasse,
1991 3469 2051 3524 id

448 3565 533 3616 est
570 3565 801 3617 terrena
860 3561 1272 3616 obliviscentes.
1322 3560 1623 3629 Bcnjamin
1683 3559 1893 3629 quippe
1955 3558 2056 3611 ﬁlii

445 3650 689 3705 dexterae.
726 3649 995 3721 Ephraim
1028 3652 1222 3703 autem
1491 3649 1860 3718 fructi/ieatio.
1938 3648 2049 3702 Ma-

445 3756 638 3795 nasses
655 3756 786 3795 vero
817 3739 1005 3793 oblivio
1036 3738 1480 3809 interpretatur;
1516 3736 1826 3791 Cherubim
1858 3738 2051 3791 autem

437 3827 711 3899 plenitudo
764 3828 1002 3882 scientiae
1054 3826 1277 3881 dicitur.
1320 3827 1387 3880 Et
1429 3827 1539 3880 hoc
1564 3828 1649 3879 est
1677 3841 1741 3879 ac
1772 3824 1815 3877 si
1853 3824 2001 3879 dicat
2035 3842 2047 3880 :

439 3916 522 3970 Tu
551 3916 646 3988 qui
668 3916 796 3987 jam
823 3916 965 3970 esin
988 3914 1191 3969 notitia
1221 3916 1584 3985 angelorum,
1614 3912 1674 3968 in
1729 3912 1932 3983 quibus
1961 3912 2050 3966 in-

442 4008 729 4058 cessanter
757 4005 1002 4069 habitas,
1034 4003 1341 4058 manifesta
1371 4003 1548 4056 etiam
1600 4001 1736 4056 tein
1765 4000 1969 4054 notitia
1983 4001 2047 4054 ﬁ-

442 4092 655 4145 delium
679 4091 980 4161 utriusque
1012 4092 1229 4161 populi.
1275 4094 1384 4145 Per
1405 4088 1712 4144 Cherubim
1739 4092 1931 4143 autem
1950 4088 2047 4159 qui

442 4195 574 4250 pars
604 4181 737 4231 sunt
757 4178 1070 4233 ccelestium
1119 4178 1445 4248 spirituum,
1490 4176 1682 4232 omnis
1707 4178 2047 4247 angelorum

2159 1796 2363 1851 Filium
2388 1800 2553 1852 tuum
2585 1797 2682 1870 qui
2725 1798 3041 1853 secundum
3093 1796 3250 1869 quod
3278 1797 3429 1850 Deus
3452 1797 3542 1849 est
3575 1792 3785 1848 invisi-

2159 1884 2306 1950 bilis,
2325 1885 2414 1939 fac
2436 1884 2758 1953 incarnari;
2787 1889 2846 1940 et
2884 1885 2962 1940 sic
3014 1900 3149 1939 eum
3198 1882 3504 1939 hominem
3544 1881 3786 1936 factum

2158 1973 2436 2029 visibilem
2462 1974 2720 2030 ostende.
2755 1975 2824 2028 Et
2842 1989 2945 2045 per
2968 1973 3176 2028 faciem
3202 1974 3497 2027 ostensam
3518 1975 3781 2025 converte

2159 2078 2271 2123 nos,
2301 2062 2514 2117 scilicet
2542 2079 2646 2117 nos
2669 2063 2796 2133 jam
2817 2065 2953 2118 tunc
2966 2061 3226 2117 mortuos
3245 2076 3349 2132 per
3361 2075 3501 2114 eum
3533 2062 3792 2113 converte

2159 2166 2193 2203 a
2208 2150 2460 2204 tenebris
2475 2151 2548 2205 ad
2568 2152 2757 2206 lucem
2781 2169 2795 2218 ;
2830 2154 2887 2206 et
2901 2151 3069 2206 nobis
3088 2149 3418 2205 conformes
3429 2147 3657 2202 futuros
3674 2144 3789 2218 qui

2157 2237 2266 2291 vivi
2298 2242 2486 2303 erunt,
2518 2246 2758 2294 converte
2782 2257 2817 2294 a
2845 2239 2993 2294 vitiis
3022 2240 3095 2294 ad
3143 2238 3402 2303 virtutes,
3419 2239 3479 2290 et
3498 2235 3572 2290 ab
3603 2234 3785 2306 igno-

2158 2326 2347 2380 rantia
2374 2327 2447 2381 ad
2471 2327 2551 2381 tui
2582 2328 2898 2398 perfectam
2917 2326 3332 2399 cognitionem.
3358 2324 3437 2378 Et
3456 2325 3568 2379 hoc
3590 2321 3781 2377 modo

2156 2414 2293 2468 salvi
2310 2417 2501 2469 erimus
2522 2432 2727 2470 omnes
2747 2415 2806 2470 in
2826 2416 3041 2483 futuro,
3073 2415 3328 2488 perfecta
3356 2411 3700 2468 salvatione.

2231 2502 2481 2574 Ingemit
2502 2507 2699 2559 autem
2718 2503 2977 2558 ﬁdelium
2999 2503 3258 2559 collectio
3277 2518 3406 2573 quae
3420 2500 3513 2555 hic
3532 2500 3676 2571 agit,
3696 2498 3777 2553 de

2158 2589 2432 2645 dilatione
2454 2591 2893 2662 exspectationis
2903 2608 3018 2647 sum
3037 2591 3263 2663 agendo
3282 2590 3359 2644 sic
3374 2606 3388 2644 :
3405 2589 3543 2644 Dico
3555 2587 3778 2643 ostmde

2154 2678 2351 2747 faciem
2376 2682 2545 2733 tuam.
2578 2681 2644 2733 Et
2663 2696 2796 2735 cum
2826 2680 3002 2753 ipsius
3028 2678 3192 2733 faciei
3235 2677 3631 2733 ostensionem
3661 2676 3775 2731 dif-

2156 2766 2337 2821 feras:
2362 2785 2391 2821 ο
2416 2767 2644 2823 Domine
2673 2769 2838 2835 Deus,
2893 2768 2951 2823 id
2980 2770 3066 2822 est
3095 2770 3321 2822 creator
3360 2768 3629 2820 virtutum
3659 2781 3777 2820 cce-

2154 2854 2405 2922 lestium,
2437 2873 2703 2927 quousque
2752 2857 3017 2923 irasceris,
3050 2855 3111 2911 id
3141 2859 3227 2910 est
3249 2872 3428 2929 usque
3482 2854 3560 2909 ad
3591 2871 3779 2926 quan-

2153 2948 2277 2998 tum
2302 2944 2577 3016 temporis
2588 2944 2869 2999 videberis
2885 2946 3062 2999 iratus
3079 2944 3243 2999 nobis
3263 2961 3383 3000 non
3401 2942 3773 3016 respiciendo

2155 3032 2225 3087 de
2238 3049 2468 3087 summa
2488 3032 2862 3104 dispositione
2888 3036 2988 3087 tua
3004 3051 3158 3104 super
3181 3034 3476 3087 orationem
3489 3033 3636 3087 servi
3659 3033 3766 3096 tui,

2154 3120 2365 3175 scilicet
2427 3137 2545 3175 non
2602 3121 2950 3191 complenda
2996 3122 3153 3193 quod
3200 3137 3434 3176 oramus
3460 3125 3526 3176 ut
3554 3121 3773 3177 faciem

2154 3209 2441 3271 ostendas,
2466 3208 2563 3280 qui
2581 3225 2779 3264 sumus
2809 3211 3053 3282 populus
3086 3209 3188 3264 tibi
3216 3210 3469 3265 serviens
3486 3209 3544 3263 in
3575 3208 3773 3264 omni-

2153 3297 2259 3351 bus
2286 3300 2460 3369 prout
2484 3313 2814 3368 possumus:
2838 3314 2903 3353 ac
2926 3297 2974 3352 si
3020 3298 3204 3353 dicat:
3224 3298 3370 3363 Quia
3399 3301 3631 3353 tantum
3657 3297 3770 3352 dif-

2152 3384 2285 3452 fers,
2314 3386 2482 3441 nobis
2512 3403 2632 3440 esse
2664 3386 2841 3441 iratus
2888 3403 3151 3459 appares.
3182 3389 3405 3442 Etcum
3435 3389 3646 3459 potens
3689 3386 3769 3440 sis

2153 3474 2224 3528 ad
2256 3474 2363 3528 hoc
2383 3474 2697 3544 agendum,
2732 3475 3010 3530 Dominus
3039 3474 3195 3530 enim
3226 3492 3307 3541 es,
3336 3478 3395 3530 et
3422 3476 3572 3529 Deus
3602 3475 3771 3529 acele-

2151 3562 2324 3617 stium
2348 3563 2643 3630 virtutum,
2673 3565 3018 3635 inquantum
3039 3564 3148 3620 hoc
3164 3564 3482 3622 differendo
3507 3562 3764 3617 nobisvi-

2151 3650 2375 3705 debcris
2402 3651 2597 3707 iratus.
2633 3652 2875 3708 Oramus
2906 3655 2967 3707 ut
2982 3652 3191 3708 faciem
3214 3653 3504 3708 ostendas.
3530 3652 3747 3705 Verum

2151 3743 2347 3794 tamen
2379 3741 2517 3794 certi
2540 3757 2736 3795 sumus
2765 3756 2942 3811 quare
2989 3740 3158 3796 nobis
3211 3757 3329 3795 non
3369 3741 3636 3795 conferas
3663 3756 3768 3811 per

2151 3840 2307 3882 eum‘
2334 3827 2562 3899 copiam
2606 3831 2973 3882 terrenarum
3030 3827 3407 3895 deliciarum;
3437 3827 3538 3883 sed
3571 3829 3765 3901 potius

2151 3918 2455 3986 postquam
2483 3914 2736 3982 venerit;
2760 3933 2851 3970 nos
2880 3916 2978 3988 qui
3000 3916 3257 3972 vivemus
3281 3919 3340 3971 et
3357 3916 3411 3971 ei
3441 3916 3765 3971 adhaerebi-

2150 4018 2297 4069 mus,
2325 4004 2519 4057 cibabis
2562 4021 2705 4075 pane
2761 4004 3141 4074 lacrymarum.
3172 4003 3335 4068 Quod
3387 4006 3473 4059 est
3516 4003 3708 4059 dicere
3742 4024 3755 4058 :

2149 4092 2257 4145 Pro
2289 4108 2356 4145 eo
2382 4093 2669 4163 lacrymas
2706 4093 2915 4146 multas
2957 4092 3263 4165 patiemur,
3307 4091 3517 4163 quibus
3538 4092 3759 4147 cibabis

2149 4196 2273 4245 nos,
2306 4179 2365 4233 id
2395 4182 2481 4233 est
2508 4180 2876 4234 confirmabis
2893 4184 2955 4235 ut
2972 4196 3143 4252 pane,
3179 4182 3462 4252 quatenus
3488 4183 3759 4235 constan-

442 4266 750 4321 multitudo
802 4265 1095 4336 accipitur.
1152 4266 1287 4319 Dico
1343 4266 1451 4319 hoc
1500 4265 1675 4319 modo
1726 4264 1955 4332 intende,
1988 4256 2323 4321 utDtiorcs
2351 4267 2869 4335 efﬁciamur;sicut
2895 4283 3043 4338 pane
3091 4268 3309 4323 cibatus
3352 4269 3754 4323 conﬁrmatur.

443 4355 826 4409 manifesteris
845 4369 1041 4409 coram
1067 4353 1347 4421 ﬁdelibus,
1364 4357 1423 4408 et
1451 4354 1558 4408 hoc
1587 4354 1760 4408 modo
1777 4353 1952 4407 etiam
1972 4355 2049 4407 in-

443 4445 610 4498 tende.

509 4532 706 4585 Excz’ta
728 4533 1025 4603 potentiam
1054 4536 1222 4597 tuam,
1291 4530 1351 4585 id
1382 4532 1468 4584 est
1501 4528 1783 4583 beneﬁcia
1832 4529 2048 4602 signiﬁ-

442 4623 569 4674 cata
598 4619 824 4692 pridem
846 4635 949 4689 per
964 4618 1240 4675 miracula
1263 4618 1537 4691 potentiae
1560 4621 1696 4685 tute,
1722 4635 1785 4673 ac
1803 4619 1846 4674 si
1862 4619 2040 4675 dicat:

439 4710 540 4763 Illa
573 4708 849 4763 miracula
879 4724 1004 4779 quae
1033 4707 1091 4761 in
1110 4707 1288 4779 priori
1316 4708 1531 4779 populo
1554 4709 1824 4778 potenter
1845 4724 2046 4779 opera-

439 4799 529 4852 tus
549 4814 628 4863 es,
660 4796 957 4867 eripiendo
976 4812 1073 4851 eos
1100 4796 1170 4849 de
1197 4797 1461 4867 Egypto,
1497 4795 2045 4867 etinterrumpendo

436 4876 600 4940 mare
622 4889 684 4940 et
707 4888 955 4956 petram,
984 4887 1041 4938 et
1066 4887 1274 4938 caetera
1305 4883 1554 4954 agendo,
1582 4900 1709 4955 quae
1739 4899 1870 4937 cum
1900 4900 2045 4955 pra:-

438 4975 609 5029 terita
648 4973 781 5040 sint,
840 4972 1106 5027 videntur
1152 4989 1272 5027 esse
1360 4974 1612 5039 mortua,
1652 4974 1839 5037 excita,
1873 4971 1931 5025 id
1961 4975 2047 5026 est

437 5062 727 5130 resuscita,
775 5061 985 5117 scilicet
1010 5060 1081 5114 ad
1141 5059 1488 5114 memoriam
1544 5059 1719 5114 reduc
1749 5059 2043 5131 operando

438 5149 495 5204 in
522 5149 769 5205 Ecclesia
797 5148 1079 5205 beneﬁcia
1112 5148 1214 5202 abs
1242 5149 1298 5201 te
1327 5147 1408 5201 eis
1456 5150 1712 5217 operata.
1746 5147 1843 5201 Vel
1873 5148 2044 5202 excita

352 5259 361 5265 -
429 5240 743 5308 potentiam,
769 5237 828 5292 id
853 5240 939 5291 est
973 5235 1254 5291 beneﬁcia
1292 5234 1674 5305 signiﬁcantia
1722 5235 2042 5306 potentiam

440 5330 599 5379 tuam
615 5325 840 5396 pridem
854 5326 1153 5395 operatam
1165 5322 1258 5376 .Et
1271 5323 1381 5376 hoc
1398 5321 1572 5376 modo
1586 5321 1824 5393 quidem
1839 5326 2036 5376 excita:

448 5413 584 5465 Veni
596 5413 911 5467 secundum
922 5410 1194 5465 auxilium
1208 5410 1281 5465 ad
1294 5410 1491 5466 nos.Et
1502 5409 1735 5479 exponit
1746 5411 2040 5481 quomodo

440 5498 651 5563 veniat,
707 5516 779 5556 ne
801 5501 980 5556 locale
1020 5499 1214 5555 venire
1252 5498 1727 5570 intelligeremus,
1773 5497 1877 5553 sic:
1904 5498 2038 5554 Dico

2145 4356 2311 4409 Juxta
2330 4356 2484 4427 quod
2509 4355 2645 4410 alibi
2670 4356 2943 4410 habetur:
2962 4356 3167 4410 «Panis
3198 4373 3296 4411 cor
3324 4355 3579 4411 hominis
3618 4373 3757 4412 con-

2149 4443 2342 4497 ﬁrmat
2365 4442 2525 4515 (Psal
2548 4460 2659 4509 cm,
2688 4443 2796 4515 14).
2831 4463 2859 4492 ››
2889 4444 2958 4497 Et
2981 4443 3130 4498 dabis
3174 4444 3320 4498 nobis
3341 4451 3554 4514 potum,
3586 4444 3645 4498 id
3676 4448 3763 4499 est

2146 4532 2421 4603 gaudium
2447 4534 2502 4585 in
2521 4532 2797 4600 lacrymis,
2825 4531 3038 4586 scilicet
3068 4535 3130 4586 ut
3150 4533 3419 4603 lacrymas
3446 4532 3617 4587 nobis
3644 4532 3761 4588 sint

2144 4636 2313 4674 causa
2337 4619 2549 4691 gaudii,
2582 4619 2717 4691 quia
2746 4635 2849 4690 per
2891 4636 2988 4673 eas
3032 4621 3173 4674 certi
3207 4619 3423 4675 erimus
3476 4620 3709 4691 praemii
3736 4639 3756 4683 ;

2144 4707 2286 4761 sicut
2315 4707 2609 4778 potusvini
2637 4707 2847 4761 laetitiae
2863 4724 3032 4762 causa
3053 4711 3138 4762 est
3153 4708 3395 4764 bibenti.
3412 4710 3580 4762 Juxta
3595 4710 3753 4780 quod

2146 4795 2281 4850 alibi
2312 4795 2597 4866 legiturm
2626 4796 2835 4849 Vinum
2861 4796 3112 4853 laetiﬁcat
3139 4813 3240 4851 cor
3257 4797 3509 4851 hominis
3558 4796 3747 4865 (Ibid,

2150 4884 2254 4952 l5).
2285 4904 2313 4931 ››
2345 4882 2479 4937 Dico
2497 4883 2652 4953 quod
2676 4884 2954 4954 gaudium
2994 4883 3140 4937 dabis
3185 4887 3241 4937 in
3293 4885 3549 4955 lacrymi's
3579 4887 3749 4941 nobis.

2144 4969 2213 5024 In
2265 4971 2514 5040 lacrymis
2543 4970 2668 5025 dico
2723 4972 2928 5026 dandis
2957 4973 3017 5027 in
3047 4990 3314 5041 mensura,
3364 4973 3580 5029 scilicet
3610 4992 3753 5047 quas

2145 5075 2261 5114 non
2280 5058 2440 5114 dabis
2451 5060 2600 5131 ultra
2617 5060 2878 5127 modum,
2901 5061 3003 5115 sed
3018 5077 3149 5116 cum
3174 5078 3463 5127 mensura,
3480 5067 3541 5118 ut
3563 5064 3746 5133 potati

2143 5149 2423 5220 possimus
2454 5164 2526 5202 ne
2548 5147 2900 5216 deﬁciamus,
2922 5150 3087 5219 juxta
3112 5150 3252 5205 illud
3289 5151 3546 5222 Apostoli
3571 5169 3585 5205 :
3614 5154 3748 5207 «Fi-

2143 5236 2283 5290 delis
2315 5239 2481 5303 Deus,
2528 5236 2623 5307 qui
2670 5252 2787 5291 non
2844 5237 3092 5307 patietur
3124 5254 3219 5293 vos
3249 5239 3457 5306 tentari
3487 5255 3664 5310 supra
3692 5240 3749 5295 id

2142 5324 2295 5395 quod
2318 5324 2552 5396 potestis
2573 5324 2632 5395 (Ι
2656 5323 2782 5378 Cor.
2812 5342 2865 5391 x,
2904 5328 3007 5393 13).
3032 5326 3218 5389 »Quia
3244 5326 3743 5396 dixeratlucryma-

2142 5429 2281 5479 rum,
2313 5411 2503 5466 innuit
2527 5412 2921 5468 tribulationes
2947 5431 3042 5469 eos
3067 5430 3187 5469 esse
3204 5431 3487 5487 passuros,
3519 5419 3743 5487 partem

2142 5516 2387 5573 quarum
2413 5500 2685 5568 ostendit,
2707 5501 2973 5557 addendo
3028 5502 3109 5558 sic
3145 5520 3159 5558 :
3198 5503 3336 5559 Dico
3372 5503 3529 5576 quod
3554 5504 3749 5561 cibabis
