4004 6052
215 411 355 484 loss

1171 418 1527 486 EXPOSITIO
1562 419 1633 484 IN
1668 416 2004 485 PSALHOS.
2033 451 2108 470 —
2138 419 2334 485 PSAL.
2373 419 2567 486 LXXIX

3385 420 3523 494 1060

210 559 308 604 nos
319 560 465 623 pane
491 538 572 603 lac
641 559 857 603 marum
883 559 897 604 :
922 543 982 604 et
1009 560 1143 604 vere
1171 543 1636 621 lacrymabimur
1662 558 1827 617 mam
1844 545 1901 608 A
1917 543 2063 603 tium
2091 541 2393 623 principes
2418 542 2500 604 eis
2519 538 2888 623 prmvalendo
2916 541 3053 608 inde
3070 545 3225 626 ipsos
3241 549 3527 629 expellere

210 637 437 708 posuisti
688 652 802 706 nos,
834 635 893 692 id
918 638 1006 692 est
1038 652 1219 708 pones
1256 639 1314 692 in
1343 636 1819 693 contradictionem
1919 639 2153 708 possent
2178 654 2193 693 :
2226 654 2473 708 quorum
2488 638 2649 708 plebs
2663 641 2980 696 sustentata
3006 642 3291 708 regimine
3307 647 3525 702 terram

200 619 437 708 posuisti
688 652 802 706 nos,
834 635 893 692 id
918 638 1006 692 est
1038 652 1219 709 pones
1256 619 1314 692 in
1343 636 1819 693 contradictionem

209 727 397 781 vicinis
424 727 636 793 nostris,
680 724 739 780 id
792 728 878 781 est
901 725 1317 781 contribulibus
1343 725 1575 788 nostris,
1600 725 1817 780 scilicet

208 814 511 886 permittes
552 817 615 869 ut
668 813 848 869 Judaei
880 813 979 886 qui
1004 813 1172 868 vicini
1215 814 1395 869 nostri
1414 816 1576 884 sunt,
1612 814 1683 868 de
1722 830 1819 868 ea-

209 902 345 958 dem
389 906 584 973 gente,
617 902 1018 959 contradicant
1066 902 1254 970 nobis,
1287 902 1386 976 q-ui
1433 906 1572 958 tunc
1602 901 1817 958 residui

208 991 444 1059 erimus,
476 1008 545 1048 eo
568 992 723 1064 quod
748 990 856 1063 ipsi
886 991 1308 1047 adhaerebimus
1331 1009 1345 1060 ;
1370 998 1420 1047 et
1440 992 1620 1048 iidem
1645 991 1817 1047 vicini

206 1081 415 1135 inimici
462 1081 639 1134 nostri
663 1079 823 1148 facti,
875 1081 1357 1144 subsannaverunt,
1393 1080 1454 1136 id
1485 1084 1570 1136 est
1597 1080 1811 1136 derise-

204 1172 346 1224 runt
373 1185 466 1223 nos
490 1185 596 1241 pro
629 1185 719 1224 eo.
762 1170 831 1223 Et
878 1168 1139 1242 quamvis
1176 1170 1300 1225 haec
1344 1170 1544 1225 omnia
1566 1170 1816 1225 sciamus

204 1272 313 1332 pro
340 1272 407 1312 eo
435 1272 540 1311 nos
571 1273 692 1311 esse
722 1274 1009 1329 passuros,
1032 1260 1250 1324 tamen,
1284 1257 1382 1313 tali
1412 1261 1578 1329 pacto
1609 1261 1673 1312 ut
1696 1257 1815 1329 ipse

202 1345 418 1409 veniat,
449 1345 566 1417 pati
604 1362 723 1401 non
754 1345 1138 1401 formidamus
1160 1346 1266 1401 ista
1305 1364 1320 1415 ;
1364 1347 1465 1402 sed
1492 1363 1745 1414 oramus,
1779 1362 1813 1401 ο

203 1434 354 1489 Deus
385 1433 671 1500 virtutum,
699 1440 945 1488 converte
976 1450 1095 1501 nos,
1123 1433 1334 1489 ostende
1360 1435 1557 1505 [aciem
1587 1442 1736 1490 tuam
1764 1438 1814 1490 et

202 1524 343 1578 salvi
369 1524 583 1577 erimus.
612 1523 721 1577 Per
736 1522 845 1577 hoc
867 1525 1061 1577 autem
1077 1523 1233 1594 quod
1244 1539 1303 1577 se
1334 1540 1438 1595 pro
1460 1540 1529 1579 eo
1555 1524 1674 1596 pati
1695 1540 1814 1580 non

202 1610 763 1679 formidaredicunt,
793 1615 854 1667 ut
874 1628 980 1685 pro
1008 1628 1075 1667 eo
1094 1612 1213 1684 pati
1243 1628 1361 1668 non
1383 1611 1673 1685 fugiamus
1693 1629 1813 1668 non

204 1701 515 1758 instruunt.

278 1791 449 1845 Facta
492 1789 777 1857 oratione,
829 1793 887 1845 et
915 1794 1145 1848 ostensa
1168 1790 1352 1847 nimia
1380 1791 1682 1848 affectione
1711 1808 1814 1848 sua

1919 639 2153 709 possent
2178 654 2193 693 :
2226 654 2473 710 quorum
2488 638 2649 711 plebs
2663 641 2980 696 sustentata
3006 642 3291 714 regimine
3307 647 3525 702 terram

1920 724 2199 797 implevit.
2233 726 2359 781 Sive
2384 730 2575 797 patres
2596 728 2865 800 antiquos
2890 728 3092 784 radices
3118 731 3349 797 dicit,ex
3378 750 3522 805 quo-

1919 829 2049 867 rum
2076 814 2295 869 semine
2326 814 2427 870 lilii
2457 819 2877 887 processerunt,
2904 821 2962 873 et
2994 822 3209 875 terram
3246 819 3522 893 impleve-

1919 905 2075 971 runt,
2098 902 2242 957 sicut
2271 904 2342 958 de
2370 903 2562 960 radice
2582 906 2865 976 pullulant
2884 908 3053 962 rami.

1991 992 2059 1046 Et
2084 991 2227 1047 adeo
2245 996 2447 1046 terram
2475 993 2733 1065 implevit,
2757 996 2913 1066 quod
2947 996 3124 1052 etiam
3138 1000 3345 1069 operuit
3364 1015 3518 1056 mon-

1919 1086 1991 1134 tes
2020 1081 2211 1134 umbra
2237 1081 2369 1152 ejus,
2392 1080 2452 1135 id
2467 1084 2552 1136 est
2570 1081 2735 1154 copia
2755 1083 2877 1154 ejus
2898 1101 3016 1139 non
3060 1086 3245 1142 solum
3278 1104 3520 1160 occupa-

1914 1167 1996 1222 vit
2024 1168 2259 1239 planam
2290 1172 2528 1237 terram,
2572 1169 2675 1224 sed
2724 1174 2782 1225 et
2819 1176 3100 1228 montana
3126 1174 3360 1245 Judaeas,
3388 1192 3519 1248 quas

1914 1259 2081 1312 erant
2108 1257 2289 1312 ardua
2316 1257 2442 1314 loca
2471 1262 2530 1312 et
2572 1258 2807 1326 inculta,
2852 1277 2887 1315 a
2929 1261 3305 1320 similitudine
3335 1265 3519 1322 vineae

1914 1345 2288 1413 densissimas,
2322 1349 2381 1402 et
2414 1347 2559 1402 adeo
2590 1347 2650 1403 in
2681 1349 2862 1404 altum
2888 1354 3318 1425 ex'screscentis,
3353 1355 3511 1427 quod

1913 1435 2091 1491 etiam
2132 1442 2329 1490 montes
2376 1436 2564 1491 umbra
2607 1436 2720 1507 ejus
2754 1442 2957 1509 operuit
2997 1458 3015 1505 ;
3066 1448 3116 1495 et
3145 1443 3362 1497 arbusta
3404 1445 3518 1515 ejus

1914 1526 2287 1596 operuerunt,
2316 1524 2376 1579 id
2425 1527 2511 1579 est
2548 1530 2989 1598 occupaverunt,
3023 1530 3199 1584 cedros
3226 1530 3348 1599 Dei,
3381 1548 3518 1587 cura

1912 1611 2214 1683 regiminis
2239 1612 2324 1667 sui
2349 1629 2362 1681 ;
2395 1612 2456 1668 id
2503 1616 2587 1668 est
2626 1614 2875 1670 humiles
2906 1616 2976 1671 de
3004 1634 3072 1673 ea
3100 1618 3269 1674 vinea
3298 1620 3515 1677 sutfulti

1913 1700 2147 1755 fuerunt
2170 1717 2204 1754 a
2231 1700 2461 1772 plantis,
2494 1718 2528 1756 a
2556 1702 2788 1774 regibus
2817 1703 3030 1761 scilicet
3050 1710 3108 1761 et
3125 1706 3435 1777 judicibus,
3454 1713 3514 1765 et

1912 1788 2227 1861 prophetis,
2259 1789 2357 1861 qui
2382 1790 2617 1845 fuerunt
2645 1791 2800 1846 cedri
2827 1792 2964 1860 Dei;
2997 1795 3272 1851 sublimes
3302 1798 3519 1853 scilicet

207 1878 278 1934 de
309 1878 559 1934 adventu
597 1878 826 1947 Christi,
881 1881 1191 1935 ostendere
1233 1882 1422 1936 tendit
1449 1881 1606 1953 quod
1635 1880 1812 1935 detri-
1834 1896 1885 1958 Β
1913 1877 2057 1932 adeo
2087 1877 2222 1932 facti
2257 1880 2320 1932 ut
2376 1878 2548 1945 cedri,
2606 1878 2667 1934 in
2725 1880 3025 1936 sanctitate
3064 1886 3122 1937 et
3149 1884 3430 1956 sapientia
3458 1890 3520 1941 et

207 1971 473 2023 mentum
523 1967 779 2040 perpessi
836 1972 969 2023 sunt
995 1969 1176 2024 Judaei
1204 1969 1484 2036 inﬁdeles,
1514 1969 1612 2041 qui
1641 1969 1815 2040 ipsius

206 2057 519 2112 adventum
552 2059 947 2128 neglexerunt.
965 2058 1112 2112 Etut
1139 2058 1816 2128 ostendatdignamhanc

208 2161 411 2199 eorum
448 2144 840 2218 perditionem
865 2162 1007 2213 esse,
1040 2146 1343 2217 praemittit
1371 2146 1651 2201 beneficia
1680 2146 1761 2200 eis
1781 2163 1817 2200 a

210 2234 327 2288 Deo
358 2234 587 2302 collata,
643 2250 894 2306 quorum
925 2234 1224 2289 occasione
1255 2234 1582 2290 debuissent
1602 2235 1815 2289 adven-

212 2324 338 2376 tum
363 2321 470 2377 fitii
495 2321 593 2377 Dei
612 2339 729 2377 non
752 2322 1186 2394 negligere.Seu
1199 2323 1376 2379 etiam
1391 2323 1500 2378 hac
1517 2322 1817 2379 occasione

211 2409 493 2466 beneficia
524 2409 631 2465 ista
660 2410 981 2482 praemittit,
1000 2416 1063 2467 ut
1082 2411 1161 2467 sic
1190 2412 1818 2484 posteadeJudasorum

205 2499 533 2571 perditione
563 2500 971 2571 conquerendo
998 2504 1154 2573 agat,
1183 2500 1378 2555 dicens
1401 2500 1579 2555 videri
1602 2499 1818 2555 mirum

212 2587 349 2660 quia
374 2589 522 2644 Deus
550 2589 678 2657 hos,
708 2606 853 2661 quos
885 2590 1030 2645 adeo
1072 2590 1383 2662 diligenter
1408 2590 1586 2662 prius,
1620 2592 1819 2660 utpote

206 2676 439 2733 vineam
452 2693 637 2746 suam,
657 2678 922 2747 excoluit,
944 2678 1022 2735 sic
1040 2682 1241 2750 postea
1252 2680 1627 2734 vehementer
1642 2676 1822 2750 altligi

209 2764 563 2837 permiserit,
592 2769 651 2820 et
679 2783 784 2839 per
811 2767 920 2822 hoc
951 2767 1242 2822 auditores
1271 2768 1342 2823 ab
1376 2767 1694 2823 offensione
1716 2765 1819 2822 Dei

211 2853 531 2921 deterreat;
551 2870 682 2909 cum
702 2856 728 2909 ,Ι
738 2855 1099 2927 udoeos,quos
1116 2855 1341 2927 priusin
1359 2859 1588 2911 tantum
1607 2853 1820 2922 dilexit,

209 2941 571 3013 usqueIadeo,
592 2943 725 3014 quia
741 2960 874 2997 eum
889 2944 1274 3011 offenderunt,
1290 2944 1519 3015 punitos
1533 2944 1818 3003 ostendat.

212 3029 331 3085 Hoc
353 3033 549 3085 autem
580 3031 659 3085 sic
690 3031 856 3086 dicit:
893 3031 1129 3088 Ostendi
1159 3032 1368 3087 faciem
1398 3036 1581 3098 tuam,
1616 3034 1675 3085 et
1718 3047 1823 3103 per

209 3134 340 3173 eam
364 3119 640 3187 converti,
666 3137 900 3176 oramus
921 3124 979 3177 et
1006 3124 1294 3193 optamus.
1320 3122 1388 3176 Et
1404 3124 1465 3175 ut
1486 3120 1823 3176 ostendatur

210 3210 271 3261 et
291 3224 395 3278 per
414 3224 545 3263 eam
566 3209 667 3263 ﬁat
687 3210 1003 3276 conversio,
1023 3211 1397 3265 vehementer
1414 3210 1699 3266 orandum
1715 3211 1818 3263 est.

206 3296 662 3368 NamJudoei,qui
695 3296 851 3368 prius
881 3299 1048 3352 vinea
1068 3302 1224 3366 tua,o
1247 3298 1478 3366 Deus,in
1495 3297 1662 3353 bonis
1684 3312 1821 3367 ope-

211 3384 371 3439 ribus
396 3385 614 3440 fertiles
641 3386 1001 3454 exstiterunt,
1021 3391 1220 3458 postea
1247 3405 1380 3442 vero
1414 3388 1561 3441 male
1577 3386 1819 3441 vivendo

210 3472 433 3527 steriles
453 3473 586 3528 facti
614 3478 766 3542 sunt,
786 3475 920 3546 quia
935 3474 1142 3529 faciem
1162 3476 1320 3530 illam
1343 3475 1444 3529 sibi
1470 3474 1693 3529 ostendi
1718 3492 1822 3545 per

207 3561 387 3615 fidem
401 3562 702 3634 negligent
716 3566 772 3617 et
784 3579 887 3634 per
904 3580 1032 3617 eam
1047 3565 1319 3631 converti,
1330 3562 1822 3634 graviterpunien-

204 3653 325 3704 tur.
358 3651 426 3704 Et
455 3655 652 3705 tamen
683 3654 892 3705 vineam
911 3652 1057 3705 illam
1089 3653 1152 3707 de
1176 3653 1434 3724 Egypto
1473 3653 1815 3721 transtulisti,

206 3738 419 3795 auxilio
450 3740 652 3810 gratiae
684 3742 795 3796 tua:
824 3741 883 3794 in
913 3744 1128 3796 terram
1152 3741 1632 3814 promissionis;et
1648 3746 1711 3797 ut
1738 3742 1817 3797 ibi

98 3856 107 3859 -
209 3844 410 3882 secure
433 3831 719 3895 maneret,
760 3829 963 3899 eiecisti
974 3836 1151 3900 gentes
1165 3831 1236 3885 ab
1249 3830 1453 3885 eadem
1483 3833 1726 3896 terra,ut
1754 3830 1814 3884 in

211 3917 436 3988 psalmo
463 3933 642 3971 Lxxvu
662 3917 879 3973 dictum
905 3922 1009 3984 est,
1034 3927 1084 3972 et
1106 3918 1163 3973 in
1186 3921 1309 3975 loco
1327 3918 1590 3991 gentium
1610 3919 1817 3990 ejecta-

208 4020 341 4058 rum
352 4004 617 4075 plantasti
643 4024 781 4072 eam,
824 4006 882 4061 id
912 4010 996 4061 est
1027 4007 1276 4061 firmiter
1305 4024 1435 4061 eam
1458 4007 1724 4074 statuisti,
1755 4011 1818 4062 ut

210 4091 435 4163 impetu
468 4093 783 4149 vicinarum
815 4095 1119 4150 nationum
1155 4095 1435 4150 dimoveri
1460 4112 1575 4150 non
1601 4099 1813 4167 posset.

208 4180 390 4235 Vinea
418 4198 557 4236 sane
600 4182 700 4236 Dei
732 4183 995 4238 Judaicus
1024 4185 1270 4256 populus
1299 4185 1455 4256 prius
1487 4184 1666 4239 dictus
1708 4188 1814 4251 est,

210 4284 282 4323 eo
306 4269 460 4340 quod
490 4269 563 4323 ad
594 4269 835 4325 modum
859 4271 1037 4326 vineas
1067 4272 1270 4327 fertilis
1320 4272 1379 4326 in
1404 4273 1557 4327 bono
1583 4272 1711 4335 fuit,
1762 4276 1821 4326 et

212 4357 501 4426 quiaDeus
521 4374 657 4412 eum
673 4375 775 4429 per
789 4360 1203 4430 prophetarum
1228 4359 1553 4414 doctrinam
1575 4360 1819 4415 excoluit

1912 1964 2143 2035 virtute,
2176 1983 2209 2021 a
2238 1966 2609 2042 similitudine
2640 1967 2861 2035 vitium,
2920 1987 3048 2042 quae
3087 1975 3145 2026 et
3170 1973 3403 2029 arbusta
3428 1974 3515 2030 di-

1913 2057 2156 2122 cuntur;
2189 2071 2316 2126 quae
2589 2060 2650 2110 ut
2670 2040 2980 2113 fertiliores
3009 2058 3142 2126 sint,
3175 2077 3209 2115 a
3253 2062 3514 2119 sublimi-

1914 2143 2020 2197 bus
2064 2142 2364 2198 arboribus
2417 2147 2830 2213 sustentantur,
2878 2163 3019 2218 quas
3067 2148 3356 2221 operiunt.
3390 2151 3515 2207 Non

1894 2225 2095 2299 'enim,
2128 2249 2232 2304 pro
2265 2232 2350 2287 sui
2380 2233 2694 2301 debilitate,
2728 2234 2788 2289 in
2831 2236 3013 2291 altum
3044 2240 3422 2296 excrescendo
3456 2258 3517 2297 se

1916 2321 2195 2376 sustinere
2224 2325 2480 2393 possent.
2515 2323 2773 2378 Ostendit
2802 2341 3030 2396 quoque
3054 2327 3520 2399 magnitudinem

1917 2410 2263 2466 extensionis
2290 2410 2463 2483 ipsius
2491 2410 2694 2479 vineae,
2722 2428 2854 2466 cum
2875 2413 3063 2469 addit:
3087 2415 3154 2469 Et
3184 2415 3305 2486 ipsa
3328 2418 3517 2489 vinea,

1918 2515 1954 2553 a
1999 2498 2183 2554 cedris
2222 2501 2557 2567 sustentata,
2585 2501 2820 2554 extendit
2876 2519 3040 2574 usque
3091 2504 3163 2557 ad
3190 2522 3336 2559 mare
3369 2506 3517 2561 occi-

1920 2588 2149 2644 dentale
2163 2588 2413 2660 palmites
2457 2606 2597 2657 suos,
2627 2590 2687 2644 id
2716 2592 2801 2646 est
2831 2592 3243 2662 generationes
3266 2593 3522 2651 filiorum

1922 2693 2180 2744 suorum,
2222 2694 2350 2749 quae
2379 2677 2645 2749 palmites
2674 2678 2962 2747 dicuntur,
2998 2696 3066 2735 eo
3120 2683 3275 2753 quod
3303 2701 3371 2738 ex
3402 2684 3526 2757 ipsa

1920 2765 2154 2821 Judaica
2184 2766 2351 2838 plebe
2405 2766 2746 2837 prodierint,
2779 2767 2924 2823 sicut
2954 2786 3021 2823 ex
3076 2770 3320 2826 arbustis
3342 2771 3523 2827 vineae

1867 2912 1880 2921 ι
1923 2852 2190 2924 palmites
2218 2852 2545 2924 prodeunt:
2579 2860 2628 2907 et
2658 2871 2818 2925 usque
2846 2855 2917 2908 ad
2951 2857 3152 2924 ﬂumen
3195 2858 3525 2929 Euphraten

1926 2940 2180 2994 extendit
2185 2940 2510 3010 propagines
2538 2940 2669 3010 ejus.
2704 2941 3055 3013 Pr0pagines
3086 2947 3282 3000 autem
3314 2948 3373 3001 et
3403 2949 3525 3019 pal-

1926 3030 2094 3083 mites
2123 3045 2228 3099 pro
2260 3028 2467 3082 eodem
2518 3029 2712 3084 habet.
2744 3032 2910 3085 Juxta
2947 3032 3103 3102 quod
3127 3034 3372 3104 legitur:
3413 3056 3444 3088 ‹‹
3477 3038 3524 3092 Α

1870 3178 1891 3200 Ἰ
1924 3116 2162 3172 flumine
2190 3133 2403 3187 magno
2439 3118 2724 3188 Euphrate
2757 3135 2933 3190 usque
2964 3120 3038 3174 ad
3077 3137 3235 3177 mare
3259 3123 3525 3180 occiden—

1925 3207 2035 3261 tale
2066 3206 2237 3259 erunt
2263 3205 2497 3259 termini
2541 3206 2715 3260 vestri
2741 3206 2928 3275 (Deut.
2951 3226 3025 3272 XI,
3054 3212 3164 3278 ΞΗ.
3209 3232 3236 3259 ›ι

1995 3293 2138 3359 Quia
2158 3293 2334 3365 igitur
2347 3294 2494 3347 hanc
2512 3294 2739 3349 vineam
2754 3295 2898 3351 adeo
2913 3296 3220 3369 diligenter
3234 3301 3364 3371 plan
3374 3302 3522 3356 tasti.

1923 3383 2052 3437 etin
2077 3386 2304 3437 tantum
2332 3382 2604 3450 dilatasti,
2633 3386 2690 3437 et
2717 3384 2793 3438 sic
2825 3401 2954 3439 cum
2979 3402 3048 3441 ea
3079 3386 3527 3445 misericorditer

1921 3471 2118 3542 egisti:
2145 3476 2206 3526 ut
2237 3471 2372 3543 quid
2398 3472 2721 3542 (les-traxisti,
2747 3472 2805 3528 id
2829 3477 2914 3528 est
2934 3475 3212 3542 destrues,
3232 3476 3527 3534 maceriam

1919 3561 2049 3631 ejus,
2084 3560 2142 3613 id
2168 3564 2253 3613 est
2284 3561 2705 3632 protectionem
2724 3566 2883 3617 tuam
2916 3565 2988 3618 ab
3013 3582 3080 3619 ea
3106 3567 3526 3640 abstulisti,qua

1918 3648 2310 3715 muniebatur,
2339 3649 2485 3702 sicut
2522 3666 2556 3702 a
2603 3649 3009 3722 circumposita
3052 3655 3308 3708 maceria
3359 3657 3527 3712 vinea

1918 3735 2178 3790 munitur
2200 3736 2227 3790 ‘?
2252 3736 2330 3790 Ac
2362 3735 2408 3789 si
2433 3736 2621 3790 dicat:
2659 3738 2801 3792 Cum
2831 3756 2961 3794 eam
2994 3741 3138 3796 adeo
3170 3741 3229 3795 in
3263 3746 3523 3814 tempore

1918 3828 2146 3895 patrum
2177 3839 2320 3895 quos
2348 3824 2618 3893 plantasti
2647 3825 2931 3891 dilexeris,
2964 3827 3177 3883 mirum
3196 3832 3254 3884 et
3270 3846 3520 3902 conque-

1916 3912 2163 3967 rendum
2189 3928 2309 3967 esse
2337 3911 2584 3979 videtur,
2633 3916 2689 3967 et
2719 3930 2836 3968 non
2875 3913 2997 3969 sine
3029 3932 3198 3972 causa
3229 3919 3524 3989 praecipua

1915 4002 2193 4067 futurum,
2228 4000 2384 4071 quod
2423 3999 2501 4054 sic
2555 4017 2685 4055 eam
2741 4017 2978 4071 spernes
3007 4006 3069 4057 ut
3098 4006 3520 4075 protectionem

1913 4092 2074 4144 tuam
2101 4088 2326 4160 penitus
2357 4089 2428 4142 ab
2459 4106 2526 4142 ea
2557 4090 2800 4143 auferas.
2827 4092 2891 4144 Et
2913 4090 3047 4162 quia
3066 4094 3378 4149 maceriam
3400 4096 3522 4166 ejus

1915 4179 2190 4244 destrues,
2236 4177 2580 4243 vindemiant,
2614 4177 2673 4233 id
2730 4181 2816 4233 est
2844 4185 3186 4236 consument
3215 4199 3345 4238 eam
3403 4201 3519 4240 non

1916 4268 2101 4322 solum
2131 4265 2335 4321 Christi
2364 4267 2633 4334 cultores,
2667 4268 2766 4322 sed
2802 4268 2998 4335 etiam,
3033 4272 3184 4341 quod
3218 4271 3269 4325 ei
3296 4272 3521 4343 gravius

1917 4359 2203 4422 est,omnes
2223 4357 2318 4426 qui
2341 4356 2851 4424 prwtergrcdiuntur
2870 4358 3099 4423 viam,id
3136 4363 3221 4413 est
3259 4360 3521 4416 inﬁdeles

209 4443 348 4498 Dico
372 4446 528 4516 quod
549 4446 761 4500 vineam
780 4448 1102 4502 transtulisti
1132 4449 1196 4501 de
1217 4448 1493 4519 zEgypto,
1518 4451 1575 4502 et
1603 4448 1662 4502 in
1695 4448 1817 4519 ipsa
1840 4464 1891 4521 D
1916 4442 2180 4515 gentiles,
2214 4441 2428 4496 scilicet
2456 4443 2553 4513 qui
2580 4447 2883 4498 transeunt
2914 4444 3225 4512 Christum,
3258 4449 3521 4503 nolentes

212 4533 592 4588 translatione
623 4534 734 4588 dux
783 4537 982 4590 itineris
1013 4536 1135 4605 ejus
1178 4537 1364 4606 fuisti:
1399 4537 1583 4590 ethoc
1610 4552 1728 4590 non
1755 4535 1815 4591 in

209 4621 572 4689 abscondito,
597 4622 697 4677 sed
730 4624 785 4676 in
802 4630 1077 4695 conspectu
1104 4624 1239 4695 eius.
1276 4623 1441 4688 Quod
1462 4627 1547 4678 est
1573 4622 1763 4678 dicere
1798 4640 1811 4678 :

205 4710 368 4765 Adeo
393 4713 591 4781 aperto
620 4711 828 4765 ducatu
860 4729 988 4766 eam
1012 4712 1239 4780 duxisti,
1274 4717 1335 4767 ut
1353 4713 1461 4767 hoc
1480 4712 1656 4767 oculis
1671 4711 1818 4784 aspi-

206 4800 387 4863 ceret,
412 4798 551 4851 dum
572 4799 752 4852 nubes
772 4798 852 4853 eis
869 4804 1175 4872 appareret
1193 4800 1251 4855 in
1272 4801 1386 4863 die,
1404 4801 1741 4856 etcolumna
1756 4799 1814 4854 in

207 4890 379 4943 nocte
410 4885 611 4952 (Exod.
646 4903 764 4955 xm,
798 4890 910 4958 2i).
947 4890 1174 4960 Repetit
1226 4894 1422 4944 autem
1463 4889 1620 4961 quod
1677 4888 1818 4944 dixit

193 4976 463 5047 plantasti
513 4992 651 5041 eam,
708 4979 769 5029 ut
797 4977 1000 5032 addat:
1037 4977 1170 5033 Dico
1208 4978 1364 5048 quod
1426 4977 1536 5030 clue:
1576 4980 1737 5049 fuisti
1760 4980 1817 5032 in

204 5069 485 5133 conspectu
515 5063 711 5133 ejus,et
746 5065 1008 5135 plantas-ti
1062 5065 1266 5119 radices
1312 5065 1511 5134 cjus,id
1544 5069 1628 5119 est
1664 5066 1818 5136 plan.

207 5151 331 5205 tas/i
356 5168 474 5204 eam
500 5151 745 5205 ﬁrmiter
775 5151 834 5207 in
869 5156 1019 5207 terra
1044 5152 1467 5222 promissionis;
1498 5170 1531 5208 a
1549 5153 1814 5208 similitu-

208 5238 343 5293 dine
375 5238 612 5304 arboris,
647 5239 808 5309 cujus
863 5239 1141 5311 plantan
1202 5239 1426 5294 firmior
1467 5245 1571 5303 est,
1603 5241 1647 5295 si
1684 5258 1814 5295 cum

208 5325 496 5380 radicibus
530 5327 842 5395 plantetur,
905 5342 1080 5397 quam
1135 5326 1179 5379 si
1240 5326 1361 5379 sine
1403 5327 1705 5381 radicibus.
1739 5327 1815 5382 Et

210 5415 469 5485 plantata
510 5413 767 5483 implevit,
796 5412 853 5466 id
896 5417 981 5468 est
1002 5415 1300 5483 occupavit
1329 5432 1393 5466 ex
1440 5416 1560 5468 toto
1619 5423 1815 5469 terram

208 5499 631 5572 promissionis.
687 5500 785 5553 Vel
816 5501 1021 5555 radices
1053 5500 1192 5554 dicit
1219 5500 1527 5572 principes,
1559 5517 1626 5554 eo
1659 5501 1815 5571 quod

209 5605 345 5642 cura
369 5605 471 5642 sua
500 5588 732 5660 plebem
761 5587 1098 5655 sustineant,
1129 5587 1273 5642 sicut
1292 5587 1452 5642 radix
1490 5589 1759 5643 arborem
1799 5605 1813 5655 ;

210 5676 308 5748 qui
338 5675 587 5732 firmiter
606 5676 666 5731 in
696 5693 765 5731 ea
789 5679 922 5731 sunt
948 5676 1211 5749 plantati,
1229 5693 1301 5732 ne
1326 5676 1639 5734 vicinarum
1674 5694 1813 5749 gen-

542 5775 776 5833 PATROL.
823 5773 975 5832 CLII.

1917 4532 1989 4586 ad
2019 4547 2153 4586 eum
2185 4530 2456 4584 accedere
2484 4546 2587 4600 per
2604 4530 2927 4584 doctrinam
2950 4533 3520 4607 prmdicatorum,qui

1918 4620 2169 4675 Christus
2211 4618 2301 4672 via
2333 4620 2417 4672 est
2446 4617 2518 4671 ad
2547 4618 2742 4672 vitam.
2780 4618 3041 4674 Ostendit
3073 4625 3268 4677 autem
3292 4629 3518 4696 partem

1915 4706 2416 4773 vindemiantium,
2448 4722 2577 4759 cum
2611 4706 2830 4760 subdit:
2853 4707 2985 4763 Dico
3014 4711 3169 4780 quod
3201 4712 3516 4769 vindemia-

1917 4797 2062 4851 bunt
2099 4812 2229 4849 eam
2266 4793 2811 4864 praetergredientes
2842 4796 3025 4864 viam;
3059 4802 3117 4852 et
3161 4817 3291 4854 vere
3318 4801 3517 4856 vinde-

1918 4883 2182 4939 miabunt
2220 4898 2233 4936 :
2281 4899 2417 4936 nam
2470 4885 2836 4938 exterminavit
2881 4903 3017 4952 eam,
3054 4886 3111 4940 id
3141 4891 3226 4941 est
3265 4889 3520 4944 destruet

1916 4989 2046 5027 eam
2077 4988 2199 5042 aper
2228 4971 2291 5023 de
2308 4970 2440 5024 silva
2499 4972 2835 5042 procedens,
2879 4974 3254 5044 Vespasianus
3283 4976 3516 5045 scilicet,

1916 5060 2013 5133 qui
2041 5061 2192 5115 ferus
2209 5058 2317 5114 erit
2337 5058 2751 5114 etimmundus
2778 5061 3038 5115 sordibus
3054 5062 3346 5131 vitiorum,
3375 5065 3520 5121 sicut

1917 5166 2055 5222 aper
2079 5149 2269 5202 ferum
2301 5146 2517 5201 animal
2560 5150 2644 5201 est
2669 5151 2727 5201 et
2755 5147 3077 5202 sordidum.
3114 5151 3516 5222 Vespasianus,

1915 5236 2145 5303 scilicet,
2207 5234 2522 5307 procedens
2566 5235 2636 5287 de
2670 5235 2870 5299 Roma,
2905 5252 3032 5305 qua}
3066 5237 3214 5291 bene
3246 5238 3397 5293 dicta
3436 5244 3519 5295 est

1915 5326 2072 5392 silva,
2105 5340 2173 5377 eo
2205 5322 2361 5394 quod
2389 5321 2602 5375 inculta
2625 5322 2731 5375 fuit
2754 5321 3015 5377 doctrina
3049 5328 3106 5377 et
3135 5325 3357 5380 bestiali
3384 5328 3515 5382 feri-

1915 5416 2031 5467 tate
2062 5413 2253 5483 plena,
2285 5411 2360 5464 ad
2401 5408 2838 5463 similitudinem
2886 5410 3062 5475 silvw,
3103 5429 3231 5483 qtice
3276 5414 3520 5472 incultas

1912 5501 2088 5555 habet
2117 5500 2370 5563 arbores,
2399 5501 2455 5552 et
2484 5497 2740 5551 ferarum
2794 5500 2876 5552 est
2906 5498 3205 5555 habitatio.
3257 5501 3333 5556 Et
3372 5506 3522 5574 ferus

1914 5588 2204 5657 singularis
2223 5587 2467 5658 depastus
2487 5589 2561 5640 est
2579 5600 2723 5641 eam:
2746 5586 2902 5641 Titus
2940 5587 3157 5643 scilicet
3187 5590 3286 5662 qui
3313 5594 3520 5651 eadem

1920 5673 2296 5733 similitudine
2325 5672 2531 5731 dicitur
2557 5673 2864 5747 singularis,
2896 5691 3009 5748 qua
3052 5679 3110 5731 et
3149 5678 3524 5749 Vespasianus

3206 5778 3277 5836 34
