4004 6052
454 300 587 364 i067

1055 298 1114 362 S.
1155 296 1499 360 BRUNONlS
1534 292 2164 357 CARTHUSIANORUM
2204 294 2670 358 lNSTlTUTORlS
2711 297 2866 360 OPP.
2917 298 3095 359 PARS
3130 299 3155 359 ῐ

3623 298 3770 375 1068

450 428 617 503 pater
641 420 1208 500 ejus,depascetur,id
1227 424 1311 479 est
1329 423 1630 480 consumet
1644 435 1775 476 eam
1800 436 1813 475 :
1834 436 1867 475 a
1893 416 2050 474 simi-
2080 441 2132 501 Α
2157 419 2232 476 ad
2277 418 2602 477 oralionem
2644 421 2953 480 revertitur
2983 420 3088 478 sic:
3128 421 3263 480 Dico
3289 419 3443 496 quod
3474 423 3685 481 incensa
3716 432 3770 483 et

448 515 691 572 litudine
717 516 911 571 herbae
944 531 1070 586 qua!
1088 512 1448 584 depascendo
1468 508 2054 579 cousumitur.Vespa—

449 605 640 659 sianus
656 604 938 676 siquidem
958 606 1141 656 totam
1157 603 1182 655 J
1192 601 1413 655 udzram
1436 598 1828 662 devastavit,et
1842 597 2054 651 multos

447 694 776 750 Judmorum
803 690 1108 756 interfecit,
1143 694 1198 743 et
1220 690 1409 760 plures
1434 687 1685 757 captivos
1716 684 2053 740 duxil.Titus

448 785 644 836 autem
672 779 970 834 obsidione
1003 778 1354 832 Hierusalem
1382 776 1553 846 coepit
1582 779 1638 829 et
1664 773 1971 840 destruxit;
1996 774 2055 825 et

444 870 775 929 Iudaeorum
798 866 1227 922 multitudinem
1262 862 2054 927 maximaminterfecit,etre—

442 957 631 1030 liquos
669 956 993 1027 captivitate
1031 953 1315 1025 dispersit.
1367 954 1465 1010 Vel
1509 953 1587 1008 sic
1616 969 1810 1008 versus
1839 953 1944 1010 iste
1970 956 2054 1011 le-

446 1047 636 1118 gitur:
672 1045 795 1100 Non
826 1045 1010 1099 solum
1042 1046 1238 1097 autem
1268 1042 1515 1114 gentiles
1543 1058 1675 1096 eam
1706 1048 2054 1100 consument

444 1136 537 1209 qui
549 1133 1062 1206 pretergrediuntur
1090 1134 1255 1199 viam,
1287 1131 1385 1185 sed
1416 1130 1593 1184 etiam
1625 1131 2050 1201 exterminabit,

447 1223 507 1280 id
541 1227 626 1278 est
656 1224 911 1278 destruet
941 1238 1071 1276 eam
1097 1220 1188 1275 hic
1234 1220 1293 1274 in
1323 1219 1645 1286 virtutibus,
1682 1237 1829 1291 aper,
1870 1221 1929 1275 id
1968 1226 2055 1277 est

447 1312 707 1367 diabolus
734 1312 891 1366 ferus
921 1314 979 1365 et
1009 1309 1271 1365 sordibus
1286 1308 1563 1363 recedens
1576 1309 1647 1363 de
1678 1309 2053 1380 silva,scilicet

446 1400 518 1456 de
537 1400 827 1474 gentibus,
854 1416 982 1471 quae
994 1397 1227 1453 venient
1251 1397 1324 1451 ad
1353 1396 1551 1464 ﬁdem,
1575 1413 1703 1468 qua:
1722 1398 1792 1453 ab
1811 1415 1879 1453 eo
1901 1415 2055 1453 nunc

447 1492 765 1563 occupatae,
797 1488 1025 1543 incultae
1054 1489 1188 1541 sunt
1233 1488 1295 1539 ut
1326 1484 1482 1553 silva,
1508 1488 1565 1541 et
1595 1484 1655 1540 in
1690 1486 1884 1541 futuro
1908 1488 2057 1557 [erus

443 1580 753 1651 singularis,
808 1577 1069 1632 diabolus
1114 1576 1476 1647 depascetur,
1520 1574 1580 1630 id
1640 1579 1725 1630 est
1757 1581 2057 1633 consumet

442 1684 575 1724 eam
603 1670 790 1722 morte
821 1668 1067 1733 aeterna;
1090 1681 1207 1719 non
1239 1663 1316 1718 sic
1339 1666 1399 1719 ut
1413 1679 1481 1719 ex
1506 1667 1627 1720 toto
1658 1669 2052 1733 consumatur,

2151 512 2372 581 sit/lassa
2393 512 3263 586 peribunt,perincrepationem
3288 513 3446 582 Filii;
3489 517 3626 569 etut
3655 516 3770 571 hoc

2153 599 2245 665 sit,
2270 616 2303 653 o
2350 602 2498 654 Deus
2543 603 2732 669 Pater,
2782 602 2898 670 ﬁat,
2930 602 2989 655 id
3016 605 3101 656 est
3133 603 3324 657 veniat
3353 621 3561 671 manus,
3594 604 3653 659 id
3679 609 3771 660 est

2153 689 2413 760 potentia
2439 695 2529 741 tua
2557 708 2713 761 super
2739 693 2913 743 virum
2946 691 3170 746 dextere);-
3202 699 3325 758 tuze,
3350 692 3561 747 scilicet
3590 709 3769 764 super

2155 776 2461 845 Christum,
2491 780 2586 850 qui
2620 780 2730 833 erit
2752 780 2836 834 vir
2860 781 3107 847 dexterae,
3148 781 3204 835 id
3246 784 3329 834 est
3349 781 3596 851 pietatis,
3630 786 3765 851 tua,

2151 881 2254 936 per
2282 867 2440 938 cujus
2472 867 2860 923 obedientiam
2893 869 3113 924 mundo
3146 869 3568 941 propitiaberis.
3594 870 3765 935 Quod

2153 958 2238 1008 est
2268 954 2488 1011 dicere:
2516 958 2595 1011 De
2616 972 2865 1027 superna
2877 957 3249 1030 diSpositione
3272 961 3369 1012 tua
3394 959 3467 1014 da
3488 959 3540 1014 ei
3561 962 3769 1030 poten-

2151 1043 2290 1098 tiam
2310 1044 2636 1099 debellandi
2658 1046 2971 1102 diabolum.
2999 1047 3282 1111 Quoniam
3304 1049 3497 1102 autem
3511 1065 3617 1120 per
3633 1049 3769 1103 dex-

2153 1135 2339 1187 teram
2371 1150 2521 1204 szepe
2540 1134 2892 1206 prosperitas
2911 1134 3205 1207 accipitur,
3225 1152 3479 1208 congrue
3508 1153 3613 1208 per
3632 1137 3769 1192 dex-

2152 1223 2338 1275 teram
2360 1222 2541 1293 pietas
2572 1222 2673 1276 Dei
2706 1222 3057 1294 designatur.
3085 1223 3221 1288 Quae
3237 1225 3394 1279 enim
3409 1225 3768 1298 prosperitas

2154 1310 2344 1381 major
2372 1327 2546 1382 quam
2576 1310 2782 1366 divinae
2805 1311 3033 1382 pietatis
3053 1312 3321 1369 exhibitio
3339 1312 3368 1368 ?
3396 1313 3642 1385 Exponit
3667 1331 3765 1370 au-

2155 1402 2273 1453 tem
2306 1399 2431 1471 quis
2455 1400 2528 1454 sit
2556 1400 2650 1456 ille
2679 1399 2764 1455 vir
2795 1400 3065 1468 dexterae,
3093 1418 3224 1456 cum
3248 1402 3438 1457 addit:
3467 1403 3554 1470 Et,
3587 1403 3647 1458 id
3679 1406 3766 1458 est

2154 1488 2252 1557 ﬁat
2279 1504 2470 1544 manus
2496 1494 2587 1543 tua
2625 1506 2781 1561 super
2799 1490 2973 1559 ﬁlium
2992 1491 3238 1557 hominis,
3280 1490 3567 1547 Christum
3609 1490 3763 1546 scili-

2156 1579 2427 1648 c.et,quem
2471 1578 2808 1646 conﬁrmasti
2833 1578 2950 1647 tibi,
2977 1581 3039 1632 ut
3061 1578 3191 1649 jam
3222 1578 3442 1634 dictum
3475 1582 3582 1634 est.
3616 1579 3763 1635 Cum

2156 1665 2314 1733 dicit,
2344 1682 2463 1720 non
2506 1666 2833 1733 hominum,
2875 1667 2977 1722 sed
3004 1668 3251 1735 hominis,
3282 1668 3342 1722 id
3366 1671 3452 1722 est
3490 1667 3761 1739 Virginis,

441 1760 506 1815 ut
534 1774 651 1813 non
682 1756 772 1827 sit,
790 1756 891 1811 sed
913 1758 975 1809 ut
1000 1770 1232 1827 semper
1252 1753 1647 1810 consumendo
1679 1752 2057 1810 intormentis
2080 1776 2131 1834 Β
2154 1754 2483 1809 Iudaeorum
2513 1757 2741 1825 partem
2774 1755 3066 1827 deprimit,
3085 1756 3182 1828 qui
3206 1773 3336 1811 eum
3364 1756 3770 1813 hominemso—

444 1847 712 1915 maneat;
748 1863 781 1901 a
817 1844 1192 1899 similitudine
1248 1842 1442 1898 herbae
1483 1858 1611 1915 quas
1642 1841 1970 1911 depascitur
2000 1846 2057 1898 et

448 1953 680 2009 semper
710 1938 929 1990 manet.

518 2025 656 2081 Orat
684 2026 879 2080 autem
900 2039 1004 2095 pro
1036 2024 1200 2093 parte
1226 2022 1393 2092 hujus
1408 2019 1588 2076 vineae
1614 2020 1674 2075 in
1705 2020 1821 2074 ﬁne
1850 2018 2056 2074 mundi

449 2113 873 2180 convertenda,
906 2111 1021 2166 sic:
1056 2110 1482 2182 Conquerimur
1530 2109 1602 2164 de
1648 2110 1759 2164 hoc
1793 2108 1948 2179 quod
1977 2108 2056 2162 sic
2090 2175 2101 2187 .

441 2202 672 2258 vineam
691 2201 761 2256 de
781 2201 1022 2273 Egypto
1043 2200 1379 2254 translatam
1396 2198 1697 2270 permittes
1714 2196 2056 2252 vindemiari

444 2295 503 2348 et
518 2289 913 2356 exterminari,
934 2291 992 2344 et
1017 2289 1150 2345 licet
1169 2288 1247 2343 sic
1270 2305 1401 2343 eam
1417 2287 1717 2360 permittas
1739 2286 1905 2341 malis
1938 2303 2054 2341 me-

440 2379 568 2436 ritis
597 2378 709 2434 suis
739 2378 797 2433 in
828 2379 993 2449 parte
1023 2376 1305 2445 consumi,
1339 2392 1573 2431 oramus
1600 2378 1821 2443 tamen,
1843 2390 1875 2428 o
1906 2374 2053 2432 Deus

440 2470 702 2524 virtutum
726 2465 1063 2533 caelestium,
1092 2465 1188 2537 qui
1216 2467 1379 2535 potes
1410 2465 1702 2537 complere
1736 2464 1892 2536 quod
1923 2479 2052 2518 ora-

444 2573 595 2624 mus,
625 2559 926 2612 convertere
971 2554 1041 2609 de
1080 2552 1167 2609 ira
1219 2552 1294 2607 ad
1350 2552 1829 2619 misericordiam,
1863 2554 1921 2606 et
1943 2552 2053 2606 hoc

443 2645 621 2701 modo
651 2650 978 2699 convertere:
1014 2641 1231 2714 Respice
1286 2641 1501 2695 scilicet
1528 2640 1592 2694 de
1622 2641 1743 2695 calo
1776 2641 2052 2695 cmlorum

440 2734 664 2790 Christo
689 2750 706 2798 ;
738 2740 787 2787 et
814 2733 924 2787 hoc
956 2731 1132 2786 modo
1164 2731 1234 2786 de
1262 2746 1330 2785 eo
1359 2733 1571 2802 respice,
1603 2728 1815 2784 scilicet
1838 2729 1974 2797 vide,
1994 2729 2052 2784 id

444 2827 532 2880 est
573 2823 769 2878 videre
816 2822 905 2877 fac
938 2814 1042 2893 per
1071 2820 1285 2890 ﬁdem;
1329 2827 1378 2874 et
1408 2822 1585 2889 visita,
1615 2819 1673 2875 id
1704 2822 1790 2874 est
1821 2836 1961 2874 sana
2019 2835 2054 2874 a

440 2912 688 2987 peccatis
736 2913 943 2967 vineam
984 2914 1160 2977 istam,
1217 2910 1535 2966 secundum
1582 2912 1809 2982 partem
1843 2908 1957 2963 ﬁde
1996 2910 2054 2963 et

2155 1843 2275 1897 lum
2293 1860 2358 1898 ex
2377 1842 2613 1898 homine
2634 1843 2895 1913 genitum
2914 1848 3280 1900 asscruerunt
3299 1862 3312 1913 ;
3332 1845 3445 1900 etsi
3466 1862 3598 1900 eum
3620 1862 3764 1901 con-

2157 1931 2491 1999 ﬁrmaveris,
2512 1949 2615 1986 non
2634 1932 2944 1987 discedimus
2968 1951 3000 1986 a
3024 1940 3091 2001 te,
3123 1933 3182 1989 id
3213 1935 3298 1988 est
3326 1933 3509 1990 nostri
3534 1935 3767 1990 confor-

2156 2036 2279 2074 mes
2321 2020 2417 2093 qui
2444 2020 2565 2091 ejus
2610 2021 2890 2091 temporis
2928 2025 3117 2089 erunt,
3168 2021 3270 2077 tibi
3301 2038 3407 2093 per
3429 2023 3605 2078 ﬁdem
3636 2024 3764 2093 ejus

2163 2108 2410 2163 ﬁrmiter
2463 2108 2850 2177 adhaerentes,
2888 2126 3005 2165 non
3034 2110 3332 2166 discedent
3365 2128 3400 2165 a
3437 2114 3493 2164 te
3531 2114 3761 2182 postea,

2155 2215 2343 2270 neque
2372 2200 2535 2252 metu
2556 2213 2743 2271 neque
2772 2199 3069 2255 occasione
3090 2199 3300 2272 aliqua.
3331 2200 3398 2254 Et
3412 2201 3564 2255 hanc
3585 2200 3771 2254 ﬁrmi-

2154 2288 2335 2341 tatem
2367 2303 2400 2341 a
2425 2285 2607 2341 libero
2627 2286 2863 2342 arbitrio
2892 2304 3009 2343 non
3030 2289 3327 2343 habebunt
3348 2289 3468 2357 ;sed
3484 2288 3614 2344 ideo
3628 2288 3769 2360 quia

2154 2375 2536 2442 invocabimus,
2570 2374 2629 2430 id
2655 2379 2738 2431 est
2764 2376 3005 2431 interius
3033 2376 3093 2431 in
3122 2377 3472 2432 conscientia
3522 2394 3623 2432 sua
3651 2394 3761 2432 vo-

2153 2464 2364 2519 cabunt
2383 2481 2569 2519 nomen
2595 2474 2765 2532 tuum,
2796 2466 2949 2537 quod
2973 2468 3058 2521 est
3074 2465 3381 2531 Dominus;
3404 2466 3616 2521 scilicet
3630 2483 3768 2539 per-

2153 2553 2261 2607 hoc
2294 2553 2630 2608 ﬁrmitatem
2666 2553 2746 2608 eis
2777 2554 3058 2621 conteres,
3090 2554 3225 2627 quia
3259 2572 3375 2610 non
3412 2556 3597 2610 solum
3654 2571 3761 2611 ore

2151 2644 2209 2698 te
2242 2640 2554 2696 Dominum
2580 2642 2884 2709 vocabunt,
2917 2643 3016 2697 sed
3037 2646 3094 2697 et
3120 2643 3308 2698 cordis
3326 2643 3766 2701 credulitate.Et

2153 2730 2289 2801 quia
2311 2730 2681 2797 invocabunt,
2701 2732 2993 2800 viviﬁcabis
3016 2748 3134 2798 nos,
3162 2732 3221 2787 id
3240 2736 3327 2787 est
3350 2732 3662 2788 viviﬁcabis
3695 2733 3756 2788 in

2153 2819 2349 2875 anima
2367 2820 2545 2874 nostri
2564 2820 2889 2875 conformes
2929 2822 3027 2875 Vel
3046 2821 3333 2891 viviﬁcabis
3355 2838 3447 2875 nos
3461 2821 3519 2876 in
3535 2822 3761 2889 futuro,

2155 2913 2212 2964 et
2241 2908 2299 2963 in
2324 2926 2564 2980 corpore
2595 2913 2653 2963 et
2682 2910 2740 2964 in
2770 2910 2986 2977 anima,
3026 2910 3405 2965 viviﬁcatione
3439 2913 3764 2967 aaterna.Et

440 3003 649 3059 merito
676 3000 956 3074 passionis
987 2999 1218 3055 Domini
1244 3016 1256 3054 :
1315 3015 1349 3053 a
1401 2998 1780 3054 similitudine
1817 2995 2051 3070 piissimi
2083 3060 2124 3074 Α
2156 3000 2216 3052 ut
2248 2998 2353 3051 hoc
2379 2998 2470 3065 sit,
2502 2998 2730 3053 Domine
2766 2999 2912 3053 Deus
2958 3000 3234 3065 virtutum,
3267 3006 3503 3053 converte
3532 3016 3646 3067 nos,
3678 3017 3766 3054 os-

442 3060 693 3159 medici;
713 3089 809 3163 qui
837 3090 1134 3144 inﬁrmum
1165 3088 1354 3144 visitat
1398 3092 1455 3143 et
1484 3090 1668 3142 sanat.
1704 3087 1823 3153 Vel,
1864 3088 2055 3157 respice
2078 3060 2125 3119 Ο
2157 3085 2306 3141 tende
2328 3088 2523 3156 faci'Em
2545 3094 2713 3153 tuam,
2746 3093 2794 3141 et
2823 3087 2959 3140 salvi
2981 3089 3193 3141 erimus.
3229 3087 3327 3142 Hic
3357 3104 3550 3143 versus
3571 3092 3634 3142 ut
3661 3106 3761 3142 su-

442 3181 506 3235 de
528 3181 671 3243 caelo,
703 3179 763 3234 id
792 3181 877 3234 est
906 3177 977 3231 de
1026 3177 1327 3232 altitudine
1361 3175 1756 3247 dispositionis
1812 3182 1954 3241 tum;
1999 3176 2056 3228 et

443 3272 750 3340 postquam
781 3265 1093 3321 visitaveris
1139 3266 1356 3335 perﬁce,
1386 3264 1445 3319 id
1494 3267 1579 3318 est
1620 3261 1939 3334 perfectam
1969 3262 2058 3315 fac

446 3355 508 3409 in
538 3354 840 3409 virtutibus
864 3369 982 3406 eam
1005 3351 1234 3407 vineam
1268 3350 1328 3405 in
1354 3353 1541 3421 parte,
1574 3367 1737 3421 quam
1759 3349 2057 3421 plantavit,

447 3447 512 3499 ut
531 3443 746 3498 dictum
778 3445 883 3509 est,
916 3441 1127 3495 dextera
1159 3445 1275 3509 tua,
1310 3438 1368 3493 id
1411 3442 1498 3494 est
1548 3437 1812 3510 potentia
1844 3436 2064 3493 miseri-

448 3531 659 3588 cordim
689 3532 802 3585 tua;
852 3529 911 3584 in
951 3533 1105 3584 terra
1141 3526 1545 3601 promissionis
1574 3544 1593 3595 .;
1638 3533 1687 3580 et
1726 3527 1834 3581 hoc
1888 3526 2062 3581 modo

380 3694 388 3698 _
438 3621 656 3695 perﬁce,
679 3618 889 3675 scilicet
912 3617 1212 3673 fundando
1254 3633 1385 3671 eam
1426 3631 1584 3687 super
1611 3613 1846 3680 Filium,
1892 3613 1951 3668 id
1982 3617 2069 3669 est

450 3726 622 3782 super
651 3708 827 3764 ﬁdem
857 3709 915 3762 et
933 3704 1357 3778 protectionem
1390 3703 1597 3760 Christi
1629 3702 1754 3757 Filii
1785 3702 2070 3774 tuizquem

664 3796 1011 3866 conﬁrmasti,
1039 3794 1097 3849 id
1124 3796 1209 3849 est
1238 3792 1573 3849 innocentia
1598 3792 1836 3847 ﬁrmum
1862 3790 2067 3859 facies;

455 3891 515 3944 et
561 3888 668 3942 hoc
700 3886 816 3954 tibi,
869 3885 928 3940 id
958 3885 1043 3939 est
1068 3883 1140 3937 ad
1170 3883 1459 3939 honorem
1490 3882 1593 3936 tui.
1644 3903 1671 3930 ‹‹
1706 3880 2073 3935 Fundamen-

453 3980 582 4031 tum
635 3975 792 4030 enim
849 3972 1004 4029 aliud
1059 3987 1233 4027 nemo
1293 3974 1482 4044 potest
1512 3986 1730 4042 ponere
1770 3972 1982 4041 printer
2012 3968 2074 4024 id

458 4063 613 4137 quod
640 4062 888 4134 positum
908 4063 1013 4127 est,
1038 4059 1193 4131 quod
1216 4061 1301 4113 est
1322 4058 1573 4113 Christus
1585 4057 1645 4129 (Ι
1662 4056 1788 4112 Cor.
1813 4075 1895 4126 ιιι,
1928 4056 2071 4126 Η),››

459 4168 630 4224 super
679 4148 1119 4223 quemquisquis
1176 4147 1472 4213 fundatur,
1518 4146 1720 4200 ﬁrmus
1780 4148 1884 4200 est.
1936 4145 2072 4201 Dico

459 4240 704 4313 perﬁce;
736 4241 794 4292 et
821 4254 951 4292 vere
978 4235 1239 4309 perﬁcies
1266 4252 1278 4289 :
1310 4252 1446 4290 nam
1476 4236 1542 4289 ab
1576 4236 1934 4305 increpatione
1963 4235 2075 4288 vul-

2158 3176 2351 3247 perius
2374 3176 2706 3248 exponitur;
2741 3174 2838 3247 qui
2880 3175 3091 3231 idcirco
3120 3180 3207 3231 ter
3233 3176 3489 3248 ponitur,
3537 3181 3599 3231 ut
3633 3194 3770 3250 per-

2159 3280 2435 3318 sonarum
2464 3264 2711 3318 Trinitas
2737 3263 3034 3319 innuatur.
3063 3266 3141 3319 Ac
3185 3264 3241 3318 si‘
3257 3265 3445 3319 dicat:
3483 3265 3585 3333 Tu,
3621 3267 3776 3321 Deus

2162 3352 2858 3422 Pater,ostende,’actem,et
2878 3356 2960 3419 tu,
2987 3354 3135 3407 Deus
3149 3353 3423 3421 Verbum,
3444 3356 3653 3408 ostende
3675 3356 3774 3424 fa-

2163 3444 2314 3509 ciem,
2338 3440 2552 3496 scilicet
2569 3440 2934 3496 Dominicum
2952 3441 3273 3496 hominem:
3297 3444 3354 3497 et
3375 3445 3458 3508 tu,
3483 3444 3631 3497 Deus
3649 3443 3780 3514 Spi-

2165 3529 2328 3597 ritus,
2360 3528 2567 3583 ostende
2594 3530 2809 3599 faciem.
2854 3529 2997 3594 Quia
3021 3531 3215 3584 autem
3258 3529 3395 3585 dicit
3422 3530 3566 3583 Deus
3596 3532 3779 3586 virtu-

2170 3625 2302 3684 tum,
2334 3618 2560 3689 pondus
2590 3618 2767 3672 habet
2786 3633 2850 3672 ac
2880 3617 2927 3672 si
2968 3617 3148 3672 dicat:
3174 3617 3315 3672 Cum
3335 3617 3408 3671 sis
3429 3619 3577 3673 Deus
3605 3618 3786 3674 virtu-

2170 3708 2313 3774 tum,
2349 3706 2475 3778 quis
2507 3706 2711 3760 faciem
2742 3708 2902 3759 tuam
2932 3705 3121 3761 videre
3144 3723 3262 3761 non
3294 3706 3565 3777 optaret?

2658 3796 2724 3849 IN
2754 3794 3075 3850 PSALMUM
3099 3796 3283 3849 LXXX.

2245 3883 2455 3939 Psalmi
2490 3882 2831 3955 octogesimi
2866 3884 3063 3938 titulus
3097 3900 3110 3938 :
3138 3881 3206 3936 In
3234 3883 3395 3953 ﬁnem
3414 3899 3518 3955 pro
3542 3884 3780 3940 torcula-

2172 3973 2337 4039 ribus,
2369 3973 2559 4044 quinta
2588 3970 2830 4036 Sabbati,
2848 3970 3090 4041 psalmus
3122 3971 3331 4043 Asaph.
3380 3973 3784 4028 Torcularibus

2173 4060 2407 4134 quidem
2461 4060 2758 4132 pluraliter
2786 4060 2951 4130 ponit
2998 4076 3101 4131 pro
3132 4060 3351 4115 duabus
3376 4060 3657 4127 Ecclesiis,
3683 4062 3785 4116 .lu-

2175 4148 2436 4203 daeorum
2464 4147 2682 4202 scilicet
2710 4151 2767 4201 et
2797 4148 3059 4219 gentium
3085 4165 3099 4215 ;
3152 4165 3294 4219 quas
3323 4148 3382 4202 in
3411 4150 3520 4203 hoc
3550 4151 3781 4222 psalmo

2176 4235 2486 4308 alloquitur
2507 4236 2581 4290 ad
2612 4236 3014 4290 exsultandum
3046 4236 3104 4290 in
3123 4235 3501 4291 viviﬁcatione
3523 4237 3781 4309 spiritus,

464 4337 546 4384 tus
560 4326 662 4393 tui,
692 4327 753 4382 id
779 4330 863 4381 est
888 4341 992 4397 per
1020 4325 1304 4380 occultam
1354 4328 1413 4378 et
1441 4323 1781 4379 interiorem
1815 4322 2076 4394 increpa-
2101 4341 2153 4401 D
2178 4328 2234 4379 et
2264 4325 2322 4378 in
2345 4324 2794 4380 mortiﬁcatione
2811 4325 3085 4391 carnis,et
3100 4324 3172 4379 ad
3197 4325 3631 4396 praedicandum
3650 4326 3784 4381 aliis

463 4418 683 4473 tionem
734 4414 856 4470 Filii
908 4413 1012 4481 tui,
1072 4412 1169 4485 qui
1199 4413 1384 4467 vultus
1415 4416 1545 4467 tuus
1560 4415 1679 4479 "est,
1709 4414 1772 4465 ut
1786 4411 1914 4482 jam
1938 4412 2074 4467 satis

465 4505 681 4560 dictum
713 4506 818 4570 est,
838 4503 1087 4575 peribunt
1118 4503 1326 4556 incensa
1366 4502 1481 4571 igni
1509 4505 1558 4555 et
1582 4501 1832 4571 suffossa,
1862 4499 2075 4555 scilicet

465 4609 569 4667 per
598 4593 705 4661 hoc
728 4591 882 4663 quod
902 4590 1071 4645 Filius
1086 4589 1521 4661 increpabiteos
1539 4588 1802 4658 interius,
1837 4588 2075 4647 audien-

467 4683 541 4737 do
561 4681 884 4737 doctrinam
898 4678 1342 4750 praedicatorum
1360 4678 1628 4749 peribunt
1640 4679 1699 4732 in
1714 4678 1793 4732 eis
1806 4694 2075 4751 quaecun-

466 4787 577 4845 que
608 4772 779 4825 erunt
798 4770 1028 4834 incensa,
1052 4767 1111 4823 id
1128 4770 1213 4822 est
1232 4771 1501 4837 corrupta
1518 4767 1651 4839 igne
1670 4766 2073 4839 concupiscen-

466 4860 712 4916 tiarum:
746 4859 805 4913 et
831 4859 1072 4928 su/fossa,
1093 4856 1150 4911 id
1172 4859 1258 4911 est
1275 4857 1522 4911 latenter
1549 4856 1857 4912 commissa
1882 4872 1987 4927 per
2006 4856 2069 4910 ti-

466 4965 713 5004 morem.
742 4945 965 5002 Scilicet
990 4944 1046 4998 in
1075 4943 1155 4999 eis
1174 4944 1435 5016 peribunt
1475 4943 1673 4999 omnia
1695 4961 1821 5016 quae
1846 4960 1949 5016 per
1979 4943 2066 4999 in-

465 5036 736 5092 cendium
761 5050 950 5107 prava:
974 5031 1447 5103 concupiscentia:
1472 5034 1529 5087 et
1544 5048 1649 5103 per
1666 5032 1974 5087 latibulum
1993 5031 2066 5085 ti-

465 5125 643 5181 moris
679 5122 1112 5179 commiserunt.
1181 5120 1274 5175 His
1326 5136 1581 5191 namque
1613 5120 1835 5175 duobus
1876 5120 2069 5175 modis

451 5217 768 5289 peccatur:
803 5215 902 5266 aut
929 5212 1220 5265 voluntate
1260 5208 1490 5275 scilicet,
1534 5211 1633 5262 aut
1663 5209 1895 5263 timore.
1960 5210 2069 5263 Per

463 5302 700 5357 suffossa
714 5300 1210 5372 quidem,peccata
1226 5296 1468 5369 quas'pcr
1485 5296 1760 5350 timorem
1777 5296 1919 5350 ﬁunt
1934 5313 2068 5351 con-

459 5390 758 5444 venienter
773 5386 1242 5458 designantur,eo
1261 5384 1415 5457 quod
1436 5385 1686 5438 latenter
1700 5384 2069 5439 committan-

456 5477 686 5532 tur.Res
700 5477 912 5549 quippe
932 5474 1340 5529 suﬁossalatet.
1372 5473 1486 5527 Hoc
1510 5487 1672 5525 versu
1706 5471 2068 5545 interposito,

454 5566 527 5621 ad
554 5563 1058 5623 annuutiationem
1075 5562 1269 5620 salutis
1292 5560 1668 5637 reliquiarum
1692 5559 1844 5617 illius
1862 5561 2065 5631 vineae,

2176 4417 2371 4485 aperte
2394 4416 2701 4484 utramque
2733 4412 3074 4468 admonens.
3109 4413 3357 4467 Denotat
3369 4417 3566 4469 autem
3587 4415 3784 4469 Eccle-

2173 4501 2317 4557 siam
2350 4503 2419 4557 de
2450 4502 2792 4570 Judteis,ubi
2816 4502 2979 4573 ponit
3005 4502 3160 4574 quod
3177 4509 3501 4573 preceptum
3536 4505 3593 4557 in
3612 4501 3792 4558 Israel

2174 4597 2287 4658 est;
2349 4590 2658 4645 Ecclesiam
2689 4606 2824 4644 vero
2866 4590 2937 4643 de
2967 4590 3258 4661 gentibus,
3290 4590 3385 4644 ubi
3414 4592 3600 4663 ponit,
3636 4595 3784 4646 testi-

2172 4681 2409 4733 monium
2433 4681 2491 4733 in
2531 4678 2745 4749 Joseph.
2772 4678 3022 4749 Utraque
3046 4678 3222 4749 igitur
3248 4678 3494 4733 Ecclesia
3524 4681 3788 4735 torcular

2172 4767 2474 4835 dicitur,ea
2496 4766 2871 4822 similitudine
2886 4766 3040 4839 quia,
3060 4767 3202 4822 sicut
3219 4767 3277 4822 in
3296 4767 3567 4822 torculari
3583 4768 3786 4824 vinum

2171 4859 2229 4911 et
2255 4855 2666 4923 acinum,itain
2691 4856 2938 4911 Ecclesia
2964 4859 3206 4928 utraque
3222 4856 3358 4911 boni
3378 4860 3434 4911 et
3471 4856 3609 4911 mali
3639 4874 3785 4913 con-

2169 4944 2861 5017 tinentur.Boniquidem,
2882 4948 2938 4999 et
2952 4944 3268 4999 secundum
3282 4950 3786 5001 sacramentorum

2168 5032 2695 5105 participationem,
2746 5035 2804 5086 et
2843 5032 3161 5087 secundum
3193 5032 3429 5088 virtutes
3473 5037 3531 5088 et
3562 5033 3783 5089 bonam

2170 5120 2857 5193 operationem,Ecclesia3
2882 5138 3012 5193 pars
3040 5124 3193 5190 sunt;
3216 5122 3356 5177 mali
3372 5139 3505 5177 vero
3527 5124 3786 5177 tantum-

2171 5210 2345 5264 modo
2377 5209 2692 5263 secundum
2714 5212 3213 5264 sacramentorum
3239 5210 3778 5281 participationem.

2169 5297 2303 5369 quia
2315 5298 2576 5352 videlicet
2596 5298 2960 5369 baptizantur
2972 5301 3028 5351 et
3044 5314 3283 5368 corpore
3300 5298 3602 5353 Dominico
3621 5315 3778 5353 com-

2171 5386 2754 5443 municantur.Bonos
2772 5403 2909 5459 ergo
2927 5386 3224 5459 utriusque
3239 5387 3501 5443 Ecclesia:
3522 5387 3581 5442 in
3604 5388 3779 5460 hujus

2173 5474 2377 5548 psalmi
2401 5474 2679 5547 principio
2693 5474 2876 5529 ﬁdelis
2892 5476 3080 5547 Asaph
3101 5479 3231 5547 post
3242 5476 3551 5531 adventum
3566 5476 3779 5532 Christi

2177 5563 2251 5618 ad
2276 5564 2676 5620 exsultantium
2697 5564 2754 5620 in
2782 5565 3005 5637 psalmo
3023 5568 3081 5621 et
3096 5564 3317 5621 cithara
3335 5568 3395 5621 et
3417 5565 3660 5623 buccina
3676 5568 3779 5623 ad-
