  <div class='ocr_page' id='page_1' title='image "/cluster/home/n/w/nwhite01/storage/ocr_20150623/152/hvd.32044054760103/540.png"; bbox 0 0 4008 6040; ppageno 0'>
   <div class='ocr_carea' id='block_1_1' title="bbox 95 308 3399 381">
    <p class='ocr_par' dir='ltr' id='par_1_1' title="bbox 95 308 3399 381">
     <span class='ocr_line' id='line_1_1' title="bbox 95 308 3399 381; baseline -0 -3"><span class='ocrx_word' id='word_1_1' title='bbox 95 310 235 380; x_wconf 67' lang='grc'>1969</span> <span class='ocrx_word' id='word_1_2' title='bbox 876 330 879 335; x_wconf 76' lang='grc'><em>’</em></span> <span class='ocrx_word' id='word_1_3' title='bbox 1054 314 1409 380; x_wconf 82' lang='lat' dir='ltr'>EXPOSITIO</span> <span class='ocrx_word' id='word_1_4' title='bbox 1445 316 1517 377; x_wconf 85' lang='lat' dir='ltr'><strong>IN</strong></span> <span class='ocrx_word' id='word_1_5' title='bbox 1552 312 1888 381; x_wconf 68' lang='lat' dir='ltr'>PSALMOS.</span> <span class='ocrx_word' id='word_1_6' title='bbox 1925 348 1999 365; x_wconf 90' lang='lat'><em>-</em></span> <span class='ocrx_word' id='word_1_7' title='bbox 2033 314 2232 378; x_wconf 82' lang='lat' dir='ltr'>PSAL.</span> <span class='ocrx_word' id='word_1_8' title='bbox 2271 312 2443 379; x_wconf 81' lang='lat' dir='ltr'><strong>LXXX</strong></span> <span class='ocrx_word' id='word_1_9' title='bbox 3261 308 3399 380; x_wconf 77' lang='lat' dir='ltr'>i070</span> 
     </span>
    </p>
   </div>
   <div class='ocr_carea' id='block_1_2' title="bbox 85 436 3403 521">
    <p class='ocr_par' dir='ltr' id='par_1_2' title="bbox 85 436 3403 521">
     <span class='ocr_line' id='line_1_2' title="bbox 85 436 3403 521; baseline 0.001 -24"><span class='ocrx_word' id='word_1_10' title='bbox 85 436 381 521; x_wconf 54' lang='lat' dir='ltr'>hortatur,</span> <span class='ocrx_word' id='word_1_11' title='bbox 399 436 464 498; x_wconf 84' lang='lat' dir='ltr'>in</span> <span class='ocrx_word' id='word_1_12' title='bbox 488 436 726 515; x_wconf 79' lang='lat' dir='ltr'>propria</span> <span class='ocrx_word' id='word_1_13' title='bbox 740 456 987 515; x_wconf 83' lang='lat' dir='ltr'>persona</span> <span class='ocrx_word' id='word_1_14' title='bbox 999 438 1073 499; x_wconf 86' lang='lat' dir='ltr'>ad</span> <span class='ocrx_word' id='word_1_15' title='bbox 1085 457 1186 499; x_wconf 87' lang='lat' dir='ltr'>eos</span> <span class='ocrx_word' id='word_1_16' title='bbox 1203 458 1398 516; x_wconf 83' lang='lat' dir='ltr'>agens.</span> <span class='ocrx_word' id='word_1_17' title='bbox 1417 440 1706 498; x_wconf 78' lang='lat' dir='ltr'>Caeterum</span> <span class='ocrx_word' id='word_1_18' title='bbox 1725 442 1780 505; x_wconf 78' lang='grc' dir='ltr'><strong>Α</strong></span> <span class='ocrx_word' id='word_1_19' title='bbox 1807 456 2036 515; x_wconf 88' lang='lat' dir='ltr'>quoque</span> <span class='ocrx_word' id='word_1_20' title='bbox 2068 439 2337 498; x_wconf 80' lang='lat' dir='ltr'>buccinate</span> <span class='ocrx_word' id='word_1_21' title='bbox 2360 437 2593 512; x_wconf 84' lang='lat' dir='ltr'>tuba,id</span> <span class='ocrx_word' id='word_1_22' title='bbox 2617 440 2705 500; x_wconf 88' lang='lat' dir='ltr'>est</span> <span class='ocrx_word' id='word_1_23' title='bbox 2730 443 2997 503; x_wconf 86' lang='lat' dir='ltr'>resenate</span> <span class='ocrx_word' id='word_1_24' title='bbox 3027 442 3228 521; x_wconf 82' lang='lat' dir='ltr'>aperta</span> <span class='ocrx_word' id='word_1_25' title='bbox 3253 458 3403 518; x_wconf 78' lang='lat' dir='ltr'>prse-</span> 
     </span>
    </p>
   </div>
   <div class='ocr_carea' id='block_1_3' title="bbox 91 514 3407 607">
    <p class='ocr_par' dir='ltr' id='par_1_3' title="bbox 91 514 3407 607">
     <span class='ocr_line' id='line_1_3' title="bbox 91 514 3407 607; baseline 0.001 -20"><span class='ocrx_word' id='word_1_26' title='bbox 91 514 518 603; x_wconf 63' lang='lat' dir='ltr'>326postea,</span> <span class='ocrx_word' id='word_1_27' title='bbox 543 514 613 587; x_wconf 87' lang='lat' dir='ltr'>ut</span> <span class='ocrx_word' id='word_1_28' title='bbox 632 514 947 587; x_wconf 79' lang='lat' dir='ltr'>terribilior</span> <span class='ocrx_word' id='word_1_29' title='bbox 964 534 1023 588; x_wconf 90' lang='lat' dir='ltr'>et</span> <span class='ocrx_word' id='word_1_30' title='bbox 1042 514 1507 588; x_wconf 82' lang='lat' dir='ltr'>auctorizabilior</span> <span class='ocrx_word' id='word_1_31' title='bbox 1521 530 1593 586; x_wconf 88' lang='lat' dir='ltr'>sit</span> <span class='ocrx_word' id='word_1_32' title='bbox 1610 530 1707 586; x_wconf 81' lang='lat' dir='ltr'>ad-</span> <span class='ocrx_word' id='word_1_33' title='bbox 1806 514 2111 599; x_wconf 78' lang='lat' dir='ltr'>dicatione,</span> <span class='ocrx_word' id='word_1_34' title='bbox 2131 548 2258 603; x_wconf 68' lang='lat' dir='ltr'>quae</span> <span class='ocrx_word' id='word_1_35' title='bbox 2281 548 2382 602; x_wconf 91' lang='lat' dir='ltr'>per</span> <span class='ocrx_word' id='word_1_36' title='bbox 2393 532 2593 588; x_wconf 88' lang='lat' dir='ltr'>tubam</span> <span class='ocrx_word' id='word_1_37' title='bbox 2615 533 2969 607; x_wconf 80' lang='lat' dir='ltr'>designatur,</span> <span class='ocrx_word' id='word_1_38' title='bbox 2993 514 3237 607; x_wconf 62' lang='lat' dir='ltr'>adquod</span> <span class='ocrx_word' id='word_1_39' title='bbox 3253 514 3407 591; x_wconf 60' lang='lat' dir='ltr'>tuba</span> 
     </span>
    </p>
   </div>
   <div class='ocr_carea' id='block_1_4' title="bbox 90 619 3407 692">
    <p class='ocr_par' dir='ltr' id='par_1_4' title="bbox 90 619 3407 692">
     <span class='ocr_line' id='line_1_4' title="bbox 90 619 3407 692; baseline 0.002 -18"><span class='ocrx_word' id='word_1_40' title='bbox 90 620 368 688; x_wconf 81' lang='lat' dir='ltr'>monitio,</span> <span class='ocrx_word' id='word_1_41' title='bbox 389 621 461 676; x_wconf 89' lang='lat' dir='ltr'>ad</span> <span class='ocrx_word' id='word_1_42' title='bbox 474 621 657 676; x_wconf 90' lang='lat' dir='ltr'>malos</span> <span class='ocrx_word' id='word_1_43' title='bbox 679 624 950 692; x_wconf 88' lang='lat' dir='ltr'>agentem</span> <span class='ocrx_word' id='word_1_44' title='bbox 982 623 1164 676; x_wconf 91' lang='lat' dir='ltr'>Deum</span> <span class='ocrx_word' id='word_1_45' title='bbox 1188 620 1526 687; x_wconf 83' lang='lat' dir='ltr'>introduxit,</span> <span class='ocrx_word' id='word_1_46' title='bbox 1550 620 1706 691; x_wconf 84' lang='lat' dir='ltr'>ipsos</span> <span class='ocrx_word' id='word_1_47' title='bbox 1805 619 2024 675; x_wconf 89' lang='lat' dir='ltr'>sonitus</span> <span class='ocrx_word' id='word_1_48' title='bbox 2058 621 2129 675; x_wconf 92' lang='lat' dir='ltr'>sit</span> <span class='ocrx_word' id='word_1_49' title='bbox 2159 621 2516 677; x_wconf 83' lang='lat' dir='ltr'>manifestus.</span> <span class='ocrx_word' id='word_1_50' title='bbox 2529 623 2638 679; x_wconf 85' lang='lat' dir='ltr'>Vos</span> <span class='ocrx_word' id='word_1_51' title='bbox 2657 624 2782 680; x_wconf 90' lang='lat' dir='ltr'>dico</span> <span class='ocrx_word' id='word_1_52' title='bbox 2810 625 3115 680; x_wconf 84' lang='lat' dir='ltr'>existentes</span> <span class='ocrx_word' id='word_1_53' title='bbox 3129 627 3186 679; x_wconf 76' lang='lat' dir='ltr'>in</span> <span class='ocrx_word' id='word_1_54' title='bbox 3206 641 3407 679; x_wconf 81' lang='lat' dir='ltr'>neome-</span> 
     </span>
    </p>
   </div>
   <div class='ocr_carea' id='block_1_5' title="bbox 89 707 3404 787">
    <p class='ocr_par' dir='ltr' id='par_1_5' title="bbox 89 707 3404 787">
     <span class='ocr_line' id='line_1_5' title="bbox 89 707 3404 787; baseline 0.002 -23"><span class='ocrx_word' id='word_1_55' title='bbox 89 710 284 764; x_wconf 88' lang='lat' dir='ltr'>malos</span> <span class='ocrx_word' id='word_1_56' title='bbox 299 710 371 765; x_wconf 90' lang='lat' dir='ltr'>ad</span> <span class='ocrx_word' id='word_1_57' title='bbox 384 709 775 787; x_wconf 29' lang='lat' dir='ltr'>obedienodum</span> <span class='ocrx_word' id='word_1_58' title='bbox 795 709 902 765; x_wconf 87' lang='lat' dir='ltr'>sibi</span> <span class='ocrx_word' id='word_1_59' title='bbox 916 707 1705 776; x_wconf 89' lang='lat' dir='ltr'>adhortantem,etbeneﬁcia</span> <span class='ocrx_word' id='word_1_60' title='bbox 1802 709 1993 776; x_wconf 81' lang='lat' dir='ltr'>m&#39;a,id</span> <span class='ocrx_word' id='word_1_61' title='bbox 2023 713 2110 764; x_wconf 89' lang='lat' dir='ltr'>est</span> <span class='ocrx_word' id='word_1_62' title='bbox 2133 709 2193 763; x_wconf 91' lang='lat' dir='ltr'>in</span> <span class='ocrx_word' id='word_1_63' title='bbox 2222 712 2599 767; x_wconf 85' lang='lat' dir='ltr'>renovatione</span> <span class='ocrx_word' id='word_1_64' title='bbox 2630 715 2802 781; x_wconf 77' lang='lat' dir='ltr'>lunae,</span> <span class='ocrx_word' id='word_1_65' title='bbox 2828 714 3047 769; x_wconf 90' lang='lat' dir='ltr'>scilicet</span> <span class='ocrx_word' id='word_1_66' title='bbox 3076 715 3135 769; x_wconf 91' lang='lat' dir='ltr'>in</span> <span class='ocrx_word' id='word_1_67' title='bbox 3166 731 3404 770; x_wconf 85' lang='lat' dir='ltr'>renova-</span> 
     </span>
    </p>
   </div>
   <div class='ocr_carea' id='block_1_6' title="bbox 91 797 3407 875">
    <p class='ocr_par' dir='ltr' id='par_1_6' title="bbox 91 797 3407 875">
     <span class='ocr_line' id='line_1_6' title="bbox 91 797 3407 875; baseline 0.002 -24"><span class='ocrx_word' id='word_1_68' title='bbox 91 814 227 870; x_wconf 55' lang='lat' dir='ltr'>quas</span> <span class='ocrx_word' id='word_1_69' title='bbox 235 798 360 869; x_wconf 88' lang='lat' dir='ltr'>jam</span> <span class='ocrx_word' id='word_1_70' title='bbox 382 797 462 853; x_wconf 89' lang='lat' dir='ltr'>eis</span> <span class='ocrx_word' id='word_1_71' title='bbox 492 797 736 853; x_wconf 86' lang='lat' dir='ltr'>contulit</span> <span class='ocrx_word' id='word_1_72' title='bbox 750 798 1238 870; x_wconf 80' lang='lat' dir='ltr'>praetendentem,</span> <span class='ocrx_word' id='word_1_73' title='bbox 1264 813 1514 868; x_wconf 91' lang='lat' dir='ltr'>quorum</span> <span class='ocrx_word' id='word_1_74' title='bbox 1541 812 1704 852; x_wconf 89' lang='lat' dir='ltr'>occa-</span> <span class='ocrx_word' id='word_1_75' title='bbox 1802 797 1966 852; x_wconf 88' lang='lat' dir='ltr'>tione</span> <span class='ocrx_word' id='word_1_76' title='bbox 1989 798 2364 853; x_wconf 84' lang='lat' dir='ltr'>humanitatis</span> <span class='ocrx_word' id='word_1_77' title='bbox 2376 801 2575 854; x_wconf 65' lang='lat' dir='ltr'>vestra:</span> <span class='ocrx_word' id='word_1_78' title='bbox 2596 811 2695 873; x_wconf 87' lang='lat' dir='ltr'>per</span> <span class='ocrx_word' id='word_1_79' title='bbox 2709 802 3088 874; x_wconf 83' lang='lat' dir='ltr'>baptismum;</span> <span class='ocrx_word' id='word_1_80' title='bbox 3113 820 3240 875; x_wconf 85' lang='lat' dir='ltr'>quae</span> <span class='ocrx_word' id='word_1_81' title='bbox 3256 803 3407 867; x_wconf 82' lang='lat' dir='ltr'>bene</span> 
     </span>
    </p>
   </div>
   <div class='ocr_carea' id='block_1_7' title="bbox 89 885 3410 965">
    <p class='ocr_par' dir='ltr' id='par_1_7' title="bbox 89 885 3410 965">
     <span class='ocr_line' id='line_1_7' title="bbox 89 885 3410 965; baseline 0.002 -24"><span class='ocrx_word' id='word_1_82' title='bbox 89 887 257 942; x_wconf 82' lang='lat' dir='ltr'>sione</span> <span class='ocrx_word' id='word_1_83' title='bbox 286 886 392 943; x_wconf 88' lang='lat' dir='ltr'>sibi</span> <span class='ocrx_word' id='word_1_84' title='bbox 423 903 521 941; x_wconf 89' lang='lat' dir='ltr'>eos</span> <span class='ocrx_word' id='word_1_85' title='bbox 550 887 786 942; x_wconf 87' lang='lat' dir='ltr'>obedire</span> <span class='ocrx_word' id='word_1_86' title='bbox 818 886 1013 951; x_wconf 84' lang='lat' dir='ltr'>decet:</span> <span class='ocrx_word' id='word_1_87' title='bbox 1039 885 1445 940; x_wconf 89' lang='lat' dir='ltr'>ostendentem</span> <span class='ocrx_word' id='word_1_88' title='bbox 1476 899 1705 956; x_wconf 89' lang='lat' dir='ltr'>quoque</span> <span class='ocrx_word' id='word_1_89' title='bbox 1803 886 1942 941; x_wconf 87' lang='lat' dir='ltr'>luna</span> <span class='ocrx_word' id='word_1_90' title='bbox 1962 886 2189 958; x_wconf 90' lang='lat' dir='ltr'>dicitur,</span> <span class='ocrx_word' id='word_1_91' title='bbox 2212 903 2280 943; x_wconf 90' lang='lat' dir='ltr'>eo</span> <span class='ocrx_word' id='word_1_92' title='bbox 2301 889 2455 958; x_wconf 93' lang='lat' dir='ltr'>quod</span> <span class='ocrx_word' id='word_1_93' title='bbox 2477 890 2671 943; x_wconf 89' lang='lat' dir='ltr'>multis</span> <span class='ocrx_word' id='word_1_94' title='bbox 2692 908 2765 945; x_wconf 91' lang='lat' dir='ltr'>an</span> <span class='ocrx_word' id='word_1_95' title='bbox 2784 892 3089 947; x_wconf 86' lang='lat' dir='ltr'>xietatibus</span> <span class='ocrx_word' id='word_1_96' title='bbox 3111 890 3319 965; x_wconf 88' lang='lat' dir='ltr'>saepius</span> <span class='ocrx_word' id='word_1_97' title='bbox 3336 891 3410 947; x_wconf 91' lang='lat' dir='ltr'>ad</span> 
     </span>
    </p>
   </div>
   <div class='ocr_carea' id='block_1_8' title="bbox 89 974 3410 1051">
    <p class='ocr_par' dir='ltr' id='par_1_8' title="bbox 89 974 3410 1051">
     <span class='ocr_line' id='line_1_8' title="bbox 89 974 3410 1051; baseline 0.002 -21"><span class='ocrx_word' id='word_1_98' title='bbox 89 976 235 1050; x_wconf 90' lang='lat' dir='ltr'>quid</span> <span class='ocrx_word' id='word_1_99' title='bbox 286 974 584 1047; x_wconf 84' lang='lat' dir='ltr'>continget</span> <span class='ocrx_word' id='word_1_100' title='bbox 631 974 739 1029; x_wconf 89' lang='lat' dir='ltr'>sibi</span> <span class='ocrx_word' id='word_1_101' title='bbox 786 990 903 1029; x_wconf 91' lang='lat' dir='ltr'>non</span> <span class='ocrx_word' id='word_1_102' title='bbox 949 974 1370 1040; x_wconf 88' lang='lat' dir='ltr'>obedientibus,</span> <span class='ocrx_word' id='word_1_103' title='bbox 1403 974 1540 1046; x_wconf 90' lang='lat' dir='ltr'>quid</span> <span class='ocrx_word' id='word_1_104' title='bbox 1570 989 1705 1029; x_wconf 89' lang='lat' dir='ltr'>vero</span> <span class='ocrx_word' id='word_1_105' title='bbox 1806 975 2046 1029; x_wconf 91' lang='lat' dir='ltr'>modum</span> <span class='ocrx_word' id='word_1_106' title='bbox 2067 976 2217 1029; x_wconf 53' lang='lat' dir='ltr'>lunas</span> <span class='ocrx_word' id='word_1_107' title='bbox 2249 975 2499 1032; x_wconf 90' lang='lat' dir='ltr'>deﬁciat.</span> <span class='ocrx_word' id='word_1_108' title='bbox 2533 977 2697 1041; x_wconf 87' lang='lat' dir='ltr'>Quod</span> <span class='ocrx_word' id='word_1_109' title='bbox 2727 982 2811 1034; x_wconf 89' lang='lat' dir='ltr'>est</span> <span class='ocrx_word' id='word_1_110' title='bbox 2847 980 3035 1037; x_wconf 90' lang='lat' dir='ltr'>dicere</span> <span class='ocrx_word' id='word_1_111' title='bbox 3069 998 3081 1036; x_wconf 93' lang='lat'>:</span> <span class='ocrx_word' id='word_1_112' title='bbox 3119 981 3261 1038; x_wconf 87' lang='lat' dir='ltr'>Cum</span> <span class='ocrx_word' id='word_1_113' title='bbox 3281 981 3410 1051; x_wconf 87' lang='lat' dir='ltr'>jam</span> 
     </span>
    </p>
   </div>
   <div class='ocr_carea' id='block_1_9' title="bbox 90 1061 3409 1141">
    <p class='ocr_par' dir='ltr' id='par_1_9' title="bbox 90 1061 3409 1141">
     <span class='ocr_line' id='line_1_9' title="bbox 90 1061 3409 1141; baseline 0.001 -20"><span class='ocrx_word' id='word_1_114' title='bbox 90 1064 525 1122; x_wconf 87' lang='lat' dir='ltr'>obedientibus.</span> <span class='ocrx_word' id='word_1_115' title='bbox 555 1064 717 1119; x_wconf 90' lang='lat' dir='ltr'>Unde</span> <span class='ocrx_word' id='word_1_116' title='bbox 748 1063 896 1118; x_wconf 90' lang='lat' dir='ltr'>bene</span> <span class='ocrx_word' id='word_1_117' title='bbox 931 1062 990 1116; x_wconf 87' lang='lat' dir='ltr'>in</span> <span class='ocrx_word' id='word_1_118' title='bbox 1016 1062 1182 1117; x_wconf 88' lang='lat' dir='ltr'>titulo</span> <span class='ocrx_word' id='word_1_119' title='bbox 1210 1061 1447 1134; x_wconf 91' lang='lat' dir='ltr'>ponitur</span> <span class='ocrx_word' id='word_1_120' title='bbox 1465 1077 1568 1133; x_wconf 84' lang='lat' dir='ltr'>pro</span> <span class='ocrx_word' id='word_1_121' title='bbox 1598 1067 1705 1115; x_wconf 85' lang='lat' dir='ltr'>tor-</span> <span class='ocrx_word' id='word_1_122' title='bbox 1805 1078 1910 1134; x_wconf 89' lang='lat' dir='ltr'>per</span> <span class='ocrx_word' id='word_1_123' title='bbox 1933 1063 2289 1135; x_wconf 85' lang='lat' dir='ltr'>baptismum</span> <span class='ocrx_word' id='word_1_124' title='bbox 2318 1066 2648 1122; x_wconf 83' lang='lat' dir='ltr'>humanitas</span> <span class='ocrx_word' id='word_1_125' title='bbox 2670 1072 2858 1137; x_wconf 85' lang='lat' dir='ltr'>vestra</span> <span class='ocrx_word' id='word_1_126' title='bbox 2880 1072 3158 1124; x_wconf 90' lang='lat' dir='ltr'>renovata</span> <span class='ocrx_word' id='word_1_127' title='bbox 3173 1069 3409 1141; x_wconf 81' lang='lat' dir='ltr'>sit,quae</span> 
     </span>
    </p>
   </div>
   <div class='ocr_carea' id='block_1_10' title="bbox 89 1150 3415 1223">
    <p class='ocr_par' dir='ltr' id='par_1_10' title="bbox 89 1150 3415 1223">
     <span class='ocr_line' id='line_1_10' title="bbox 89 1150 3415 1223; baseline 0.001 -13"><span class='ocrx_word' id='word_1_128' title='bbox 89 1154 383 1221; x_wconf 78' lang='lat' dir='ltr'>cularibus,</span> <span class='ocrx_word' id='word_1_129' title='bbox 429 1152 489 1208; x_wconf 93' lang='lat' dir='ltr'>id</span> <span class='ocrx_word' id='word_1_130' title='bbox 544 1154 631 1207; x_wconf 89' lang='lat' dir='ltr'>est</span> <span class='ocrx_word' id='word_1_131' title='bbox 670 1168 775 1223; x_wconf 88' lang='lat' dir='ltr'>pro</span> <span class='ocrx_word' id='word_1_132' title='bbox 816 1150 1062 1206; x_wconf 86' lang='lat' dir='ltr'>utilitate</span> <span class='ocrx_word' id='word_1_133' title='bbox 1112 1150 1517 1215; x_wconf 88' lang='lat' dir='ltr'>Ecclesiarum,</span> <span class='ocrx_word' id='word_1_134' title='bbox 1567 1165 1708 1221; x_wconf 87' lang='lat' dir='ltr'>quas</span> <span class='ocrx_word' id='word_1_135' title='bbox 1806 1168 1911 1223; x_wconf 90' lang='lat' dir='ltr'>per</span> <span class='ocrx_word' id='word_1_136' title='bbox 1936 1152 2122 1206; x_wconf 81' lang='lat' dir='ltr'>Adam</span> <span class='ocrx_word' id='word_1_137' title='bbox 2152 1152 2210 1207; x_wconf 88' lang='lat' dir='ltr'>in</span> <span class='ocrx_word' id='word_1_138' title='bbox 2240 1157 2587 1217; x_wconf 88' lang='lat' dir='ltr'>vetustatem</span> <span class='ocrx_word' id='word_1_139' title='bbox 2637 1157 2953 1223; x_wconf 87' lang='lat' dir='ltr'>deciderat,</span> <span class='ocrx_word' id='word_1_140' title='bbox 2984 1159 3132 1213; x_wconf 88' lang='lat' dir='ltr'>hanc</span> <span class='ocrx_word' id='word_1_141' title='bbox 3175 1174 3415 1213; x_wconf 88' lang='lat' dir='ltr'>renova-</span> 
     </span>
    </p>
   </div>
   <div class='ocr_carea' id='block_1_11' title="bbox 87 1233 3410 1316">
    <p class='ocr_par' dir='ltr' id='par_1_11' title="bbox 87 1233 3410 1316">
     <span class='ocr_line' id='line_1_11' title="bbox 87 1233 3410 1316; baseline 0 -17"><span class='ocrx_word' id='word_1_142' title='bbox 87 1244 192 1299; x_wconf 86' lang='lat' dir='ltr'>hie</span> <span class='ocrx_word' id='word_1_143' title='bbox 222 1242 550 1315; x_wconf 88' lang='lat' dir='ltr'>alloquitur.</span> <span class='ocrx_word' id='word_1_144' title='bbox 566 1241 750 1296; x_wconf 90' lang='lat' dir='ltr'>Verba</span> <span class='ocrx_word' id='word_1_145' title='bbox 775 1256 909 1295; x_wconf 91' lang='lat' dir='ltr'>vero</span> <span class='ocrx_word' id='word_1_146' title='bbox 940 1240 1111 1310; x_wconf 87' lang='lat' dir='ltr'>hujus</span> <span class='ocrx_word' id='word_1_147' title='bbox 1140 1239 1291 1294; x_wconf 90' lang='lat' dir='ltr'>tituli</span> <span class='ocrx_word' id='word_1_148' title='bbox 1320 1238 1402 1293; x_wconf 90' lang='lat' dir='ltr'>sic</span> <span class='ocrx_word' id='word_1_149' title='bbox 1432 1239 1709 1309; x_wconf 89' lang='lat' dir='ltr'>adaptan-</span> <span class='ocrx_word' id='word_1_150' title='bbox 1806 1238 2030 1294; x_wconf 88' lang='lat' dir='ltr'>tionem</span> <span class='ocrx_word' id='word_1_151' title='bbox 2061 1256 2177 1295; x_wconf 92' lang='lat' dir='ltr'>non</span> <span class='ocrx_word' id='word_1_152' title='bbox 2205 1243 2490 1297; x_wconf 88' lang='lat' dir='ltr'>renovatis</span> <span class='ocrx_word' id='word_1_153' title='bbox 2520 1248 2717 1315; x_wconf 89' lang='lat' dir='ltr'>aperte</span> <span class='ocrx_word' id='word_1_154' title='bbox 2748 1246 3157 1316; x_wconf 62' lang='lat' dir='ltr'>praedicate,ut</span> <span class='ocrx_word' id='word_1_155' title='bbox 3175 1245 3247 1300; x_wconf 90' lang='lat' dir='ltr'>ad</span> <span class='ocrx_word' id='word_1_156' title='bbox 3262 1233 3410 1300; x_wconf 84' lang='lat' dir='ltr'>hanc</span> 
     </span>
    </p>
   </div>
   <div class='ocr_carea' id='block_1_12' title="bbox 87 1327 3414 1406">
    <p class='ocr_par' dir='ltr' id='par_1_12' title="bbox 87 1327 3414 1406">
     <span class='ocr_line' id='line_1_12' title="bbox 87 1327 3414 1406; baseline -0.001 -17"><span class='ocrx_word' id='word_1_157' title='bbox 87 1337 194 1390; x_wconf 85' lang='lat' dir='ltr'>tur</span> <span class='ocrx_word' id='word_1_158' title='bbox 217 1351 230 1389; x_wconf 89' lang='lat'><strong>:</strong></span> <span class='ocrx_word' id='word_1_159' title='bbox 255 1333 504 1390; x_wconf 87' lang='lat' dir='ltr'>Psalmus</span> <span class='ocrx_word' id='word_1_160' title='bbox 526 1330 630 1387; x_wconf 91' lang='lat' dir='ltr'>iste</span> <span class='ocrx_word' id='word_1_161' title='bbox 657 1334 742 1385; x_wconf 88' lang='lat' dir='ltr'>est</span> <span class='ocrx_word' id='word_1_162' title='bbox 762 1329 1046 1400; x_wconf 84' lang='lat' dir='ltr'>Asaph,id</span> <span class='ocrx_word' id='word_1_163' title='bbox 1066 1331 1153 1383; x_wconf 89' lang='lat' dir='ltr'>est</span> <span class='ocrx_word' id='word_1_164' title='bbox 1173 1328 1499 1401; x_wconf 63' lang='lat' dir='ltr'>Synagogaa</span> <span class='ocrx_word' id='word_1_165' title='bbox 1522 1327 1709 1382; x_wconf 87' lang='lat' dir='ltr'>ﬁdelis</span> <span class='ocrx_word' id='word_1_166' title='bbox 1808 1327 2105 1383; x_wconf 86' lang='lat' dir='ltr'>accedant.</span> <span class='ocrx_word' id='word_1_167' title='bbox 2132 1328 2296 1393; x_wconf 88' lang='lat' dir='ltr'>Quod</span> <span class='ocrx_word' id='word_1_168' title='bbox 2308 1331 2726 1403; x_wconf 66' lang='lat' dir='ltr'>praesignatum</span> <span class='ocrx_word' id='word_1_169' title='bbox 2752 1337 2838 1387; x_wconf 92' lang='lat' dir='ltr'>est</span> <span class='ocrx_word' id='word_1_170' title='bbox 2867 1333 3047 1404; x_wconf 89' lang='lat' dir='ltr'>priori</span> <span class='ocrx_word' id='word_1_171' title='bbox 3064 1333 3296 1406; x_wconf 91' lang='lat' dir='ltr'>populo,</span> <span class='ocrx_word' id='word_1_172' title='bbox 3315 1332 3414 1404; x_wconf 87' lang='lat' dir='ltr'>qui</span> 
     </span>
    </p>
   </div>
   <div class='ocr_carea' id='block_1_13' title="bbox 88 1416 3418 1495">
    <p class='ocr_par' dir='ltr' id='par_1_13' title="bbox 88 1416 3418 1495">
     <span class='ocr_line' id='line_1_13' title="bbox 88 1416 3418 1495; baseline -0.001 -16"><span class='ocrx_word' id='word_1_173' title='bbox 88 1440 204 1495; x_wconf 89' lang='lat' dir='ltr'>pro</span> <span class='ocrx_word' id='word_1_174' title='bbox 234 1421 616 1478; x_wconf 88' lang='lat' dir='ltr'>torcularibus</span> <span class='ocrx_word' id='word_1_175' title='bbox 650 1435 831 1491; x_wconf 82' lang='lat' dir='ltr'>agens</span> <span class='ocrx_word' id='word_1_176' title='bbox 860 1419 965 1473; x_wconf 91' lang='lat' dir='ltr'>iste</span> <span class='ocrx_word' id='word_1_177' title='bbox 996 1419 1251 1489; x_wconf 88' lang='lat' dir='ltr'>psalmus</span> <span class='ocrx_word' id='word_1_178' title='bbox 1283 1434 1297 1473; x_wconf 87' lang='lat'>:</span> <span class='ocrx_word' id='word_1_179' title='bbox 1329 1416 1709 1473; x_wconf 84' lang='lat' dir='ltr'>torcularibus</span> <span class='ocrx_word' id='word_1_180' title='bbox 1810 1416 1869 1470; x_wconf 91' lang='lat' dir='ltr'>in</span> <span class='ocrx_word' id='word_1_181' title='bbox 1894 1417 2268 1473; x_wconf 87' lang='lat' dir='ltr'>renovatione</span> <span class='ocrx_word' id='word_1_182' title='bbox 2295 1419 2446 1475; x_wconf 67' lang='lat' dir='ltr'>luna:</span> <span class='ocrx_word' id='word_1_183' title='bbox 2468 1420 2703 1491; x_wconf 90' lang='lat' dir='ltr'>septimi</span> <span class='ocrx_word' id='word_1_184' title='bbox 2733 1423 2950 1477; x_wconf 88' lang='lat' dir='ltr'>mensis</span> <span class='ocrx_word' id='word_1_185' title='bbox 2979 1423 3121 1477; x_wconf 90' lang='lat' dir='ltr'>tuba</span> <span class='ocrx_word' id='word_1_186' title='bbox 3151 1423 3418 1493; x_wconf 85' lang='lat' dir='ltr'>clangere</span> 
     </span>
    </p>
   </div>
   <div class='ocr_carea' id='block_1_14' title="bbox 93 1504 3423 1583">
    <p class='ocr_par' dir='ltr' id='par_1_14' title="bbox 93 1504 3423 1583">
     <span class='ocr_line' id='line_1_14' title="bbox 93 1504 3423 1583; baseline -0.001 -16"><span class='ocrx_word' id='word_1_187' title='bbox 93 1512 228 1567; x_wconf 91' lang='lat' dir='ltr'>dico</span> <span class='ocrx_word' id='word_1_188' title='bbox 256 1510 593 1582; x_wconf 77' lang='lat' dir='ltr'>signiﬁcatis</span> <span class='ocrx_word' id='word_1_189' title='bbox 637 1525 740 1580; x_wconf 89' lang='lat' dir='ltr'>per</span> <span class='ocrx_word' id='word_1_190' title='bbox 784 1507 1085 1579; x_wconf 87' lang='lat' dir='ltr'>negotium</span> <span class='ocrx_word' id='word_1_191' title='bbox 1129 1506 1284 1578; x_wconf 90' lang='lat' dir='ltr'>quod</span> <span class='ocrx_word' id='word_1_192' title='bbox 1332 1505 1617 1577; x_wconf 88' lang='lat' dir='ltr'>contingit</span> <span class='ocrx_word' id='word_1_193' title='bbox 1650 1504 1709 1559; x_wconf 90' lang='lat' dir='ltr'>in</span> <span class='ocrx_word' id='word_1_194' title='bbox 1812 1505 2273 1577; x_wconf 71' lang='lat' dir='ltr'>praecipiebatur.</span> <span class='ocrx_word' id='word_1_195' title='bbox 2290 1508 2853 1583; x_wconf 89' lang='lat' dir='ltr'>Neomeniaquippe,</span> <span class='ocrx_word' id='word_1_196' title='bbox 2878 1511 3423 1577; x_wconf 68' lang='lat' dir='ltr'>lunaerenovatio,in-</span> 
     </span>
    </p>
   </div>
   <div class='ocr_carea' id='block_1_15' title="bbox 93 1594 3423 1672">
    <p class='ocr_par' dir='ltr' id='par_1_15' title="bbox 93 1594 3423 1672">
     <span class='ocr_line' id='line_1_15' title="bbox 93 1594 3423 1672; baseline 0.001 -18"><span class='ocrx_word' id='word_1_197' title='bbox 93 1599 309 1672; x_wconf 91' lang='lat' dir='ltr'>quinta</span> <span class='ocrx_word' id='word_1_198' title='bbox 323 1598 576 1654; x_wconf 89' lang='lat' dir='ltr'>Sabbati.</span> <span class='ocrx_word' id='word_1_199' title='bbox 596 1597 808 1662; x_wconf 83' lang='lat' dir='ltr'>Quinta</span> <span class='ocrx_word' id='word_1_200' title='bbox 838 1611 1091 1667; x_wconf 89' lang='lat' dir='ltr'>namque</span> <span class='ocrx_word' id='word_1_201' title='bbox 1113 1594 1207 1650; x_wconf 92' lang='lat' dir='ltr'>die</span> <span class='ocrx_word' id='word_1_202' title='bbox 1234 1594 1445 1650; x_wconf 89' lang='lat' dir='ltr'>creavit</span> <span class='ocrx_word' id='word_1_203' title='bbox 1475 1596 1624 1650; x_wconf 91' lang='lat' dir='ltr'>Deus</span> <span class='ocrx_word' id='word_1_204' title='bbox 1644 1609 1714 1648; x_wconf 80' lang='lat' dir='ltr'>ex</span> <span class='ocrx_word' id='word_1_205' title='bbox 1813 1597 2187 1665; x_wconf 87' lang='lat' dir='ltr'>terpretatur.</span> <span class='ocrx_word' id='word_1_206' title='bbox 2221 1597 2358 1651; x_wconf 92' lang='lat' dir='ltr'>Dico</span> <span class='ocrx_word' id='word_1_207' title='bbox 2390 1598 2544 1669; x_wconf 90' lang='lat' dir='ltr'>quod</span> <span class='ocrx_word' id='word_1_208' title='bbox 2562 1598 2689 1668; x_wconf 87' lang='lat' dir='ltr'>jam</span> <span class='ocrx_word' id='word_1_209' title='bbox 2713 1599 2845 1653; x_wconf 86' lang='lat' dir='ltr'>estis</span> <span class='ocrx_word' id='word_1_210' title='bbox 2866 1602 2920 1652; x_wconf 87' lang='lat' dir='ltr'>in</span> <span class='ocrx_word' id='word_1_211' title='bbox 2941 1602 3213 1654; x_wconf 84' lang='lat' dir='ltr'>neomenia</span> <span class='ocrx_word' id='word_1_212' title='bbox 3230 1600 3423 1656; x_wconf 81' lang='lat' dir='ltr'>scilicet</span> 
     </span>
    </p>
   </div>
   <div class='ocr_carea' id='block_1_16' title="bbox 94 1682 3428 1761">
    <p class='ocr_par' dir='ltr' id='par_1_16' title="bbox 94 1682 3428 1761">
     <span class='ocr_line' id='line_1_16' title="bbox 94 1682 3428 1761; baseline -0 -17"><span class='ocrx_word' id='word_1_213' title='bbox 94 1706 254 1761; x_wconf 89' lang='lat' dir='ltr'>aqua</span> <span class='ocrx_word' id='word_1_214' title='bbox 294 1686 547 1744; x_wconf 86' lang='lat' dir='ltr'>volatilia</span> <span class='ocrx_word' id='word_1_215' title='bbox 577 1686 735 1757; x_wconf 87' lang='lat' dir='ltr'>(Gen.</span> <span class='ocrx_word' id='word_1_216' title='bbox 779 1702 818 1751; x_wconf 83' lang='lat'>1,</span> <span class='ocrx_word' id='word_1_217' title='bbox 866 1688 976 1750; x_wconf 83' lang='grc'>20),</span> <span class='ocrx_word' id='word_1_218' title='bbox 1013 1682 1087 1738; x_wconf 86' lang='lat' dir='ltr'>ad</span> <span class='ocrx_word' id='word_1_219' title='bbox 1133 1682 1396 1738; x_wconf 75' lang='lat' dir='ltr'>Ecclesiae</span> <span class='ocrx_word' id='word_1_220' title='bbox 1439 1682 1709 1754; x_wconf 85' lang='lat' dir='ltr'>figuram.</span> <span class='ocrx_word' id='word_1_221' title='bbox 1815 1682 1871 1735; x_wconf 84' lang='lat' dir='ltr'>in</span> <span class='ocrx_word' id='word_1_222' title='bbox 1913 1684 2113 1752; x_wconf 78' lang='lat' dir='ltr'>insigni</span> <span class='ocrx_word' id='word_1_223' title='bbox 2136 1683 2240 1750; x_wconf 84' lang='lat' dir='ltr'>die,</span> <span class='ocrx_word' id='word_1_224' title='bbox 2269 1684 2328 1739; x_wconf 91' lang='lat' dir='ltr'>id</span> <span class='ocrx_word' id='word_1_225' title='bbox 2356 1685 2519 1739; x_wconf 90' lang='lat' dir='ltr'>estin</span> <span class='ocrx_word' id='word_1_226' title='bbox 2536 1685 2898 1741; x_wconf 89' lang='lat' dir='ltr'>nobilissima</span> <span class='ocrx_word' id='word_1_227' title='bbox 2915 1686 3170 1742; x_wconf 83' lang='lat' dir='ltr'>claritate</span> <span class='ocrx_word' id='word_1_228' title='bbox 3186 1689 3428 1743; x_wconf 81' lang='lat' dir='ltr'>solemni-</span> 
     </span>
    </p>
   </div>
   <div class='ocr_carea' id='block_1_17' title="bbox 91 1771 3431 1849">
    <p class='ocr_par' dir='ltr' id='par_1_17' title="bbox 91 1771 3431 1849">
     <span class='ocr_line' id='line_1_17' title="bbox 91 1771 3431 1849; baseline 0 -17"><span class='ocrx_word' id='word_1_229' title='bbox 91 1780 187 1833; x_wconf 89' lang='lat' dir='ltr'>Ita</span> <span class='ocrx_word' id='word_1_230' title='bbox 198 1793 456 1849; x_wconf 90' lang='lat' dir='ltr'>namque</span> <span class='ocrx_word' id='word_1_231' title='bbox 474 1775 620 1831; x_wconf 90' lang='lat' dir='ltr'>ﬁlios</span> <span class='ocrx_word' id='word_1_232' title='bbox 634 1774 895 1830; x_wconf 71' lang='lat' dir='ltr'>Ecclesiae</span> <span class='ocrx_word' id='word_1_233' title='bbox 919 1790 986 1828; x_wconf 82' lang='lat' dir='ltr'>ex</span> <span class='ocrx_word' id='word_1_234' title='bbox 1007 1788 1160 1844; x_wconf 88' lang='lat' dir='ltr'>aqua</span> <span class='ocrx_word' id='word_1_235' title='bbox 1180 1772 1714 1844; x_wconf 88' lang='lat' dir='ltr'>baptismirecreat,</span> <span class='ocrx_word' id='word_1_236' title='bbox 1736 1778 1785 1837; x_wconf 88' lang='grc' dir='ltr'>Β</span> <span class='ocrx_word' id='word_1_237' title='bbox 1817 1772 1960 1838; x_wconf 86' lang='lat' dir='ltr'>tatis,</span> <span class='ocrx_word' id='word_1_238' title='bbox 1984 1771 2043 1825; x_wconf 93' lang='lat' dir='ltr'>id</span> <span class='ocrx_word' id='word_1_239' title='bbox 2058 1776 2144 1826; x_wconf 92' lang='lat' dir='ltr'>est</span> <span class='ocrx_word' id='word_1_240' title='bbox 2172 1772 2492 1829; x_wconf 87' lang='lat' dir='ltr'>feriationis</span> <span class='ocrx_word' id='word_1_241' title='bbox 2513 1779 2718 1829; x_wconf 69' lang='lat' dir='ltr'>vestrae.</span> <span class='ocrx_word' id='word_1_242' title='bbox 2737 1775 2903 1839; x_wconf 85' lang='lat' dir='ltr'>Quod</span> <span class='ocrx_word' id='word_1_243' title='bbox 2923 1779 3008 1830; x_wconf 84' lang='lat' dir='ltr'>est</span> <span class='ocrx_word' id='word_1_244' title='bbox 3029 1776 3219 1831; x_wconf 89' lang='lat' dir='ltr'>dicere</span> <span class='ocrx_word' id='word_1_245' title='bbox 3247 1794 3261 1833; x_wconf 91' lang='lat'><strong>:</strong></span> <span class='ocrx_word' id='word_1_246' title='bbox 3293 1778 3431 1842; x_wconf 72' lang='lat' dir='ltr'>Quae</span> 
     </span>
    </p>
   </div>
   <div class='ocr_carea' id='block_1_18' title="bbox 89 1858 3430 1940">
    <p class='ocr_par' dir='ltr' id='par_1_18' title="bbox 89 1858 3430 1940">
     <span class='ocr_line' id='line_1_18' title="bbox 89 1858 3430 1940; baseline -0 -18"><span class='ocrx_word' id='word_1_247' title='bbox 89 1884 243 1940; x_wconf 87' lang='lat' dir='ltr'>quos</span> <span class='ocrx_word' id='word_1_248' title='bbox 281 1882 479 1921; x_wconf 90' lang='lat' dir='ltr'>omnes</span> <span class='ocrx_word' id='word_1_249' title='bbox 508 1864 784 1919; x_wconf 86' lang='lat' dir='ltr'>sublimes</span> <span class='ocrx_word' id='word_1_250' title='bbox 811 1863 868 1917; x_wconf 91' lang='lat' dir='ltr'>in</span> <span class='ocrx_word' id='word_1_251' title='bbox 912 1861 1247 1917; x_wconf 89' lang='lat' dir='ltr'>innocentia</span> <span class='ocrx_word' id='word_1_252' title='bbox 1272 1860 1332 1915; x_wconf 90' lang='lat' dir='ltr'>in</span> <span class='ocrx_word' id='word_1_253' title='bbox 1363 1858 1716 1930; x_wconf 87' lang='lat' dir='ltr'>baptismate</span> <span class='ocrx_word' id='word_1_254' title='bbox 1819 1860 2140 1915; x_wconf 88' lang='lat' dir='ltr'>neomenia</span> <span class='ocrx_word' id='word_1_255' title='bbox 2169 1863 2358 1916; x_wconf 88' lang='lat' dir='ltr'>vestra</span> <span class='ocrx_word' id='word_1_256' title='bbox 2387 1861 2529 1916; x_wconf 91' lang='lat' dir='ltr'>nihil</span> <span class='ocrx_word' id='word_1_257' title='bbox 2562 1862 2713 1917; x_wconf 90' lang='lat' dir='ltr'>aliud</span> <span class='ocrx_word' id='word_1_258' title='bbox 2747 1866 3041 1935; x_wconf 89' lang='lat' dir='ltr'>est,quam</span> <span class='ocrx_word' id='word_1_259' title='bbox 3070 1865 3430 1921; x_wconf 87' lang='lat' dir='ltr'>nobilissima</span> 
     </span>
    </p>
   </div>
   <div class='ocr_carea' id='block_1_19' title="bbox 93 1949 3427 2026">
    <p class='ocr_par' dir='ltr' id='par_1_19' title="bbox 93 1949 3427 2026">
     <span class='ocr_line' id='line_1_19' title="bbox 93 1949 3427 2026; baseline 0 -16"><span class='ocrx_word' id='word_1_260' title='bbox 93 1955 243 2011; x_wconf 89' lang='lat' dir='ltr'>facit</span> <span class='ocrx_word' id='word_1_261' title='bbox 267 1954 342 2009; x_wconf 90' lang='lat' dir='ltr'>ad</span> <span class='ocrx_word' id='word_1_262' title='bbox 367 1953 609 2009; x_wconf 90' lang='lat' dir='ltr'>modum</span> <span class='ocrx_word' id='word_1_263' title='bbox 637 1951 979 2018; x_wconf 88' lang='lat' dir='ltr'>volatilium,</span> <span class='ocrx_word' id='word_1_264' title='bbox 1002 1951 1135 2006; x_wconf 91' lang='lat' dir='ltr'>licet</span> <span class='ocrx_word' id='word_1_265' title='bbox 1158 1949 1264 2023; x_wconf 90' lang='lat' dir='ltr'>ipsi</span> <span class='ocrx_word' id='word_1_266' title='bbox 1293 1952 1492 2021; x_wconf 90' lang='lat' dir='ltr'>postea</span> <span class='ocrx_word' id='word_1_267' title='bbox 1523 1965 1582 2003; x_wconf 90' lang='lat' dir='ltr'>se</span> <span class='ocrx_word' id='word_1_268' title='bbox 1613 1963 1720 2019; x_wconf 91' lang='lat' dir='ltr'>per</span> <span class='ocrx_word' id='word_1_269' title='bbox 1824 1949 2184 2019; x_wconf 75' lang='lat' dir='ltr'>etpraecipua</span> <span class='ocrx_word' id='word_1_270' title='bbox 2206 1950 2434 2005; x_wconf 87' lang='lat' dir='ltr'>claritas</span> <span class='ocrx_word' id='word_1_271' title='bbox 2453 1949 2586 2006; x_wconf 88' lang='lat' dir='ltr'>ﬁdei</span> <span class='ocrx_word' id='word_1_272' title='bbox 2606 1953 2663 2005; x_wconf 92' lang='lat' dir='ltr'>et</span> <span class='ocrx_word' id='word_1_273' title='bbox 2680 1949 3103 2023; x_wconf 77' lang='lat' dir='ltr'>intelligentiae,</span> <span class='ocrx_word' id='word_1_274' title='bbox 3126 1970 3231 2025; x_wconf 90' lang='lat' dir='ltr'>per</span> <span class='ocrx_word' id='word_1_275' title='bbox 3250 1972 3427 2026; x_wconf 90' lang='lat' dir='ltr'>quam</span> 
     </span>
    </p>
   </div>
   <div class='ocr_carea' id='block_1_20' title="bbox 90 2036 3432 2115">
    <p class='ocr_par' dir='ltr' id='par_1_20' title="bbox 90 2036 3432 2115">
     <span class='ocr_line' id='line_1_20' title="bbox 90 2036 3432 2115; baseline -0 -16"><span class='ocrx_word' id='word_1_276' title='bbox 90 2043 238 2100; x_wconf 80' lang='lat' dir='ltr'>vitia</span> <span class='ocrx_word' id='word_1_277' title='bbox 252 2042 549 2114; x_wconf 88' lang='lat' dir='ltr'>dejiciant.</span> <span class='ocrx_word' id='word_1_278' title='bbox 565 2041 777 2096; x_wconf 90' lang='lat' dir='ltr'>Idcirco</span> <span class='ocrx_word' id='word_1_279' title='bbox 801 2040 993 2112; x_wconf 86' lang='lat' dir='ltr'>itaque</span> <span class='ocrx_word' id='word_1_280' title='bbox 1014 2039 1379 2110; x_wconf 84' lang='lat' dir='ltr'>additquinta</span> <span class='ocrx_word' id='word_1_281' title='bbox 1391 2036 1641 2103; x_wconf 84' lang='lat' dir='ltr'>Sabbati,</span> <span class='ocrx_word' id='word_1_282' title='bbox 1659 2040 1721 2092; x_wconf 93' lang='lat' dir='ltr'>ut</span> <span class='ocrx_word' id='word_1_283' title='bbox 1823 2036 1895 2091; x_wconf 88' lang='lat' dir='ltr'>ab</span> <span class='ocrx_word' id='word_1_284' title='bbox 1923 2037 2085 2091; x_wconf 92' lang='lat' dir='ltr'>omni</span> <span class='ocrx_word' id='word_1_285' title='bbox 2115 2053 2291 2108; x_wconf 88' lang='lat' dir='ltr'>opere</span> <span class='ocrx_word' id='word_1_286' title='bbox 2308 2040 2463 2094; x_wconf 89' lang='lat' dir='ltr'>male</span> <span class='ocrx_word' id='word_1_287' title='bbox 2485 2038 2721 2093; x_wconf 84' lang='lat' dir='ltr'>feriatis.</span> <span class='ocrx_word' id='word_1_288' title='bbox 2739 2038 2903 2104; x_wconf 91' lang='lat' dir='ltr'>Quod</span> <span class='ocrx_word' id='word_1_289' title='bbox 2917 2057 3020 2112; x_wconf 90' lang='lat' dir='ltr'>per</span> <span class='ocrx_word' id='word_1_290' title='bbox 3039 2041 3263 2096; x_wconf 66' lang='lat' dir='ltr'>Judaeos</span> <span class='ocrx_word' id='word_1_291' title='bbox 3285 2060 3432 2115; x_wconf 67' lang='lat' dir='ltr'>pra:-</span> 
     </span>
    </p>
   </div>
   <div class='ocr_carea' id='block_1_21' title="bbox 95 2125 3434 2203">
    <p class='ocr_par' dir='ltr' id='par_1_21' title="bbox 95 2125 3434 2203">
     <span class='ocr_line' id='line_1_21' title="bbox 95 2125 3434 2203; baseline -0 -16"><span class='ocrx_word' id='word_1_292' title='bbox 95 2132 455 2187; x_wconf 89' lang='lat' dir='ltr'>dcterminet</span> <span class='ocrx_word' id='word_1_293' title='bbox 486 2147 612 2203; x_wconf 66' lang='lat' dir='ltr'>quae</span> <span class='ocrx_word' id='word_1_294' title='bbox 638 2129 951 2197; x_wconf 86' lang='lat' dir='ltr'>toreularia</span> <span class='ocrx_word' id='word_1_295' title='bbox 980 2129 1072 2184; x_wconf 89' lang='lat' dir='ltr'>hic</span> <span class='ocrx_word' id='word_1_296' title='bbox 1104 2128 1367 2200; x_wconf 90' lang='lat' dir='ltr'>accipiat,</span> <span class='ocrx_word' id='word_1_297' title='bbox 1388 2127 1486 2183; x_wconf 91' lang='lat' dir='ltr'>illa</span> <span class='ocrx_word' id='word_1_298' title='bbox 1510 2127 1723 2182; x_wconf 89' lang='lat' dir='ltr'>scilicet</span> <span class='ocrx_word' id='word_1_299' title='bbox 1824 2125 2138 2197; x_wconf 86' lang='lat' dir='ltr'>ﬁguratum</span> <span class='ocrx_word' id='word_1_300' title='bbox 2154 2126 3092 2198; x_wconf 80' lang='lat' dir='ltr'>est,quiininsignietsolemnidie</span> <span class='ocrx_word' id='word_1_301' title='bbox 3109 2131 3434 2186; x_wconf 78' lang='lat' dir='ltr'>neomeniae</span> 
     </span>
    </p>
   </div>
   <div class='ocr_carea' id='block_1_22' title="bbox 99 2215 1725 2293">
    <p class='ocr_par' dir='ltr' id='par_1_22' title="bbox 99 2215 1725 2293">
     <span class='ocr_line' id='line_1_22' title="bbox 99 2215 1725 2293; baseline -0.004 -17"><span class='ocrx_word' id='word_1_302' title='bbox 99 2237 239 2293; x_wconf 70' lang='lat' dir='ltr'>quae</span> <span class='ocrx_word' id='word_1_303' title='bbox 271 2219 571 2291; x_wconf 89' lang='lat' dir='ltr'>designata</span> <span class='ocrx_word' id='word_1_304' title='bbox 602 2222 734 2274; x_wconf 91' lang='lat' dir='ltr'>sunt</span> <span class='ocrx_word' id='word_1_305' title='bbox 776 2234 879 2290; x_wconf 91' lang='lat' dir='ltr'>per</span> <span class='ocrx_word' id='word_1_306' title='bbox 930 2217 1237 2289; x_wconf 87' lang='lat' dir='ltr'>negotium</span> <span class='ocrx_word' id='word_1_307' title='bbox 1276 2217 1435 2288; x_wconf 87' lang='lat' dir='ltr'>quod</span> <span class='ocrx_word' id='word_1_308' title='bbox 1482 2215 1725 2287; x_wconf 89' lang='lat' dir='ltr'>contigit</span> 
     </span>
    </p>
   </div>
   <div class='ocr_carea' id='block_1_23' title="bbox 102 2302 3433 2382">
    <p class='ocr_par' dir='ltr' id='par_1_23' title="bbox 102 2302 3433 2382">
     <span class='ocr_line' id='line_1_23' title="bbox 102 2302 3433 2382; baseline 0 -18"><span class='ocrx_word' id='word_1_309' title='bbox 102 2309 318 2382; x_wconf 90' lang='lat' dir='ltr'>quinta</span> <span class='ocrx_word' id='word_1_310' title='bbox 365 2306 621 2373; x_wconf 90' lang='lat' dir='ltr'>Sabbati,</span> <span class='ocrx_word' id='word_1_311' title='bbox 656 2306 715 2361; x_wconf 91' lang='lat' dir='ltr'>id</span> <span class='ocrx_word' id='word_1_312' title='bbox 756 2309 841 2360; x_wconf 89' lang='lat' dir='ltr'>est</span> <span class='ocrx_word' id='word_1_313' title='bbox 870 2309 1183 2377; x_wconf 87' lang='lat' dir='ltr'>utramque</span> <span class='ocrx_word' id='word_1_314' title='bbox 1214 2304 1550 2359; x_wconf 87' lang='lat' dir='ltr'>Ecclesiam.</span> <span class='ocrx_word' id='word_1_315' title='bbox 1583 2304 1721 2360; x_wconf 91' lang='lat' dir='ltr'>Dico</span> <span class='ocrx_word' id='word_1_316' title='bbox 1825 2302 2388 2382; x_wconf 43' lang='lat' dir='ltr'>mu_mAsumendo,et</span> <span class='ocrx_word' id='word_1_317' title='bbox 2403 2306 2745 2374; x_wconf 80' lang='lat' dir='ltr'>tympanum</span> <span class='ocrx_word' id='word_1_318' title='bbox 2759 2304 2951 2360; x_wconf 90' lang='lat' dir='ltr'>dando</span> <span class='ocrx_word' id='word_1_319' title='bbox 2974 2310 3033 2361; x_wconf 90' lang='lat' dir='ltr'>et</span> <span class='ocrx_word' id='word_1_320' title='bbox 3051 2307 3433 2364; x_wconf 89' lang='lat' dir='ltr'>buccinando.</span> 
     </span>
    </p>
   </div>
   <div class='ocr_carea' id='block_1_24' title="bbox 101 2375 3437 2470">
    <p class='ocr_par' dir='ltr' id='par_1_24' title="bbox 101 2375 3437 2470">
     <span class='ocr_line' id='line_1_24' title="bbox 101 2375 3437 2470; baseline 0 -19"><span class='ocrx_word' id='word_1_321' title='bbox 101 2375 265 2470; x_wconf 70' lang='lat' dir='ltr'>quod</span> <span class='ocrx_word' id='word_1_322' title='bbox 291 2397 545 2467; x_wconf 85' lang='lat' dir='ltr'>psalmus</span> <span class='ocrx_word' id='word_1_323' title='bbox 570 2394 677 2448; x_wconf 88' lang='lat' dir='ltr'>iste</span> <span class='ocrx_word' id='word_1_324' title='bbox 694 2396 779 2448; x_wconf 89' lang='lat' dir='ltr'>est</span> <span class='ocrx_word' id='word_1_325' title='bbox 799 2394 1010 2464; x_wconf 80' lang='lat' dir='ltr'>Asaph.</span> <span class='ocrx_word' id='word_1_326' title='bbox 1024 2375 1219 2463; x_wconf 79' lang='lat' dir='ltr'>Asaph</span> <span class='ocrx_word' id='word_1_327' title='bbox 1240 2394 1366 2447; x_wconf 89' lang='lat' dir='ltr'>dico</span> <span class='ocrx_word' id='word_1_328' title='bbox 1407 2393 1723 2448; x_wconf 89' lang='lat' dir='ltr'>adhortan-</span> <span class='ocrx_word' id='word_1_329' title='bbox 1897 2377 1958 2463; x_wconf 87' lang='lat'>3</span> <span class='ocrx_word' id='word_1_330' title='bbox 1964 2375 2164 2462; x_wconf 78' lang='grc' dir='ltr'>27ΕΙ.</span> <span class='ocrx_word' id='word_1_331' title='bbox 2176 2391 2286 2446; x_wconf 89' lang='lat' dir='ltr'>hoc</span> <span class='ocrx_word' id='word_1_332' title='bbox 2301 2392 2593 2462; x_wconf 91' lang='lat' dir='ltr'>complere</span> <span class='ocrx_word' id='word_1_333' title='bbox 2606 2392 2771 2446; x_wconf 89' lang='lat' dir='ltr'>decet</span> <span class='ocrx_word' id='word_1_334' title='bbox 2783 2397 3363 2468; x_wconf 71' lang='lat' dir='ltr'>vos,quiapraeceptum</span> <span class='ocrx_word' id='word_1_335' title='bbox 3381 2399 3437 2451; x_wconf 85' lang='lat' dir='ltr'>in</span> 
     </span>
    </p>
   </div>
   <div class='ocr_carea' id='block_1_25' title="bbox 103 2480 3439 2557">
    <p class='ocr_par' dir='ltr' id='par_1_25' title="bbox 103 2480 3439 2557">
     <span class='ocr_line' id='line_1_25' title="bbox 103 2480 3439 2557; baseline 0.001 -18"><span class='ocrx_word' id='word_1_336' title='bbox 103 2485 181 2539; x_wconf 89' lang='lat' dir='ltr'>tis</span> <span class='ocrx_word' id='word_1_337' title='bbox 216 2484 342 2557; x_wconf 86' lang='lat' dir='ltr'>ipsa</span> <span class='ocrx_word' id='word_1_338' title='bbox 382 2483 693 2539; x_wconf 88' lang='lat' dir='ltr'>toreularia</span> <span class='ocrx_word' id='word_1_339' title='bbox 722 2485 777 2536; x_wconf 89' lang='lat' dir='ltr'>in</span> <span class='ocrx_word' id='word_1_340' title='bbox 803 2482 982 2551; x_wconf 85' lang='lat' dir='ltr'>ﬁnem,</span> <span class='ocrx_word' id='word_1_341' title='bbox 1013 2481 1070 2535; x_wconf 90' lang='lat' dir='ltr'>id</span> <span class='ocrx_word' id='word_1_342' title='bbox 1098 2485 1182 2536; x_wconf 91' lang='lat' dir='ltr'>est</span> <span class='ocrx_word' id='word_1_343' title='bbox 1213 2481 1272 2535; x_wconf 89' lang='lat' dir='ltr'>in</span> <span class='ocrx_word' id='word_1_344' title='bbox 1305 2481 1727 2552; x_wconf 82' lang='lat' dir='ltr'>perfectionem</span> <span class='ocrx_word' id='word_1_345' title='bbox 1832 2480 2000 2535; x_wconf 88' lang='lat' dir='ltr'>Israel</span> <span class='ocrx_word' id='word_1_346' title='bbox 2016 2480 2343 2550; x_wconf 80' lang='lat' dir='ltr'>est,idestin</span> <span class='ocrx_word' id='word_1_347' title='bbox 2358 2480 2605 2535; x_wconf 90' lang='lat' dir='ltr'>Ecclesia</span> <span class='ocrx_word' id='word_1_348' title='bbox 2622 2482 2692 2535; x_wconf 93' lang='lat' dir='ltr'>de</span> <span class='ocrx_word' id='word_1_349' title='bbox 2712 2482 3212 2556; x_wconf 68' lang='lat' dir='ltr'>Judteis,quzejure</span> <span class='ocrx_word' id='word_1_350' title='bbox 3231 2487 3439 2543; x_wconf 88' lang='lat' dir='ltr'>dicitur</span> 
     </span>
    </p>
   </div>
   <div class='ocr_carea' id='block_1_26' title="bbox 105 2569 3437 2644">
    <p class='ocr_par' dir='ltr' id='par_1_26' title="bbox 105 2569 3437 2644">
     <span class='ocr_line' id='line_1_26' title="bbox 105 2569 3437 2644; baseline 0.001 -16"><span class='ocrx_word' id='word_1_351' title='bbox 105 2572 409 2640; x_wconf 86' lang='lat' dir='ltr'>bonitatis,</span> <span class='ocrx_word' id='word_1_352' title='bbox 424 2571 635 2643; x_wconf 88' lang='lat' dir='ltr'>partim</span> <span class='ocrx_word' id='word_1_353' title='bbox 650 2571 884 2643; x_wconf 88' lang='lat' dir='ltr'>quidem</span> <span class='ocrx_word' id='word_1_354' title='bbox 900 2570 958 2624; x_wconf 93' lang='lat' dir='ltr'>in</span> <span class='ocrx_word' id='word_1_355' title='bbox 980 2569 1065 2625; x_wconf 91' lang='lat' dir='ltr'>sui</span> <span class='ocrx_word' id='word_1_356' title='bbox 1079 2586 1327 2641; x_wconf 87' lang='lat' dir='ltr'>persona</span> <span class='ocrx_word' id='word_1_357' title='bbox 1343 2569 1725 2635; x_wconf 85' lang='lat' dir='ltr'>adhortantis,</span> <span class='ocrx_word' id='word_1_358' title='bbox 1832 2570 2028 2636; x_wconf 86' lang='lat' dir='ltr'>Israel,</span> <span class='ocrx_word' id='word_1_359' title='bbox 2049 2585 2118 2624; x_wconf 91' lang='lat' dir='ltr'>eo</span> <span class='ocrx_word' id='word_1_360' title='bbox 2138 2569 2291 2641; x_wconf 84' lang='lat' dir='ltr'>quod</span> <span class='ocrx_word' id='word_1_361' title='bbox 2312 2569 2612 2624; x_wconf 85' lang='lat' dir='ltr'>sublimior</span> <span class='ocrx_word' id='word_1_362' title='bbox 2634 2569 2694 2623; x_wconf 92' lang='lat' dir='ltr'>in</span> <span class='ocrx_word' id='word_1_363' title='bbox 2708 2574 3203 2644; x_wconf 87' lang='lat' dir='ltr'>contemplatione</span> <span class='ocrx_word' id='word_1_364' title='bbox 3228 2576 3323 2631; x_wconf 89' lang='lat' dir='ltr'>Dei</span> <span class='ocrx_word' id='word_1_365' title='bbox 3345 2576 3437 2644; x_wconf 90' lang='lat' dir='ltr'>sit,</span> 
     </span>
    </p>
   </div>
   <div class='ocr_carea' id='block_1_27' title="bbox 114 2657 3442 2735">
    <p class='ocr_par' dir='ltr' id='par_1_27' title="bbox 114 2657 3442 2735">
     <span class='ocr_line' id='line_1_27' title="bbox 114 2657 3442 2735; baseline 0.001 -19"><span class='ocrx_word' id='word_1_366' title='bbox 114 2660 335 2729; x_wconf 83' lang='lat' dir='ltr'>partim</span> <span class='ocrx_word' id='word_1_367' title='bbox 379 2665 574 2715; x_wconf 89' lang='lat' dir='ltr'>autem</span> <span class='ocrx_word' id='word_1_368' title='bbox 611 2660 670 2714; x_wconf 91' lang='lat' dir='ltr'>in</span> <span class='ocrx_word' id='word_1_369' title='bbox 710 2664 966 2730; x_wconf 79' lang='lat' dir='ltr'>persona</span> <span class='ocrx_word' id='word_1_370' title='bbox 993 2658 1128 2726; x_wconf 85' lang='lat' dir='ltr'>Dei;</span> <span class='ocrx_word' id='word_1_371' title='bbox 1167 2659 1251 2713; x_wconf 87' lang='lat' dir='ltr'>vel</span> <span class='ocrx_word' id='word_1_372' title='bbox 1281 2657 1644 2713; x_wconf 88' lang='lat' dir='ltr'>adhortantis</span> <span class='ocrx_word' id='word_1_373' title='bbox 1675 2661 1730 2710; x_wconf 85' lang='lat' dir='ltr'>in</span> <span class='ocrx_word' id='word_1_374' title='bbox 1831 2674 2006 2730; x_wconf 90' lang='lat' dir='ltr'>quam</span> <span class='ocrx_word' id='word_1_375' title='bbox 2040 2657 2285 2712; x_wconf 88' lang='lat' dir='ltr'>Ecclesia</span> <span class='ocrx_word' id='word_1_376' title='bbox 2317 2674 2384 2712; x_wconf 86' lang='lat' dir='ltr'>ex</span> <span class='ocrx_word' id='word_1_377' title='bbox 2413 2658 2714 2728; x_wconf 87' lang='lat' dir='ltr'>gentibus;</span> <span class='ocrx_word' id='word_1_378' title='bbox 2739 2663 2796 2713; x_wconf 89' lang='lat' dir='ltr'>et</span> <span class='ocrx_word' id='word_1_379' title='bbox 2827 2660 2937 2715; x_wconf 90' lang='lat' dir='ltr'>hoc</span> <span class='ocrx_word' id='word_1_380' title='bbox 2975 2668 3328 2735; x_wconf 63' lang='lat' dir='ltr'>prmeeptum</span> <span class='ocrx_word' id='word_1_381' title='bbox 3356 2669 3442 2721; x_wconf 91' lang='lat' dir='ltr'>est</span> 
     </span>
    </p>
   </div>
   <div class='ocr_carea' id='block_1_28' title="bbox 107 2745 3439 2822">
    <p class='ocr_par' dir='ltr' id='par_1_28' title="bbox 107 2745 3439 2822">
     <span class='ocr_line' id='line_1_28' title="bbox 107 2745 3439 2822; baseline 0.001 -17"><span class='ocrx_word' id='word_1_382' title='bbox 107 2752 300 2821; x_wconf 80' lang='lat' dir='ltr'>finem,</span> <span class='ocrx_word' id='word_1_383' title='bbox 332 2749 390 2804; x_wconf 91' lang='lat' dir='ltr'>id</span> <span class='ocrx_word' id='word_1_384' title='bbox 406 2748 563 2803; x_wconf 90' lang='lat' dir='ltr'>estin</span> <span class='ocrx_word' id='word_1_385' title='bbox 592 2747 1066 2803; x_wconf 80' lang='lat' dir='ltr'>conformitatem</span> <span class='ocrx_word' id='word_1_386' title='bbox 1093 2746 1448 2801; x_wconf 89' lang='lat' dir='ltr'>Christiﬁnis</span> <span class='ocrx_word' id='word_1_387' title='bbox 1476 2748 1726 2819; x_wconf 90' lang='lat' dir='ltr'>prophe-</span> <span class='ocrx_word' id='word_1_388' title='bbox 1821 2746 2112 2817; x_wconf 76' lang='lat' dir='ltr'>judicium,</span> <span class='ocrx_word' id='word_1_389' title='bbox 2142 2746 2199 2799; x_wconf 92' lang='lat' dir='ltr'>id</span> <span class='ocrx_word' id='word_1_390' title='bbox 2232 2749 2317 2799; x_wconf 90' lang='lat' dir='ltr'>est</span> <span class='ocrx_word' id='word_1_391' title='bbox 2343 2745 2589 2815; x_wconf 87' lang='lat' dir='ltr'>justum.</span> <span class='ocrx_word' id='word_1_392' title='bbox 2641 2746 2925 2801; x_wconf 85' lang='lat' dir='ltr'>Judicium</span> <span class='ocrx_word' id='word_1_393' title='bbox 2962 2750 3175 2822; x_wconf 87' lang='lat' dir='ltr'>quippe</span> <span class='ocrx_word' id='word_1_394' title='bbox 3208 2752 3439 2820; x_wconf 89' lang='lat' dir='ltr'>dicitur,</span> 
     </span>
    </p>
   </div>
   <div class='ocr_carea' id='block_1_29' title="bbox 108 2832 3473 2910">
    <p class='ocr_par' dir='ltr' id='par_1_29' title="bbox 108 2832 3473 2910">
     <span class='ocr_line' id='line_1_29' title="bbox 108 2832 3473 2910; baseline 0 -15"><span class='ocrx_word' id='word_1_395' title='bbox 108 2840 212 2895; x_wconf 68' lang='lat' dir='ltr'>tia:</span> <span class='ocrx_word' id='word_1_396' title='bbox 243 2842 302 2894; x_wconf 92' lang='lat' dir='ltr'>et</span> <span class='ocrx_word' id='word_1_397' title='bbox 330 2839 495 2910; x_wconf 89' lang='lat' dir='ltr'>legis,</span> <span class='ocrx_word' id='word_1_398' title='bbox 526 2837 739 2892; x_wconf 88' lang='lat' dir='ltr'>scilicet</span> <span class='ocrx_word' id='word_1_399' title='bbox 779 2841 840 2891; x_wconf 90' lang='lat' dir='ltr'>ut</span> <span class='ocrx_word' id='word_1_400' title='bbox 880 2837 1144 2908; x_wconf 82' lang='lat' dir='ltr'>exemplo</span> <span class='ocrx_word' id='word_1_401' title='bbox 1186 2836 1307 2907; x_wconf 86' lang='lat' dir='ltr'>ejus</span> <span class='ocrx_word' id='word_1_402' title='bbox 1352 2837 1636 2891; x_wconf 84' lang='lat' dir='ltr'>exsultent</span> <span class='ocrx_word' id='word_1_403' title='bbox 1672 2836 1731 2890; x_wconf 91' lang='lat' dir='ltr'>in</span> <span class='ocrx_word' id='word_1_404' title='bbox 1833 2834 1991 2906; x_wconf 90' lang='lat' dir='ltr'>quasi</span> <span class='ocrx_word' id='word_1_405' title='bbox 2008 2834 2138 2903; x_wconf 87' lang='lat' dir='ltr'>jure</span> <span class='ocrx_word' id='word_1_406' title='bbox 2167 2834 2393 2888; x_wconf 82' lang='lat' dir='ltr'>dictum.</span> <span class='ocrx_word' id='word_1_407' title='bbox 2436 2832 2600 2888; x_wconf 91' lang='lat' dir='ltr'>Unde</span> <span class='ocrx_word' id='word_1_408' title='bbox 2643 2835 2866 2906; x_wconf 88' lang='lat' dir='ltr'>quoties</span> <span class='ocrx_word' id='word_1_409' title='bbox 2913 2838 3121 2892; x_wconf 88' lang='lat' dir='ltr'>alicubi</span> <span class='ocrx_word' id='word_1_410' title='bbox 3154 2832 3473 2909; x_wconf 63' lang='lat' dir='ltr'>judicium&#39;</span> 
     </span>
    </p>
   </div>
   <div class='ocr_carea' id='block_1_30' title="bbox 109 2921 3451 3002">
    <p class='ocr_par' dir='ltr' id='par_1_30' title="bbox 109 2921 3451 3002">
     <span class='ocr_line' id='line_1_30' title="bbox 109 2921 3451 3002; baseline 0 -18"><span class='ocrx_word' id='word_1_411' title='bbox 109 2930 364 3002; x_wconf 83' lang='lat' dir='ltr'>psalmo,</span> <span class='ocrx_word' id='word_1_412' title='bbox 404 2931 462 2983; x_wconf 90' lang='lat' dir='ltr'>et</span> <span class='ocrx_word' id='word_1_413' title='bbox 486 2927 730 2993; x_wconf 88' lang='lat' dir='ltr'>cithara,</span> <span class='ocrx_word' id='word_1_414' title='bbox 763 2930 822 2980; x_wconf 83' lang='lat' dir='ltr'>et</span> <span class='ocrx_word' id='word_1_415' title='bbox 846 2924 1106 2980; x_wconf 91' lang='lat' dir='ltr'>buccina.</span> <span class='ocrx_word' id='word_1_416' title='bbox 1832 2922 2086 2994; x_wconf 86' lang='lat' dir='ltr'>ponitur,</span> <span class='ocrx_word' id='word_1_417' title='bbox 2115 2938 2301 2993; x_wconf 89' lang='lat' dir='ltr'>neque</span> <span class='ocrx_word' id='word_1_418' title='bbox 2355 2921 2562 2976; x_wconf 87' lang='lat' dir='ltr'>falsum</span> <span class='ocrx_word' id='word_1_419' title='bbox 2610 2923 2697 2976; x_wconf 88' lang='lat' dir='ltr'>vel</span> <span class='ocrx_word' id='word_1_420' title='bbox 2746 2922 2962 2995; x_wconf 91' lang='lat' dir='ltr'>aliquid</span> <span class='ocrx_word' id='word_1_421' title='bbox 3009 2927 3122 2980; x_wconf 90' lang='lat' dir='ltr'>tale</span> <span class='ocrx_word' id='word_1_422' title='bbox 3158 2927 3396 2984; x_wconf 90' lang='lat' dir='ltr'>additur</span> <span class='ocrx_word' id='word_1_423' title='bbox 3428 2946 3451 2997; x_wconf 16' lang='grc' dir='ltr'>εχ</span> 
     </span>
    </p>
   </div>
   <div class='ocr_carea' id='block_1_31' title="bbox 192 3009 3448 3087">
    <p class='ocr_par' dir='ltr' id='par_1_31' title="bbox 192 3009 3448 3087">
     <span class='ocr_line' id='line_1_31' title="bbox 192 3009 3448 3087; baseline 0.001 -16"><span class='ocrx_word' id='word_1_424' title='bbox 192 3017 486 3072; x_wconf 63' lang='lat' dir='ltr'>Ezsullate</span> <span class='ocrx_word' id='word_1_425' title='bbox 524 3015 638 3070; x_wconf 91' lang='lat' dir='ltr'>Deo</span> <span class='ocrx_word' id='word_1_426' title='bbox 680 3015 921 3085; x_wconf 85' lang='lat' dir='ltr'>adjutori</span> <span class='ocrx_word' id='word_1_427' title='bbox 962 3015 1146 3069; x_wconf 83' lang='lat' dir='ltr'>nostri.</span> <span class='ocrx_word' id='word_1_428' title='bbox 1175 3014 1252 3068; x_wconf 89' lang='lat' dir='ltr'>Ae</span> <span class='ocrx_word' id='word_1_429' title='bbox 1296 3013 1343 3067; x_wconf 93' lang='lat' dir='ltr'>si</span> <span class='ocrx_word' id='word_1_430' title='bbox 1395 3012 1548 3067; x_wconf 89' lang='lat' dir='ltr'>dicat</span> <span class='ocrx_word' id='word_1_431' title='bbox 1586 3011 1735 3067; x_wconf 90' lang='lat' dir='ltr'>:Vos</span> <span class='ocrx_word' id='word_1_432' title='bbox 1761 3071 1802 3087; x_wconf 53' lang='grc' dir='ltr'>η</span> <span class='ocrx_word' id='word_1_433' title='bbox 1830 3012 1987 3066; x_wconf 90' lang='lat' dir='ltr'>idem</span> <span class='ocrx_word' id='word_1_434' title='bbox 2021 3014 2106 3065; x_wconf 90' lang='lat' dir='ltr'>est</span> <span class='ocrx_word' id='word_1_435' title='bbox 2149 3026 2214 3064; x_wconf 91' lang='lat' dir='ltr'>ac</span> <span class='ocrx_word' id='word_1_436' title='bbox 2255 3010 2301 3064; x_wconf 89' lang='lat' dir='ltr'>si</span> <span class='ocrx_word' id='word_1_437' title='bbox 2345 3009 2568 3080; x_wconf 90' lang='lat' dir='ltr'>justum</span> <span class='ocrx_word' id='word_1_438' title='bbox 2616 3014 2951 3082; x_wconf 89' lang='lat' dir='ltr'>poneretur.</span> <span class='ocrx_word' id='word_1_439' title='bbox 2987 3015 3055 3069; x_wconf 88' lang='lat' dir='ltr'>Et</span> <span class='ocrx_word' id='word_1_440' title='bbox 3083 3015 3194 3070; x_wconf 89' lang='lat' dir='ltr'>hoc</span> <span class='ocrx_word' id='word_1_441' title='bbox 3234 3033 3448 3087; x_wconf 63' lang='lat' dir='ltr'>praece-</span> 
     </span>
    </p>
   </div>
   <div class='ocr_carea' id='block_1_32' title="bbox 1757 3071 3447 3172">
    <p class='ocr_par' dir='ltr' id='par_1_32' title="bbox 1757 3071 3447 3172">
     <span class='ocr_line' id='line_1_32' title="bbox 1757 3071 3447 3172; baseline 0.005 -19"><span class='ocrx_word' id='word_1_442' title='bbox 1757 3071 1804 3130; x_wconf 81' lang='lat' dir='ltr'>C</span> <span class='ocrx_word' id='word_1_443' title='bbox 1835 3104 1999 3172; x_wconf 90' lang='lat' dir='ltr'>ptum</span> <span class='ocrx_word' id='word_1_444' title='bbox 2040 3099 2262 3170; x_wconf 90' lang='lat' dir='ltr'>justum</span> <span class='ocrx_word' id='word_1_445' title='bbox 2311 3071 2426 3155; x_wconf 60' lang='lat' dir='ltr'>Deo</span> <span class='ocrx_word' id='word_1_446' title='bbox 2480 3071 2670 3169; x_wconf 69' lang='lat' dir='ltr'>Jaeol),</span> <span class='ocrx_word' id='word_1_447' title='bbox 2714 3100 2773 3155; x_wconf 92' lang='lat' dir='ltr'>id</span> <span class='ocrx_word' id='word_1_448' title='bbox 2822 3105 2907 3158; x_wconf 90' lang='lat' dir='ltr'>est</span> <span class='ocrx_word' id='word_1_449' title='bbox 2948 3106 3181 3158; x_wconf 88' lang='lat' dir='ltr'>strenue</span> <span class='ocrx_word' id='word_1_450' title='bbox 3225 3071 3447 3161; x_wconf 67' lang='lat' dir='ltr'>luctan-</span> 
     </span>
    </p>
   </div>
   <div class='ocr_carea' id='block_1_33' title="bbox 1825 2211 3431 2291">
    <p class='ocr_par' dir='ltr' id='par_1_33' title="bbox 1825 2211 3431 2291">
     <span class='ocr_line' id='line_1_33' title="bbox 1825 2211 3431 2291; baseline 0.006 -26"><span class='ocrx_word' id='word_1_451' title='bbox 1825 2211 2115 2267; x_wconf 76' lang='lat' dir='ltr'>feriabant</span> <span class='ocrx_word' id='word_1_452' title='bbox 2141 2215 2213 2269; x_wconf 85' lang='lat' dir='ltr'>ab</span> <span class='ocrx_word' id='word_1_453' title='bbox 2230 2213 2391 2268; x_wconf 90' lang='lat' dir='ltr'>omni</span> <span class='ocrx_word' id='word_1_454' title='bbox 2412 2214 2601 2270; x_wconf 89' lang='lat' dir='ltr'>servili</span> <span class='ocrx_word' id='word_1_455' title='bbox 2623 2217 2961 2289; x_wconf 84' lang='lat' dir='ltr'>Opere.Dieo</span> <span class='ocrx_word' id='word_1_456' title='bbox 2976 2221 3431 2291; x_wconf 83' lang='lat' dir='ltr'>exsultate,psal-</span> 
     </span>
    </p>
   </div>
   <div class='ocr_carea' id='block_1_34' title="bbox 114 3096 1738 3176">
    <p class='ocr_par' dir='ltr' id='par_1_34' title="bbox 114 3096 1738 3176">
     <span class='ocr_line' id='line_1_34' title="bbox 114 3096 1738 3176; baseline -0.006 -14"><span class='ocrx_word' id='word_1_457' title='bbox 114 3105 263 3162; x_wconf 90' lang='lat' dir='ltr'>boni</span> <span class='ocrx_word' id='word_1_458' title='bbox 296 3096 558 3160; x_wconf 62' lang='lat' dir='ltr'>Ecclesia:</span> <span class='ocrx_word' id='word_1_459' title='bbox 590 3103 893 3176; x_wconf 89' lang='lat' dir='ltr'>utriusque</span> <span class='ocrx_word' id='word_1_460' title='bbox 924 3103 1047 3170; x_wconf 82' lang='lat' dir='ltr'>lilii,</span> <span class='ocrx_word' id='word_1_461' title='bbox 1080 3102 1260 3157; x_wconf 87' lang='lat' dir='ltr'>nolite</span> <span class='ocrx_word' id='word_1_462' title='bbox 1289 3101 1348 3156; x_wconf 92' lang='lat' dir='ltr'>in</span> <span class='ocrx_word' id='word_1_463' title='bbox 1379 3098 1626 3156; x_wconf 85' lang='lat' dir='ltr'>terrenis</span> <span class='ocrx_word' id='word_1_464' title='bbox 1646 3116 1738 3153; x_wconf 84' lang='lat' dir='ltr'>ex-</span> 
     </span>
    </p>
   </div>
   <div class='ocr_carea' id='block_1_35' title="bbox 113 3187 1738 3267">
    <p class='ocr_par' dir='ltr' id='par_1_35' title="bbox 113 3187 1738 3267">
     <span class='ocr_line' id='line_1_35' title="bbox 113 3187 1738 3267; baseline -0.005 -18"><span class='ocrx_word' id='word_1_465' title='bbox 113 3196 357 3261; x_wconf 85' lang='lat' dir='ltr'>sultare,</span> <span class='ocrx_word' id='word_1_466' title='bbox 376 3194 472 3249; x_wconf 90' lang='lat' dir='ltr'>sed</span> <span class='ocrx_word' id='word_1_467' title='bbox 499 3193 687 3267; x_wconf 89' lang='lat' dir='ltr'>potius</span> <span class='ocrx_word' id='word_1_468' title='bbox 719 3193 793 3248; x_wconf 89' lang='lat' dir='ltr'>ad</span> <span class='ocrx_word' id='word_1_469' title='bbox 820 3193 1107 3247; x_wconf 91' lang='lat' dir='ltr'>honorem</span> <span class='ocrx_word' id='word_1_470' title='bbox 1140 3190 1241 3246; x_wconf 88' lang='lat' dir='ltr'>Dei</span> <span class='ocrx_word' id='word_1_471' title='bbox 1269 3191 1538 3256; x_wconf 85' lang='lat' dir='ltr'>exultate,</span> <span class='ocrx_word' id='word_1_472' title='bbox 1564 3188 1622 3242; x_wconf 91' lang='lat' dir='ltr'>in</span> <span class='ocrx_word' id='word_1_473' title='bbox 1650 3187 1738 3242; x_wconf 90' lang='lat' dir='ltr'>his</span> 
     </span>
    </p>
   </div>
   <div class='ocr_carea' id='block_1_36' title="bbox 112 3279 1734 3355">
    <p class='ocr_par' dir='ltr' id='par_1_36' title="bbox 112 3279 1734 3355">
     <span class='ocr_line' id='line_1_36' title="bbox 112 3279 1734 3355; baseline -0.004 -17"><span class='ocrx_word' id='word_1_474' title='bbox 112 3284 388 3339; x_wconf 86' lang='lat' dir='ltr'>videlicet</span> <span class='ocrx_word' id='word_1_475' title='bbox 413 3301 542 3355; x_wconf 66' lang='lat' dir='ltr'>quae</span> <span class='ocrx_word' id='word_1_476' title='bbox 569 3283 642 3338; x_wconf 88' lang='lat' dir='ltr'>ad</span> <span class='ocrx_word' id='word_1_477' title='bbox 661 3284 844 3337; x_wconf 88' lang='lat' dir='ltr'>Deum</span> <span class='ocrx_word' id='word_1_478' title='bbox 870 3281 1183 3353; x_wconf 87' lang='lat' dir='ltr'>pertinent.</span> <span class='ocrx_word' id='word_1_479' title='bbox 1211 3279 1471 3336; x_wconf 78' lang='lat' dir='ltr'>Et‘nolite</span> <span class='ocrx_word' id='word_1_480' title='bbox 1505 3279 1734 3344; x_wconf 89' lang='lat' dir='ltr'>timere,</span> 
     </span>
    </p>
   </div>
   <div class='ocr_carea' id='block_1_37' title="bbox 115 3368 1735 3443">
    <p class='ocr_par' dir='ltr' id='par_1_37' title="bbox 115 3368 1735 3443">
     <span class='ocr_line' id='line_1_37' title="bbox 115 3368 1735 3443; baseline -0.004 -16"><span class='ocrx_word' id='word_1_481' title='bbox 115 3390 257 3428; x_wconf 90' lang='lat' dir='ltr'>cum</span> <span class='ocrx_word' id='word_1_482' title='bbox 297 3372 418 3426; x_wconf 85' lang='lat' dir='ltr'>sitis</span> <span class='ocrx_word' id='word_1_483' title='bbox 459 3389 562 3443; x_wconf 88' lang='lat' dir='ltr'>per</span> <span class='ocrx_word' id='word_1_484' title='bbox 603 3387 703 3426; x_wconf 88' lang='lat' dir='ltr'>vos</span> <span class='ocrx_word' id='word_1_485' title='bbox 750 3370 1163 3426; x_wconf 84' lang='lat' dir='ltr'>insufﬁcientes</span> <span class='ocrx_word' id='word_1_486' title='bbox 1191 3370 1264 3424; x_wconf 92' lang='lat' dir='ltr'>ad</span> <span class='ocrx_word' id='word_1_487' title='bbox 1290 3368 1735 3433; x_wconf 69' lang='lat' dir='ltr'>exsultantium;</span> 
     </span>
    </p>
   </div>
   <div class='ocr_carea' id='block_1_38' title="bbox 116 3456 1738 3532">
    <p class='ocr_par' dir='ltr' id='par_1_38' title="bbox 116 3456 1738 3532">
     <span class='ocr_line' id='line_1_38' title="bbox 116 3456 1738 3532; baseline -0.006 -14"><span class='ocrx_word' id='word_1_488' title='bbox 116 3478 264 3518; x_wconf 86' lang='lat' dir='ltr'>nam</span> <span class='ocrx_word' id='word_1_489' title='bbox 278 3461 398 3532; x_wconf 89' lang='lat' dir='ltr'>ipse</span> <span class='ocrx_word' id='word_1_490' title='bbox 420 3465 509 3515; x_wconf 88' lang='lat' dir='ltr'>est</span> <span class='ocrx_word' id='word_1_491' title='bbox 526 3460 757 3530; x_wconf 83' lang='lat' dir='ltr'>adjutor</span> <span class='ocrx_word' id='word_1_492' title='bbox 774 3462 991 3521; x_wconf 88' lang='lat' dir='ltr'>noster,</span> <span class='ocrx_word' id='word_1_493' title='bbox 1012 3458 1109 3530; x_wconf 88' lang='lat' dir='ltr'>qui</span> <span class='ocrx_word' id='word_1_494' title='bbox 1134 3474 1233 3512; x_wconf 88' lang='lat' dir='ltr'>vos</span> <span class='ocrx_word' id='word_1_495' title='bbox 1248 3458 1319 3511; x_wconf 91' lang='lat' dir='ltr'>ad</span> <span class='ocrx_word' id='word_1_496' title='bbox 1336 3456 1738 3511; x_wconf 85' lang='lat' dir='ltr'>exsultandum</span> 
     </span>
    </p>
   </div>
   <div class='ocr_carea' id='block_1_39' title="bbox 115 3543 1738 3621">
    <p class='ocr_par' dir='ltr' id='par_1_39' title="bbox 115 3543 1738 3621">
     <span class='ocr_line' id='line_1_39' title="bbox 115 3543 1738 3621; baseline -0.006 -15"><span class='ocrx_word' id='word_1_497' title='bbox 115 3550 444 3621; x_wconf 76' lang='lat' dir='ltr'>adjuvabit.</span> <span class='ocrx_word' id='word_1_498' title='bbox 477 3550 545 3603; x_wconf 86' lang='lat' dir='ltr'>Et</span> <span class='ocrx_word' id='word_1_499' title='bbox 574 3564 691 3603; x_wconf 91' lang='lat' dir='ltr'>non</span> <span class='ocrx_word' id='word_1_500' title='bbox 723 3564 930 3618; x_wconf 81' lang='lat' dir='ltr'>parum</span> <span class='ocrx_word' id='word_1_501' title='bbox 963 3546 1286 3614; x_wconf 85' lang='lat' dir='ltr'>exsultetis;</span> <span class='ocrx_word' id='word_1_502' title='bbox 1330 3544 1431 3600; x_wconf 89' lang='lat' dir='ltr'>sed</span> <span class='ocrx_word' id='word_1_503' title='bbox 1474 3543 1738 3615; x_wconf 84' lang='lat' dir='ltr'>jubilale,</span> 
     </span>
    </p>
   </div>
   <div class='ocr_carea' id='block_1_40' title="bbox 114 3632 1741 3705">
    <p class='ocr_par' dir='ltr' id='par_1_40' title="bbox 114 3632 1741 3705">
     <span class='ocr_line' id='line_1_40' title="bbox 114 3632 1741 3705; baseline -0.005 -13"><span class='ocrx_word' id='word_1_504' title='bbox 114 3638 192 3694; x_wconf 93' lang='lat' dir='ltr'>id</span> <span class='ocrx_word' id='word_1_505' title='bbox 209 3641 293 3692; x_wconf 87' lang='lat' dir='ltr'>est</span> <span class='ocrx_word' id='word_1_506' title='bbox 311 3636 643 3692; x_wconf 88' lang='lat' dir='ltr'>intentione</span> <span class='ocrx_word' id='word_1_507' title='bbox 669 3635 960 3690; x_wconf 90' lang='lat' dir='ltr'>interioris</span> <span class='ocrx_word' id='word_1_508' title='bbox 986 3635 1224 3701; x_wconf 73' lang='lat' dir='ltr'>laetitiae,</span> <span class='ocrx_word' id='word_1_509' title='bbox 1255 3650 1383 3705; x_wconf 67' lang='lat' dir='ltr'>quae</span> <span class='ocrx_word' id='word_1_510' title='bbox 1415 3632 1603 3687; x_wconf 83' lang='lat' dir='ltr'>verbis</span> <span class='ocrx_word' id='word_1_511' title='bbox 1623 3646 1741 3685; x_wconf 90' lang='lat' dir='ltr'>non</span> 
     </span>
    </p>
   </div>
   <div class='ocr_carea' id='block_1_41' title="bbox 115 3719 1742 3800">
    <p class='ocr_par' dir='ltr' id='par_1_41' title="bbox 115 3719 1742 3800">
     <span class='ocr_line' id='line_1_41' title="bbox 115 3719 1742 3800; baseline -0.006 -18"><span class='ocrx_word' id='word_1_512' title='bbox 115 3724 619 3800; x_wconf 83' lang='lat' dir='ltr'>potestexplicari,</span> <span class='ocrx_word' id='word_1_513' title='bbox 650 3724 873 3794; x_wconf 79' lang='lat' dir='ltr'>iubilate</span> <span class='ocrx_word' id='word_1_514' title='bbox 901 3724 1014 3777; x_wconf 86' lang='lat' dir='ltr'>Deo</span> <span class='ocrx_word' id='word_1_515' title='bbox 1038 3724 1231 3791; x_wconf 86' lang='lat' dir='ltr'>Jacob,</span> <span class='ocrx_word' id='word_1_516' title='bbox 1262 3722 1478 3776; x_wconf 89' lang='lat' dir='ltr'>scilicet</span> <span class='ocrx_word' id='word_1_517' title='bbox 1510 3722 1625 3775; x_wconf 89' lang='lat' dir='ltr'>Deo</span> <span class='ocrx_word' id='word_1_518' title='bbox 1653 3719 1742 3773; x_wconf 90' lang='lat' dir='ltr'>cui</span> 
     </span>
    </p>
   </div>
   <div class='ocr_carea' id='block_1_42' title="bbox 108 3808 1742 3889">
    <p class='ocr_par' dir='ltr' id='par_1_42' title="bbox 108 3808 1742 3889">
     <span class='ocr_line' id='line_1_42' title="bbox 108 3808 1742 3889; baseline -0.007 -19"><span class='ocrx_word' id='word_1_519' title='bbox 108 3814 488 3889; x_wconf 77' lang='lat' dir='ltr'>jubilandum</span> <span class='ocrx_word' id='word_1_520' title='bbox 510 3812 721 3884; x_wconf 88' lang='lat' dir='ltr'>est,qui</span> <span class='ocrx_word' id='word_1_521' title='bbox 740 3814 886 3867; x_wconf 89' lang='lat' dir='ltr'>Deus</span> <span class='ocrx_word' id='word_1_522' title='bbox 904 3815 988 3867; x_wconf 85' lang='lat' dir='ltr'>est</span> <span class='ocrx_word' id='word_1_523' title='bbox 1006 3829 1120 3866; x_wconf 91' lang='lat' dir='ltr'>non</span> <span class='ocrx_word' id='word_1_524' title='bbox 1135 3811 1423 3883; x_wconf 89' lang='lat' dir='ltr'>segnium,</span> <span class='ocrx_word' id='word_1_525' title='bbox 1439 3809 1536 3864; x_wconf 90' lang='lat' dir='ltr'>sed</span> <span class='ocrx_word' id='word_1_526' title='bbox 1553 3808 1742 3875; x_wconf 86' lang='lat' dir='ltr'>Jacob,</span> 
     </span>
    </p>
   </div>
   <div class='ocr_carea' id='block_1_43' title="bbox 122 3897 1745 3971">
    <p class='ocr_par' dir='ltr' id='par_1_43' title="bbox 122 3897 1745 3971">
     <span class='ocr_line' id='line_1_43' title="bbox 122 3897 1745 3971; baseline -0.007 -13"><span class='ocrx_word' id='word_1_527' title='bbox 122 3904 191 3959; x_wconf 87' lang='lat' dir='ltr'>id</span> <span class='ocrx_word' id='word_1_528' title='bbox 211 3906 295 3957; x_wconf 86' lang='lat' dir='ltr'>est</span> <span class='ocrx_word' id='word_1_529' title='bbox 311 3901 547 3956; x_wconf 83' lang='lat' dir='ltr'>viriliter</span> <span class='ocrx_word' id='word_1_530' title='bbox 567 3899 932 3966; x_wconf 89' lang='lat' dir='ltr'>luctantium,</span> <span class='ocrx_word' id='word_1_531' title='bbox 947 3899 1348 3971; x_wconf 90' lang='lat' dir='ltr'>scilicetquem</span> <span class='ocrx_word' id='word_1_532' title='bbox 1367 3898 1542 3952; x_wconf 87' lang='lat' dir='ltr'>Jacob</span> <span class='ocrx_word' id='word_1_533' title='bbox 1563 3897 1745 3950; x_wconf 89' lang='lat' dir='ltr'>Deum</span> 
     </span>
    </p>
   </div>
   <div class='ocr_carea' id='block_1_44' title="bbox 118 3983 1741 4063">
    <p class='ocr_par' dir='ltr' id='par_1_44' title="bbox 118 3983 1741 4063">
     <span class='ocr_line' id='line_1_44' title="bbox 118 3983 1741 4063; baseline -0.007 -15"><span class='ocrx_word' id='word_1_534' title='bbox 118 3993 380 4063; x_wconf 83' lang='lat' dir='ltr'>reputat,</span> <span class='ocrx_word' id='word_1_535' title='bbox 403 3989 728 4061; x_wconf 90' lang='lat' dir='ltr'>quicunque</span> <span class='ocrx_word' id='word_1_536' title='bbox 760 3992 959 4059; x_wconf 85' lang='lat' dir='ltr'>neget,</span> <span class='ocrx_word' id='word_1_537' title='bbox 999 3992 1058 4042; x_wconf 89' lang='lat' dir='ltr'>et</span> <span class='ocrx_word' id='word_1_538' title='bbox 1085 3987 1183 4058; x_wconf 90' lang='lat' dir='ltr'>qui</span> <span class='ocrx_word' id='word_1_539' title='bbox 1220 3989 1367 4042; x_wconf 86' lang='lat' dir='ltr'>Deus</span> <span class='ocrx_word' id='word_1_540' title='bbox 1399 3988 1586 4039; x_wconf 89' lang='lat' dir='ltr'>vester</span> <span class='ocrx_word' id='word_1_541' title='bbox 1610 3983 1741 4051; x_wconf 93' lang='lat' dir='ltr'>erit,</span> 
     </span>
    </p>
   </div>
   <div class='ocr_carea' id='block_1_45' title="bbox 124 4074 1747 4146">
    <p class='ocr_par' dir='ltr' id='par_1_45' title="bbox 124 4074 1747 4146">
     <span class='ocr_line' id='line_1_45' title="bbox 124 4074 1747 4146; baseline -0.005 -12"><span class='ocrx_word' id='word_1_542' title='bbox 124 4080 177 4135; x_wconf 82' lang='lat' dir='ltr'>si</span> <span class='ocrx_word' id='word_1_543' title='bbox 219 4078 392 4133; x_wconf 91' lang='lat' dir='ltr'>Jacob</span> <span class='ocrx_word' id='word_1_544' title='bbox 435 4076 677 4131; x_wconf 77' lang='lat' dir='ltr'>fueritis.</span> <span class='ocrx_word' id='word_1_545' title='bbox 705 4077 771 4129; x_wconf 87' lang='lat' dir='ltr'>Et</span> <span class='ocrx_word' id='word_1_546' title='bbox 791 4092 920 4130; x_wconf 91' lang='lat' dir='ltr'>ecce</span> <span class='ocrx_word' id='word_1_547' title='bbox 956 4076 1014 4130; x_wconf 91' lang='lat' dir='ltr'>in</span> <span class='ocrx_word' id='word_1_548' title='bbox 1054 4076 1259 4146; x_wconf 90' lang='lat' dir='ltr'>quibus</span> <span class='ocrx_word' id='word_1_549' title='bbox 1293 4074 1497 4128; x_wconf 89' lang='lat' dir='ltr'>hortor</span> <span class='ocrx_word' id='word_1_550' title='bbox 1529 4089 1630 4127; x_wconf 90' lang='lat' dir='ltr'>vos</span> <span class='ocrx_word' id='word_1_551' title='bbox 1656 4089 1747 4126; x_wconf 85' lang='lat' dir='ltr'>ex-</span> 
     </span>
    </p>
   </div>
   <div class='ocr_carea' id='block_1_46' title="bbox 126 4161 1740 4233">
    <p class='ocr_par' dir='ltr' id='par_1_46' title="bbox 126 4161 1740 4233">
     <span class='ocr_line' id='line_1_46' title="bbox 126 4161 1740 4233; baseline -0.006 -11"><span class='ocrx_word' id='word_1_552' title='bbox 126 4168 380 4233; x_wconf 84' lang='lat' dir='ltr'>sultare;</span> <span class='ocrx_word' id='word_1_553' title='bbox 402 4164 615 4220; x_wconf 89' lang='lat' dir='ltr'>scilicet</span> <span class='ocrx_word' id='word_1_554' title='bbox 635 4165 990 4219; x_wconf 82' lang='lat' dir='ltr'>exsultanter</span> <span class='ocrx_word' id='word_1_555' title='bbox 1020 4166 1211 4218; x_wconf 88' lang='lat' dir='ltr'>sumite</span> <span class='ocrx_word' id='word_1_556' title='bbox 1244 4179 1278 4217; x_wconf 87' lang='lat' dir='ltr'>a</span> <span class='ocrx_word' id='word_1_557' title='bbox 1311 4163 1427 4219; x_wconf 91' lang='lat' dir='ltr'>Deo</span> <span class='ocrx_word' id='word_1_558' title='bbox 1448 4161 1740 4232; x_wconf 84' lang='lat' dir='ltr'>psalmum,</span> 
     </span>
    </p>
   </div>
   <div class='ocr_carea' id='block_1_47' title="bbox 128 4247 1745 4327">
    <p class='ocr_par' dir='ltr' id='par_1_47' title="bbox 128 4247 1745 4327">
     <span class='ocr_line' id='line_1_47' title="bbox 128 4247 1745 4327; baseline -0.006 -17"><span class='ocrx_word' id='word_1_559' title='bbox 128 4272 309 4327; x_wconf 91' lang='lat' dir='ltr'>quem</span> <span class='ocrx_word' id='word_1_560' title='bbox 340 4270 447 4325; x_wconf 92' lang='lat' dir='ltr'>per</span> <span class='ocrx_word' id='word_1_561' title='bbox 475 4270 572 4308; x_wconf 89' lang='lat' dir='ltr'>vos</span> <span class='ocrx_word' id='word_1_562' title='bbox 600 4253 813 4308; x_wconf 87' lang='lat' dir='ltr'>habere</span> <span class='ocrx_word' id='word_1_563' title='bbox 836 4268 953 4306; x_wconf 91' lang='lat' dir='ltr'>non</span> <span class='ocrx_word' id='word_1_564' title='bbox 985 4250 1479 4322; x_wconf 89' lang='lat' dir='ltr'>potestis,scilicet</span> <span class='ocrx_word' id='word_1_565' title='bbox 1511 4247 1745 4319; x_wconf 88' lang='lat' dir='ltr'>spiritus</span> 
     </span>
    </p>
   </div>
   <div class='ocr_carea' id='block_1_48' title="bbox 1837 3187 3446 3265">
    <p class='ocr_par' dir='ltr' id='par_1_48' title="bbox 1837 3187 3446 3265">
     <span class='ocr_line' id='line_1_48' title="bbox 1837 3187 3446 3265; baseline 0.006 -24"><span class='ocrx_word' id='word_1_566' title='bbox 1837 3187 2004 3250; x_wconf 87' lang='lat' dir='ltr'>tium,</span> <span class='ocrx_word' id='word_1_567' title='bbox 2033 3190 2120 3241; x_wconf 92' lang='lat' dir='ltr'>est</span> <span class='ocrx_word' id='word_1_568' title='bbox 2162 3187 2589 3243; x_wconf 88' lang='lat' dir='ltr'>ascribendum.</span> <span class='ocrx_word' id='word_1_569' title='bbox 2616 3190 2694 3243; x_wconf 83' lang='lat' dir='ltr'>Ac</span> <span class='ocrx_word' id='word_1_570' title='bbox 2723 3189 2770 3243; x_wconf 92' lang='lat' dir='ltr'>si</span> <span class='ocrx_word' id='word_1_571' title='bbox 2802 3190 3021 3245; x_wconf 86' lang='lat' dir='ltr'>diceret</span> <span class='ocrx_word' id='word_1_572' title='bbox 3056 3209 3069 3246; x_wconf 89' lang='lat'>:</span> <span class='ocrx_word' id='word_1_573' title='bbox 3115 3192 3173 3247; x_wconf 90' lang='lat' dir='ltr'>Si</span> <span class='ocrx_word' id='word_1_574' title='bbox 3203 3195 3274 3249; x_wconf 89' lang='lat' dir='ltr'>ab</span> <span class='ocrx_word' id='word_1_575' title='bbox 3305 3211 3446 3265; x_wconf 89' lang='lat' dir='ltr'>apo-</span> 
     </span>
    </p>
   </div>
   <div class='ocr_carea' id='block_1_49' title="bbox 1838 3275 3445 3355">
    <p class='ocr_par' dir='ltr' id='par_1_49' title="bbox 1838 3275 3445 3355">
     <span class='ocr_line' id='line_1_49' title="bbox 1838 3275 3445 3355; baseline 0.006 -25"><span class='ocrx_word' id='word_1_576' title='bbox 1838 3276 2001 3330; x_wconf 86' lang='lat' dir='ltr'>stolis</span> <span class='ocrx_word' id='word_1_577' title='bbox 2054 3276 2145 3329; x_wconf 92' lang='lat' dir='ltr'>vel</span> <span class='ocrx_word' id='word_1_578' title='bbox 2191 3293 2225 3330; x_wconf 88' lang='lat' dir='ltr'>a</span> <span class='ocrx_word' id='word_1_579' title='bbox 2274 3275 2499 3330; x_wconf 64' lang='lat' dir='ltr'>caeteris</span> <span class='ocrx_word' id='word_1_580' title='bbox 2554 3278 2805 3347; x_wconf 64' lang='lat' dir='ltr'>praelatis</span> <span class='ocrx_word' id='word_1_581' title='bbox 2858 3283 3006 3334; x_wconf 90' lang='lat' dir='ltr'>esset</span> <span class='ocrx_word' id='word_1_582' title='bbox 3065 3287 3445 3355; x_wconf 60' lang='lat' dir='ltr'>praeceptum,</span> 
     </span>
    </p>
   </div>
   <div class='ocr_carea' id='block_1_50' title="bbox 1838 3364 3449 3444">
    <p class='ocr_par' dir='ltr' id='par_1_50' title="bbox 1838 3364 3449 3444">
     <span class='ocr_line' id='line_1_50' title="bbox 1838 3364 3449 3444; baseline 0.007 -25"><span class='ocrx_word' id='word_1_583' title='bbox 1838 3368 1984 3419; x_wconf 87' lang='lat' dir='ltr'>esset</span> <span class='ocrx_word' id='word_1_584' title='bbox 2010 3364 2209 3436; x_wconf 89' lang='lat' dir='ltr'>utique</span> <span class='ocrx_word' id='word_1_585' title='bbox 2235 3364 2585 3420; x_wconf 79' lang='lat' dir='ltr'>faciendum.</span> <span class='ocrx_word' id='word_1_586' title='bbox 2614 3366 2839 3430; x_wconf 89' lang='lat' dir='ltr'>Quanto</span> <span class='ocrx_word' id='word_1_587' title='bbox 2874 3370 3058 3441; x_wconf 87' lang='lat' dir='ltr'>magis</span> <span class='ocrx_word' id='word_1_588' title='bbox 3089 3388 3228 3444; x_wconf 84' lang='lat' dir='ltr'>ergo</span> <span class='ocrx_word' id='word_1_589' title='bbox 3260 3391 3393 3429; x_wconf 90' lang='lat' dir='ltr'>cum</span> <span class='ocrx_word' id='word_1_590' title='bbox 3414 3392 3449 3431; x_wconf 88' lang='lat' dir='ltr'>a</span> 
     </span>
    </p>
   </div>
   <div class='ocr_carea' id='block_1_51' title="bbox 1839 3452 3447 3524">
    <p class='ocr_par' dir='ltr' id='par_1_51' title="bbox 1839 3452 3447 3524">
     <span class='ocr_line' id='line_1_51' title="bbox 1839 3452 3447 3524; baseline 0.007 -18"><span class='ocrx_word' id='word_1_591' title='bbox 1839 3454 1955 3507; x_wconf 88' lang='lat' dir='ltr'>Deo</span> <span class='ocrx_word' id='word_1_592' title='bbox 1970 3453 2143 3506; x_wconf 85' lang='lat' dir='ltr'>Jacob</span> <span class='ocrx_word' id='word_1_593' title='bbox 2184 3452 2579 3524; x_wconf 68' lang='lat' dir='ltr'>praecipiatur?</span> <span class='ocrx_word' id='word_1_594' title='bbox 2601 3455 2723 3510; x_wconf 92' lang='lat' dir='ltr'>Non</span> <span class='ocrx_word' id='word_1_595' title='bbox 2754 3457 2939 3511; x_wconf 90' lang='lat' dir='ltr'>solum</span> <span class='ocrx_word' id='word_1_596' title='bbox 2958 3462 3152 3514; x_wconf 88' lang='lat' dir='ltr'>autem</span> <span class='ocrx_word' id='word_1_597' title='bbox 3183 3469 3256 3515; x_wconf 79' lang='lat' dir='ltr'>est</span> <span class='ocrx_word' id='word_1_598' title='bbox 3286 3464 3341 3516; x_wconf 89' lang='lat' dir='ltr'>in</span> <span class='ocrx_word' id='word_1_599' title='bbox 3364 3463 3447 3518; x_wconf 87' lang='lat' dir='ltr'>Is-</span> 
     </span>
    </p>
   </div>
   <div class='ocr_carea' id='block_1_52' title="bbox 1843 3541 3449 3614">
    <p class='ocr_par' dir='ltr' id='par_1_52' title="bbox 1843 3541 3449 3614">
     <span class='ocr_line' id='line_1_52' title="bbox 1843 3541 3449 3614; baseline 0.009 -22"><span class='ocrx_word' id='word_1_600' title='bbox 1843 3541 1955 3594; x_wconf 74' lang='grc' dir='ltr'><em>ναοί</em></span> <span class='ocrx_word' id='word_1_601' title='bbox 1961 3548 2309 3611; x_wconf 71' lang='lat' dir='ltr'>praeceptum,</span> <span class='ocrx_word' id='word_1_602' title='bbox 2332 3541 2431 3595; x_wconf 90' lang='lat' dir='ltr'>sed</span> <span class='ocrx_word' id='word_1_603' title='bbox 2452 3545 2508 3595; x_wconf 90' lang='lat' dir='ltr'>et</span> <span class='ocrx_word' id='word_1_604' title='bbox 2537 3542 2677 3596; x_wconf 89' lang='lat' dir='ltr'>illud</span> <span class='ocrx_word' id='word_1_605' title='bbox 2707 3548 3083 3614; x_wconf 81' lang='lat' dir='ltr'>testimonium,</span> <span class='ocrx_word' id='word_1_606' title='bbox 3110 3548 3166 3602; x_wconf 89' lang='lat' dir='ltr'>id</span> <span class='ocrx_word' id='word_1_607' title='bbox 3189 3553 3276 3604; x_wconf 90' lang='lat' dir='ltr'>est</span> <span class='ocrx_word' id='word_1_608' title='bbox 3309 3550 3449 3606; x_wconf 89' lang='lat' dir='ltr'>illud</span> 
     </span>
    </p>
   </div>
   <div class='ocr_carea' id='block_1_53' title="bbox 1844 3630 3557 3704">
    <p class='ocr_par' dir='ltr' id='par_1_53' title="bbox 1844 3630 3557 3704">
     <span class='ocr_line' id='line_1_53' title="bbox 1844 3630 3557 3704; baseline 0.008 -23"><span class='ocrx_word' id='word_1_609' title='bbox 1844 3632 2199 3702; x_wconf 63' lang='lat' dir='ltr'>prmceptum</span> <span class='ocrx_word' id='word_1_610' title='bbox 2230 3630 2385 3700; x_wconf 89' lang='lat' dir='ltr'>quod</span> <span class='ocrx_word' id='word_1_611' title='bbox 2402 3633 2647 3685; x_wconf 83' lang='lat' dir='ltr'>testatur</span> <span class='ocrx_word' id='word_1_612' title='bbox 2673 3632 3075 3689; x_wconf 89' lang='lat' dir='ltr'>obedientibus</span> <span class='ocrx_word' id='word_1_613' title='bbox 3100 3638 3370 3704; x_wconf 91' lang='lat' dir='ltr'>salutem,</span> <span class='ocrx_word' id='word_1_614' title='bbox 3390 3645 3449 3695; x_wconf 90' lang='lat' dir='ltr'>et</span> <span class='ocrx_word' id='word_1_615' title='bbox 3552 3696 3557 3701; x_wconf 82' lang='grc'><strong><em>,</em></strong></span> 
     </span>
    </p>
   </div>
   <div class='ocr_carea' id='block_1_54' title="bbox 1844 3717 3450 3796">
    <p class='ocr_par' dir='ltr' id='par_1_54' title="bbox 1844 3717 3450 3796">
     <span class='ocr_line' id='line_1_54' title="bbox 1844 3717 3450 3796; baseline 0.006 -24"><span class='ocrx_word' id='word_1_616' title='bbox 1844 3734 1963 3772; x_wconf 87' lang='lat' dir='ltr'>non</span> <span class='ocrx_word' id='word_1_617' title='bbox 1995 3717 2397 3772; x_wconf 82' lang='lat' dir='ltr'>obedientibus</span> <span class='ocrx_word' id='word_1_618' title='bbox 2428 3721 2683 3772; x_wconf 89' lang='lat' dir='ltr'>mortem</span> <span class='ocrx_word' id='word_1_619' title='bbox 2705 3728 2886 3790; x_wconf 76' lang='lat' dir='ltr'>posuit</span> <span class='ocrx_word' id='word_1_620' title='bbox 2907 3723 3049 3777; x_wconf 86' lang='lat' dir='ltr'>Deus</span> <span class='ocrx_word' id='word_1_621' title='bbox 3076 3726 3132 3777; x_wconf 88' lang='lat' dir='ltr'>in</span> <span class='ocrx_word' id='word_1_622' title='bbox 3156 3726 3371 3796; x_wconf 74' lang='lat' dir='ltr'>Joseph,</span> <span class='ocrx_word' id='word_1_623' title='bbox 3393 3728 3450 3782; x_wconf 91' lang='lat' dir='ltr'>id</span> 
     </span>
    </p>
   </div>
   <div class='ocr_carea' id='block_1_55' title="bbox 1846 3804 3451 3885">
    <p class='ocr_par' dir='ltr' id='par_1_55' title="bbox 1846 3804 3451 3885">
     <span class='ocr_line' id='line_1_55' title="bbox 1846 3804 3451 3885; baseline 0.005 -24"><span class='ocrx_word' id='word_1_624' title='bbox 1846 3807 1930 3861; x_wconf 89' lang='lat' dir='ltr'>est</span> <span class='ocrx_word' id='word_1_625' title='bbox 1960 3805 2206 3860; x_wconf 87' lang='lat' dir='ltr'>ﬁrmiter</span> <span class='ocrx_word' id='word_1_626' title='bbox 2218 3804 2418 3859; x_wconf 88' lang='lat' dir='ltr'>statuit</span> <span class='ocrx_word' id='word_1_627' title='bbox 2438 3805 2495 3859; x_wconf 89' lang='lat' dir='ltr'>in</span> <span class='ocrx_word' id='word_1_628' title='bbox 2513 3804 2757 3860; x_wconf 85' lang='lat' dir='ltr'>Ecclesia</span> <span class='ocrx_word' id='word_1_629' title='bbox 2775 3809 3004 3879; x_wconf 88' lang='lat' dir='ltr'>gentilis</span> <span class='ocrx_word' id='word_1_630' title='bbox 3027 3812 3451 3885; x_wconf 83' lang='lat' dir='ltr'>populi,quiJo-</span> 
     </span>
    </p>
   </div>
   <div class='ocr_carea' id='block_1_56' title="bbox 1844 3895 3450 3967">
    <p class='ocr_par' dir='ltr' id='par_1_56' title="bbox 1844 3895 3450 3967">
     <span class='ocr_line' id='line_1_56' title="bbox 1844 3895 3450 3967; baseline 0.006 -18"><span class='ocrx_word' id='word_1_631' title='bbox 1844 3896 1985 3965; x_wconf 84' lang='lat' dir='ltr'>seph</span> <span class='ocrx_word' id='word_1_632' title='bbox 1998 3895 2225 3960; x_wconf 88' lang='lat' dir='ltr'>dicitur,</span> <span class='ocrx_word' id='word_1_633' title='bbox 2242 3911 2310 3949; x_wconf 91' lang='lat' dir='ltr'>eo</span> <span class='ocrx_word' id='word_1_634' title='bbox 2341 3895 2497 3965; x_wconf 86' lang='lat' dir='ltr'>quod</span> <span class='ocrx_word' id='word_1_635' title='bbox 2518 3895 2590 3949; x_wconf 91' lang='lat' dir='ltr'>sit</span> <span class='ocrx_word' id='word_1_636' title='bbox 2605 3895 2679 3948; x_wconf 88' lang='lat' dir='ltr'>ad</span> <span class='ocrx_word' id='word_1_637' title='bbox 2701 3899 3080 3967; x_wconf 89' lang='lat' dir='ltr'>augmentum</span> <span class='ocrx_word' id='word_1_638' title='bbox 3104 3900 3450 3959; x_wconf 80' lang='lat' dir='ltr'>additusJo-</span> 
     </span>
    </p>
   </div>
   <div class='ocr_carea' id='block_1_57' title="bbox 1843 3983 3467 4063">
    <p class='ocr_par' dir='ltr' id='par_1_57' title="bbox 1843 3983 3467 4063">
     <span class='ocr_line' id='line_1_57' title="bbox 1843 3983 3467 4063; baseline 0.002 -26"><span class='ocrx_word' id='word_1_639' title='bbox 1843 3984 1986 4055; x_wconf 91' lang='lat' dir='ltr'>seph</span> <span class='ocrx_word' id='word_1_640' title='bbox 2015 3983 2226 4055; x_wconf 87' lang='lat' dir='ltr'>quippe</span> <span class='ocrx_word' id='word_1_641' title='bbox 2258 3990 2599 4051; x_wconf 79' lang='lat' dir='ltr'>augmentum</span> <span class='ocrx_word' id='word_1_642' title='bbox 2620 3984 3053 4056; x_wconf 88' lang='lat' dir='ltr'>interpretatur.</span> <span class='ocrx_word' id='word_1_643' title='bbox 3078 3988 3146 4041; x_wconf 88' lang='lat' dir='ltr'>Et</span> <span class='ocrx_word' id='word_1_644' title='bbox 3169 3990 3302 4044; x_wconf 92' lang='lat' dir='ltr'>tunc</span> <span class='ocrx_word' id='word_1_645' title='bbox 3320 3992 3433 4063; x_wconf 66' lang='lat' dir='ltr'>qui.</span> <span class='ocrx_word' id='word_1_646' title='bbox 3463 4036 3467 4040; x_wconf 93' lang='lat'>.</span> 
     </span>
    </p>
   </div>
   <div class='ocr_carea' id='block_1_58' title="bbox 1845 4071 3451 4143">
    <p class='ocr_par' dir='ltr' id='par_1_58' title="bbox 1845 4071 3451 4143">
     <span class='ocr_line' id='line_1_58' title="bbox 1845 4071 3451 4143; baseline 0.006 -18"><span class='ocrx_word' id='word_1_647' title='bbox 1845 4071 1978 4126; x_wconf 91' lang='lat' dir='ltr'>dem</span> <span class='ocrx_word' id='word_1_648' title='bbox 1996 4089 2117 4125; x_wconf 83' lang='lat' dir='ltr'>eum</span> <span class='ocrx_word' id='word_1_649' title='bbox 2130 4088 2233 4143; x_wconf 89' lang='lat' dir='ltr'>per</span> <span class='ocrx_word' id='word_1_650' title='bbox 2254 4071 2430 4125; x_wconf 86' lang='lat' dir='ltr'>ﬁdem</span> <span class='ocrx_word' id='word_1_651' title='bbox 2449 4074 2506 4125; x_wconf 90' lang='lat' dir='ltr'>et</span> <span class='ocrx_word' id='word_1_652' title='bbox 2532 4071 2896 4143; x_wconf 86' lang='lat' dir='ltr'>baptismatis</span> <span class='ocrx_word' id='word_1_653' title='bbox 2911 4074 3271 4132; x_wconf 87' lang='lat' dir='ltr'>ablutionem</span> <span class='ocrx_word' id='word_1_654' title='bbox 3284 4082 3451 4135; x_wconf 70' lang='lat' dir='ltr'>exiret</span> 
     </span>
    </p>
   </div>
   <div class='ocr_carea' id='block_1_59' title="bbox 1841 4160 3449 4231">
    <p class='ocr_par' dir='ltr' id='par_1_59' title="bbox 1841 4160 3449 4231">
     <span class='ocr_line' id='line_1_59' title="bbox 1841 4160 3449 4231; baseline 0.007 -17"><span class='ocrx_word' id='word_1_655' title='bbox 1841 4160 1905 4214; x_wconf 88' lang='lat' dir='ltr'>de</span> <span class='ocrx_word' id='word_1_656' title='bbox 1923 4168 2063 4215; x_wconf 87' lang='lat' dir='ltr'>terra</span> <span class='ocrx_word' id='word_1_657' title='bbox 2092 4160 2365 4231; x_wconf 57' lang='lat' dir='ltr'>Egypti,</span> <span class='ocrx_word' id='word_1_658' title='bbox 2392 4160 2451 4214; x_wconf 92' lang='lat' dir='ltr'>id</span> <span class='ocrx_word' id='word_1_659' title='bbox 2472 4163 2555 4215; x_wconf 90' lang='lat' dir='ltr'>est</span> <span class='ocrx_word' id='word_1_660' title='bbox 2576 4160 2645 4214; x_wconf 92' lang='lat' dir='ltr'>de</span> <span class='ocrx_word' id='word_1_661' title='bbox 2671 4162 3007 4217; x_wconf 89' lang='lat' dir='ltr'>terrenitate</span> <span class='ocrx_word' id='word_1_662' title='bbox 3035 4165 3367 4223; x_wconf 83' lang='lat' dir='ltr'>afflictionis</span> <span class='ocrx_word' id='word_1_663' title='bbox 3390 4173 3449 4225; x_wconf 90' lang='lat' dir='ltr'>et</span> 
     </span>
    </p>
   </div>
   <div class='ocr_carea' id='block_1_60' title="bbox 1842 4249 3447 4324">
    <p class='ocr_par' dir='ltr' id='par_1_60' title="bbox 1842 4249 3447 4324">
     <span class='ocr_line' id='line_1_60' title="bbox 1842 4249 3447 4324; baseline 0.006 -21"><span class='ocrx_word' id='word_1_664' title='bbox 1842 4251 2215 4305; x_wconf 87' lang='lat' dir='ltr'>tenebrarum</span> <span class='ocrx_word' id='word_1_665' title='bbox 2247 4249 2611 4321; x_wconf 64' lang='lat' dir='ltr'>ignorantiae,</span> <span class='ocrx_word' id='word_1_666' title='bbox 2640 4251 2846 4304; x_wconf 77' lang='lat' dir='ltr'>audivit</span> <span class='ocrx_word' id='word_1_667' title='bbox 2870 4252 2942 4305; x_wconf 90' lang='lat' dir='ltr'>ab</span> <span class='ocrx_word' id='word_1_668' title='bbox 2974 4251 3277 4324; x_wconf 89' lang='lat' dir='ltr'>inspiranti</span> <span class='ocrx_word' id='word_1_669' title='bbox 3299 4256 3447 4313; x_wconf 90' lang='lat' dir='ltr'>inte-</span> 
     </span>
    </p>
   </div>
   <div class='ocr_carea' id='block_1_61' title="bbox 127 4337 3446 4417">
    <p class='ocr_par' dir='ltr' id='par_1_61' title="bbox 127 4337 3446 4417">
     <span class='ocr_line' id='line_1_61' title="bbox 127 4337 3446 4417; baseline 0 -20"><span class='ocrx_word' id='word_1_670' title='bbox 127 4341 574 4398; x_wconf 86' lang='lat' dir='ltr'>viviﬁcationem</span> <span class='ocrx_word' id='word_1_671' title='bbox 612 4340 673 4394; x_wconf 90' lang='lat' dir='ltr'>in</span> <span class='ocrx_word' id='word_1_672' title='bbox 698 4339 1030 4395; x_wconf 88' lang='lat' dir='ltr'>innocentia</span> <span class='ocrx_word' id='word_1_673' title='bbox 1049 4343 1107 4393; x_wconf 91' lang='lat' dir='ltr'>et</span> <span class='ocrx_word' id='word_1_674' title='bbox 1123 4339 1422 4394; x_wconf 82' lang='lat' dir='ltr'>virtutibus</span> <span class='ocrx_word' id='word_1_675' title='bbox 1447 4354 1574 4409; x_wconf 77' lang='lat' dir='ltr'>quae</span> <span class='ocrx_word' id='word_1_676' title='bbox 1600 4353 1634 4390; x_wconf 90' lang='lat' dir='ltr'>a</span> <span class='ocrx_word' id='word_1_677' title='bbox 1650 4354 1741 4391; x_wconf 90' lang='lat' dir='ltr'>su-</span> <span class='ocrx_word' id='word_1_678' title='bbox 1764 4359 1816 4417; x_wconf 82' lang='lat' dir='ltr'><strong>D</strong></span> <span class='ocrx_word' id='word_1_679' title='bbox 1844 4338 1960 4393; x_wconf 90' lang='lat' dir='ltr'>rius</span> <span class='ocrx_word' id='word_1_680' title='bbox 1989 4337 2294 4410; x_wconf 87' lang='lat' dir='ltr'>sapientia,</span> <span class='ocrx_word' id='word_1_681' title='bbox 2322 4338 2470 4392; x_wconf 87' lang='lat' dir='ltr'>hanc</span> <span class='ocrx_word' id='word_1_682' title='bbox 2489 4339 2732 4406; x_wconf 77' lang='lat' dir='ltr'>linguam</span> <span class='ocrx_word' id='word_1_683' title='bbox 2750 4357 2910 4409; x_wconf 82' lang='lat' dir='ltr'>quam</span> <span class='ocrx_word' id='word_1_684' title='bbox 2927 4357 3031 4393; x_wconf 87' lang='lat' dir='ltr'>non</span> <span class='ocrx_word' id='word_1_685' title='bbox 3044 4344 3446 4409; x_wconf 82' lang='lat' dir='ltr'>noverat,scili-</span> 
     </span>
    </p>
   </div>
   <div class='ocr_carea' id='block_1_62' title="bbox 130 4427 1743 4504">
    <p class='ocr_par' dir='ltr' id='par_1_62' title="bbox 130 4427 1743 4504">
     <span class='ocr_line' id='line_1_62' title="bbox 130 4427 1743 4504; baseline -0.005 -18"><span class='ocrx_word' id='word_1_686' title='bbox 130 4431 347 4504; x_wconf 85' lang='lat' dir='ltr'>periuri</span> <span class='ocrx_word' id='word_1_687' title='bbox 368 4430 468 4485; x_wconf 91' lang='lat' dir='ltr'>Dei</span> <span class='ocrx_word' id='word_1_688' title='bbox 489 4428 797 4484; x_wconf 88' lang='lat' dir='ltr'>clementia</span> <span class='ocrx_word' id='word_1_689' title='bbox 812 4429 1045 4495; x_wconf 90' lang='lat' dir='ltr'>dantur,</span> <span class='ocrx_word' id='word_1_690' title='bbox 1063 4428 1308 4499; x_wconf 90' lang='lat' dir='ltr'>ideoque</span> <span class='ocrx_word' id='word_1_691' title='bbox 1335 4443 1439 4498; x_wconf 87' lang='lat' dir='ltr'>per</span> <span class='ocrx_word' id='word_1_692' title='bbox 1457 4427 1743 4497; x_wconf 90' lang='lat' dir='ltr'>psalmum</span> 
     </span>
    </p>
   </div>
   <div class='ocr_carea' id='block_1_63' title="bbox 132 4500 1745 4589">
    <p class='ocr_par' dir='ltr' id='par_1_63' title="bbox 132 4500 1745 4589">
     <span class='ocr_line' id='line_1_63' title="bbox 132 4500 1745 4589; baseline -0.004 -16"><span class='ocrx_word' id='word_1_693' title='bbox 132 4500 513 4589; x_wconf 73' lang='lat' dir='ltr'>accipiuntur.</span> <span class='ocrx_word' id='word_1_694' title='bbox 537 4517 793 4571; x_wconf 89' lang='lat' dir='ltr'>Psalmus</span> <span class='ocrx_word' id='word_1_695' title='bbox 810 4516 967 4570; x_wconf 91' lang='lat' dir='ltr'>enim</span> <span class='ocrx_word' id='word_1_696' title='bbox 981 4520 1067 4571; x_wconf 91' lang='lat' dir='ltr'>est</span> <span class='ocrx_word' id='word_1_697' title='bbox 1081 4516 1262 4570; x_wconf 90' lang='lat' dir='ltr'>melos</span> <span class='ocrx_word' id='word_1_698' title='bbox 1276 4515 1430 4586; x_wconf 89' lang='lat' dir='ltr'>quod</span> <span class='ocrx_word' id='word_1_699' title='bbox 1445 4515 1506 4567; x_wconf 88' lang='lat' dir='ltr'>ﬁt</span> <span class='ocrx_word' id='word_1_700' title='bbox 1525 4513 1581 4566; x_wconf 88' lang='lat' dir='ltr'>in</span> <span class='ocrx_word' id='word_1_701' title='bbox 1597 4500 1745 4585; x_wconf 55' lang='lat' dir='ltr'>psal4</span> 
     </span>
    </p>
   </div>
   <div class='ocr_carea' id='block_1_64' title="bbox 131 4603 1749 4678">
    <p class='ocr_par' dir='ltr' id='par_1_64' title="bbox 131 4603 1749 4678">
     <span class='ocr_line' id='line_1_64' title="bbox 131 4603 1749 4678; baseline -0.004 -16"><span class='ocrx_word' id='word_1_702' title='bbox 131 4608 397 4673; x_wconf 82' lang='lat' dir='ltr'>terio,ex</span> <span class='ocrx_word' id='word_1_703' title='bbox 434 4606 715 4678; x_wconf 86' lang='lat' dir='ltr'>superiori</span> <span class='ocrx_word' id='word_1_704' title='bbox 754 4621 1057 4661; x_wconf 91' lang='lat' dir='ltr'>resonans.</span> <span class='ocrx_word' id='word_1_705' title='bbox 1104 4603 1181 4658; x_wconf 86' lang='lat' dir='ltr'>Et</span> <span class='ocrx_word' id='word_1_706' title='bbox 1226 4606 1288 4657; x_wconf 91' lang='lat' dir='ltr'>ut</span> <span class='ocrx_word' id='word_1_707' title='bbox 1325 4604 1614 4675; x_wconf 86' lang='lat' dir='ltr'>psalmum</span> <span class='ocrx_word' id='word_1_708' title='bbox 1661 4619 1749 4657; x_wconf 87' lang='lat' dir='ltr'>su-</span> 
     </span>
    </p>
   </div>
   <div class='ocr_carea' id='block_1_65' title="bbox 131 4689 1749 4763">
    <p class='ocr_par' dir='ltr' id='par_1_65' title="bbox 131 4689 1749 4763">
     <span class='ocr_line' id='line_1_65' title="bbox 131 4689 1749 4763; baseline -0.005 -12"><span class='ocrx_word' id='word_1_709' title='bbox 131 4712 299 4751; x_wconf 88' lang='lat' dir='ltr'>mere</span> <span class='ocrx_word' id='word_1_710' title='bbox 330 4694 696 4757; x_wconf 90' lang='lat' dir='ltr'>mereamini,</span> <span class='ocrx_word' id='word_1_711' title='bbox 716 4694 837 4748; x_wconf 85' lang='lat' dir='ltr'>date</span> <span class='ocrx_word' id='word_1_712' title='bbox 856 4696 972 4748; x_wconf 91' lang='lat' dir='ltr'>Deo</span> <span class='ocrx_word' id='word_1_713' title='bbox 987 4700 1328 4763; x_wconf 84' lang='lat' dir='ltr'>tympanum,</span> <span class='ocrx_word' id='word_1_714' title='bbox 1360 4691 1419 4745; x_wconf 92' lang='lat' dir='ltr'>id</span> <span class='ocrx_word' id='word_1_715' title='bbox 1450 4694 1536 4745; x_wconf 92' lang='lat' dir='ltr'>est</span> <span class='ocrx_word' id='word_1_716' title='bbox 1562 4689 1749 4745; x_wconf 84' lang='lat' dir='ltr'>carnis</span> 
     </span>
    </p>
   </div>
   <div class='ocr_carea' id='block_1_66' title="bbox 134 4776 1752 4854">
    <p class='ocr_par' dir='ltr' id='par_1_66' title="bbox 134 4776 1752 4854">
     <span class='ocr_line' id='line_1_66' title="bbox 134 4776 1752 4854; baseline -0.005 -15"><span class='ocrx_word' id='word_1_717' title='bbox 134 4781 668 4848; x_wconf 87' lang='lat' dir='ltr'>mortiﬁcationem,</span> <span class='ocrx_word' id='word_1_718' title='bbox 701 4798 827 4854; x_wconf 75' lang='lat' dir='ltr'>qum</span> <span class='ocrx_word' id='word_1_719' title='bbox 860 4797 963 4853; x_wconf 90' lang='lat' dir='ltr'>per</span> <span class='ocrx_word' id='word_1_720' title='bbox 994 4785 1341 4851; x_wconf 87' lang='lat' dir='ltr'>tympanum</span> <span class='ocrx_word' id='word_1_721' title='bbox 1374 4778 1586 4833; x_wconf 89' lang='lat' dir='ltr'>merito</span> <span class='ocrx_word' id='word_1_722' title='bbox 1609 4776 1752 4833; x_wconf 88' lang='lat' dir='ltr'>acci-</span> 
     </span>
    </p>
   </div>
   <div class='ocr_carea' id='block_1_67' title="bbox 131 4867 1747 4949">
    <p class='ocr_par' dir='ltr' id='par_1_67' title="bbox 131 4867 1747 4949">
     <span class='ocr_line' id='line_1_67' title="bbox 131 4867 1747 4949; baseline -0.005 -21"><span class='ocrx_word' id='word_1_723' title='bbox 131 4874 327 4949; x_wconf 77' lang='lat' dir='ltr'>pitur,’</span> <span class='ocrx_word' id='word_1_724' title='bbox 347 4873 504 4946; x_wconf 88' lang='lat' dir='ltr'>quod</span> <span class='ocrx_word' id='word_1_725' title='bbox 542 4871 704 4927; x_wconf 89' lang='lat' dir='ltr'>corio</span> <span class='ocrx_word' id='word_1_726' title='bbox 753 4868 969 4925; x_wconf 89' lang='lat' dir='ltr'>mortui</span> <span class='ocrx_word' id='word_1_727' title='bbox 1005 4868 1275 4923; x_wconf 88' lang='lat' dir='ltr'>animalis</span> <span class='ocrx_word' id='word_1_728' title='bbox 1319 4867 1747 4939; x_wconf 88' lang='lat' dir='ltr'>supervestitur.</span> 
     </span>
    </p>
   </div>
   <div class='ocr_carea' id='block_1_68' title="bbox 135 4956 1748 5028">
    <p class='ocr_par' dir='ltr' id='par_1_68' title="bbox 135 4956 1748 5028">
     <span class='ocr_line' id='line_1_68' title="bbox 135 4956 1748 5028; baseline -0.004 -11"><span class='ocrx_word' id='word_1_729' title='bbox 135 4962 309 5028; x_wconf 88' lang='lat' dir='ltr'>Quod</span> <span class='ocrx_word' id='word_1_730' title='bbox 337 4966 423 5017; x_wconf 73' lang='lat' dir='ltr'>est</span> <span class='ocrx_word' id='word_1_731' title='bbox 446 4961 666 5017; x_wconf 89' lang='lat' dir='ltr'>dicere:</span> <span class='ocrx_word' id='word_1_732' title='bbox 691 4958 779 5013; x_wconf 83' lang='lat' dir='ltr'>Ad</span> <span class='ocrx_word' id='word_1_733' title='bbox 816 4958 1102 5013; x_wconf 89' lang='lat' dir='ltr'>honorem</span> <span class='ocrx_word' id='word_1_734' title='bbox 1128 4956 1226 5011; x_wconf 91' lang='lat' dir='ltr'>Dei</span> <span class='ocrx_word' id='word_1_735' title='bbox 1256 4956 1600 5011; x_wconf 88' lang='lat' dir='ltr'>mortiﬁcate</span> <span class='ocrx_word' id='word_1_736' title='bbox 1626 4971 1748 5010; x_wconf 87' lang='lat' dir='ltr'>car-</span> 
     </span>
    </p>
   </div>
   <div class='ocr_carea' id='block_1_69' title="bbox 136 5043 1755 5120">
    <p class='ocr_par' dir='ltr' id='par_1_69' title="bbox 136 5043 1755 5120">
     <span class='ocr_line' id='line_1_69' title="bbox 136 5043 1755 5120; baseline -0.007 -12"><span class='ocrx_word' id='word_1_737' title='bbox 136 5068 280 5108; x_wconf 87' lang='lat' dir='ltr'>nem</span> <span class='ocrx_word' id='word_1_738' title='bbox 321 5047 563 5120; x_wconf 87' lang='lat' dir='ltr'>jejuniis</span> <span class='ocrx_word' id='word_1_739' title='bbox 608 5051 668 5102; x_wconf 88' lang='lat' dir='ltr'>et</span> <span class='ocrx_word' id='word_1_740' title='bbox 719 5045 957 5117; x_wconf 90' lang='lat' dir='ltr'>vigiliis;</span> <span class='ocrx_word' id='word_1_741' title='bbox 1016 5062 1151 5099; x_wconf 89' lang='lat' dir='ltr'>nam</span> <span class='ocrx_word' id='word_1_742' title='bbox 1190 5045 1527 5115; x_wconf 82' lang='lat' dir='ltr'>psalterium,</span> <span class='ocrx_word' id='word_1_743' title='bbox 1571 5043 1629 5097; x_wconf 92' lang='lat' dir='ltr'>id</span> <span class='ocrx_word' id='word_1_744' title='bbox 1669 5045 1755 5097; x_wconf 89' lang='lat' dir='ltr'>est</span> 
     </span>
    </p>
   </div>
   <div class='ocr_carea' id='block_1_70' title="bbox 138 5133 1753 5212">
    <p class='ocr_par' dir='ltr' id='par_1_70' title="bbox 138 5133 1753 5212">
     <span class='ocr_line' id='line_1_70' title="bbox 138 5133 1753 5212; baseline -0.005 -17"><span class='ocrx_word' id='word_1_745' title='bbox 138 5138 374 5212; x_wconf 87' lang='lat' dir='ltr'>spiritus</span> <span class='ocrx_word' id='word_1_746' title='bbox 400 5135 734 5201; x_wconf 87' lang='lat' dir='ltr'>viviﬁcatus,</span> <span class='ocrx_word' id='word_1_747' title='bbox 759 5139 848 5189; x_wconf 93' lang='lat' dir='ltr'>est</span> <span class='ocrx_word' id='word_1_748' title='bbox 874 5135 1179 5204; x_wconf 79' lang='lat' dir='ltr'>jucundum</span> <span class='ocrx_word' id='word_1_749' title='bbox 1209 5135 1344 5197; x_wconf 91' lang='lat' dir='ltr'>Deo,</span> <span class='ocrx_word' id='word_1_750' title='bbox 1377 5133 1435 5186; x_wconf 89' lang='lat' dir='ltr'>id</span> <span class='ocrx_word' id='word_1_751' title='bbox 1468 5136 1554 5186; x_wconf 91' lang='lat' dir='ltr'>est</span> <span class='ocrx_word' id='word_1_752' title='bbox 1589 5133 1753 5187; x_wconf 86' lang='lat' dir='ltr'>valde</span> 
     </span>
    </p>
   </div>
   <div class='ocr_carea' id='block_1_71' title="bbox 143 5219 1754 5292">
    <p class='ocr_par' dir='ltr' id='par_1_71' title="bbox 143 5219 1754 5292">
     <span class='ocr_line' id='line_1_71' title="bbox 143 5219 1754 5292; baseline -0.004 -10"><span class='ocrx_word' id='word_1_753' title='bbox 143 5225 504 5292; x_wconf 87' lang='lat' dir='ltr'>delectabile,</span> <span class='ocrx_word' id='word_1_754' title='bbox 525 5241 646 5278; x_wconf 86' lang='lat' dir='ltr'>cum</span> <span class='ocrx_word' id='word_1_755' title='bbox 674 5225 901 5289; x_wconf 84' lang='lat' dir='ltr'>cithara,</span> <span class='ocrx_word' id='word_1_756' title='bbox 931 5222 990 5276; x_wconf 88' lang='lat' dir='ltr'>id</span> <span class='ocrx_word' id='word_1_757' title='bbox 1022 5225 1107 5275; x_wconf 90' lang='lat' dir='ltr'>est</span> <span class='ocrx_word' id='word_1_758' title='bbox 1142 5236 1272 5274; x_wconf 90' lang='lat' dir='ltr'>eum</span> <span class='ocrx_word' id='word_1_759' title='bbox 1304 5219 1754 5276; x_wconf 89' lang='lat' dir='ltr'>mortiﬁcatione</span> 
     </span>
    </p>
   </div>
   <div class='ocr_carea' id='block_1_72' title="bbox 143 5306 1756 5384">
    <p class='ocr_par' dir='ltr' id='par_1_72' title="bbox 143 5306 1756 5384">
     <span class='ocr_line' id='line_1_72' title="bbox 143 5306 1756 5384; baseline -0.005 -14"><span class='ocrx_word' id='word_1_760' title='bbox 143 5314 357 5380; x_wconf 88' lang='lat' dir='ltr'>carnis,</span> <span class='ocrx_word' id='word_1_761' title='bbox 386 5329 513 5384; x_wconf 68' lang='lat' dir='ltr'>qua:</span> <span class='ocrx_word' id='word_1_762' title='bbox 540 5327 645 5382; x_wconf 90' lang='lat' dir='ltr'>per</span> <span class='ocrx_word' id='word_1_763' title='bbox 672 5312 960 5366; x_wconf 88' lang='lat' dir='ltr'>citharam</span> <span class='ocrx_word' id='word_1_764' title='bbox 999 5306 1364 5379; x_wconf 88' lang='lat' dir='ltr'>intelligitur,</span> <span class='ocrx_word' id='word_1_765' title='bbox 1402 5325 1531 5379; x_wconf 77' lang='lat' dir='ltr'>qua:</span> <span class='ocrx_word' id='word_1_766' title='bbox 1569 5324 1635 5361; x_wconf 80' lang='lat' dir='ltr'>ex</span> <span class='ocrx_word' id='word_1_767' title='bbox 1669 5307 1756 5362; x_wconf 86' lang='lat' dir='ltr'>in-</span> 
     </span>
    </p>
   </div>
   <div class='ocr_carea' id='block_1_73' title="bbox 147 5396 1762 5459">
    <p class='ocr_par' dir='ltr' id='par_1_73' title="bbox 147 5396 1762 5459">
     <span class='ocr_line' id='line_1_73' title="bbox 147 5396 1762 5459; baseline -0.006 0"><span class='ocrx_word' id='word_1_768' title='bbox 147 5402 349 5459; x_wconf 81' lang='lat' dir='ltr'>feriori</span> <span class='ocrx_word' id='word_1_769' title='bbox 379 5404 564 5456; x_wconf 85' lang='lat' dir='ltr'>sonat.</span> <span class='ocrx_word' id='word_1_770' title='bbox 598 5402 674 5454; x_wconf 85' lang='lat' dir='ltr'>Ac</span> <span class='ocrx_word' id='word_1_771' title='bbox 699 5399 744 5453; x_wconf 88' lang='lat' dir='ltr'>si</span> <span class='ocrx_word' id='word_1_772' title='bbox 778 5399 995 5453; x_wconf 89' lang='lat' dir='ltr'>diceret</span> <span class='ocrx_word' id='word_1_773' title='bbox 1032 5414 1043 5450; x_wconf 92' lang='lat'>:</span> <span class='ocrx_word' id='word_1_774' title='bbox 1077 5396 1403 5450; x_wconf 76' lang='lat' dir='ltr'>Iucundum</span> <span class='ocrx_word' id='word_1_775' title='bbox 1435 5398 1520 5448; x_wconf 88' lang='lat' dir='ltr'>est</span> <span class='ocrx_word' id='word_1_776' title='bbox 1551 5397 1667 5449; x_wconf 92' lang='lat' dir='ltr'>Deo</span> <span class='ocrx_word' id='word_1_777' title='bbox 1699 5399 1762 5449; x_wconf 91' lang='lat' dir='ltr'>ut</span> 
     </span>
    </p>
   </div>
   <div class='ocr_carea' id='block_1_74' title="bbox 152 5483 1763 5556">
    <p class='ocr_par' dir='ltr' id='par_1_74' title="bbox 152 5483 1763 5556">
     <span class='ocr_line' id='line_1_74' title="bbox 152 5483 1763 5556; baseline -0.007 -10"><span class='ocrx_word' id='word_1_778' title='bbox 152 5488 570 5547; x_wconf 72' lang='lat' dir='ltr'>mortiﬁcanda</span> <span class='ocrx_word' id='word_1_779' title='bbox 620 5503 857 5541; x_wconf 87' lang='lat' dir='ltr'>carnem</span> <span class='ocrx_word' id='word_1_780' title='bbox 906 5485 1145 5556; x_wconf 89' lang='lat' dir='ltr'>spiritus</span> <span class='ocrx_word' id='word_1_781' title='bbox 1182 5487 1366 5538; x_wconf 86' lang='lat' dir='ltr'>vester</span> <span class='ocrx_word' id='word_1_782' title='bbox 1414 5483 1763 5550; x_wconf 84' lang='lat' dir='ltr'>viviﬁcetur;</span> 
     </span>
    </p>
   </div>
   <div class='ocr_carea' id='block_1_75' title="bbox 1844 4425 3449 4496">
    <p class='ocr_par' dir='ltr' id='par_1_75' title="bbox 1844 4425 3449 4496">
     <span class='ocr_line' id='line_1_75' title="bbox 1844 4425 3449 4496; baseline 0.004 -16"><span class='ocrx_word' id='word_1_783' title='bbox 1844 4427 2051 4480; x_wconf 90' lang='lat' dir='ltr'>celhoc</span> <span class='ocrx_word' id='word_1_784' title='bbox 2064 4429 2415 4496; x_wconf 63' lang='lat' dir='ltr'>praeceptum</span> <span class='ocrx_word' id='word_1_785' title='bbox 2432 4425 2585 4496; x_wconf 88' lang='lat' dir='ltr'>quod</span> <span class='ocrx_word' id='word_1_786' title='bbox 2606 4441 2721 4478; x_wconf 91' lang='lat' dir='ltr'>non</span> <span class='ocrx_word' id='word_1_787' title='bbox 2736 4425 2973 4479; x_wconf 88' lang='lat' dir='ltr'>ulterius</span> <span class='ocrx_word' id='word_1_788' title='bbox 2985 4427 3449 4494; x_wconf 86' lang='lat' dir='ltr'>audiverat.Quia</span> 
     </span>
    </p>
   </div>
   <div class='ocr_carea' id='block_1_76' title="bbox 1842 4512 3447 4587">
    <p class='ocr_par' dir='ltr' id='par_1_76' title="bbox 1842 4512 3447 4587">
     <span class='ocr_line' id='line_1_76' title="bbox 1842 4512 3447 4587; baseline 0.006 -20"><span class='ocrx_word' id='word_1_789' title='bbox 1842 4513 2043 4583; x_wconf 88' lang='lat' dir='ltr'>lingua</span> <span class='ocrx_word' id='word_1_790' title='bbox 2061 4512 2410 4583; x_wconf 59' lang='lat' dir='ltr'>praecipitur,</span> <span class='ocrx_word' id='word_1_791' title='bbox 2433 4513 2631 4583; x_wconf 83' lang='lat' dir='ltr'>lingua</span> <span class='ocrx_word' id='word_1_792' title='bbox 2652 4528 2754 4582; x_wconf 90' lang='lat' dir='ltr'>pro</span> <span class='ocrx_word' id='word_1_793' title='bbox 2776 4518 3063 4585; x_wconf 73' lang='lat' dir='ltr'>przeceplo</span> <span class='ocrx_word' id='word_1_794' title='bbox 3082 4517 3334 4587; x_wconf 90' lang='lat' dir='ltr'>ponitur.</span> <span class='ocrx_word' id='word_1_795' title='bbox 3368 4524 3447 4576; x_wconf 79' lang='lat' dir='ltr'>Ac</span> 
     </span>
    </p>
   </div>
   <div class='ocr_carea' id='block_1_77' title="bbox 1846 4599 3445 4675">
    <p class='ocr_par' dir='ltr' id='par_1_77' title="bbox 1846 4599 3445 4675">
     <span class='ocr_line' id='line_1_77' title="bbox 1846 4599 3445 4675; baseline 0.006 -20"><span class='ocrx_word' id='word_1_796' title='bbox 1846 4601 1892 4655; x_wconf 91' lang='lat' dir='ltr'>si</span> <span class='ocrx_word' id='word_1_797' title='bbox 1922 4600 2104 4654; x_wconf 86' lang='lat' dir='ltr'>dicat:</span> <span class='ocrx_word' id='word_1_798' title='bbox 2141 4602 2287 4654; x_wconf 89' lang='lat' dir='ltr'>Dum</span> <span class='ocrx_word' id='word_1_799' title='bbox 2310 4599 2369 4653; x_wconf 91' lang='lat' dir='ltr'>in</span> <span class='ocrx_word' id='word_1_800' title='bbox 2400 4601 2642 4671; x_wconf 58' lang='lat' dir='ltr'>{Egypto</span> <span class='ocrx_word' id='word_1_801' title='bbox 2668 4600 2996 4656; x_wconf 84' lang='lat' dir='ltr'>aftlictionis</span> <span class='ocrx_word' id='word_1_802' title='bbox 3021 4607 3077 4658; x_wconf 89' lang='lat' dir='ltr'>et</span> <span class='ocrx_word' id='word_1_803' title='bbox 3100 4604 3445 4675; x_wconf 64' lang='lat' dir='ltr'>ignorantia:</span> 
     </span>
    </p>
   </div>
   <div class='ocr_carea' id='block_1_78' title="bbox 1846 4688 3449 4764">
    <p class='ocr_par' dir='ltr' id='par_1_78' title="bbox 1846 4688 3449 4764">
     <span class='ocr_line' id='line_1_78' title="bbox 1846 4688 3449 4764; baseline 0.005 -22"><span class='ocrx_word' id='word_1_804' title='bbox 1846 4688 2281 4759; x_wconf 82' lang='lat' dir='ltr'>fuit,nunquam</span> <span class='ocrx_word' id='word_1_805' title='bbox 2300 4690 2361 4741; x_wconf 92' lang='lat' dir='ltr'>ut</span> <span class='ocrx_word' id='word_1_806' title='bbox 2376 4688 2685 4741; x_wconf 84' lang='lat' dir='ltr'>exsultaret</span> <span class='ocrx_word' id='word_1_807' title='bbox 2698 4689 2755 4743; x_wconf 93' lang='lat' dir='ltr'>in</span> <span class='ocrx_word' id='word_1_808' title='bbox 2773 4690 2994 4760; x_wconf 88' lang='lat' dir='ltr'>psalmo</span> <span class='ocrx_word' id='word_1_809' title='bbox 3014 4694 3071 4744; x_wconf 89' lang='lat' dir='ltr'>et</span> <span class='ocrx_word' id='word_1_810' title='bbox 3097 4695 3375 4764; x_wconf 80' lang='lat' dir='ltr'>tympano</span> <span class='ocrx_word' id='word_1_811' title='bbox 3391 4699 3449 4749; x_wconf 92' lang='lat' dir='ltr'>et</span> 
     </span>
    </p>
   </div>
   <div class='ocr_carea' id='block_1_79' title="bbox 1847 4775 3446 4852">
    <p class='ocr_par' dir='ltr' id='par_1_79' title="bbox 1847 4775 3446 4852">
     <span class='ocr_line' id='line_1_79' title="bbox 1847 4775 3446 4852; baseline 0.003 -21"><span class='ocrx_word' id='word_1_812' title='bbox 1847 4777 1986 4831; x_wconf 91' lang='lat' dir='ltr'>tuba</span> <span class='ocrx_word' id='word_1_813' title='bbox 2016 4777 2069 4829; x_wconf 91' lang='lat' dir='ltr'>ei</span> <span class='ocrx_word' id='word_1_814' title='bbox 2098 4779 2452 4847; x_wconf 66' lang='lat' dir='ltr'>prmeeptum</span> <span class='ocrx_word' id='word_1_815' title='bbox 2498 4775 2626 4842; x_wconf 82' lang='lat' dir='ltr'>fuit,</span> <span class='ocrx_word' id='word_1_816' title='bbox 2660 4778 2758 4831; x_wconf 87' lang='lat' dir='ltr'>sed</span> <span class='ocrx_word' id='word_1_817' title='bbox 2794 4782 3101 4849; x_wconf 86' lang='lat' dir='ltr'>postquam</span> <span class='ocrx_word' id='word_1_818' title='bbox 3138 4781 3446 4852; x_wconf 61' lang='lat' dir='ltr'>Egyptum</span> 
     </span>
    </p>
   </div>
   <div class='ocr_carea' id='block_1_80' title="bbox 1850 4863 3450 4939">
    <p class='ocr_par' dir='ltr' id='par_1_80' title="bbox 1850 4863 3450 4939">
     <span class='ocr_line' id='line_1_80' title="bbox 1850 4863 3450 4939; baseline 0.002 -20"><span class='ocrx_word' id='word_1_819' title='bbox 1850 4864 2007 4930; x_wconf 82' lang='lat' dir='ltr'>exiit,</span> <span class='ocrx_word' id='word_1_820' title='bbox 2024 4864 2132 4918; x_wconf 89' lang='lat' dir='ltr'>hoc</span> <span class='ocrx_word' id='word_1_821' title='bbox 2150 4880 2184 4917; x_wconf 90' lang='lat' dir='ltr'>a</span> <span class='ocrx_word' id='word_1_822' title='bbox 2210 4863 2457 4918; x_wconf 89' lang='lat' dir='ltr'>Domino</span> <span class='ocrx_word' id='word_1_823' title='bbox 2474 4868 2828 4936; x_wconf 66' lang='lat' dir='ltr'>praeceptum</span> <span class='ocrx_word' id='word_1_824' title='bbox 2855 4866 3269 4937; x_wconf 88' lang='lat' dir='ltr'>aceepit.Quod</span> <span class='ocrx_word' id='word_1_825' title='bbox 3292 4869 3450 4939; x_wconf 89' lang='lat' dir='ltr'>equi-</span> 
     </span>
    </p>
   </div>
   <div class='ocr_carea' id='block_1_81' title="bbox 1851 4952 3446 5028">
    <p class='ocr_par' dir='ltr' id='par_1_81' title="bbox 1851 4952 3446 5028">
     <span class='ocr_line' id='line_1_81' title="bbox 1851 4952 3446 5028; baseline 0.003 -21"><span class='ocrx_word' id='word_1_826' title='bbox 1851 4953 1985 5008; x_wconf 86' lang='lat' dir='ltr'>dem</span> <span class='ocrx_word' id='word_1_827' title='bbox 2009 4968 2110 5024; x_wconf 91' lang='lat' dir='ltr'>per</span> <span class='ocrx_word' id='word_1_828' title='bbox 2131 4952 2429 5007; x_wconf 90' lang='lat' dir='ltr'>Judaicum</span> <span class='ocrx_word' id='word_1_829' title='bbox 2454 4954 2729 5023; x_wconf 87' lang='lat' dir='ltr'>populum</span> <span class='ocrx_word' id='word_1_830' title='bbox 2762 4957 3175 5024; x_wconf 72' lang='lat' dir='ltr'>prmostensum</span> <span class='ocrx_word' id='word_1_831' title='bbox 3195 4959 3298 5017; x_wconf 88' lang='lat' dir='ltr'>est,</span> <span class='ocrx_word' id='word_1_832' title='bbox 3329 4958 3446 5028; x_wconf 91' lang='lat' dir='ltr'>qui,</span> 
     </span>
    </p>
   </div>
   <div class='ocr_carea' id='block_1_82' title="bbox 1852 5039 3450 5112">
    <p class='ocr_par' dir='ltr' id='par_1_82' title="bbox 1852 5039 3450 5112">
     <span class='ocr_line' id='line_1_82' title="bbox 1852 5039 3450 5112; baseline 0.002 -16"><span class='ocrx_word' id='word_1_833' title='bbox 1852 5041 1991 5096; x_wconf 90' lang='lat' dir='ltr'>dum</span> <span class='ocrx_word' id='word_1_834' title='bbox 2004 5040 2314 5111; x_wconf 67' lang='lat' dir='ltr'>iangypto</span> <span class='ocrx_word' id='word_1_835' title='bbox 2346 5040 2471 5105; x_wconf 86' lang='lat' dir='ltr'>fuit,</span> <span class='ocrx_word' id='word_1_836' title='bbox 2498 5057 2795 5112; x_wconf 88' lang='lat' dir='ltr'>nunquam</span> <span class='ocrx_word' id='word_1_837' title='bbox 2823 5058 2857 5094; x_wconf 88' lang='lat' dir='ltr'>a</span> <span class='ocrx_word' id='word_1_838' title='bbox 2883 5039 3129 5095; x_wconf 86' lang='lat' dir='ltr'>Domino</span> <span class='ocrx_word' id='word_1_839' title='bbox 3151 5042 3339 5112; x_wconf 84' lang='lat' dir='ltr'>legem</span> <span class='ocrx_word' id='word_1_840' title='bbox 3357 5062 3450 5099; x_wconf 86' lang='lat' dir='ltr'>ac-</span> 
     </span>
    </p>
   </div>
   <div class='ocr_carea' id='block_1_83' title="bbox 1853 5127 3448 5200">
    <p class='ocr_par' dir='ltr' id='par_1_83' title="bbox 1853 5127 3448 5200">
     <span class='ocr_line' id='line_1_83' title="bbox 1853 5127 3448 5200; baseline 0.002 -16"><span class='ocrx_word' id='word_1_841' title='bbox 1853 5128 2023 5200; x_wconf 91' lang='lat' dir='ltr'>cepit.</span> <span class='ocrx_word' id='word_1_842' title='bbox 2038 5129 2138 5183; x_wconf 82' lang='lat' dir='ltr'>Ast</span> <span class='ocrx_word' id='word_1_843' title='bbox 2151 5127 2263 5195; x_wconf 79' lang='lat' dir='ltr'>ubi,</span> <span class='ocrx_word' id='word_1_844' title='bbox 2277 5129 2583 5199; x_wconf 60' lang='lat' dir='ltr'>tEgyplum</span> <span class='ocrx_word' id='word_1_845' title='bbox 2598 5129 2811 5193; x_wconf 80' lang='lat' dir='ltr'>exiens,</span> <span class='ocrx_word' id='word_1_846' title='bbox 2828 5128 3085 5183; x_wconf 83' lang='lat' dir='ltr'>Rubrum</span> <span class='ocrx_word' id='word_1_847' title='bbox 3108 5145 3267 5185; x_wconf 89' lang='lat' dir='ltr'>mare</span> <span class='ocrx_word' id='word_1_848' title='bbox 3292 5135 3448 5188; x_wconf 86' lang='lat' dir='ltr'>tran-</span> 
     </span>
    </p>
   </div>
   <div class='ocr_carea' id='block_1_84' title="bbox 1856 5216 3454 5289">
    <p class='ocr_par' dir='ltr' id='par_1_84' title="bbox 1856 5216 3454 5289">
     <span class='ocr_line' id='line_1_84' title="bbox 1856 5216 3454 5289; baseline 0.003 -17"><span class='ocrx_word' id='word_1_849' title='bbox 1856 5218 2040 5285; x_wconf 85' lang='lat' dir='ltr'>sit,lex</span> <span class='ocrx_word' id='word_1_850' title='bbox 2062 5217 2112 5271; x_wconf 92' lang='lat' dir='ltr'>ei</span> <span class='ocrx_word' id='word_1_851' title='bbox 2134 5234 2169 5271; x_wconf 87' lang='lat' dir='ltr'>a</span> <span class='ocrx_word' id='word_1_852' title='bbox 2188 5217 2436 5271; x_wconf 90' lang='lat' dir='ltr'>Domino</span> <span class='ocrx_word' id='word_1_853' title='bbox 2453 5217 2587 5270; x_wconf 88' lang='lat' dir='ltr'>data</span> <span class='ocrx_word' id='word_1_854' title='bbox 2618 5219 2720 5270; x_wconf 90' lang='lat' dir='ltr'>est.</span> <span class='ocrx_word' id='word_1_855' title='bbox 2744 5216 3020 5287; x_wconf 54' lang='lat' dir='ltr'>rEgyptus</span> <span class='ocrx_word' id='word_1_856' title='bbox 3040 5234 3199 5284; x_wconf 90' lang='lat' dir='ltr'>sane,</span> <span class='ocrx_word' id='word_1_857' title='bbox 3225 5220 3454 5289; x_wconf 80' lang='lat' dir='ltr'>afﬂictio</span> 
     </span>
    </p>
   </div>
   <div class='ocr_carea' id='block_1_85' title="bbox 1856 5301 3460 5375">
    <p class='ocr_par' dir='ltr' id='par_1_85' title="bbox 1856 5301 3460 5375">
     <span class='ocr_line' id='line_1_85' title="bbox 1856 5301 3460 5375; baseline 0.004 -15"><span class='ocrx_word' id='word_1_858' title='bbox 1856 5306 1944 5360; x_wconf 87' lang='lat' dir='ltr'>vel</span> <span class='ocrx_word' id='word_1_859' title='bbox 1966 5305 2184 5360; x_wconf 54' lang='lat' dir='ltr'>tenebrae</span> <span class='ocrx_word' id='word_1_860' title='bbox 2205 5304 2436 5359; x_wconf 90' lang='lat' dir='ltr'>dicitur.</span> <span class='ocrx_word' id='word_1_861' title='bbox 2454 5304 2562 5357; x_wconf 90' lang='lat' dir='ltr'>Per</span> <span class='ocrx_word' id='word_1_862' title='bbox 2591 5303 2697 5357; x_wconf 90' lang='lat' dir='ltr'>hoc</span> <span class='ocrx_word' id='word_1_863' title='bbox 2718 5301 2898 5371; x_wconf 89' lang='lat' dir='ltr'>igitur</span> <span class='ocrx_word' id='word_1_864' title='bbox 2926 5303 3287 5375; x_wconf 88' lang='lat' dir='ltr'>instruimur,</span> <span class='ocrx_word' id='word_1_865' title='bbox 3318 5311 3460 5366; x_wconf 89' lang='lat' dir='ltr'>nulli</span> 
     </span>
    </p>
   </div>
   <div class='ocr_carea' id='block_1_86' title="bbox 1858 5391 3468 5469">
    <p class='ocr_par' dir='ltr' id='par_1_86' title="bbox 1858 5391 3468 5469">
     <span class='ocr_line' id='line_1_86' title="bbox 1858 5391 3468 5469; baseline 0.002 -24"><span class='ocrx_word' id='word_1_866' title='bbox 1858 5397 2212 5465; x_wconf 68' lang='lat' dir='ltr'>praeceptum</span> <span class='ocrx_word' id='word_1_867' title='bbox 2224 5392 2334 5445; x_wconf 87' lang='lat' dir='ltr'>hoc</span> <span class='ocrx_word' id='word_1_868' title='bbox 2349 5409 2469 5445; x_wconf 90' lang='lat' dir='ltr'>esse</span> <span class='ocrx_word' id='word_1_869' title='bbox 2482 5391 3468 5469; x_wconf 53' lang='lat' dir='ltr'>prmdicandumﬁonrc,Aﬁgyptum</span> 
     </span>
    </p>
   </div>
   <div class='ocr_carea' id='block_1_87' title="bbox 1865 5475 3477 5551">
    <p class='ocr_par' dir='ltr' id='par_1_87' title="bbox 1865 5475 3477 5551">
     <span class='ocr_line' id='line_1_87' title="bbox 1865 5475 3477 5551; baseline 0.002 -14"><span class='ocrx_word' id='word_1_870' title='bbox 1865 5479 2638 5551; x_wconf 87' lang='lat' dir='ltr'>relinquendo,baptismatis</span> <span class='ocrx_word' id='word_1_871' title='bbox 2662 5475 2823 5531; x_wconf 86' lang='lat' dir='ltr'>unda</span> <span class='ocrx_word' id='word_1_872' title='bbox 2837 5481 2914 5537; x_wconf 86' lang='lat' dir='ltr'>sit</span> <span class='ocrx_word' id='word_1_873' title='bbox 2935 5483 3326 5540; x_wconf 86' lang='lat' dir='ltr'>renatus.Dieo</span> <span class='ocrx_word' id='word_1_874' title='bbox 3346 5489 3477 5539; x_wconf 80' lang='lat' dir='ltr'>dum</span> 
     </span>
    </p>
   </div>
   <div class='ocr_carea' id='block_1_88' title="bbox 152 5567 3494 5655">
    <p class='ocr_par' dir='ltr' id='par_1_88' title="bbox 152 5567 3494 5655">
     <span class='ocr_line' id='line_1_88' title="bbox 152 5567 3494 5655; baseline -0.003 -20"><span class='ocrx_word' id='word_1_875' title='bbox 152 5580 403 5655; x_wconf 86' lang='lat' dir='ltr'>ideoque</span> <span class='ocrx_word' id='word_1_876' title='bbox 424 5577 482 5633; x_wconf 89' lang='lat' dir='ltr'>in</span> <span class='ocrx_word' id='word_1_877' title='bbox 506 5575 616 5634; x_wconf 85' lang='lat' dir='ltr'>hoc</span> <span class='ocrx_word' id='word_1_878' title='bbox 648 5573 813 5630; x_wconf 88' lang='lat' dir='ltr'>decet</span> <span class='ocrx_word' id='word_1_879' title='bbox 845 5590 943 5631; x_wconf 87' lang='lat' dir='ltr'>vos</span> <span class='ocrx_word' id='word_1_880' title='bbox 980 5574 1296 5640; x_wconf 85' lang='lat' dir='ltr'>exsultare;</span> <span class='ocrx_word' id='word_1_881' title='bbox 1325 5574 1384 5627; x_wconf 93' lang='lat' dir='ltr'>et</span> <span class='ocrx_word' id='word_1_882' title='bbox 1413 5571 1772 5628; x_wconf 83' lang='lat' dir='ltr'>exsultanter</span> <span class='ocrx_word' id='word_1_883' title='bbox 1870 5572 2033 5627; x_wconf 68' lang='lat' dir='ltr'>exiret</span> <span class='ocrx_word' id='word_1_884' title='bbox 2050 5568 2115 5622; x_wconf 86' lang='lat' dir='ltr'>de</span> <span class='ocrx_word' id='word_1_885' title='bbox 2141 5572 2282 5620; x_wconf 85' lang='lat' dir='ltr'>terra</span> <span class='ocrx_word' id='word_1_886' title='bbox 2309 5567 2583 5643; x_wconf 65' lang='lat' dir='ltr'>zEgypti;</span> <span class='ocrx_word' id='word_1_887' title='bbox 2605 5568 2663 5621; x_wconf 91' lang='lat' dir='ltr'>et</span> <span class='ocrx_word' id='word_1_888' title='bbox 2679 5579 2929 5627; x_wconf 80' lang='lat' dir='ltr'>necesse</span> <span class='ocrx_word' id='word_1_889' title='bbox 2956 5571 3081 5625; x_wconf 85' lang='lat' dir='ltr'>erat</span> <span class='ocrx_word' id='word_1_890' title='bbox 3104 5570 3167 5621; x_wconf 86' lang='lat' dir='ltr'>ut</span> <span class='ocrx_word' id='word_1_891' title='bbox 3193 5568 3330 5629; x_wconf 86' lang='lat' dir='ltr'>inde</span> <span class='ocrx_word' id='word_1_892' title='bbox 3354 5592 3494 5631; x_wconf 85' lang='lat' dir='ltr'>eum</span> 
     </span>
    </p>
   </div>
  </div>
