4004 6052
279 288 414 347 1073

1217 289 1573 352 EXPOSITIO
1610 294 1678 352 ΙΝ
1716 295 2050 356 PSALMOS.
2087 330 2156 341 -
2192 298 2386 357 PSAL.
2444 300 2641 360 LXXXI

3450 311 3587 370 1074
3626 303 3633 309 ’

273 431 345 469 an
376 415 485 471 hoc
531 435 762 491 possem
809 420 1017 475 facere.
1060 416 1136 472 Et
1174 420 1432 474 misissem
1477 437 1632 492 super
1903 414 1967 472 As
1979 438 2209 493 purum.
2244 425 2311 480 Et
2343 443 2459 481 non
2491 427 2602 482 erit
2627 429 2775 484 Deus
2796 444 2899 501 per
2918 432 3191 501 gratiam,
3216 432 3359 489 sicut
3397 436 3593 491 caeteri

269 502 589 560 tribulantes
616 524 719 575 eos,
746 508 961 564 scilicet
997 523 1174 578 super
1214 506 1374 577 vitia,
1407 524 1629 564 manum
1678 527 1876 575 meam,

267 590 483 647 scilicet
510 597 835 666 potentiam
865 594 1258 668 depressionis
1288 612 1454 651 mete.
1486 597 1649 652 Idem
1680 600 1877 654 autem

270 682 379 745 est,
408 682 647 737 inimicos
676 701 857 739 eorum
885 684 1266 751 humiliassrm,
1296 687 1354 739 et
1382 701 1537 755 super
1567 686 1877 741 tribulantes

266 768 517 824 misissem
547 788 768 827 manum
795 790 988 827 meam.
1023 772 1136 828 Sed
1165 772 1303 827 dum
1337 772 1474 827 dicit
1508 772 1876 843 tribulantes,

268 858 435 911 notat
477 859 633 914 aliud
683 861 758 916 ad
809 860 1265 916 exsecrationem
1308 861 1602 927 vitiorum,
1663 863 1880 919 scilicet

268 945 424 1012 quod
454 964 573 1002 non
629 950 997 1005 solummodo
1052 948 1445 1018 inimicantnr,
1478 951 1579 1005 sed
1608 954 1669 1005 et
1700 951 1878 1006 tribu-

266 1031 422 1100 lant;
456 1035 612 1092 unde
642 1038 921 1109 fugienda
950 1042 1104 1096 sunt.

335 1120 669 1180 Notandum
719 1126 874 1197 quod
937 1143 1070 1181 cum
1125 1126 1415 1181 Christum
1458 1127 1773 1183 introducit
1804 1128 1878 1183 ad

266 1211 453 1265 malos
494 1216 788 1284 agentem,
840 1232 984 1287 quos
1037 1218 1233 1270 tamen
1283 1216 1388 1270 scit
1432 1217 1876 1289 castigationem

263 1313 429 1353 suam
442 1317 561 1356 non
576 1306 959 1374 suscepturos,
987 1307 1044 1359 et
1058 1304 1139 1359 eis
1152 1305 1628 1377 compatientem,
1646 1305 1878 1359 instruit

265 1388 427 1458 quod
456 1390 620 1444 malis
652 1392 905 1464 compati
935 1392 1246 1460 debemus;
1280 1396 1339 1447 et
1363 1393 1495 1448 licet
1518 1392 1876 1448 adhortatio-

263 1492 403 1531 nem
434 1484 737 1549 spernant,
773 1484 972 1536 tamen
1004 1498 1102 1536 eos
1128 1482 1446 1537 admonere
1479 1482 1779 1549 debemus,
1813 1485 1876 1536 ut

235 1564 491 1628 animas
517 1572 740 1623 nostras
764 1571 1068 1636 salvemus,
1107 1586 1238 1624 cum
1284 1569 1562 1625 Dominus
1603 1586 1707 1641 per
1741 1586 1875 1641 pro-

266 1653 502 1722 phetam
551 1659 787 1711 testetur
824 1674 837 1713 :
875 1680 903 1707 «
932 1657 989 1711 Si
1038 1675 1158 1713 non
1201 1659 1634 1713 annuntiaveris
1676 1658 1874 1730 iniquo

1976 512 2244 568 homines
2265 514 2484 582 fideles,
2513 516 2646 573 licet
2674 518 2851 573 homo
2884 519 2975 573 sit.
3015 518 3078 573 In
3100 521 3270 576 medio
3299 530 3500 592 autem,
3531 523 3593 580 id

1978 600 2065 653 est
2086 600 2187 654 sed
2216 600 2336 671 ipse
2357 605 2514 657 stans
2537 603 2596 659 in
2621 604 2834 672 medio,
2869 604 2928 660 id
2958 606 3114 661 estin
3133 612 3356 680 aperto,
3379 611 3594 667 scilicet

1978 684 2224 743 existens
2249 689 2425 745 homo
2462 691 2716 757 visibilis,
2735 692 3240 764 dijudicatdeosﬁd
3270 703 3358 752 est
3378 698 3591 755 discer-

1979 780 2079 830 net
2116 777 2315 832 ﬁdeles
2345 796 2450 851 per
2492 797 2628 835 eum
2660 781 2976 851 deificatos,
3011 784 3330 840 secundum
3372 786 3594 842 diversa

1981 863 2134 918 dona
2164 865 2394 936 spiritus
2424 884 2552 939 quin
2585 868 2664 923 eis
2702 869 3024 937 distribuct,
3078 874 3136 925 et
3165 874 3482 928 secundum
3514 874 3594 929 di-

1978 968 2160 1020 versa,
2193 957 2253 1007 ut
2283 954 2424 1009 alios
2454 956 2692 1027 quidem
2736 960 3132 1031 evangelistas,
3182 960 3324 1016 alios
3360 962 3595 1018 alterius

1979 1041 2136 1095 modi
2167 1044 2437 1111 praelatos
2456 1043 2647 1098 faciat.
2674 1046 2742 1099 Et
2771 1062 2874 1118 per
2902 1047 3009 1101 hoc
3044 1047 3235 1102 innuit
3265 1050 3420 1120 quod
3445 1052 3593 1105 Deus

1979 1127 2089 1182 erit
2115 1132 2476 1186 naturaliter.
2508 1133 2633 1187 Non
2665 1134 2825 1188 enim
2848 1136 2993 1189 Deos
3017 1135 3344 1191 discernere
3376 1140 3590 1209 posset,

1978 1215 2084 1270 nisi
2113 1216 2170 1271 in
2196 1221 2404 1273 natura
2434 1221 2583 1275 Deus
2612 1221 2895 1276 existeret.
2934 1223 3083 1294 Ergo
3116 1224 3252 1295 quia
3282 1226 3429 1279 Deus
3462 1224 3590 1292 erit,

1979 1307 2037 1358 et
2062 1305 2206 1359 adeo
2238 1309 2447 1377 potens
2503 1309 2659 1378 quod
2714 1309 2852 1364 deos
2892 1310 3197 1380 judicabit.,
3246 1329 3279 1367 ο
3308 1311 3594 1384 principes

1975 1391 2330 1459 Judmorum,
2384 1412 2650 1466 usquequo
2684 1395 2969 1466 judicalis,
3024 1398 3082 1452 id
3131 1402 3216 1453 est
3238 1399 3588 1468 judicabitis,

1977 1482 2312 1553 iniquitatem
2339 1482 2367 1536 ?
2400 1499 2464 1536 ac
2491 1483 2535 1536 si
2563 1483 2715 1537 dicat
2735 1502 2751 1536 :
2771 1485 3126 1540 Judicavistis
3146 1487 3509 1558 iniquitatem
3527 1487 3585 1542 in

1980 1569 2383 1624 interiectione
2414 1572 2855 1644 prophetarum,
2886 1576 2942 1626 et
2968 1591 3255 1646 usquequo,
3288 1575 3345 1629 id
3389 1579 3474 1629 est
3504 1593 3593 1630 us-

1979 1673 2090 1728 que
2118 1657 2190 1712 ad
2212 1674 2387 1729 quem
2420 1660 2664 1713 modum
2686 1660 3018 1729 judicabitis
3046 1662 3413 1733 iniquitatem
3440 1663 3467 1718 ?
3498 1665 3593 1734 ju-

263 1740 633 1813 iniquitatcm
654 1762 844 1813 suam,
895 1746 1237 1819 sanguinem
1278 1748 1400 1820 ejus
1430 1748 1501 1802 de
1562 1765 1741 1803 manu
1783 1745 1953 1802 tuaB
1980 1744 2240 1800 dicabitis
2285 1746 2431 1800 adeo
2464 1747 2854 1818 iniquitatem,
2889 1752 2950 1801 ut
3001 1767 3135 1804 eum
3195 1751 3291 1821 qui
3333 1751 3592 1806 ﬁdelium

263 1830 561 1901 requiram
587 1832 896 1901 (Exeo/um,
919 1835 1025 1907 18),
1045 1854 1077 1887 ›>
1107 1837 1419 1908 Postquam
1448 1838 1632 1891 Deum
1657 1836 1731 1891 ad
1749 1851 1873 1890 ma-

263 1918 351 1972 los
375 1924 648 1990 agentem
679 1921 998 1978 introduxit
1026 1923 1439 1998 ﬁdelisAsaph,
1462 1924 1875 1996 apostropham

265 2006 339 2060 ad
359 2007 650 2064 auditores
662 2010 898 2078 faciens,
919 2014 1032 2066 uta
1052 2012 1460 2067 conformitate
1480 2013 1771 2066 malorum
1785 2028 1875 2067 rc-

268 2094 482 2161 trahat,
517 2098 771 2152 ostendit
793 2099 949 2169 quod
975 2099 1107 2171 jure
1156 2099 1296 2155 mali
1340 2100 1718 2166 damnantur,
1743 2100 1878 2171 quia

267 2182 581 2237 mendaces
598 2185 654 2238 in
673 2186 1055 2256 promissione
1077 2205 1178 2242 sua
1199 2191 1352 2242 sunt.
1380 2187 1638 2254 Ostendi,
1654 2205 1685 2241 o
1719 2187 1878 2242 audi-

264 2273 442 2338 tores,
463 2272 619 2343 quod
634 2274 1105 2330 Dominusmalos
1118 2276 1454 2331 adhortatus
1485 2279 1590 2341 est,
1635 2275 1830 2330 dicens
1859 2292 1873 2329 :

262 2358 423 2414 Audi
437 2361 689 2431 populus,
715 2365 858 2430 etc.;
901 2367 958 2417 et
980 2365 1186 2418 inimici
1204 2363 1447 2431 Domini,
1490 2363 1586 2435 qui
1630 2363 1876 2435 populus

265 2446 388 2517 ejus
402 2464 521 2502 esse
539 2449 838 2518 deberent,
861 2451 1186 2507 econtrario
1200 2454 1415 2507 mentiti
1428 2456 1697 2514 sunt,non
1714 2467 1872 2506 com-

264 2536 489 2606 plentes
514 2538 669 2608 quod
713 2538 771 2592 in
806 2539 1152 2610 baptismate
1191 2540 1611 2611 promiserunt,
1658 2539 1873 2593 scilicet

267 2623 444 2694 quod,
469 2624 614 2679 vitiis
630 2626 892 2697 abjectis,
922 2629 1036 2682 Deo
1060 2628 1385 2688 obedirent.
1416 2628 1551 2683 Dico
1588 2627 1871 2698 quoniam

262 2714 479 2768 mentiti
488 2717 702 2776 sunt,et
714 2715 822 2769 hoc
837 2714 970 2782 ρι’,ἰά
990 2717 1076 2770 est
1092 2716 1172 2770 ita
1191 2717 1346 2787 quod
1361 2716 1479 2787 ipse
1495 2715 1803 2770 mendaciu
1814 2730 1870 2768 m

264 2816 467 2854 eorum
490 2817 609 2856 non
636 2802 1006 2872 ignorat,sed
1019 2804 1071 2858 ei
1089 2807 1358 2875 apertum
1384 2807 1487 2859 est.
1505 2803 1581 2858 Et
1600 2803 1729 2858 ideo
1745 2810 1870 2856 tem-

256 2904 359 2958 pus
382 2889 615 2945 ultionis
626 2907 830 2946 eorum
848 2894 946 2946 erit
964 2892 1219 2946 insascula
1235 2910 1283 2947 a3
1296 2896 1480 2959 terna,
1502 2896 1630 2963 post
1642 2893 1750 2946 hoc
1766 2908 1868 2945 St!!-

262 2978 460 3032 culum
479 2981 750 3048 ventura;
785 2982 871 3035 vel
901 2987 1121 3051 tempus,
1157 2980 1214 3034 id
1258 2983 1343 3034 est
1382 2981 1636 3035 defectus
1667 2996 1868 3033 eorum

260 3063 320 3118 in
339 3067 673 3135 tormentis,
698 3073 799 3122 erit
828 3085 1007 3140 usque
1036 3068 1094 3122 in
1121 3069 1327 3123 ssecula
1352 3072 1592 3124 acterna.
1617 3068 1869 3137 Tempus

260 3169 367 3224 pro
400 3154 628 3210 defectu
652 3155 909 3228 ponitur,
949 3156 1085 3228 quia
1114 3159 1342 3228 tempus
1377 3155 1756 3210 defectorium
1786 3158 1871 3208 est

260 3243 318 3295 et
344 3240 457 3296 cito
491 3244 906 3300 transitorium.
929 3245 996 3300 Et
1020 3245 1228 3300 merito
1263 3244 1611 3299 deﬁcientin
1638 3244 1864 3311 saecula;

259 3346 398 3384 nam
427 3329 507 3386 illi
525 3332 731 3388 nolunt
747 3333 1003 3400 obedire,
1026 3350 1158 3388 cum
1173 3335 1296 3388 haec
1320 3333 1400 3389 eis
1416 3332 1698 3389 beneﬁcia
1735 3349 1869 3386 con-

259 3418 455 3473 tulerit
479 3419 713 3474 scilicet.
740 3422 807 3474 Et
831 3422 1025 3475 cibavit
1055 3438 1138 3475 eos
1162 3437 1225 3475 ex
1247 3422 1401 3493 adipe
1409 3422 1691 3491 frmnenti,
1714 3420 1870 3475 idest

257 3522 325 3560 ex
355 3506 649 3563 frumento
697 3509 922 3564 animas
947 3509 1381 3580 impinguante,
1430 3510 1650 3564 scilicet
1681 3526 1747 3563 ex
1778 3526 1869 3563 sa-

257 3599 557 3652 cramento
583 3598 840 3669 corporis
859 3597 966 3664 sui,
1002 3598 1157 3673 quod
1188 3598 1415 3652 animas
1442 3597 1786 3669 impinguat,
1808 3599 1869 3650 ut

254 3683 611 3740 frumentum
636 3704 902 3759 corpora,
935 3693 985 3741 et
1022 3688 1296 3741 saturavit
1327 3686 1441 3739 illos
1482 3686 1632 3739 melle
1666 3701 1866 3756 proce-

260 3772 433 3827 dente
456 3774 519 3828 de
527 3781 705 3845 petra,
742 3775 978 3843 scilicet,
1002 3775 1073 3830 de
1105 3774 1411 3829 dulcedine
1441 3773 1765 3845 sapienlize,
1796 3775 1867 3828 de

261 3863 487 3919 Christo
502 3864 885 3934 videlicet,qui
898 3866 1061 3934 petra
1078 3863 1416 3918 ﬁrmissima
1428 3863 1865 3934 est,prodeunte

721 3953 789 4006 IN
821 3952 1147 4008 PSALMUM
1190 3953 1403 4007 LXXXI.

214 4088 219 4091 _
328 4040 542 4095 Titulus
573 4041 909 4108 octogesimi
932 4041 1105 4113 primi
1157 4058 1170 4096 :
1207 4041 1458 4096 Psalmus
1496 4041 1704 4112 Asaph.
1738 4040 1861 4095 Non

264 4130 419 4202 quod
442 4129 536 4184 hic
558 4131 751 4201 Asaph
781 4132 1069 4203 loquatur,
1088 4131 1189 4186 sed
1210 4131 1346 4203 quia
1373 4132 1659 4202 Propheta
1676 4129 1863 4185 incre-

256 4218 446 4289 pative
478 4234 655 4290 agens
687 4219 760 4273 ad
791 4219 1086 4275 infidelem
1108 4221 1321 4292 Asaph,
1354 4220 1413 4275 id
1454 4222 1540 4275 est
1579 4217 1866 4274 collectio-

1979 1835 2129 1888 Deus
2158 1837 2244 1888 est
2275 1833 2517 1905 dignum
2552 1835 3055 1905 mortejudicetis?
3076 1839 3286 1904 [s’tvos,
3310 1838 3587 1906 minores,

1980 1937 2274 1993 usquequo
2295 1925 2505 1977 sumitis
2524 1923 2690 1991 facies
2709 1931 3071 1994 peccatorum,
3105 1925 3162 1979 id
3193 1930 3279 1981 est
3310 1943 3486 1998 usque
3517 1928 3590 1982 ad

1980 2025 2156 2080 quem
2183 2009 2426 2064 modum
2459 2011 2697 2064 sumctis
2723 2013 3192 2068 conl‘ormitatem
3238 2013 3586 2086 principum,

1979 2098 2437 2151 antonomastice
2469 2102 2840 2170 peccatorum
2880 2099 2908 2154 ?
2936 2102 3013 2155 Ac
3043 2101 3089 2154 si
3126 2101 3278 2156 dicat
3309 2118 3322 2156 :
3354 2101 3590 2156 Confer-

1979 2200 2102 2239 mcs
2132 2184 2320 2239 affecti
2357 2185 2540 2241 fuistis
2566 2186 2890 2259 principum
3137 2188 3196 2243 in
3228 2187 3589 2243 consentien-

1979 2271 2052 2325 do
2080 2288 2283 2327 eorum
2290 2273 2510 2343 judicio
2532 2274 2601 2329 de
2621 2292 2760 2330 nece
2774 2276 3213 2348 prophetarum,
3236 2276 3392 2331 eritis
3410 2276 3587 2331 etiam

1977 2360 2307 2415 conformes
2340 2361 2398 2415 in
2430 2364 2849 2419 consentiendo
2881 2363 2961 2418 eis
2986 2364 3058 2418 de
3101 2366 3289 2419 morte
3323 2363 3528 2419 Christi
3558 2363 3586 2417 ‘l

1974 2448 2179 2514 Nolite,
2209 2464 2307 2503 vos
2337 2450 2646 2521 principes,
2678 2451 3041 2523 iniquitatem
3066 2451 3348 2522 judicare,
3377 2452 3476 2507 sed
3483 2454 3585 2522 ju-

1972 2536 2144 2590 dicate
2175 2554 2336 2606 egeno
2363 2544 2413 2591 et
2435 2539 2669 2610 pupillo,
2696 2539 2752 2594 id
2770 2543 2853 2594 est
2876 2538 3158 2610 judicium
3177 2539 3394 2610 justum
3416 2539 3586 2594 facile

1973 2624 2047 2678 ad
2077 2624 2367 2679 honorem
2413 2625 2639 2693 Christi,
2674 2626 2768 2699 qui
2826 2644 2932 2698 pro
2994 2627 3153 2682 vobis
3211 2627 3321 2681 erit
3370 2644 3585 2698 egenus

1975 2710 2125 2781 (cum
2158 2712 2233 2765 sit
2260 2701 2456 2767 tamen
2486 2716 2634 2769 Deus
2684 2712 2981 2787 excelsus),
3025 2718 3083 2768 et
3112 2714 3378 2786 pupillus,
3412 2715 3471 2769 id
3501 2718 3586 2769 est

1973 2799 2208 2853 humilis
2239 2803 2296 2854 et
2322 2800 2443 2855 sine
2477 2802 2785 2873 adjutorio,
2818 2805 2878 2857 ut
2907 2803 3174 2874 pupillus.
3222 2802 3465 2874 Exponit
3486 2819 3584 2857 au-

1976 2889 2095 2941 tem
2116 2888 2409 2959 quomodo
2433 2889 2485 2944 ei
2508 2890 2793 2960 judicent,
2817 2907 2948 2944 cum
2974 2889 3271 2960 subjungit
3298 2906 3311 2943 :
3347 2889 3579 2959 Dicoju-

1971 2975 2162 3042 dicate,
2184 2980 2241 3029 et
2270 2977 2379 3030 hoc
2411 2978 2584 3032 modo
2617 2979 2848 3049 quidem
2873 2978 3119 3048 judicate
3147 2994 3160 3031 :
3186 2977 3398 3031 scilicet
3411 2977 3582 3047 justi-

1968 3064 2123 3131 ﬁcate
2143 3064 2394 3117 humilem
2421 3071 2469 3118 et
2488 3082 2802 3135 pauperem,
2836 3065 2893 3121 id
2920 3070 3005 3120 est
3030 3083 3146 3120 non
3179 3068 3574 3136 peccatorem;

1971 3152 2070 3206 sed
2098 3152 2317 3222 justum
2349 3170 2481 3209 eum
2510 3159 2796 3227 reputate,
2830 3155 2928 3228 qui
2953 3171 3057 3227 pro
3092 3155 3252 3211 vobis
3277 3170 3497 3228 pauper
3520 3157 3580 3208 et

1968 3241 2205 3296 humilis
2252 3258 2373 3296 esse
2423 3259 2540 3298 non
2593 3243 2868 3314 negligat.
2905 3243 3144 3299 Humilis
3176 3243 3268 3298 hic
3305 3242 3459 3298 idem
3493 3245 3580 3297 est

1969 3330 2123 3402 quod
2149 3333 2206 3383 et
2224 3331 2493 3403 pupillus,
2510 3335 2569 3386 et
2594 3348 2811 3404 pauper
2830 3332 2986 3387 idem
3009 3332 3165 3404 quod
3183 3348 3418 3405 egenus.
3435 3331 3580 3396 Quia

1970 3418 2013 3471 si
2047 3417 2353 3490 principes,
2388 3422 2651 3474 nolentes
2680 3420 3161 3492 eumjustilicare,
3194 3419 3576 3475 maluerintin

1969 3509 2220 3560 mortem
2262 3508 2675 3575 condemnare,
2711 3526 2809 3564 vos
2837 3511 3065 3577 saltem,
3098 3510 3280 3580 plebs,
3309 3509 3493 3578 eripite
3525 3505 3577 3560 vi

1969 3594 2217 3665 quadam
2247 3594 2434 3665 ipsum
2468 3612 2572 3666 pro
2600 3596 2756 3651 vobis
2779 3614 3096 3667 pauperem;
3129 3600 3187 3649 et
3209 3596 3321 3649 sivi
3353 3612 3467 3649 non
3489 3595 3575 3648 fa-

1969 3682 2092 3736 citis
2122 3683 2253 3748 hoc,
2286 3683 2507 3737 liberale
2530 3686 2610 3737 vel
2644 3684 2829 3753 pretio
2856 3687 2944 3738 vel
2966 3684 3156 3753 aliquo
3176 3682 3286 3737 alio
3316 3682 3491 3736 modo
3514 3682 3579 3735 il—

1968 3769 2089 3823 lum
2111 3788 2329 3839 egenum
2344 3771 2407 3824 (le
2424 3788 2587 3824 manu
2597 3773 2916 3842 peccatoris,
2933 3770 3147 3825 scilicet
3162 3772 3441 3840 potestate
3457 3768 3573 3822 col-
3594 3835 3599 3839 _

1968 3857 2228 3911 lectionis
2241 3857 2586 3929 principum,
2603 3857 2697 3930 qui
2715 3862 3041 3929 peccatores
3059 3860 3192 3911 sunt
3207 3859 3575 3911 antonomas-

1966 3945 2097 4011 tice,
2118 3963 2189 4000 ne
2208 3945 2542 4000 facultatem
2561 3946 2815 4000 habeant
2844 3945 3021 3999 dandi
3044 3961 3177 3999 eum
3202 3946 3259 3999 in
3295 3947 3567 3998 mortem.

2020 4033 2282 4088 Ostendit
2295 4035 2489 4087 autem
2503 4033 2576 4088 ad
2588 4032 2917 4088 auditorum
2933 4033 3353 4088 correctionem
3368 4048 3570 4087 eorum

1964 4120 2381 4177 incredulitatis
2436 4120 2905 4189 obstinationem,
2940 4121 3017 4176 sic
3047 4138 3059 4175 :
3094 4122 3211 4192 Ego
3252 4120 3378 4175 dico
3416 4120 3571 4192 quod

1965 4211 2084 4281 ipse
2106 4212 2255 4265 Deus
2276 4210 2471 4276 stabit,
2491 4210 2698 4266 etdeos
2712 4208 3012 4281 judicabit.
3035 4210 3151 4264 Hoc
3168 4212 3361 4264 autem
3382 4210 3572 4264 nescie-

255 4323 393 4362 nem
420 4324 548 4380 qum
576 4325 694 4364 non
753 4308 1022 4379 cognovit
1068 4312 1298 4379 tempus
1341 4307 1681 4364 νίείιειιίοηίε
1722 4323 1859 4372 sum,
1885 4307 1937 4366 1)
1966 4299 2284 4365 rant,idest
2306 4298 2562 4353 nescicnt
2588 4298 3269 4366 minores,incredulitate
3284 4314 3383 4351 sua
3399 4313 3575 4351 excae-

222 4395 566 4465 Christum,
618 4413 795 4468 quem
850 4396 1149 4453 hominem
1192 4413 1402 4468 purum
1460 4395 1709 4451 mentita
1757 4397 1862 4461 est,

254 4483 437 4539 Deum
459 4501 580 4539 esse
610 4485 943 4540 confirmat.
976 4486 1331 4541 Adhortatur
1360 4501 1589 4557 quoque
1614 4483 1867 4554 majores

253 4572 329 4629 ad
359 4572 507 4628 bene
539 4575 611 4629 de
637 4589 704 4629 eo
743 4574 1147 4645 judicandum,
1200 4576 1259 4629 et
1305 4574 1561 4628 minores
1603 4572 1679 4627 ad
1732 4587 1862 4627 eum

253 4658 659 4731 eripiendum;
688 4663 747 4714 et
774 4677 877 4731 per
914 4662 1025 4716 hoc
1073 4678 1180 4718 nos
1223 4660 1473 4728 instruit,
1525 4660 1703 4716 etiam
1747 4674 1866 4713 non

256 4747 560 4803 salvandos
586 4748 814 4820 pietatis
833 4748 1022 4804 studio
1055 4744 1381 4821 corrigere;
1413 4765 1548 4804 cum
1578 4748 1704 4802 illos
1727 4761 1870 4818 quos

257 4835 535 4909 praevidet
564 4853 598 4891 a
619 4839 852 4909 peccato
887 4854 1002 4892 non
1038 4853 1160 4892 esse
1188 4836 1567 4903 revocandos,
1589 4852 1657 4890 ex
1687 4834 1871 4889 nimia

256 4933 456 4979 tamen
488 4924 794 4981 affectione
823 4929 1066 4981 conatur
1113 4941 1148 4979 a
1193 4927 1450 4996 peccato,
1502 4923 1866 4995 castigando,

256 5012 576 5069 retrahere.
609 5014 745 5085 Agit
774 5030 1003 5086 quoque
1043 5013 1114 5067 de
1161 5013 1320 5084 justa
1377 5012 1627 5067 infidelis
1681 5010 1872 5082 Asaph

256 5101 605 5174 perditione,
628 5106 687 5156 et
716 5101 789 5158 de
811 5101 1079 5173 gentium
1123 5100 1199 5155 ad
1246 5101 1425 5156 fidem
1472 5098 1868 5156 conversione.

328 5188 474 5245 Deus
491 5193 635 5244 stetit
658 5192 716 5244 in
743 5189 1042 5260 Synagoga
1070 5188 1310 5243 deorum.
1338 5188 1510 5253 Quasi
1555 5188 1739 5243 dicat:
1764 5187 1875 5241 Vos

232 5275 1057 5345 ,increduliJudaei,Christum
1081 5293 1293 5349 purum
1311 5276 1616 5332 hominem
1639 5291 1760 5330 esse
1787 5274 1871 5329 di-

264 5365 424 5434 cetis,
446 5366 547 5421 sed
577 5367 696 5438 ipse
717 5365 1049 5423 stabitDeus
1099 5367 1155 5419 in
1197 5364 1488 5435 Synagoga
1542 5363 1780 5430 deorum,
1816 5360 1871 5415 id

266 5456 353 5510 est
376 5454 662 5510 constabit
690 5454 1012 5527 Synagogae
1058 5453 1339 5520 fidelium,
1384 5468 1526 5524 quos
1574 5450 1695 5524 ipse
1739 5450 1878 5507 deos

266 5541 443 5608 faciet
469 5558 574 5622 per
600 5543 877 5620 gratiam,
907 5559 1043 5633 eum
1061 5544 1248 5603 Deum
1269 5558 1412 5613 esse,
1437 5556 1554 5601 non
1572 5538 1877 5599 hominem

1965 4387 2351 4458 candizneque
2381 4387 2773 4454 intellexerunt,
2811 4386 2869 4441 id
2905 4388 2990 4440 est
3028 4402 3215 4457 neque
3246 4384 3572 4455 intelligent

1936 4548 1939 4551 _
1965 4477 2075 4531 hoc
2106 4475 2417 4547 principes,
2459 4475 2555 4547 qui
2586 4476 2821 4547 hujusce
2847 4474 2930 4530 rei
2973 4474 3331 4529 intellectum
3358 4472 3572 4527 habere

1967 4564 2715 4635 deberent,investigatione
2731 4561 2927 4618 ettesti
2938 4562 3134 4618 monio
3147 4561 3573 4634 Scripturarum

1969 4654 2027 4706 et
2041 4652 2168 4708 ideo
2186 4655 2242 4707 in
2262 4653 2487 4707 tenebris
2512 4652 2811 4716 ambulant,
2827 4651 3041 4708 scilicet
3054 4652 3113 4706 in
3133 4650 3387 4706 tenebris
3404 4649 3571 4722 igno-

1968 4741 2172 4796 rantiae
2201 4758 2317 4795 suae
2342 4742 2491 4807 Deus
2520 4758 2619 4796 eos
2649 4740 2948 4813 permittet
2989 4755 3376 4812 perseverare,
3410 4740 3474 4792 ut
3503 4739 3575 4793 de

1968 4830 2122 4884 malo
2148 4830 2446 4885 ambulent
2471 4830 2527 4885 in
2558 4830 2819 4902 pejus.ln
2849 4830 2975 4885 loco
3008 4844 3143 4883 vero
3165 4842 3368 4883 eorum
3395 4842 3571 4880 move-

1970 4917 2165 4973 buntur
2194 4918 2267 4973 ad
2287 4919 2461 4974 fidem
2478 4921 2658 4973 omnia
2683 4918 3038 4989 fundamenta
3055 4923 3227 4981 terrae,
3250 4914 3309 4968 id
3338 4917 3424 4967 est
3445 4930 3570 4969 om-

1972 5006 2219 5062 nismodi
2265 5006 2552 5080 principes
2602 5010 2990 5072 terrenarum,
3029 5003 3122 5074 qui
3173 5018 3270 5057 eos
3308 5018 3443 5056 cura
3471 5018 3577 5056 sua

1973 5097 2277 5160 sustinent,
2307 5095 2549 5167 ideoque
2570 5095 2954 5149 fundamenta
2974 5091 3261 5145 dicuntur.
3288 5089 3387 5145 Vel
3405 5107 3580 5144 move-

1978 5185 2175 5239 buntur
2199 5184 2272 5239 ad
2302 5184 2479 5239 fidem
2508 5182 2860 5238 omnismodi
2888 5180 3272 5235 fundamenta
3302 5180 3494 5246 terras,
3517 5177 3575 5232 id

1975 5276 2061 5328 est
2087 5273 2396 5327 fundantes
2424 5288 2586 5344 spem
2606 5273 2664 5326 et
2682 5268 3031 5326 desiderium
3047 5284 3216 5323 suum
3232 5267 3293 5322 in
3307 5266 3572 5322 terrenis.

1976 5360 2295 5416 Revertitur
2319 5363 2514 5415 autem
2540 5359 2613 5414 ad
2642 5356 3104 5413 exhortationem
3134 5372 3320 5423 suam,
3338 5370 3470 5409 cum
3491 5352 3573 5409 sic

1960 5448 2182 5519 reddit:
2232 5449 2366 5503 Dico
2412 5447 2717 5520 justificate
2770 5446 3022 5501 humilem
3079 5451 3130 5499 et
3177 5461 3489 5516 pauperem,
3523 5445 3582 5498 et

1958 5537 2116 5595 'utile
2146 5536 2381 5613 quidem
2411 5540 2496 5595 est
2522 5537 2632 5593 hoc
2658 5535 2866 5595 facere.
2901 5537 2970 5595 Et
2992 5533 3096 5612 ipsi
3117 5534 3373 5593 nescient
3386 5544 3583 5614 neque
