3998 6026
487 322 622 381 1075

1088 312 1146 379 s.
1188 310 1532 379 BRUNONIS
1571 290 2215 377 CARTHUSIANORUM'
2243 313 2725 380 INSTI'I‘UTORIS-
2751 314 2905 379 ore.
2946 316 3125 380 PARS
3161 320 3185 378 ι

3663 322 3691 378 1
3706 324 3826 379 076

482 443 812 516 intelligent
832 459 924 513 ego
955 443 1153 498 tamen
1182 442 1280 514 qui
1325 442 1614 513 Propheta
1653 458 1800 510 sum,
1841 439 1930 497 cui
1955 456 2078 497 crc-
2115 444 2171 503 A
2194 441 2563 509 movebuntur,
2584 459 2696 513 ego,
2723 441 2817 515 qui
2843 442 2989 498 Deus
3008 442 3069 497 et
3091 439 3465 512 omnipotens
3480 439 3832 512 sum,cqjus

486 532 741 589 dandum
765 535 849 587 est
876 531 1010 598 diri,
1043 533 1101 585 et
1132 530 1257 586 dico
1286 529 1394 585 illis
1423 531 1451 585 ?
1474 532 1577 588 Dii
1625 533 1763 597 estis,
1806 530 1864 585 id
1894 532 1980 585 est
2005 529 2083 586 dii

486 620 646 675 eritis
671 637 789 688 vos,
814 619 1362 687 minores;deiﬁcati
1382 618 1612 686 scilicet,
1639 622 1701 673 ut
1727 619 2088 674 immortales

485 709 605 764 sitis
631 711 689 762 et
714 708 1092 780 impassibiles
1122 707 1167 761 si
1196 709 1305 763 hoc
1330 708 1598 763 feceritis.
1643 709 1750 763 Vos
1778 715 1955 761 autem
1978 706 2086 761 mi-

484 815 675 863 nores,
700 799 796 871 qui
814 798 1002 853 facere
1014 796 1335 869 negligetis,
1356 799 1664 853 moriemini
1677 801 1865 853 morte
1878 797 2087 852 animm

484 886 598 953 hic,
628 890 686 941 et
716 890 902 941 morte
921 886 2090 958 corporisinfuturo,deceptiamajoribus

483 974 690 1046 quibus
719 974 1057 1047 ignoranter
1085 973 1455 1028 consentietis
1482 991 1493 1028 :
1518 976 1653 1028 sicut
1673 976 1903 1028 homines
1916 974 2089 1045 primi

482 1061 696 1117 mortui
729 1065 878 1128 sunt,
912 1061 1134 1133 decepti
1167 1078 1200 1115 a
1229 1061 1480 1129 diabolo,
1511 1062 1696 1116 Adam
1738 1061 2004 1121 videlicet
2033 1064 2091 1116 et

482 1150 614 1217 Eva,
639 1149 736 1221 qui
768 1150 1077 1204 noluerunt
1098 1166 1201 1220 per
1215 1148 1606 1205 obedientiam
1628 1149 1904 1216 deiﬁcari,
1925 1167 1959 1205 a
1976 1167 2089 1222 qua

478 1240 676 1291 tamen
707 1240 895 1291 morte
928 1240 1057 1308 post
1084 1238 1326 1308 longum
1363 1241 1592 1309 tempus
1630 1237 1915 1292 liberandi
1956 1240 2090 1293 sunt

479 1342 582 1398 per
612 1324 920 1392 Christum,
945 1325 1080 1396 quia
1113 1325 1527 1396 pcenituerunt.
1555 1327 1623 1379 Et
1661 1341 1779 1394 vos,
1814 1325 2086 1396 majores,

475 1413 610 1484 quia
622 1412 985 1484 iniquitatem
996 1413 1563 1483 judicabitis,cadetis
1575 1413 1634 1467 in
1651 1413 2088 1469 damnationem

479 1518 598 1556 non
615 1501 836 1573 decepti
852 1502 950 1556 sed
964 1501 1210 1556 scienter
1222 1504 1681 1573 peccantes,sicut
1696 1502 2089 1573 diabolus,pri-

479 1605 544 1643 us
560 1589 804 1644 existens
828 1607 961 1643 unus
989 1589 1052 1643 de
1065 1590 1396 1660 principibus
1413 1589 1705 1660 spiritibus
1721 1590 1866 1657 coeli,
1882 1590 2089 1646 cecidit

478 1676 537 1731 in
555 1676 1012 1743 damnationem,
1030 1694 1146 1732 non
1163 1677 1434 1749 deceptus
1450 1678 1549 1732 sed
1562 1677 1808 1733 scienter
1820 1696 2082 1751 peccans.

2192 531 2337 585 velle
2354 531 2663 598 estfacere,
2686 531 2820 598 diri,
2841 530 2901 586 id
2932 532 3018 584 est
3042 545 3174 585 cum
3198 524 3363 585 Patre
3390 528 3672 600 disposui,
3724 546 3831 585 τος

2187 618 2592 686 fundamenta,
2609 619 2741 691 quia
2758 618 2830 673 ad
2849 618 3025 673 fidem
3048 616 3451 685 movebimini;
3474 619 3598 672 estis
3623 618 3744 683 dii,
3764 616 3830 670 id

2191 710 2276 761 est
2296 706 2452 761 eritis
2475 707 2832 762 immortales
2852 711 2910 761 et
2938 706 3336 778 impassibiles,
3359 708 3421 759 ut
3440 704 3538 771 dii,
3554 708 3614 761 et
3637 705 3830 760 eritis

2191 813 2392 852 omnes
2421 814 2525 868 per
2554 813 2648 851 me
2676 796 2927 869 adoptivi
2956 796 3061 865 ﬁlii
3085 796 3316 861 Excelsi,
3362 795 3422 849 id
3470 796 3558 849 est
3610 795 3828 850 Patris

2193 884 2628 957 omnipotentis.
2669 883 2774 939 Vos
2797 872 3275 952 autem,minores
3308 883 3377 938 de
3406 882 3636 950 Judaeis,
3660 882 3826 955 quia

2190 973 2513 1028 nescientes
2541 973 2696 1040 estis,
2728 974 3030 1027 moriemini
3060 973 3118 1026 in
3150 974 3453 1039 aeternum,
3486 972 3825 1026 existentes

2190 1061 2406 1117 scilicet
2433 1062 2581 1118 sicut
2598 1062 2855 1128 homines,
2882 1061 2941 1116 id
2962 1064 3049 1115 est
3070 1061 3255 1115 Adam
3284 1064 3340 1115 et
3364 1061 3496 1127 Eva,
3531 1060 3822 1115 videlicet

2190 1149 2560 1222 amajoribus
2581 1150 2838 1222 decepti,
2883 1149 3026 1204 sicut
3066 1148 3253 1204 Adam
3302 1151 3360 1203 et
3412 1150 3525 1203 Eva
3565 1148 3819 1219 decepti

2188 1240 2321 1291 sunt
2341 1254 2375 1291 a
2391 1235 2639 1304 diabolo;
2654 1244 2704 1291 et
2720 1237 3161 1308 vos,majores,a
3179 1237 3338 1291 nullo
3355 1237 3583 1308 decepti
3598 1236 3820 1291 cadetis

2190 1325 2262 1379 de
2292 1325 2398 1379 hac
2424 1324 2806 1395 prosperitate
2834 1325 2890 1379 in
2916 1341 3029 1396 qua
3057 1324 3294 1392 ﬂoretis,
3323 1323 3459 1396 quia
3476 1340 3586 1398 per
3600 1338 3819 1394 super-

2188 1413 2347 1469 biam
2366 1412 2623 1467 noluistis
2644 1412 3137 1485 intelligere;sicut
3155 1413 3436 1480 diabolus,
3467 1431 3606 1468 unus
3638 1414 3817 1486 prius

2189 1501 2261 1556 de
2276 1501 2608 1572 principibus
2629 1502 2951 1557 ccelestibus
2962 1500 3277 1573 spiritibus,
3292 1517 3409 1556 non
3427 1501 3702 1574 deceptus
3727 1501 3812 1556 ab

2189 1591 2402 1662 aliquo,
2431 1589 2634 1645 cecidit
2653 1606 2785 1644 cum
2816 1589 3037 1661 angelis
3068 1588 3182 1643 suis
3212 1590 3283 1644 de
3311 1590 3667 1645 sublimitate
3688 1606 3816 1645 ca:-

2187 1679 2342 1732 lestis
2370 1679 2567 1750 gloria:
2585 1695 2689 1750 per
2704 1678 3099 1733 extollentiam
3119 1678 3465 1749 arrogantiae
3486 1668 3816 1734 suaa.Post-

550 1766 619 1819 Et
641 1767 704 1820 ut
734 1767 843 1820 hoc
872 1765 964 1831 sit,
999 1766 1154 1837 quod
1183 1766 1272 1820 isti
1319 1766 1645 1821 moriantur
1697 1771 1753 1822 et
1797 1769 2007 1823 cadant
2031 1761 2163 1823 etB
2189 1784 2363 1839 quam
2397 1767 2695 1822 Christum
2718 1769 3053 1840 loquentem
3084 1765 3423 1832 introduxit,
3452 1768 3510 1821 in
3538 1784 3641 1822 sua
3672 1784 3816 1839 per-

475 1853 858 1908 fundamenta
912 1856 1080 1908 terrae
1137 1857 1481 1909 moveantur
1534 1855 1607 1909 ad
1659 1854 1858 1910 ﬁdem.
1891 1856 2083 1927 Surge,

474 1941 640 2009 Deus,
675 1940 917 2007 Christe,
975 1958 1009 1997 a
1066 1946 1277 2009 morte,
1329 1943 1425 2014 qui
1457 1948 1880 1998 resurrecturus
1911 1961 1969 1999 es
1997 1961 2087 1999 se-

476 2030 731 2084 cundum
764 2030 919 2101 quod
940 2030 1140 2096 homo,
1173 2034 1230 2084 et
1257 2031 1460 2099 iudica,
1494 2031 1551 2086 id
1578 2033 1665 2085 est
1687 2032 1840 2102 juste
1871 2032 2088 2087 damna

480 2125 698 2185 terram,
730 2120 990 2173 terrenos
1020 2117 1254 2187 scilicet,
1308 2119 1366 2174 id
1410 2122 1495 2174 est
1545 2121 1771 2175 Judzros
1821 2119 1916 2191 qui
1948 2121 2085 2175 tein

482 2210 736 2261 mortem
768 2205 991 2261 dabunt
1020 2206 1229 2262 timore
1264 2210 1433 2261 terrae
1463 2207 1833 2276 amittendae;
1870 2212 1929 2263 et
1954 2209 2086 2264 ideo

478 2310 655 2365 surge,
688 2295 965 2365 quoniam,
998 2299 1303 2366 postquam
1350 2296 1680 2363 surrexeris,
1718 2303 1775 2349 tu
1800 2297 2086 2351 heredita-

480 2382 556 2436 bis
576 2383 639 2437 in
667 2382 908 2435 omnibus
934 2383 1199 2451 gentibus,
1234 2383 1291 2437 id
1309 2386 1393 2437 est
1413 2384 1765 2440 omnismodi
1790 2388 1996 2456 gentes
2015 2386 2089 2440 ad

480 2470 659 2525 fidem
689 2486 978 2524 conversa:
1024 2470 1328 2525 haereditas
1380 2475 1475 2525 tua
1528 2475 1718 2539 erunt,
1766 2474 1975 2528 Iudaeis
2004 2490 2090 2528 re-

482 2556 678 2630 pulsis.
714 2557 876 2612 Unde
910 2560 1149 2612 testatur
1177 2560 1515 2628 Apostolus:
1545 2581 1573 2610 «
1597 2560 1850 2632 Contigit
1869 2561 2090 2617 caecitas

485 2646 547 2702 in
578 2646 753 2701 Israel
778 2662 845 2701 ex
872 2649 1056 2716 parte,
1103 2649 1164 2701 ut
1195 2646 1493 2717 plenitudo
1539 2648 1800 2718 gentium
1848 2649 2092 2705 intraret

486 2735 664 2802 (Rom.
690 2752 748 2803 ιι,
777 2737 924 2799 25).»
946 2735 1309 2806 Totusigitur
1328 2735 1434 2790 iste
1455 2738 1729 2807 psalmus,
1753 2737 1813 2791 in
1843 2754 2092 2809 persona

492 2823 790 2894 Prophetas
826 2822 1134 2894 expositus,
1181 2826 1371 2894 potest
1399 2824 1576 2878 etiam
1608 2825 1716 2879 hoc
1748 2826 1924 2880 modo
1952 2826 2089 2898 legi,

485 2911 532 2966 si
562 2911 620 2966 in
648 2910 838 2982 primo
869 2914 928 2965 et
954 2910 1014 2965 in
1045 2910 1249 2966 ultimo
1293 2928 1457 2966 versu
1488 2915 1685 2967 tamen
1716 2914 2001 2986 Propheta
2033 2915 2093 2969 in

2188 1872 2331 1910 sona
2360 1855 2651 1925 Propheta
2678 1854 2817 1926 agit,
2848 1854 3263 1926 apostropham
3289 1854 3362 1909 ad
3392 1872 3525 1909 eum
3552 1855 3811 1922 faciens,

2188 1943 2266 1998 sic
2293 1960 2304 1996 :
2326 1942 2473 1998 Dicis
2489 1943 2644 2014 quod
2658 1942 3041 1997 fundamenta
3057 1942 3130 1997 ad
3147 1942 3325 1997 ﬁnem
3343 1946 3505 1998 mota
3521 1942 3600 1997 dii
3623 1948 3815 1998 erunt

2188 2032 2246 2084 et
2276 2029 2376 2084 ﬁlii
2409 2030 2644 2097 Excelsi,
2677 2033 2735 2085 et
2763 2029 3024 2084 inﬁdeles
3052 2030 3233 2085 Judaei
3262 2031 3586 2085 morientur
3612 2033 3673 2085 et
3703 2047 3812 2085 ca-

2189 2117 2347 2185 dent,
2382 2121 2439 2172 et
2465 2121 2528 2172 ut
2546 2118 2656 2173 hoc
2687 2118 2779 2184 sit,
2807 2135 2983 2188 surge,
3019 2116 3166 2172 Deus
3203 2118 3445 2185 Christe,
3501 2135 3535 2173 a
3584 2122 3811 2185 morte,

2187 2223 2358 2278 quem
2370 2206 2685 2261 secundum
2701 2206 3127 2261 humanitatem
3141 2204 3200 2259 in
3215 2209 3473 2261 mortem
3491 2206 3813 2275 dabunt,et

2188 2310 2429 2365 surgens
2452 2294 2635 2363 iudica
2657 2302 2876 2360 terram,
2910 2294 2968 2349 id
2993 2295 3083 2348 est
3099 2294 3251 2365 juste
3279 2294 3494 2349 damna
3533 2298 3813 2349 terrenos

2186 2382 2667 2459 Judazos.S.cilicet
2684 2382 3057 2454 possetobjici
3076 2399 3088 2437 :
3106 2381 3399 2437 SiJudaaos
3411 2382 3807 2451 damnaverit,

2189 2469 2285 2542 qui
2307 2470 2428 2540 ejus
2442 2470 2713 2525 notitiam
2732 2470 3034 2533 habent,in
3056 2470 3259 2542 quibus
3279 2474 3478 2541 postea
3496 2471 3810 2543 regnabit?

2187 2558 2275 2612 Ad
2296 2574 2471 2629 quam
2505 2558 2893 2629 objectionem
2921 2558 3000 2613 sic
3029 2558 3374 2631 respondet:
3396 2558 3520 2612 Non
3560 2559 3694 2613 ideo
3722 2558 3810 2612 di-

2192 2646 2387 2700 mittas
2414 2661 2511 2700 eos
2534 2645 2814 2715 judicare,
2847 2650 2910 2701 ut
2937 2662 3135 2700 carere
3152 2648 3316 2717 putes
3334 2645 3539 2700 talibus
3564 2646 3662 2718 qui
3684 2645 3808 2699 sint

2190 2734 2623 2789 haereditarium
2643 2750 2892 2806 regnum
2912 2733 3105 2801 tuum;
3132 2735 3386 2805 quoniam
3405 2733 3493 2788 his
3503 2734 3803 2804 judicatis,

2191 2823 2277 2888 tu,
2295 2821 2392 2893 qui
2410 2821 2726 2876 hmreditas
2744 2821 2805 2876 in
2824 2821 3052 2888 Iudaeis,
3072 2821 3407 2875 liavreditabis
3434 2822 3497 2876 in
3531 2822 3803 2889 omnibus,

2194 2908 2254 2963 id
2279 2912 2366 2963 est
2394 2909 2453 2963 in
2487 2908 2838 2964 omnismodi
2873 2909 3112 2979 gentibus
3137 2909 3211 2963 ad
3252 2909 3434 2964 ﬁdem
3486 2909 3803 2964 conversis.

486 2997 573 3054 sui
603 3014 851 3069 persona
874 3016 1073 3071 agens,
1118 3016 1223 3071 per
1266 3003 1505 3055 cmteros
1544 3016 1638 3054 sex
1680 3002 1904 3057 medios
1934 3003 2093 3058 Chri-
2118 3042 2166 3103 Ο
2196 2996 2312 3051 Hoc
2345 3000 2537 3051 autem
2569 2996 2830 3069 praedicit
2875 2996 2950 3051 ad
2995 2995 3442 3051 instructionem
3489 2997 3627 3052 fidei
3665 3013 3809 3068 gen-

522 3092 532 3103 .
669 3088 688 3103 .
748 3087 764 3103 .
913 3087 923 3098 .
1197 3091 1206 3103 .
1335 3088 1346 3100 .
1413 3088 1428 3103 τ
1513 3088 1544 3103 ..
1601 3088 1634 3103 ..
1693 3092 1703 3103 .
1943 3094 1952 3103 .
2198 3085 2237 3103 ιι
2565 3100 2582 3103 Α
2612 3085 2628 3103 ι
2672 3086 2686 3103 1
2724 3100 2779 3103 ,,
3186 3084 3240 3103 m
3507 3084 3519 3095 ο
3608 3084 3807 3103 ηγειμ-

489 3092 642 3143 stum
662 3087 887 3143 Judaaos
910 3087 1310 3159 increpantem
1334 3088 1575 3157 inducit,
1598 3088 1885 3145 itatamen
1901 3094 1961 3145 ut
1979 3109 2096 3147 non
2120 3084 2166 3103 υ
2196 3085 2364 3152 tium,
2398 3101 2514 3139 non
2558 3085 2633 3139 ad
2672 3086 2785 3139 hoc
2815 3087 2878 3139 ut
2908 3084 3157 3139 insi-ruat
3185 3084 3473 3140 Christum
3505 3084 3565 3140 in
3595 3084 3811 3156 quibus

491 3178 743 3231 multum
765 3176 1052 3231 sententia
1073 3179 1348 3232 mutetur.
1371 3177 1438 3231 Et
1466 3178 1576 3232 hoc
1604 3177 1682 3232 sic
1699 3178 1906 3234 dicitur
1925 3197 1937 3234 :
1962 3181 2096 3235 Dico

493 3263 650 3334 quod
680 3265 829 3318 Deus
862 3263 1114 3318 Christus
1144 3264 1320 3318 stabit
1348 3263 1406 3317 in
1435 3262 1747 3336 Synagoga
1772 3266 2101 3334 deorum,et

493 3350 555 3405 in
580 3351 773 3405 medio
789 3354 946 3405 stans
963 3352 1098 3406 deos
1121 3352 1678 3422 dijudicabit,dicens
1691 3353 1809 3424 ipse
1823 3354 2096 3410 Christus:

505 3437 786 3510 Usquequo
801 3439 1194 3509 vos,majores,
1203 3438 1398 3509 judice
1406 3441 1469 3493 tis
1482 3441 1817 3512 iniquitatem
1834 3444 1863 3495 ?
1875 3443 2099 3497 Iudica-

497 3526 572 3580 tis
603 3542 780 3598 usque
808 3527 866 3581 in
899 3529 1148 3594 tantum,
1170 3529 1233 3582 ut
1262 3544 1357 3582 me
1384 3527 1626 3598 dignum
1659 3532 1846 3584 morte
1876 3529 2102 3587 dicatis?

501 3613 569 3667 Et
600 3629 718 3679 vos,
752 3613 1026 3682 minores,
1060 3632 1327 3686 usquequo
1363 3616 1550 3685 facies,
1585 3616 1642 3671 id
1674 3620 1758 3671 est
1788 3618 2101 3673 conformi-

499 3704 1003 3771 tates,peccatorum
1024 3703 1314 3772 majorum
1336 3703 1568 3771 scilicet,
1586 3706 1797 3760 sumitis
1829 3706 1856 3758 ?
1873 3704 2106 3761 Sumitis

501 3805 680 3861 usque
710 3789 1021 3857 intantum,
1046 3793 1107 3844 ut
1128 3791 1207 3845 eis
1239 3791 1309 3845 de
1336 3794 1525 3847 morte
1554 3808 1687 3847 mea
1709 3794 2102 3861 consentiatis,

503 3877 600 3948 qui
624 3878 747 3948 jam
778 3877 838 3932 in
857 3881 1045 3933 morte
1065 3880 1481 3951 prOphetarum
1500 3881 1893 3936 consensistis?
1921 3866 2088 3953 Ι

502 3965 682 4019 nolite
713 3982 829 4030 vos,
864 3966 1136 4035 majores,
1157 3967 1419 4036 judicare
1452 3967 1857 4039 iniquitatem;
1890 3970 1992 4024 sed
2011 3971 2103 4040 ju-

500 4053 672 4105 dicate
696 4051 834 4105 illud
860 4053 1016 4123 quod
1042 4053 1181 4107 mihi
1208 4072 1366 4124 egeno
1396 4061 1446 4108 et
1481 4056 1689 4125 pupillo
1724 4072 1827 4126 pro
1849 4057 2008 4111 vobis
2033 4058 2105 4113 sit

501 4139 575 4193 ad
604 4140 1137 4205 honorem,scilicet
1162 4141 1470 4209 iustiﬁcate,
1497 4142 1557 4195 id
1586 4146 1671 4196 est
1695 4142 1917 4212 justum
1938 4161 2106 4216 repu-

500 4228 618 4281 tate
642 4242 736 4280 me
761 4226 1011 4280 humilem
1027 4233 1077 4279 et
1094 4244 1404 4297 pauperem.
1423 4229 1587 4292 Quod
1617 4228 1662 4282 si
1691 4229 1879 4285 facere
1911 4232 2104 4288 nolue-

2198 3172 2271 3227 sit
2299 3172 2741 3227 haereditaturus
2770 3175 2900 3243 post
2929 3171 3313 3243 dejectionem
3336 3172 3694 3228 Iudaeorum.

2646 3261 2716 3314 ΙΝ
2747 3259 3073 3315 PSALMUM
3109 3260 3344 3315 LXXXII.

2270 3348 2485 3404 Titulus
2537 3348 2874 3420 octogesimi
2910 3348 3145 3403 secundi
3202 3365 3217 3403 :
3273 3346 3556 3404 Canticum
3593 3348 3814 3421 psalmi

2200 3436 2409 3508 Asaph.
2430 3436 2595 3502 Quod
2624 3436 2702 3490 sic
2724 3436 3029 3507 exponitur
3056 3453 3069 3491 :
3099 3436 3254 3492 Istud
3282 3440 3549 3492 canticum
3576 3436 3816 3508 psalmi,

2202 3525 2263 3581 id
2285 3529 2371 3580 est
2399 3526 2508 3580 iste
2536 3528 2830 3587 tractatus,
2845 3524 2940 3597 qui
2974 3524 3182 3580 dicitur
3206 3527 3473 3581 canticum
3494 3524 3823 3598 psalmi,est

2203 3613 2411 3685 Asaph,
2443 3614 2502 3669 id
2530 3616 2617 3668 est
2646 3612 2907 3668 ﬁdelium
2938 3613 3379 3685 congregationi
3397 3629 3524 3685 quae
3538 3613 3649 3668 fuit
3669 3615 3811 3667 ante

2206 3702 2519 3757 adventum
2550 3700 2788 3767 Christi;
2818 3716 2946 3773 qute
3003 3700 3326 3773 praevidens
3378 3718 3484 3773 per
3534 3700 3820 3772 Spiritum

2207 3793 2473 3845 sanctum
2494 3788 2894 3844 tribulationes
2914 3787 2971 3843 in
3005 3789 3246 3844 ecclesia
3273 3789 3512 3857 futuras,
3529 3793 3589 3843 et
3607 3805 3643 3843 a
3659 3788 3821 3843 falsis

2207 3877 2541 3933 Christianis
2572 3879 2631 3931 et
2658 3875 2939 3931 haereticis
2970 3880 3029 3931 et
3076 3876 3409 3932 inﬁdelibus
3456 3876 3814 3943 inferendas,

2206 3983 2301 4021 eas
2314 3966 2386 4020 ad
2402 3964 2717 4020 utilitatem
2742 3964 3002 4019 ﬁdelium
3023 3980 3393 4037 passurorum
3416 3964 3764 4037 praedicit,et
3779 3979 3817 4018 a

2205 4054 2410 4129 quibus
2440 4053 2765 4108 inferentur
2785 4052 3061 4107 ostendit.
3089 4053 3268 4107 Minus
3299 4052 3457 4108 enim
3482 4051 3706 4111 lmdunt
3727 4052 3817 4122 ja-

2203 4145 2331 4199 cula
2357 4159 2506 4214 quae,
2548 4140 2943 4212 praevidentur
2975 4156 3152 4211 quam
3193 4156 3320 4213 qua
3351 4140 3540 4195 subito
3571 4140 3811 4195 feriunt.

2202 4232 2451 4303 Ideoque
2465 4233 2528 4284 ut
2540 4228 2958 4284 constantiores
2969 4228 3027 4282 in
3043 4228 3177 4300 ipsis
3190 4227 3659 4284 tribulationibus
3672 4227 3815 4283 exis-

500 4315 618 4369 rint
640 4314 913 4385 majores,
941 4330 1059 4381 vos,
1093 4315 1368 4382 minores,
1391 4319 1574 4387 eripite
1594 4317 1645 4371 vi
1666 4334 1759 4371 me
1767 4336 2057 4389 pauperem
2082 4339 2100 4386 ;
2125 4297 2177 4355 D
2199 4322 2449 4387 tant,eas
2464 4316 3132 4390 prmdicitﬂratquoque
3148 4316 3219 4371 de
3244 4317 3721 4373 remuneratione
3738 4317 3811 4371 il-

499 4403 602 4458 etsi
632 4418 749 4457 non
769 4403 843 4470 vi,
882 4403 1100 4459 liberate
1146 4405 1233 4458 vel
1284 4404 1470 4475 pretio
1511 4406 1599 4459 vel
1640 4406 1898 4477 quolibet
1925 4410 2099 4466 modo

499 4509 593 4547 me
625 4508 844 4561 egenum
887 4492 950 4545 de
982 4510 1145 4546 manu
1170 4495 1461 4563 peccatoris
1505 4494 1701 4566 populi
1750 4495 2097 4569 principum.

496 4579 652 4635 Facit
681 4581 1092 4651 apostropham
1122 4581 1195 4635 ad
1225 4582 1534 4650 auditores,
1568 4585 1629 4636 ut
1678 4599 1881 4638 eorum
1914 4588 2097 4658 majo-

495 4684 624 4722 rum
654 4671 710 4721 et
735 4666 1033 4722 minorum
1066 4668 1340 4723 duritiam
1372 4670 1759 4737 ostendat,sic
1788 4688 1801 4725 :
1836 4672 1956 4727 Dixi
1989 4674 2098 4729 mi-

495 4756 733 4812 noribus
770 4773 783 4809 :
830 4773 1096 4828 usquequo
1126 4759 1337 4812 sumitis
1372 4759 1538 4827 facies
1557 4759 1586 4814 ‘l
1616 4762 1675 4813 et
1700 4761 1887 4831 eripite
1910 4778 2005 4817 me
2034 4763 2099 4818 de

490 4862 654 4905 manu
661 4844 987 4915 peccatoris;
1017 4848 1074 4899 et
1104 4844 1211 4915 ipsi
1239 4849 1552 4913 nescierunt,
1571 4849 1727 4918 quod
1756 4848 1838 4903 eis
1862 4849 1975 4904 dixi
1989 4852 2094 4907 sci-

489 4933 640 5000 licet,
659 4933 761 4988 sed
791 4934 943 4988 male
972 4933 1250 4988 fecerunt.
1268 4934 1334 4987 Et
1352 4934 1464 4987 dixi
1486 4935 2094 5010 majoribus,usguequo

478 5022 739 5092 judicatis
769 5023 1100 5093 iniquitatem
1119 5023 1148 5074 ?
1185 5038 1351 5093 neque
1379 5021 1485 5092 ipsi
1515 5023 1887 5078 intellexerunt
1912 5041 1971 5079 se
1995 5026 2092 5097 ju-

489 5108 678 5165 dicare
698 5110 1089 5181 iniquitatem,
1104 5126 1236 5164 cum
1258 5109 1822 5182 hocinvestigatione
1837 5111 2091 5185 Scriptu-

482 5212 679 5252 rarum
696 5197 1018 5268 intelligere
1034 5198 1333 5252 deberent.
1359 5198 1607 5270 Ideoque
1619 5200 1681 5253 in
1694 5200 1917 5254 tenebris
1931 5200 2092 5273 igno-

483 5285 687 5340 rantia:
741 5284 1040 5352 ambulant,
1081 5284 1139 5339 id
1170 5288 1256 5339 est
1296 5290 1685 5357 perseverant,
1719 5290 1782 5341 ut
1815 5288 2000 5359 magis
2031 5293 2090 5344 et

478 5373 667 5444 magis
696 5377 1086 5441 excmcentur;
1119 5376 1177 5428 et
1194 5373 1255 5428 in
1284 5375 1408 5429 loco
1428 5390 1629 5429 eorum
1648 5375 1995 5430 movebuntur
2014 5378 2088 5433 ad

475 5459 652 5515 fidem
683 5462 866 5516 omnia
892 5461 1248 5531 fundamenta
1298 5467 1471 5516 terrae.
1512 5463 1651 5530 Hoc,
1691 5465 1755 5517 ut
1790 5464 2070 5535 superius,

473 5545 776 5623 dupliciter
804 5548 1143 5625 exponitur:
1174 5550 1243 5605 Et
1267 5549 1402 5625 quia
1426 5550 1784 5625 fundamenta
1804 5552 1878 5610 ad
1897 5551 2076 5612 ﬁdem

2201 4409 2391 4464 lorum
2404 4407 2501 4478 qui
2517 4422 2613 4461 eas
2649 4405 3028 4476 patientur,et
3056 4405 3379 4460 concessive
3399 4406 3576 4460 etiam
3594 4405 3717 4476 agit
3736 4405 3813 4460 de

2201 4495 2521 4568 dejectione
2542 4493 3003 4549 adversariorum
3026 4493 3187 4548 ethic
3198 4493 3334 4549 et-in
3361 4494 3576 4549 futuro.
3601 4494 3670 4547 Et
3680 4497 3811 4549 orat

2201 4601 2307 4656 pro
2338 4586 2502 4656 parte
2524 4581 2913 4655 quorumdam
2941 4597 3008 4638 ex
3032 4580 3172 4653 ipsis
3203 4581 3540 4636 adversariis
3570 4581 3670 4653 qui
3694 4582 3809 4636 sal-

2197 4671 2367 4726 vandi
2388 4673 2539 4738 sunt;
2556 4672 2614 4724 et
2625 4686 2730 4741 per
2740 4670 2849 4724 hoc
2866 4685 2971 4724 nos
2990 4670 3221 4725 instruit
3232 4684 3398 4724 orare
3410 4684 3517 4740 pro
3530 4658 3805 4725 inimicis.

2196 4760 2362 4814 Juxta
2383 4758 2539 4830 quod
2566 4757 2847 4813 Dominus
2893 4757 2954 4811 in
3000 4757 3308 4829 Evangelio
3347 4757 3530 4812 dicit:
3567 4779 3597 4806 «
3631 4756 3804 4813 Orate

2194 4863 2300 4919 pro
2321 4846 2797 4918 persequentibus
2823 4847 2881 4901 et
2910 4844 3395 4901 calumniantibus
3420 4861 3519 4899 vos
3536 4844 3694 4915 (Luc.
3728 4862 3801 4913 γι,

2194 4934 2305 5007 28).
2334 4955 2363 4984 »
2397 4933 2612 4990 Dicitur
2640 4936 2837 4989 autem
2859 4934 3112 5005 psalmus
3151 4933 3256 4989 iste
3285 4936 3554 4989 canticum
3580 4933 3800 5004 psalmi,

2193 5038 2262 5077 eo
2290 5023 2446 5094 quod
2460 5022 2571 5089 hic,
2588 5022 2720 5075 licet
2744 5022 3214 5094 breviter,agitur
3233 5021 3305 5076 de
3322 5021 3546 5076 cantico
3567 5021 3797 5093 psalmi,

2191 5109 2251 5164 id
2281 5113 2367 5164 est
2396 5110 2466 5165 de
2486 5110 3226 5181 jucundaremuneratione
3247 5110 3416 5166 bone
3447 5109 3797 5182 operationis

2191 5198 2595 5270 ﬁdelium,pro
2618 5198 2934 5271 quaﬁdelis
2955 5198 3151 5269 Asaph
3176 5201 3325 5266 orat,
3357 5196 3456 5253 ubi
3494 5196 3632 5253 dicit
3664 5213 3678 5251 :
3712 5196 3798 5253 Ne

2192 5293 2385 5355 taceas,
2414 5285 2581 5356 Deus,
2629 5304 2663 5341 a
2700 5286 3177 5342 remuneratione
3202 5302 3421 5343 eorum
3474 5285 3534 5339 in
3579 5284 3792 5341 futuro.

2187 5378 2269 5432 De
2300 5377 2456 5431 bona
2484 5374 2819 5448 operatione
2845 5392 2963 5431 non
3005 5376 3086 5431 ita
3127 5377 3298 5446 plane
3352 5374 3549 5447 igitur,

2187 5464 2298 5521 nisi
2328 5464 2483 5537 quod
2512 5464 2612 5520 ubi
2633 5463 2790 5532 dicit,
2817 5463 3065 5519 adversus
3087 5470 3295 5519 sanctos
3315 5472 3456 5528 tuos,
3471 5478 3572 5539 eos
3602 5462 3794 5519 innuit

2181 5569 2303 5613 esse
2358 5554 2505 5613 bene
2551 5556 2913 5630 operaturos.
2966 5552 3095 5611 Non
3160 5552 3321 5611 enim
3389 5550 3571 5614 sancti
3626 5554 3785 5614 recte
