3998 6026
288 316 424 373 1077

1227 318 1584 380 EXPOSITIO
1624 326 1693 380 IN
1738 318 2071 384 PSALMOS.
2110 360 2178 372 —
2214 330 2408 386 PSAI..
2450 324 2663 386 LXXXII

3464 343 3598 396 1078

290 434 933 504 dicerentur,.nisibene
951 443 1351 509 operarentur.
1383 442 1798 499 Tribulationes
1821 448 1900 500 ta—
1920 457 1975 514 Α
1999 455 2235 503 mentum
2266 450 2396 516 hoc,
2448 449 2507 504 id
2546 454 2629 506 est
2658 451 2767 506 hoc
2814 452 3204 510 ﬁrmissimum
3235 461 3491 527 pactum,
3538 462 3601 513 ut

291 541 429 579 men
451 526 701 598 ipsorum
714 543 874 597 .quas
886 532 1137 597 enarrat,
1145 533 1378 599 possunt
1393 548 1496 586 con
1505 549 1645 603 grue
1661 532 1770 587 dici
1794 534 1895 589 bo-

293 629 383 667 nae
400 614 787 686 Operationes.
807 615 940 679 Quis
955 617 1111 672 enim
1128 618 1405 674 dicendus
1421 624 1504 674 est
1518 621 1728 676 rectius
1749 623 1896 677 bene

290 703 544 771 operari,
579 721 752 775 quam
768 706 863 775 qui
884 723 999 760 non
1026 707 1171 777 fugit
1216 724 1321 778 pro
1354 709 1576 764 Christo
1608 711 1893 766 tribulari.

357 789 523 859 Dens,
552 795 672 863 quis
721 793 912 847 similis
941 796 1040 847 erit
1067 796 1199 849 tibi?
1260 798 1446 850 nullus
1501 799 1607 851 Per
1636 798 1783 853 hanc
1814 799 1898 854 in-

282 880 743 950 terrogationem
795 881 983 935 innuit
1038 881 1326 937 tristitiam
1377 901 1549 955 quam
1609 886 1783 939 habet
1821 888 1892 941 de

285 965 636 1037 quibusdam
666 967 763 1040 qui
795 985 853 1023 se
905 969 1123 1024 Christo
1164 971 1496 1041 praeferant,
1558 972 1892 1027 tribulando

286 1072 481 1109 servos
508 1055 629 1126 ejus
653 1073 666 1123 ;
700 1056 770 1110 de
795 1073 1043 1128 quorum
1062 1058 1385 1129 perditione
1401 1060 1521 1132 agit
1549 1060 1740 1114 statim
1756 1076 1891 1115 con-

291 1143 525 1210 cessive,
560 1161 623 1198 ac
645 1144 887 1215 si'ponat
916 1163 928 1199 :
964 1146 1109 1200 Sunt
1155 1147 1321 1201 multi
1354 1148 1449 1219 qui
1476 1166 1533 1202 se
1568 1149 1666 1203 tibi
1694 1150 1895 1220 praefe-

285 1235 422 1285 rent
451 1233 862 1288 tormentando
921 1237 1067 1306 tuos,
1102 1238 1160 1289 et
1197 1253 1254 1290 se
1295 1236 1395 1290 tibi
1430 1237 1890 1309 mquiparabunt,

284 1323 350 1374 ut
373 1324 643 1391 reputent
672 1338 730 1375 se
771 1339 889 1376 non
932 1322 1187 1393 pendere
1223 1340 1289 1378 ex
1322 1327 1397 1391 te,
1431 1325 1576 1380 sicut
1604 1328 1666 1379 tu
1697 1344 1763 1380 ex
1814 1326 1895 1380 eis

288 1424 409 1462 non
442 1409 678 1478 pendes,
711 1410 810 1464 sed
832 1412 1030 1465 tamen
1063 1413 1250 1466 nullus
1297 1429 1499 1467 eorum
1545 1414 1655 1467 erit
1694 1413 1893 1468 similis

285 1494 534 1550 tibi.Vel
588 1497 738 1551 hanc
788 1498 1306 1569 interrogationem
1337 1500 1498 1573 quasi
1548 1502 1891 1556 admirative

283 1584 473 1655 ponit,
505 1584 792 1640 utinnuat
828 1604 1103 1657 magnam
1150 1605 1271 1643 esse
1304 1589 1643 1661 potentiam.
1710 1592 1788 1645 Ac
1844 1590 1889 1644 si

280 1672 440 1727 dicat
474 1690 486 1727 :
518 1672 680 1740 Deus,
717 1674 957 1742 Christe,
983 1691 1156 1747 quem
1180 1677 1559 1747 impotentem
1580 1678 1889 1733 adversarii

2001 539 2126 590 tuos
2143 537 2497 607 disperdant,
2555 539 2910 608 tabernacula,
2946 541 3000 595 id
3043 548 3127 596 est
3170 546 3512 600 transitoria:
3544 550 3601 601 et
3638 530 3649 539 κ

2000 640 2197 695 pronm
2229 625 2303 679 ad
2321 643 2511 680 casum
2550 628 2952 682 multitudines
2998 629 3372 699 Idunia'orum,
3428 633 3485 688 id
3515 637 3601 687 est

1996 715 2362 768 terrenarum
2379 718 2436 768 et
2454 715 2926 786 sanguineorum,
2959 718 3171 772 scilicet
3204 722 3600 777 multitudines

1993 801 2267 855 falsorum
2292 802 2767 869 Christianorum,
2799 805 2856 858 id
2880 810 2964 859 cst
2993 806 3110 877 qui,
3130 809 3257 861 licet
3288 808 3400 862 sint
3419 812 3597 864 eccle-

1995 887 2231 943 siasticis
2258 889 2463 944 initiati
2483 894 2878 959 sacramentis,
2938 898 3134 949 tamen
3188 896 3398 950 terreni
3445 901 3596 963 sunt,

1995 974 2052 1029 id
2076 979 2160 1030 est
2182 977 2341 1031 omni
2375 978 2550 1033 modo
2592 980 2834 1035 terrenis
2890 981 3197 1049 inhiantes,
3249 987 3306 1037 et
3342 983 3600 1038 crudeles

1996 1067 2196 1117 centra
2222 1065 2426 1132 bonos,
2464 1066 2608 1121 sicut
2639 1067 2734 1121 ille
2786 1068 3033 1123 crudelis
3064 1074 3147 1123 est
3202 1070 3299 1141 qui
3354 1072 3600 1143 proximi

1995 1151 2338 1222 sanguinem
2371 1154 2654 1221 effundit;
2688 1162 2737 1208 et
2759 1155 3050 1211 Ismaelitee
3089 1157 3398 1228 disponent
3412 1159 3599 1213 adver-

1993 1255 2110 1292 sum
2145 1246 2210 1305 te,
2242 1239 2297 1293 id
2324 1246 2409 1295 est
2456 1241 2533 1295 illi
2583 1242 2759 1296 iidem
2798 1242 3124 1311 Christiani,
3154 1244 3269 1316 qui,
3312 1262 3443 1300 cum
3482 1247 3599 1302 Deo

1995 1327 2369 1396 promiserint
2392 1329 2811 1397 obedientiam,
2832 1333 3134 1385 Ismaelitm
3150 1337 3344 1386 tamen
3373 1337 3525 1399 sunt,
3542 1334 3602 1388 id

1995 1417 2080 1467 est
2109 1415 2215 1468 sibi
2245 1415 2581 1472 obedientes
2614 1417 2673 1470 in
2707 1418 2978 1472 omnibus
3006 1420 3266 1474 obscenis
3297 1422 3600 1476 voluntati-

1994 1503 2100 1557 bus
2128 1503 2261 1557 suis.
2286 1505 2523 1560 Idumtni
2558 1505 2793 1576 quidem
3036 1509 3421 1576 sanguineivel
3443 1516 3603 1563 terre-

1993 1594 2070 1659 ni,
2098 1593 2400 1647 Ismaelitaa
2454 1611 2588 1648 vero
2636 1595 2747 1648 sibi
2788 1595 3085 1648 obedientes
3128 1596 3598 1667 interpretantur,

1994 1681 2283 1735 Ismaelita
2314 1686 2513 1735 tamen
2544 1682 2823 1736 obediens
2848 1685 2965 1737 Deo
2989 1683 3196 1738 dicitur
3228 1702 3241 1752 ;
3276 1686 3599 1752 Ismaelilte,

278 1759 364 1815 tui
392 1762 763 1832 reputabunt,
798 1779 864 1817 eo
904 1764 1059 1835 quod
1091 1780 1207 1819 non
1237 1764 1431 1819 statim
1464 1768 1591 1821 tuos
1620 1783 1888 1821 remune-
1920 1768 1972 1826 B
1993 1767 2146 1835 dico,
2170 1769 2265 1839 qui
2300 1773 2469 1824 erunt
2494 1769 2682 1837 Moab,
2708 1770 2764 1825 id
2796 1774 2882 1825 est
2912 1786 3028 1825 non
3061 1773 3467 1827 tantummodo
3495 1773 3601 1828 sibi

282 1865 398 1914 ras,
434 1865 541 1902 nec
571 1849 926 1905 adversarios
969 1852 1174 1923 punis:
1203 1855 1320 1923 quis
1350 1856 1545 1907 tamen
1578 1856 1677 1907 erit
1704 1854 1889 1908 similis

281 1936 400 2002 tibi,
432 1935 490 1990 id
520 1940 605 1990 est
643 1937 789 1991 adeo
822 1940 1191 2009 omnipotens
1223 1943 1283 1994 ut
1318 1943 1380 1993 tu
1400 1941 1428 1995 ζ)
1458 1943 1664 1995 nullus.
1716 1943 1888 2013 Ergo,

283 2023 562 2095 quoniam
596 2024 740 2079 adeo
773 2028 978 2095 potens
1005 2043 1065 2080 es
1096 2027 1252 2098 quod
1283 2029 1383 2083 tibi
1412 2046 1585 2084 nemo
1613 2033 1803 2100 potest
1823 2047 1887 2084 as

282 2112 545 2181 Similari,
581 2116 642 2167 tu
670 2114 766 2185 qui
800 2115 975 2170 modo
1007 2118 1160 2169 taces
1190 2132 1224 2170 a
1268 2119 1738 2173 remuneratione
1764 2122 1891 2173 tuo-

281 2202 678 2268 rum,scilicet
713 2218 832 2256 non
883 2204 1310 2259 remunerando
1357 2222 1455 2259 eos
1496 2205 1554 2260 in
1597 2206 1888 2277 praesenti,

285 2293 461 2359 prout
494 2294 810 2358 merentur,
838 2308 902 2344 ne
934 2299 1105 2347 taceas
1133 2293 1191 2346 in
1222 2293 1441 2360 futuro,
1473 2294 1573 2348 sed
1617 2311 1888 2350 remune-

283 2394 370 2432 ra.
400 2379 489 2433 Ne
518 2398 726 2452 quoque
753 2385 1114 2452 compesearis,
1152 2382 1317 2449 Deus,
1361 2383 1417 2437 iu
1472 2383 1665 2437 futuro
1697 2384 1768 2438 ab
1795 2384 1891 2438 ad-

280 2467 665 2522 versariorum
698 2468 967 2535 vindicta,
993 2470 1089 2541 qui
1120 2470 1213 2525 hic
1243 2473 1756 2543 compescerissola
1776 2474 1888 2527 cle-

283 2555 733 2611 mentia.Posset
753 2557 1124 2629 quaeriquare
1153 2559 1259 2613 hoc
1280 2559 1449 2626 dicat,
1473 2577 1603 2614 cum
1629 2561 1887 2615 nondum

281 2642 355 2698 sit
385 2643 589 2715 aliquis
620 2644 715 2716 qui
749 2645 853 2716 ipsi
888 2647 1226 2701 adversetur
1249 2648 1275 2701 ‘2
1304 2648 1390 2702 Ad
1406 2649 1559 2719 quod
1581 2650 1891 2719 respondet

280 2730 361 2785 sic
395 2747 407 2784 :
442 2731 574 2786 Ideo
620 2732 746 2788 dico
772 2751 935 2804 neque
982 2738 1345 2805 eompesearis,
1386 2738 1638 2807 quoniam.
1668 2754 1780 2791 ecce
1832 2736 1889 2791 in

278 2819 548 2890 praesenti
578 2837 694 2874 non
729 2821 824 2874 diu
860 2822 1203 2889 morabitur,
1239 2824 1378 2894 quod
1429 2826 1634 2878 inimici
1680 2827 1759 2878 lui
1812 2842 1892 2879 so-

280 2912 529 2974 nuerunt,
555 2906 610 2961 id
642 2911 732 2962 est
762 2909 1071 2976 sonabunt,
1105 2910 1322 2964 scilicet
1347 2910 1423 2964 illi
1443 2911 1539 2983 qui
1568 2911 1667 2965 tibi
1702 2912 1891 2967 inimi-

1993 1857 2368 1924 obedientes;
2402 1858 2503 1911 sed
2525 1858 2703 1912 etiam
2738 1862 2870 1912 sunt
2919 1860 3159 1931 populus
3209 1861 3390 1928 exlex,
3425 1860 3485 1915 id
3516 1865 3603 1915 est

1992 1946 2114 1999 sine
2142 1945 2268 2015 lege
2294 1949 2716 2016 praceptorum
2752 1948 2881 2014 Dei;
2914 1948 3000 2001 vel
3032 1963 3097 2001 ex
3154 1951 3316 2017 patre
3367 1949 3598 2003 diabolo

1990 2048 2098 2104 per
2125 2032 2525 2087 infidelitatem
2584 2033 2763 2104 geniti
2789 2051 2803 2101 ;
2838 2035 2922 2087 vel
2953 2052 2987 2088 a
3014 2035 3181 2090 Patre
3195 2037 3310 2090 Deo
3329 2037 3598 2106 separati,

1993 2118 2205 2174 scilicet
2235 2120 2571 2175 recedentes
2593 2121 2664 2174 ab
2698 2137 2764 2175 eo
2796 2136 2901 2191 per
2921 2120 3343 2189 inﬁdelitatem,
3375 2123 3472 2194 qui
3499 2124 3598 2178 ﬁlii

1994 2208 2305 2261 noluerunt
2331 2224 2452 2261 esse
2486 2223 2591 2278 per
2616 2208 2832 2276 fidem;
2865 2208 3027 2264 Moab
3060 2209 3271 2281 quippe
3305 2210 3476 2273 exlex,
3507 2211 3597 2266 vel

1991 2313 2055 2350 ex
2072 2294 2241 2350 Patre
2262 2295 2694 2366 interpretatur.

2064 2385 2131 2437 Et
2158 2385 2406 2454 Agareni
2429 2384 2739 2455 disponent
2755 2384 3039 2440 adversum
3065 2395 3146 2451 te;
3175 2386 3595 2442 htereticiscili-

1991 2472 2371 2543 cet,qui,licet
2397 2489 2500 2543 per
2520 2472 2808 2542 baptisma
2832 2475 3245 2544 regenerati,se
3270 2479 3467 2530 tamen
3494 2491 3599 2547 per

1990 2560 2236 2615 haereses
2265 2577 2299 2614 a
2330 2560 2442 2615 ﬁde
2474 2560 2945 2616 faciuntalienos.
2979 2562 3227 2632 Agareni
3252 2563 3487 2634 quidem
3508 2563 3596 2617 in-

1990 2648 2664 2720 terpretanturproselyti;
2686 2649 2956 2719 proselyti
2980 2664 3135 2717 vero,
3163 2650 3317 2704 idem
3340 2651 3496 2722 quod
3512 2652 3598 2705 est

1992 2735 2268 2790 alieni.Et
2297 2735 2471 2789 Gebal
2487 2736 2757 2807 disponet
2774 2737 3077 2790 adversum
3100 2741 3156 2791 te
3176 2737 3391 2791 scilicet
3420 2753 3596 2809 pOpu-

1991 2825 2076 2879 lus
2131 2824 2585 2896 hypocritarum,
2648 2845 2675 2873 «
2729 2822 2826 2894 qui
2870 2822 3106 2877 veniunt
3144 2822 3201 2876 in
3241 2822 3594 2877 vestimentis

1993 2912 2207 2977 ovium,
2241 2910 2581 2964 intrinsecus
2604 2913 2795 2964 autem
2810 2913 2942 2963 sunt
2970 2909 3085 2981 lupi
3119 2908 3588 2982 rapaces(Matth.

277 2995 582 3063 cabuntur,
617 2996 676 3049 in
724 2998 1125 3066 persecutione
1186 3002 1421 3053 tuorum
1472 3000 1780 3066 sonabunt,
1830 3000 1888 3053 id
1917 3038 1964 3097 Ο
1990 3017 2084 3065 vn,
2114 2999 2221 3069 15).
2256 3018 2283 3046 ››
2317 2997 2490 3097 Cebal
2508 2997 2659 3051 vallis
2686 2996 3076 3094 vanudicitur.
3107 2997 3271 3094 Unde
3295 3005 3399 3097 per
3417 2997 3592 3097 Cehal

277 3085 365 3136 est
394 3082 872 3139 irrationabiliter
899 3084 1157 3140 frement
1186 3086 1454 3141 adversus
1487 3090 1615 3142 tuos
1648 3092 1881 3143 contra-

279 3171 523 3226 dicendo
556 3171 659 3239 eis,
691 3189 725 3227 a
744 3172 1125 3228 similitudine
1150 3173 1636 3243 inanimatorum,
1666 3193 1729 3230 ex
1751 3193 1889 3248 quo-

279 3279 411 3316 rum
442 3261 735 3317 collisione
767 3264 830 3317 fit
852 3264 1093 3322 sonitus.
1129 3266 1195 3320 Et
1231 3282 1345 3321 non
1377 3266 1566 3321 solum
1596 3268 1888 3322 Sonabunt

280 3348 760 3419 contradicendo;
791 3351 893 3405 sed
908 3357 957 3404 et
979 3353 1073 3421 qui
1100 3351 1326 3405 oderunt
1356 3359 1423 3418 te,
1458 3353 1515 3407 id
1545 3358 1631 3408 est
1666 3353 1883 3407 inimici

279 3437 376 3509 qui
408 3441 462 3491 te
485 3437 616 3492 odio
649 3438 963 3507 habebunt,
986 3439 1289 3493 extulerunt
1313 3448 1493 3512 caput,
1528 3441 1582 3495 id
1603 3445 1685 3495 est
1711 3444 1885 3497 extol-

278 3524 401 3578 lent
429 3528 632 3581 contra
655 3529 708 3581 te
740 3530 1023 3581 mentem.
1058 3528 1125 3580 Et
1166 3529 1400 3599 exponit
1452 3529 1745 3599 quomodo
1794 3546 1885 3585 ex-

277 3614 483 3667 tollent
513 3614 658 3668 :hoc
685 3614 861 3669 modo
893 3614 1109 3669 scilicet
1139 3617 1418 3670 extollent
1435 3618 1882 3687 caput,quoniam

278 3702 705 3771 malignaverunt
751 3703 1027 3757 consilium
1057 3722 1211 3775 super
1246 3705 1507 3775 populum
1539 3712 1710 3771 tuum,
1743 3706 1884 3761 scili-

190 3852 207 3859 -
279 3793 369 3845 cet
388 3790 707 3862 malignum
724 3791 1025 3846 consilium
1048 3791 1882 3858 inierunt,idestinientverbis

279 3882 342 3933 ut
367 3878 699 3951 opprimant
720 3878 998 3950 populum
1021 3883 1397 3947 tuum,etnon
1423 3883 1882 3953 qualemcunque

278 3967 585 4037 populum;
617 3965 717 4020 sed
747 3973 795 4019 et
825 3969 1192 4037 cogitaverunt
1220 3967 1469 4022 adversus
1512 3976 1718 4024 sanctos
1744 3976 1877 4038 tuos,

279 4053 338 4108 id
369 4056 455 4109 est
480 4053 817 4124 cogitabunt
847 4056 960 4108 tale
992 4054 1136 4126 quid
1166 4057 1322 4126 quod
1353 4060 1558 4110 noceat
1581 4057 1755 4111 servis
1771 4058 1880 4112 tuis

281 4141 673 4213 corporaliter.
697 4141 963 4195 Dixerunt
991 4144 1155 4209 enim,
1183 4143 1237 4197 id
1264 4146 1347 4197 est
1376 4144 1590 4206 dicent,
1642 4145 1876 4213 scilicet,

282 4230 360 4285 sic
384 4245 578 4283 secum
605 4229 932 4299 disponent,
968 4229 1214 4285 dicendo
1267 4248 1412 4285 unus
1471 4232 1543 4285 ad
1586 4235 1831 4288 alterum
1861 4250 1873 4287 :

359 4317 546 4372 Venite
574 4322 623 4369 et
662 4317 1022 4386 disperdamus
1049 4335 1132 4371 eos
1170 4318 1233 4371 de
1267 4325 1438 4389 gente.
1476 4321 1555 4374 Ac
1604 4320 1648 4374 si
1680 4321 1831 4376 dicat
1861 4338 1874 4376 :

282 4405 389 4477 Ipsi
421 4405 619 4459 ﬁdeles
644 4407 778 4459 sunt
803 4405 1105 4475 gentes,id
1136 4408 1221 4460 est
1259 4406 1514 4461 maxima
1548 4408 1875 4477 multitudo,

282 4494 379 4549 sed
394 4510 842 4564 promoveamur
867 4493 925 4547 in
957 4511 1075 4562 eos,
1109 4497 1166 4549 et
1191 4494 1589 4566 disperdamus
1614 4496 1683 4550 de
1709 4499 1882 4568 gente

283 4581 692 4649 auferendo,id
707 4581 1198 4635 estdiminuamus
1213 4598 1313 4637 eos
1332 4588 1389 4635 ut
1403 4598 1507 4636 non
1524 4582 1639 4637 sint
1658 4587 1882 4655 gentes,

282 4669 339 4725 id
353 4672 439 4724 est
459 4669 791 4737 multitudo,
832 4672 885 4723 et
907 4686 1083 4741 usque
1103 4669 1247 4724 adeo
1276 4670 1693 4741 disperdamus,
1731 4672 1885 4744 quod

282 4775 399 4813 non
417 4764 739 4812 memoratur
767 4774 958 4811 nomen
985 4756 1161 4812 Israel
1181 4757 1344 4824 ultra,
1377 4757 1434 4812 id
1475 4760 1560 4812 est
1602 4758 1746 4814 adeo
1788 4777 1886 4815 eos

284 4845 667 4914 destruamus,
697 4845 853 4917 quod
882 4863 987 4900 nec
1043 4845 1220 4900 etiam
1254 4846 1491 4900 ulterius
1523 4848 1740 4902 mentio
1788 4848 1885 4903 fiat

254 4935 539 4992 'nominis
568 4951 793 5002 eorum,
828 4934 927 5006 qui
962 4951 1020 4988 se
1053 4935 1225 4989 Israel
1258 4933 1620 5007 esserdicunt.
1662 4936 1888 4991 Diceret

285 5025 491 5097 aliquis
512 5042 523 5078 :
548 5024 709 5079 Unde
725 5024 834 5077 erit
850 5025 1011 5077 tanta
1022 5023 1230 5077 fiducia
1249 5039 1463 5077 nomen
1488 5024 1656 5078 Israel
1676 5025 1885 5079 exstin-

286 5111 627 5186 guendi?Ad
644 5109 799 5182 quod
822 5109 1135 5180 respondet
1163 5127 1175 5163 :
1198 5109 1335 5163 Inde
1353 5113 1438 5164 est
1464 5109 1542 5164 eis
1555 5110 1761 5166 ﬁducia
1793 5130 1890 5167 no-

289 5218 423 5256 men
444 5200 613 5254 Israel
647 5196 1075 5269 exstinguendi,
1110 5199 1365 5269 quoniam
1396 5198 1503 5251 hoc
1529 5201 1891 5268 cogitaverunt

285 5290 631 5355 unanimiter,
662 5287 727 5341 id
761 5289 846 5341 est
868 5284 1209 5357 cogitabunt
1232 5300 1349 5337 una
1377 5286 1532 5339 mala
1550 5288 1848 5342 voluntate
1873 5305 1887 5357 ;

291 5379 348 5434 et
377 5395 496 5433 non
527 5377 712 5431 solum
734 5373 1095 5445 cogitabunt,
1137 5372 1240 5427 sed
1269 5373 1449 5440 simul,
1481 5373 1539 5427 id
1570 5379 1655 5429 est
1675 5375 1733 5429 in
1776 5392 1890 5431 uno

291 5463 486 5521 animo
513 5462 791 5517 adversum
823 5463 877 5516 te
906 5460 1233 5526 existentes,
1260 5457 1475 5513 scilicet
1523 5460 1625 5514 tibi
1670 5465 1897 5517 contra-

292 5553 362 5616 rii
392 5552 778 5625 disposuerunt,
825 5547 885 5603 id
944 5549 1030 5603 est
1063 5547 1374 5622 disponent
1426 5545 1581 5605 inter
1626 5565 1685 5605 se
1737 5556 1893 5606 testa-

1900 4272 1952 4331 D

1990 3085 2305 3158 hypocrita:
2331 3085 2720 3152 denotantur;
2749 3083 2867 3155 qui,
2900 3101 3028 3138 cum
3055 3083 3187 3137 vani
3229 3083 3344 3138 sint
3400 3087 3457 3139 et
3503 3101 3592 3139 su-

1989 3173 2173 3245 perbi,
2203 3191 2262 3227 se
2287 3172 2505 3227 faciunt
2524 3173 2717 3238 valles,
2750 3172 2809 3226 id
2848 3175 2932 3226 est
2957 3172 3221 3226 humiles.
3256 3172 3324 3226 Et
3349 3171 3591 3227 Ammon

1989 3262 2257 3332 disponet
2280 3261 2555 3314 adversum
2587 3267 2653 3327 te,
2679 3259 2738 3313 id
2775 3263 2861 3314 est
2873 3259 3103 3330 populus
3158 3259 3417 3326 turbidus,
3439 3260 3587 3313 scili-

1988 3354 2077 3404 cet
2097 3349 2384 3420 principes
2415 3348 2821 3403 haereticorum
2845 3348 2940 3420 qui
2966 3351 3101 3401 sunt
3124 3348 3360 3417 turbidi,
3390 3352 3447 3402 et
3466 3352 3586 3402 tur-

1986 3438 2183 3493 bidam
2242 3438 2565 3492 doctrinam
2616 3442 2673 3491 et
2721 3437 3032 3491 obscenam
3082 3436 3478 3507 propinantes.
3522 3438 3591 3491 Et

1983 3524 2243 3579 Amalech
2268 3525 2553 3595 disponet,
2585 3525 2642 3579 id
2668 3527 2755 3578 est
2780 3525 3024 3596 populus
3058 3524 3341 3591 lambens,
3373 3524 3590 3578 scilicet

1986 3612 2320 3679 Simoniaci,
2352 3612 2448 3683 qui
2478 3612 2801 3665 lambentes
2843 3615 2995 3677 sunt,
3052 3610 3109 3663 id
3164 3614 3248 3664 est
3283 3627 3386 3681 per
3414 3627 3586 3682 pecu-

1984 3701 2145 3755 niam
2173 3703 2230 3754 ct
2252 3699 2634 3753 ambitionem
2659 3698 3045 3751 Ecclesiastica
3083 3697 3378 3767 dogmata,
3426 3698 3585 3769 quasi

1984 3805 2115 3843 cum
2138 3788 2389 3859 ingluvie
2404 3787 2841 3857 amplectentes.
2858 3785 3133 3839 Amalech
3162 3784 3395 3855 quidem
3414 3785 3587 3839 inter-

1983 3879 2244 3948 pretatur
2274 3875 2474 3944 [ingens
2504 3874 2587 3928 vel
2632 3873 2880 3927 Iainbens.
2912 3871 2987 3925 Et
3044 3871 3353 3941 alienigena?
3412 3871 3578 3943 dispo

1984 3961 2708 4033 nent,Philistheeiquidem
2738 3977 2752 4028 ;
2778 3960 2913 4032 quia
2936 3976 3163 4031 semper
3190 3959 3456 4014 exstitere
3483 3961 3584 4014 Ju-

1982 4055 2119 4109 dmis
2145 4052 2476 4119 adversarii,
2527 4053 2635 4106 hoe
2690 4051 3099 4122 appellativum
3155 4066 3393 4117 nomen,
3427 4051 3583 4122 quod

1981 4147 2067 4198 est
2090 4140 2453 4211 alienigenze,
2485 4138 2643 4211 quasi
2671 4140 2971 4210 proprium
3005 4142 3137 4193 sunt
3165 4139 3370 4195 sortiti.
3404 4143 3583 4195 Deum

1980 4232 2156 4303 igitur
2185 4229 2497 4297 alienigenae
2528 4228 2709 4297 ponit,
2730 4227 2887 4281 idem
2905 4230 2991 4281 est
3011 4244 3075 4281 ac
3101 4227 3146 4282 si
3181 4232 3427 4298 poneret
3451 4227 3586 4282 Plii-

1978 4318 2306 4372 lestha’iPer
2330 4315 2684 4370 Philisthteos
2710 4320 2924 4382 autem,
2949 4315 3045 4386 qui
3081 4317 3298 4384 potione
3338 4315 3583 4370 audentes

1977 4406 2454 4477 interpretantur,
2478 4401 2557 4457 illi
2585 4402 2709 4457 falsi
2732 4401 3338 4458 Christianibonorum
3363 4400 3589 4458 adver--

1980 4494 2211 4549 versarii
2239 4493 2613 4563 accipiuntur,
2640 4491 2736 4562 qui
2786 4492 3033 4546 obscena
3082 4493 3317 4561 potione
3350 4492 3586 4546 luxuria:

1985 4582 2158 4636 nimis
2187 4580 2415 4647 imbuti,
2441 4596 2474 4633 a
2503 4579 2790 4633 bonorum
2817 4579 3107 4634 consortio
3140 4579 3371 4647 cadunt,
3404 4583 3462 4634 et
3506 4579 3587 4634 eis

1987 4668 2326 4726 omnimode
2343 4668 2736 4722 adversantur.
2754 4668 2889 4722 Dico
2913 4667 3066 4739 quod
3090 4685 3293 4722 omnes
3310 4667 3422 4734 isti,
3457 4669 3590 4722 licet

1986 4756 2365 4813 sacramentis
2385 4754 2784 4814 Eeelesiasticis
2798 4755 3027 4820 initiati,
3052 4756 3265 4809 scilicet
3281 4755 3407 4808 falsi
3427 4755 3586 4809 Chri-

1985 4845 2237 4911 stiani,et
2252 4842 2585 4915 hypocritae,
2616 4846 2673 4897 et
2693 4844 2947 4898 haeretici
2967 4844 3274 4915 disponent
3316 4849 3589 4896 testamen-

1989 4941 2099 4988 tum
2121 4933 2397 4985 adversum
2424 4929 2509 4986 te':
2543 4931 2651 5002 ipsi
2706 4932 2833 4986 dico
2887 4932 3201 4985 concordes
3231 4930 3287 4982 in
3334 4930 3442 4984 hoc
3466 4948 3589 4984 eum

1987 5020 2348 5076 habitantibus
2382 5020 2608 5089 Tyrum,
2634 5020 2691 5074 id
2714 5024 2799 5074 est
2819 5036 2951 5073 cum
2980 5018 3369 5072 habitantibus
3394 5018 3453 5072 iu
3481 5019 3521 5072 Τ
3525 5036 3588 5091 y-

1988 5127 2077 5177 ro,
2109 5109 2162 5163 id
2199 5112 2285 5163 est
2310 5110 2367 5163 in
2395 5108 2680 5179 angustia,
2709 5108 2922 5161 scilicet
2960 5123 3092 5161 eum
3123 5102 3467 5160 inﬁdelibus'
3493 5105 3591 5178 qui

1989 5198 2049 5253 in
2080 5199 2188 5253 hoc
2210 5201 2578 5270 perseverant
2610 5200 2672 5250 ut
2714 5195 2956 5251 omnino
3016 5196 3201 5250 bonos
3227 5196 3587 5266 angustient.

1987 5286 2164 5357 Tyrus
2196 5289 2389 5340 autem
2422 5285 2534 5340 alio
2556 5285 2833 5339 vocabulo
2866 5283 3072 5338 dicitur
3104 5300 3208 5339 sor.
3245 5282 3353 5337 Sor
3378 5282 3592 5354 quippe

1994 5376 2237 5444 angustia
2262 5373 2487 5427 dicitur.
2540 5372 2702 5427 Unde
2748 5389 2879 5427 cum
2929 5374 3140 5446 Tyrum
3187 5375 3388 5442 ponat,
3437 5371 3595 5426 idem

1998 5466 2083 5517 est
2111 5479 2175 5516 ac
2211 5461 2255 5515 si
2286 5461 2502 5516 diceret
2530 5460 2656 5517 Sor.
2693 5460 2826 5516 Dico
2857 5462 3011 5533 quod
3042 5464 3101 5516 et
3123 5460 3384 5514 infideles
3413 5463 3472 5514 et
3498 5460 3600 5514 fal-

2006 5549 2052 5607 si
2109 5548 2433 5619 Christiani,
2490 5552 2549 5605 et
2599 5548 2911 5623 hypocrita;
2968 5553 3027 5606 et
3081 5547 3355 5621 haeretici,
3409 5547 3605 5631 ἀίδροτ
