3998 6026
419 268 553 330 i019
1022 269 1081 327 s.
1118 211 1465 326 iniunctas
1506 241 2135 325 CARTHUSIANOBUM
2172 243 2639 321 INsmt'rroais
2678 252 2833 321 opp.
2874 256 3053 320 PARS
3089 254 3111 318 ι
3585 255 3769 315 roso

416 398 561 450 nent
591 398 961 450 testamentum
997 391 1273 449 adtonsum
1303 398 1378 448 te:
1405 392 1471 448 Et
1513 408 1644 447 vere
1690 391 2015 462 disponent.
2042 394 2097 452 Α
2123 389 2322 444 tamen
2351 389 2593 443 humum
2626 387 2956 461 impinguat
2981 388 3038 441 et
3076 383 3323 441 fertilem
3355 381 3511 439 facit.
3544 382 3641 438 Sic
3683 380 3765 433 et

486 481 705 537 Etenim
732 481 932 549 Assur,
956 480 1014 535 id
1047 484 1132 535 est
1151 480 1433 548 diabolus,
1454 480 1623 549 renil,
1642 480 1697 535 id
1721 483 1805 536 est
1829 479 2020 534 veniet
2121 475 2383 532 infideles
2412 476 2471 531 in
2498 493 2557 531 se
2571 476 2814 531 fetentes
2831 479 2889 530 et
2914 473 3340 542 sordidi,bonos
3355 475 3767 543 tamen,quos

419 588 549 627 cum
581 570 689 625 illis
716 569 1006 633 omnibus,
1041 585 1143 640 per
1158 585 1374 639 pravas
1402 568 1900 640 suggestionesmt
1922 584 2019 621 eos
2123 564 2528 636 aftligunt,per
2549 563 3204 619 tribulationesinbonis
3218 561 3485 635 operibus
3507 559 3761 615 fertiles

416 659 845 730 hocdisponere
892 657 1080 711 faciat.
1106 657 1372 711 Diabolus
1390 657 1621 727 quidem
1646 658 1790 711 bene
1815 656 2022 710 dicitur
2122 654 2359 720 faciunt,
2394 657 2452 708 et
2482 653 2670 709 divina
2701 654 2883 725 gratia
2918 652 3326 724 impinguatos.

418 748 616 813 Assur,
647 745 808 799 idest
830 745 1061 814 diligens
1091 745 1175 798 vel
1203 745 1514 814 deprimens,
1546 746 1632 799 vel
1662 745 1859 812 elatus;
1898 744 2023 797 illos
2191 741 2533 814 Interposita
2577 741 2853 796 divisione
2894 740 3282 795 damnationis
3310 742 3367 795 et
3391 737 3604 804 salutis,
3637 754 3763 791 re-

422 834 579 889 enim
610 850 753 904 quos
784 832 1014 903 decipit,
1049 833 1121 887 ad
1154 836 1401 887 mortem
1424 833 1640 904 dirigit,
1673 832 1731 887 id
1762 835 2023 887 estrecla
2120 831 2362 886 vertitur
2390 829 2463 884 ad
2496 829 2927 884 concessionem
2962 827 3350 883 damnationis
3380 843 3581 882 eorum
3624 824 3756 898 qui

420 921 510 976 via
562 938 665 994 per
719 925 950 991 peccata
996 921 1168 985 ducit,
1207 924 1262 976 et
1294 922 1479 975 bonos
1524 938 1629 993 per
1681 920 2020 975 instantiam
2123 918 2297 973 sacris
2325 917 2658 973 Christianis
2684 918 2818 971 sunt
2864 916 3099 984 initiati,
3142 916 3258 971 sic:
3292 917 3428 971 Dico
3449 916 3542 986 [ac
3567 913 3755 968 falsis

419 1012 707 1065 malorum
739 1026 980 1081 operum
1013 1009 1308 1080 deprimit,
1358 1013 1415 1063 et
1456 1027 1515 1063 se
1546 1026 1774 1080 semper
1821 1011 2023 1063 contra
2125 1004 2458 1060 Christianis
2492 1007 2626 1059 sicut
2646 1004 2875 1059 Madian
2898 1011 2947 1058 et
2971 1004 3191 1059 Sisara.
3223 1006 3500 1075 Principes
3526 1005 3749 1057 autem

420 1101 600 1154 Deum
617 1100 957 1168 arroganter
973 1097 1323 1161 extollit.Qui
1340 1098 1598 1152 diabolus
1618 1115 1719 1170 per
1731 1098 2023 1151 Nabucho-
2123 1111 2303 1147 eorum
2320 1096 2606 1165 ponesicut
2618 1093 2776 1159 Oreb,
2805 1099 2855 1146 et
2870 1093 2985 1147 Zeb
3005 1093 3256 1160 elZebee,
3276 1099 3325 1146 et
3352 1091 3631 1155 Salmana,
3665 1088 3751 1142 id

424 1185 1086 1256 donosorprmﬁguratus
1106 1189 1209 1251 est,
1230 1186 1324 1257 qui
1348 1187 1419 1239 ad
1436 1186 1733 1240 historiam
1762 1185 2019 1239 multitu-
2122 1185 2208 1239 est
2237 1183 2360 1237 illos
2389 1181 2483 1254 qui
2512 1197 2609 1236 eos
2625 1180 2873 1236 excitant
2890 1181 2961 1235 ad
2986 1198 3244 1237 errorem
3262 1184 3321 1235 et
3339 1179 3412 1234 ad
3433 1180 3749 1234 bonorum

421 1275 619 1330 dinem
640 1274 901 1345 gentium
916 1274 988 1327 ad
1003 1274 1454 1345 opprimendum
1477 1275 1829 1328 Hierusalem
1847 1274 2022 1328 addu-
2124 1271 2580 1343 oppressionem.
2602 1286 2742 1341 pone
2768 1269 2826 1323 in
2867 1269 3307 1325 damnationem
3329 1270 3463 1323 sicut
3477 1267 3634 1332 Oreb,
3664 1265 3741 1319 id

416 1361 527 1429 xit;
548 1362 833 1434 quietiam
874 1362 1401 1418 Nabuchodonosor
1416 1365 1588 1417 Assur
1607 1379 1820 1433 genere
1842 1362 2018 1416 fuisse
2124 1363 2209 1415 est
2236 1361 2435 1432 utpote
2466 1358 2593 1412 illos
2623 1358 2720 1429 qui
2745 1360 2878 1412 sunt
2906 1358 3077 1425 Oreb,
3109 1358 3167 1412 id
3201 1360 3285 1412 est
3339 1358 3544 1411 siccitas
3574 1356 3750 1409 velut

418 1448 647 1503 dicitur.
670 1450 738 1503 Et
755 1448 1055 1504 illiomnes
1065 1451 1202 1519 facti
1214 1457 1355 1517 sunt,
1390 1450 1447 1503 id
1464 1453 1550 1504 est
1581 1450 1791 1504 fientin
1805 1448 2019 1519 adjulo-
2123 1465 2308 1503 corvus
2336 1448 2423 1501 vel
2448 1447 2709 1517 foramen,
2744 1446 2958 1501 scilicet
2990 1446 3088 1518 qui
3114 1449 3249 1500 sunt
3296 1444 3430 1499 sicci
3463 1462 3498 1500 a
3523 1444 3743 1517 gratias

418 1538 696 1606 rima/iliis
714 1535 904 1604 Lot,id
924 1541 1008 1591 est
1026 1536 1154 1591 filiis
1171 1537 2025 1603 declinationis;Lolenimdecli
2122 1535 2392 1607 spiritalis
2418 1551 2550 1590 rore
2573 1554 2586 1603 ;
2616 1538 2674 1590 et
2706 1535 2949 1589 aliorum
2976 1534 3131 1589 bona
3153 1534 3742 1597 nitunturexsiccare,

417 1627 570 1680 natio
601 1625 826 1680 dicitur.
858 1625 1019 1679 Unde
1041 1642 1145 1697 per
1174 1626 1322 1680 filios
1362 1626 1484 1693 Lot,
1519 1626 1758 1698 maligni
1794 1626 2023 1697 spiritus
2050 1697 2082 1698 ί
2123 1627 2180 1678 et
2210 1623 2363 1696 nigri
2390 1624 2451 1678 in
2478 1623 2725 1695 peccatis
2774 1623 2833 1677 in
2867 1622 3108 1678 modum
3138 1622 3329 1689 corvi;
3385 1625 3443 1675 et
3462 1621 3741 1675 foramen

419 1712 838 1785 intelliguntur,
860 1712 977 1785 qui,
1001 1730 1133 1767 cum
1164 1713 1420 1784 primum
1450 1697 1723 1785 speciales
1763 1714 1865 1768 filii
1885 1713 2022 1768 fuis-
2047 1697 2099 1755 Β
2122 1711 2423 1783 serpentis,
2453 1710 2511 1764 id
2540 1714 2627 1765 est
2669 1726 2914 1765 caverna
2947 1709 3468 1781 serpentis,scilicet
3515 1708 3573 1761 in
3603 1705 3742 1778 qui-

419 1804 567 1869 sent,
601 1818 634 1856 a
656 1803 772 1857 Deo
799 1817 904 1874 per
930 1801 1324 1873 arrogantiam
1376 1802 1806 1857 declinaverunt
1833 1819 1847 1871 ;
1904 1802 2022 1874 qui,
2124 1800 2231 1855 bus
2258 1799 2481 1853 habitat
2509 1799 2770 1853 diabolus
2789 1798 2884 1871 qui
2911 1797 3367 1853 antonomastice
3387 1812 3621 1868 serpens
3643 1811 3745 1849 ve-

422 1888 699 1961 quoniam
724 1905 829 1960 per
851 1906 910 1944 se
940 1890 1123 1944 bonos
1144 1890 1408 1962 persequi
1460 1895 1777 1963 nequeunt,
1795 1890 2027 1962 iniquos
2126 1886 2353 1942 nenifer
2369 1886 2601 1942 dicitur.
2631 1890 2709 1941 Ac
2739 1903 2843 1959 per
2863 1904 3006 1958 quos
3027 1885 3197 1941 etiam
3227 1884 3415 1940 sibilat
3430 1887 3488 1939 et
3502 1883 3739 1955 pungit,

422 1976 816 2032 omnessibiin
844 1977 1195 2048 adjutorium
1219 1977 1819 2051 adjungunt,quorum
1836 1978 2024 2033 ofﬁcio
2126 1974 2266 2029 dum
2294 1992 2496 2030 eorum
2522 1976 2738 2047 linguas
2783 1974 2973 2030 ofﬁcio
3000 1974 3255 2046 perfidia
3274 1971 3746 2028 eterrorisveue-

419 2065 764 2119 multimode
787 2064 912 2120 illos
927 2064 1214 2136 affligunt.
1243 2065 1575 2122 Concessive
1607 2070 1802 2121 autem
1821 2066 2026 2139 agitde
2126 2079 2268 2117 num
2299 2062 2423 2117 aliis
2453 2061 2688 2134 ingerit,
2728 2079 2762 2117 a
2787 2061 3161 2118 similitudine
3205 2061 3509 2132 serpentis,
3543 2058 3640 2131 qui
3671 2057 3741 2113 in

423 2152 747 2223 perditione
773 2152 1002 2207 illorum
1031 2152 1490 2208 adversariorum
1520 2154 1616 2226 qui
1638 2157 1808 2210 erunt
1852 2155 2027 2210 eccle-
2126 2151 2511 2206 foraminibus
2568 2153 2626 2204 et
2655 2150 2913 2205 cavernis
2941 2150 3228 2218 habitans,
3275 2149 3410 2204 inde
3435 2147 3645 2213 sibilat,
3677 2149 3745 2201 et

424 2240 665 2295 siasticis
694 2240 905 2296 initiati
926 2241 1320 2310 sacramentis,
1367 2243 1479 2297 sic:
1511 2244 1658 2315 Ergo
1686 2243 1821 2315 quia
1863 2244 2026 2298 Moab
2127 2238 2466 2293 accedentes
2494 2237 2568 2293 ad
2593 2254 2651 2292 se
2678 2238 2907 2309 pungit,
2940 2241 2997 2292 et
3047 2236 3128 2292 eis
3178 2253 3467 2292 venenum
3498 2234 3740 2306 ingerit.

426 2332 486 2382 et
506 2329 698 2383 caeteri
729 2328 1039 2400 disponent
1063 2330 1344 2386 adversum
1374 2336 1440 2396 te,
1492 2331 1585 2401 fac
1618 2331 1721 2385 illis
1745 2333 1879 2386 sicut
1906 2329 2031 2385 Ma-
2128 2326 2246 2381 Hoc
2275 2329 2470 2381 autem
2490 2327 2776 2381 haereticis
2799 2326 3087 2384 convenit.
3122 2327 3188 2381 Et
3211 2328 3350 2381 sicut
3377 2326 3512 2393 Zeb,
3544 2324 3605 2379 id
3630 2328 3737 2389 est,

425 2415 575 2483 dian,
608 2415 669 2470 id
697 2419 782 2470 est
808 2419 1006 2488 utpote
1033 2416 1142 2471 illis
1163 2415 1261 2488 qui
1290 2421 1425 2471 sunt
1449 2418 1694 2485 Madian,
1724 2418 1783 2473 id
1813 2420 1899 2474 est
1945 2418 2033 2472 de-
2130 2418 2329 2487 utpote
2360 2414 2488 2469 illos
2519 2414 2615 2485 qui
2648 2418 2781 2470 sunt
2809 2415 2941 2481 Zeb,
2975 2415 3031 2469 id
3064 2418 3149 2469 est
3173 2414 3365 2486 lupus;
3396 2415 3742 2469 devorantes

427 2503 685 2557 clinantes
693 2503 984 2572 judicium,
1010 2503 1222 2558 scilicet
1240 2504 1365 2558 falsi
1389 2504 1695 2560 Christiani
1721 2509 1778 2560 et
1804 2506 2031 2560 haereti-
2133 2503 2273 2558 alios
2302 2502 2652 2570 tribulando,
2686 2503 2757 2557 ad
2786 2502 3185 2574 modumlupi.
3207 2504 3275 2556 Et
3288 2501 3743 2557 hocinfidelibus

428 2590 500 2659 ci,
525 2590 621 2662 qui
644 2592 1009 2662 reputatione
1023 2608 1124 2647 sua
1150 2592 1727 2662 declinantjudicium
1750 2594 2030 2662 futurum,
2135 2590 2422 2653 convenit,
2447 2594 2504 2645 et
2525 2591 2621 2663 qui
2651 2594 2784 2646 sunt
2810 2592 2864 2645 Ζ
2866 2591 2999 2658 ebee,
3026 2591 3086 2647 id
3110 2594 3195 2646 est
3222 2593 3437 2646 victima
3473 2590 3603 2661 lupi,
3632 2589 3749 2643 sci-

431 2677 643 2733 scilicet
668 2695 785 2733 non
817 2678 1030 2733 timent
1060 2682 1120 2733 ut
1159 2681 1220 2733 tu
1241 2679 1400 2749 justo
1421 2680 1638 2751 judicio
1873 2682 2034 2737 dam-
2138 2679 2391 2750 licet,qui
2409 2695 2512 2750 per
2538 2695 2715 2751 opera
2738 2681 2892 2735 mala
2919 2680 3148 2735 diabolo
3177 2680 3585 2747 sacriﬁcant,et
3603 2678 3750 2732 alios

433 2785 536 2823 nes
565 2784 666 2822 eos
691 2768 751 2822 in
774 2768 991 2836 futuro,
1022 2775 1072 2822 et
1107 2767 1325 2835 Sisara’,
1356 2768 1413 2822 id
1444 2772 1530 2849 est
1560 2773 1757 2842 utpote
1788 2770 1897 2826 illis
1942 2770 2038 2842 qui
2139 2768 2459 2824 sacrificare
2487 2769 2743 2841 cupiunt,
2773 2769 2869 2841 qui
2900 2770 3252 2842 lupusrapax
3282 2767 3749 2824 antonomastice

433 2860 570 2911 sunt
596 2856 807 2923 Sisara,
842 2856 898 2911 id
928 2859 1015 2911 est
1038 2859 1164 2928 equi
1184 2858 1316 2912 visio
1342 2858 1428 2911 vel
1455 2858 1680 2912 exclusio
1709 2859 1915 2929 gaudii,
1939 2859 2042 2913 sci-
2141 2856 2365 2913 dicitur.
2402 2857 2517 2911 Hoc
2543 2873 2676 2912 vero
2702 2858 2967 2928 congruit
3000 2857 3153 2911 falsis
3174 2856 3528 2925 Christianis,
3558 2859 3617 2911 et
3645 2854 3750 2927 qui

431 2945 566 3001 licet
596 2944 852 2999 videntes
874 2944 932 2998 in
955 2944 1286 3015 cognitione
1318 2961 1419 2999 sua
1445 2962 1675 3019 semper
1699 2964 1933 3019 equum,
1982 2946 2042 3001 id
2066 2967 2114 3027 α
2141 2949 2274 3000 sunt
2300 2944 2583 3012 Salmana,
2611 2944 2667 3000 id
2695 2948 2780 2999 est
2798 2946 3369 3017 umbrareommolionis
3398 2946 3483 3001 vel
3499 2961 3751 3000 consum-

435 3037 522 3089 est
551 3033 835 3088 luxuriam
866 3035 954 3088 vel
983 3033 1201 3088 bellum
1227 3034 1696 3090 contradictionis
1725 3039 1928 3091 contra
1946 3035 2046 3090 bo-
2142 3035 2296 3099 mali,
2328 3032 2541 3088 scilicet
2584 3032 2682 3104 qui
2718 3038 2851 3087 sunt
2889 3032 3083 3087 faciles
3126 3032 3200 3088 ad
3235 3033 3344 3088 hoc
3375 3036 3438 3088 ut
3463 3034 3537 3088 ad
3567 3048 3753 3088 omne

436 3139 565 3190 nos,
598 3123 756 3195 quod
786 3125 1100 3193 utrumque
1126 3138 1230 3193 per
1278 3138 1494 3194 equum
1555 3122 1915 3195 intelligitur,
1947 3123 2045 3195 qui
2145 3122 2365 3175 malum
2392 3125 2886 3190 commoveantur,
2921 3124 2983 3177 ut
3009 3122 3217 3176 umbra
3246 3137 3373 3194 quae
3402 3121 3476 3176 ad
3503 3121 3754 3176 modum

437 3210 795 3266 luxuriosum
830 3210 1049 3265 animal
1079 3214 1163 3265 est
1192 3214 1251 3265 et
1268 3210 1419 3264 bello
1452 3212 1746 3283 aptum,et
1769 3212 1866 3283 qui
1893 3213 2046 3266 male
2147 3208 2279 3263 solis
2325 3212 2610 3276 movetur,
2657 3212 2716 3263 et
2745 3208 2843 3281 qui
2872 3212 3006 3263 sunt
3035 3211 3261 3278 umbra,
3317 3210 3377 3264 id
3424 3214 3510 3265 est
3541 3210 3757 3264 obum-

439 3298 679 3353 vivendo
712 3298 1023 3352 excludunt
1049 3314 1083 3352 a
1110 3314 1168 3352 se
1199 3297 1476 3369 gaudium
1521 3302 1824 3353 aeternum.
1860 3300 1928 3354 Et
1953 3300 2047 3369 [ac
2145 3296 2295 3350 brati
2334 3295 2609 3364 caecitate,
2666 3300 2725 3350 et
2770 3297 2831 3355 in
2878 3297 3098 3353 malitia
3128 3296 3534 3364 consummati,
3567 3297 3627 3351 id
3666 3300 3761 3351 est.

442 3385 549 3439 illis
576 3385 766 3453 Jabin,
798 3384 859 3439 id
886 3390 972 3439 est
996 3385 1232 3453 damna,
1268 3388 1465 3456 utpote
1492 3385 1618 3441 illos
1648 3387 1743 3458 qui
1786 3390 1917 3441 sunt
1940 3386 2046 3441 Ja-
2144 3384 2402 3454 perfecti.
2430 3384 2711 3455 Adjungit
2740 3384 2916 3439 etiam
2952 3402 3185 3440 causam
3223 3402 3400 3458 quare
3438 3386 3507 3440 de
3545 3401 3759 3439 eorum

450 3471 558 3539 bin,
593 3471 651 3527 id
682 3474 769 3527 est
790 3472 1083 3526 intellectus
1116 3472 1203 3526 vel
1232 3476 1436 3543 sapiens
1463 3490 1476 3528 :
1510 3473 1721 3529 scilicet
1750 3474 1845 3547 qui
1873 3492 1931 3529 se
1961 3492 2048 3530 re-
2146 3472 2465 3542 dejectione
2497 3471 2574 3526 sic
2604 3472 2924 3528 concessive
2938 3476 3089 3545 agat.
3114 3475 3395 3545 Dicopone
3416 3476 3474 3528 in
3507 3474 3762 3529 damna-

445 3562 650 3633 putant
707 3560 995 3615 subtiliter
1038 3559 1448 3631 intelligentes,
1501 3578 1633 3616 cum
1666 3562 1893 3618 erronei
1935 3562 2049 3617 sint
2144 3559 2364 3614 tionem
2396 3560 2701 3632 principes,
2729 3578 2905 3615 omnes
2926 3565 3191 3634 principes
3231 3580 3434 3631 eorum,
3484 3562 3759 3634 inquam,

445 3650 506 3701 et
534 3646 822 3718 sapientes
853 3647 1219 3701 solummodo
1251 3649 1521 3704 carnalia.
1552 3650 1665 3705 Hoc
1680 3650 1913 3723 quidem
1929 3653 2046 3707 hm-
2146 3650 2243 3721 qui
2287 3648 2552 3716 dixerunt,
2584 3648 2642 3703 id
2672 3652 2757 3703 est
2786 3649 2883 3721 qui
2929 3649 3123 3707 dicent
3174 3650 3388 3705 scilicet
3441 3666 3599 3718 voce,
3633 3650 3765 3722 qui-

445 3734 637 3790 reticis
664 3735 952 3790 convenit.
975 3734 1131 3790 Sicut
1160 3734 1391 3791 Madian
1420 3745 1469 3791 et
1495 3736 1715 3806 Sisara),
1779 3747 1828 3794 et
1882 3740 2049 3795 Jabin
2150 3737 2285 3791 dam
2317 3740 2511 3791 autem
2539 3737 2693 3792 mala
2723 3737 3044 3806 affectione,
3064 3738 3300 3811 quidam
3327 3755 3464 3793 vero
3488 3738 3764 3793 dixerunt

448 3823 598 3891 dico,
622 3824 993 3879 existentibus
1015 3825 1070 3877 in
1092 3832 1339 3893 torrente,
1370 3826 1426 3880 id
1444 3828 1528 3881 est
1553 3827 1734 3882 nimia
1749 3829 2048 3884 abundan-
2150 3825 2272 3896 ipsa
2301 3825 2697 3896 persecutione
2731 3845 2743 3881 :
2787 3826 3108 3895 haerebitale,
3160 3827 3221 3882 id
3270 3829 3355 3882 est
3386 3826 3762 3882 hzereditario

446 3911 529 3967 tia
559 3912 776 3980 Cisson,
799 3912 857 3967 id
882 3915 967 3967 est
992 3912 1226 3980 duritiae,
1277 3913 1489 3969 scilicet
1534 3915 1634 3987 qui
1687 3916 2053 3971 abundanter
2150 3913 2348 3981 modo,
2368 3913 2727 3984 possideamus
2759 3914 2818 3969 in
2850 3914 3109 3970 dominio
3143 3918 3340 3971 nostro
3384 3917 3763 3969 seminarium

447 4003 583 4055 sunt
608 3999 665 4053 in
699 3999 942 4071 perfidia
972 3999 1244 4055 indurati.
1271 4001 1518 4057 Torrens
1543 4019 1678 4058 vero
1723 4019 1825 4074 pro
1866 4004 2048 4058 abun-
2147 3999 2343 4066 Dei,id
2364 4003 2449 4054 est
2489 4004 2750 4056 sanctum
2780 4002 3060 4073 populum
3088 4001 3434 4069 Dei,scilicet
3463 4002 3545 4056 ita
3582 4002 3763 4074 possi-

450 4086 649 4141 dantia
676 4087 928 4156 ponitur,
957 4104 1024 4142 eo
1058 4090 1212 4161 quod
1256 4090 1418 4161 aquis
1466 4090 1715 4146 nimium
1755 4092 2047 4148 exuberet.
2151 4087 2386 4142 deamus
2414 4090 2471 4142 et
2499 4088 2572 4143 ad
2598 4089 2825 4163 libitum
2853 4093 3115 4163 nostrum
3138 4091 3459 4145 excolamus
3473 4092 3759 4163 populum

448 4171 584 4228 Dico
617 4173 772 4245 quod
796 4174 1032 4229 initiatis
1060 4178 1450 4253 _sacramentis
1499 4179 1752 4234 concedo
1789 4183 1852 4234 ut
1877 4181 2051 4236 facias
2151 4175 2272 4243 Dei,
2303 4191 2408 4231 ceu
2437 4175 2680 4247 quilibet
2929 4178 3329 4234 hmreditatem
3344 4161 3508 4234 suam
3532 4161 3607 4233 ad
3624 4178 3758 4233 libi-

449 4261 593 4316 sicut
620 4261 953 4317 faciendum
979 4267 1085 4331 est,
1121 4264 1191 4319 de
1223 4282 1473 4336 quorum
1509 4267 1883 4323 damnatione
1930 4285 2048 4324 non
2148 4268 2273 4320 tum
2304 4281 2470 4319 suum
2505 4266 2758 4338 possidet
2782 4269 2840 4321 et
2868 4266 3095 4322 excolit.
3115 4268 3194 4322 Ac
3223 4266 3268 4322 si
3299 4267 3479 4321 dicat:
3503 4267 3637 4321 Ideo
3657 4283 3759 4322 eos

449 4352 535 4405 est
556 4349 798 4407 omnino
817 4354 1184 4420 constans,ee
1199 4352 1355 4425 quod
1378 4352 1575 4409 fideles
1589 4370 1711 4409 esse
1725 4355 2045 4425 videantur;
2071 4414 2114 4426 ﬁ
2137 4353 2437 4426 pone,quia
2448 4352 2639 4409 dicent
2660 4372 2674 4425 ;
2684 4354 3044 4426 possideamus
3063 4356 3434 4411 sanctuarium
3460 4353 3569 4409 Dei
3583 4355 3752 4411 hare-

412 4438 415 4441 ’
449 4437 521 4490 de
556 4437 933 4495 damnatione
987 4414 1122 4496 vero
1180 4414 1503 4496 infidelium
1549 4459 1669 4498 non
1695 4447 1924 4514 oportet
1954 4414 2122 4499 meD
2137 4414 2330 4496 ’ἀὶεατέί

448 4525 767 4580 concessive
805 4543 997 4597 agere,
1023 4544 1152 4582 cum
1172 4528 1297 4599 jam
1352 4530 1412 4584 in
1462 4530 1768 4586 manifesto
1803 4532 1893 4587 sit.
1939 4533 2049 4604 Ipsi
2221 4528 2484 4585 Ostendit
2513 4529 2749 4602 quidem
2801 4532 3096 4605 quomodo
3126 4532 3404 4588 concedat
3440 4548 3539 4587 eos
3589 4529 3755 4602 poni,

448 4628 701 4684 namque
724 4616 778 4667 in
814 4614 1002 4669 Endor
1049 4617 1375 4686 existentes,
1412 4618 1779 4689 disperierunt,
1835 4621 2051 4676 scilicet
2148 4634 2283 4672 cum
2314 4618 2392 4673 sic
2422 4618 2612 4674 addit:
2640 4619 2777 4675 Dico
2784 4638 2926 4692 pone
2934 4622 3230 4692 principes,
3264 4621 3478 4676 scilicet
3502 4621 3754 4675 hocmo-

449 4700 758 4756 existentes
776 4704 1142 4760 solummodo
1163 4707 1214 4758 in
1225 4706 1376 4776 fonte
1391 4709 1816 4776 generatiom'set
1841 4710 2047 4764 nolen-
2150 4704 2223 4759 do
2244 4722 2403 4776 pone,
2428 4722 2461 4761 ο
2493 4707 2639 4759 Deus
2663 4722 2847 4774 meus,
2865 4724 3007 4777 pone
3029 4707 3144 4762 illos
3159 4708 3255 4762 hic
3274 4715 3330 4761 ut
3349 4712 3545 4775 rotam,
3577 4707 3635 4762 id
3666 4710 3758 4763 est

412 4790 415 4791 ⁷
442 4790 529 4841 tes
556 4805 676 4843 esse
703 4789 761 4843 in
793 4790 957 4845 fonte
976 4792 1388 4862 generationis,
1412 4794 1470 4849 id
1501 4798 1586 4849 est
1618 4795 1677 4849 in
1702 4797 2046 4853 carnalitate
2147 4791 2361 4849 similes
2390 4796 2554 4861 rota},
2579 4796 2643 4848 ut
2672 4795 2969 4849 eleventur
3009 4796 3069 4850 in
3114 4795 3543 4867 posterioribus,
3576 4795 3635 4850 id
3665 4798 3756 4851 est

442 4892 543 4929 sua
572 4876 804 4943 scilicet,
839 4877 897 4932 in
923 4895 1036 4951 qua
1067 4881 1329 4950 generati
1352 4885 1506 4950 sunt,
1540 4882 1795 4954 ideoque
1840 4884 2048 4940 dicitur
2144 4879 2206 4935 in
2238 4882 2501 4950 terrenis,
2535 4899 2663 4955 quas
2683 4884 2813 4953 post
2829 4884 3299 4954 tergumsemper
3317 4883 3750 4955 relinquuntur,

439 4962 656 5030 fons,id
670 4968 755 5020 est
771 4964 1425 5038 origogenerationis,et
1451 4970 1714 5025 nolentes
1740 4972 2043 5043 pervenire
2145 4969 2285 5024 dum
2322 4973 2645 5038 transeunt,
2674 4973 2733 5024 et
2762 4970 3107 5042 dejiCianluI‘
3131 4970 3190 5025 in
3224 4970 3750 5040 anterioribus,SCi-

440 5049 514 5104 ad
543 5051 1013 5125 baptisma,quod
1032 5053 1161 5109 fons
1187 5057 1273 5109 est
1302 5055 1611 5111 salutiferae
1648 5060 2044 5129 regeneratio-
2142 5057 2275 5112 licet
2303 5057 2362 5112 in
2388 5058 2555 5112 bonis
2599 5057 2939 5130 cmlestibus,
2994 5076 3067 5114 ne
3098 5075 3167 5113 ea
3205 5058 3618 5131 adipiscantur,
3680 5062 3748 5114 ut

437 5136 548 5205 nis,
583 5138 969 5211 disperibunt,
1000 5141 1059 5195 id
1073 5145 1158 5197 est
1175 5142 1420 5198 omnino
1436 5143 1728 5214 peribunt.
1753 5146 1822 5199 Et
1844 5164 2044 5218 quam-
2141 5148 2520 5216 praesumunt,
2549 5162 2676 5217 quae
2707 5146 2999 5203 anteriora
3026 5149 3179 5214 sunt,
3211 5146 3269 5202 id
3292 5149 3379 5202 est
3408 5147 3594 5202 adhuc
3611 5163 3748 5202 ven-

410 5225 521 5309 ‘qvis
546 5226 788 5282 omnino
820 5231 1080 5299 pareant,
1106 5246 1223 5284 non
1246 5232 1445 5285 tamen
1467 5232 1652 5287 videri
1674 5232 1891 5288 debent
1911 5234 2039 5290 inu-
2140 5235 2299 5301 tura;
2329 5233 2401 5287 ad
2432 5233 2871 5290 similitudinem
2902 5237 3210 5307 rotae,quaa
3239 5234 3299 5290 in
3329 5235 3744 5308 posterioribus

430 5312 613 5395 tiliter
632 5331 753 5395 esse
782 5315 1260 5395 nascituri.__Nam
1289 5318 1436 5395 facti
1457 5324 1579 5395 sunt
1608 5324 1668 5375 ul
1691 5326 1892 5395 stercus
1942 5328 2042 5376 ter-
2141 5321 2395 5376 elevatur
2420 5324 2478 5376 et
2505 5322 2564 5376 in
2597 5322 2981 5378 anterioribus
3006 5322 3292 5395 dejicitur.
3329 5322 3496 5388 Quod
3530 5326 3616 5378 est
3660 5322 3750 5378 di-

427 5401 521 5451 rae,
559 5384 618 5439 id
643 5389 728 5440 est
755 5387 1180 5459 comparabiles
1199 5384 1462 5458 stercori,
1503 5390 1644 5446 ﬁmo
1689 5390 1902 5447 scilicet
1942 5410 2006 5449 su

2157 5425 2302 5467 :ere:
2339 5409 2617 5467 Permitte
2662 5427 2762 5467 eos
2789 5410 3242 5471 iaszecularibus
3276 5411 3627 5486 prosperari,
3671 5414 3736 5470 ut

436 5485 542 5557 per
567 5474 785 5536 terram
817 5473 1076 5556 disperso
1106 5475 1273 5558 :qui,
1312 5476 1447 5542 licet
1469 5477 1530 5541 in
1567 5494 1626 5541 se
1681 5477 1898 5543 fetidus
1936 5479 2015 5558 sit:

2158 5515 2200 5562 ,ιι
2237 5498 2556 5563 οωιθδιὶδιιε
2586 5498 2949 5583 dejiciantur,
2987 5502 3046 5562 et
3051 5516 3194 5580 pane
3228 5473 3355 5565 illo:
3399 5473 3543 5565 sicut
3594 5473 3737 5586 slum
