3998 6026
256 346 384 410 l08l

498 400 515 435 ,δ
1196 344 1550 415 EXPOSITIO
1588 354 1656 413 IN
1698 347 2032 414 PSALMOS.
2066 388 2135 398 —
2165 356 2361 415 PSAL.
2395 348 2631 414 LXXXIII

3438 364 3574 420 1032

255 470 385 541 Iam,
412 471 537 529 ante
563 474 780 545 faciem,
812 473 871 530 id
897 479 982 531 est
1002 478 1137 532 ante
1166 477 1426 550 inpetum
1441 481 1601 547 venti,
1634 479 1866 548 scilicet,
1888 492 1939 542 Α
1970 476 2146 533 Chore
2174 480 2230 533 in
2257 477 2418 551 ﬁnem
2467 476 2920 551 respicientibus,
2973 480 3028 535 id
3062 484 3146 536 est
3174 481 3233 536 in
3265 481 3575 549 Christum,

254 563 319 616 ut
347 561 426 617 sic
455 561 749 619 instabiles
774 563 890 619 sint
908 567 965 619 et
1007 566 1401 622 inconstantes
1430 568 1691 623 resistere
1735 585 1866 640 sug-

253 649 609 721 gestionibus
629 652 864 718 diaboli,
905 652 1049 709 sicut
1089 654 1299 727 stipula
1333 656 1621 712 eradicata
1668 657 1867 712 incon-

257 738 512 794 stansest
545 744 677 795 ante
708 740 993 814 impetum
1023 744 1282 810 venti;et
1310 744 1368 799 in
1382 744 1573 800 futuro
1591 763 1867 817 perseque-

258 831 332 883 ris
382 829 502 884 illos
585 831 641 882 in
690 836 993 901 tempestate
1069 840 1179 899 tua,
1212 832 1270 888 id
1301 836 1385 888 est
1416 834 1473 888 in
1499 834 1714 905 judicio
1746 839 1867 902 tuo,

260 918 417 989 quod
432 917 638 973 dicitur
658 920 986 990 tempestas,
1020 937 1088 976 eo
1132 922 1286 994 quod
1327 922 1511 977 bonos
1532 922 1745 977 amatis
1774 939 1873 977 se-

260 1005 509 1076 parabit,
544 1010 603 1061 ut
632 1010 943 1078 tempestas
960 1025 1143 1079 grana
1172 1013 1400 1082 separat
1417 1027 1450 1064 a
1461 1010 1656 1081 paleis,
1682 1012 1874 1082 paleas

256 1093 513 1165 rapiens,
546 1098 603 1149 et
634 1112 817 1166 grana
852 1096 1167 1152 dimittens.
1196 1098 1307 1152 Seu
1339 1098 1514 1153 etiam
1561 1102 1874 1170 tempestas

262 1182 494 1246 dicitur,
527 1200 594 1239 eo
621 1185 777 1256 quod
795 1184 980 1256 ipsum
1009 1187 1351 1258 angelorum
1368 1187 1675 1242 multitudo
1692 1188 1871 1242 comi-

260 1270 499 1340 tabitur,
522 1273 675 1344 quod
696 1273 879 1328 bonos
895 1291 929 1330 a
951 1275 1116 1329 malis
1134 1276 1442 1348 separabit,
1462 1276 1535 1331 ad
1555 1276 1876 1331 similitudi-

262 1373 402 1411 nem
428 1360 810 1430 tempestatis,
818 1361 983 1432 juxta
1013 1363 1167 1434 quod
1188 1363 1322 1418 alibi
1352 1364 1598 1436 legitur:
1621 1386 1645 1416 ι
1691 1366 1752 1417 In
1767 1363 1873 1419 cir-

264 1444 421 1500 cuitu
474 1446 596 1517 ejus
651 1450 963 1520 tempestas
1034 1452 1223 1507 valida
1276 1453 1445 1525 (Psal.
1478 1470 1621 1519 χιιι,
1656 1454 1731 1525 2);
1768 1475 1794 1501 ››
1827 1459 1877 1507 et

262 1537 396 1604 post
416 1537 821 1607 tempestatem
843 1540 899 1591 in
924 1540 1027 1606 ira,
1053 1538 1111 1593 id
1141 1543 1227 1595 est
1254 1539 1313 1594 in
1340 1540 1591 1596 vindicta
1646 1549 1735 1595 tua
1766 1548 1878 1595 tur-

268 1621 414 1675 babis
443 1638 547 1686 eos,
564 1639 696 1679 cum
725 1624 782 1679 in
802 1626 1135 1697 gehennam
1156 1628 1534 1699 ignisceterna
1551 1630 1873 1687 mittentur.

266 1709 404 1765 Dico
423 1716 770 1784 persequeris,
820 1715 897 1769 ita
929 1715 1143 1771 scilicet
1170 1718 1530 1790 persequeris
1576 1721 1711 1773 sicut
1739 1722 1877 1789 ignis

1969 583 2073 639 per
2099 583 2273 639 quem
2297 584 2354 621 se
2380 566 2452 621 ad
2481 566 2902 623 beatitudinem
2932 568 3126 623 venire
3154 570 3473 638 confidunt,
3521 573 3579 626 et

1969 655 2272 726 agentibus
2280 673 2384 727 pro
2406 655 2779 724 torcularibus,
2799 656 2856 710 id
2888 660 2974 711 est
2997 657 3069 711 ad
3083 658 3313 713 laudem
3333 659 3579 714 torcula-

1968 742 2141 808 rium,
2175 761 2300 815 qum
2332 744 2676 815 quibusdam
2708 744 2931 799 inutilia
2962 763 3082 800 esse
3131 745 3414 801 videntur.
3440 748 3578 802 Tor-

1969 832 2184 886 cularia

2257 832 2445 887 uidem
2461 848 2738 903 pressurae
2752 833 3189 889 tribulationum
3202 833 3486 903 dicuntur,
3511 852 3579 889 eo

1972 921 2126 991 quod
2380 921 2521 975 sicut
2534 921 2844 997 toreularia
2854 940 2987 978 uvas
3003 923 3354 995 exprimunt,
3374 928 3432 979 et
3454 942 3580 979 mu-

1973 1011 2211 1065 stumab
2260 1010 2440 1065 acinis
2469 1014 2757 1082 separant,
2810 1014 2868 1065 et
2921 1012 2980 1067 in
3013 1013 3322 1085 apothecas
3352 1014 3583 1068 Domini

1973 1096 2161 1169 ipsum
2191 1101 2443 1153 mustum
2477 1099 2656 1154 ﬂuere
2688 1099 2925 1167 faciunt,
2956 1101 3121 1155 acina
3146 1106 3472 1169 remanent,
3506 1103 3584 1157 sic

1976 1184 2483 1241 ettribulationum
2498 1203 2774 1258 pressurae
2792 1189 2973 1244 bonos
2988 1190 3379 1259 deprimentes
3401 1209 3415 1257 ;
3434 1191 3586 1263 ipsos

1975 1273 2259 1342 corporali
2280 1277 2465 1328 morte
2479 1292 2513 1329 a
2525 1275 2689 1329 malis
2702 1277 3138 1348 separant,dum
3155 1293 3356 1332 eorum
3375 1279 3583 1334 animm

1976 1360 2368 1431 acorporibus
2411 1366 2689 1433 separata:
2739 1362 2796 1416 in
2826 1365 3033 1418 cmlum
3066 1365 3413 1433 ascendunt;
3448 1365 3588 1421 mali

1975 1464 2133 1511 vero,
2164 1448 2628 1503 tribulationibus
2641 1449 2991 1515 deficientes,
3014 1452 3143 1507 illuc
3170 1452 3470 1524 pervenire
3492 1470 3588 1509 ne-

1977 1539 2215 1608 queunt.
2232 1536 2678 1592 Introducuntur
2694 1542 2887 1592 autem
2907 1539 3006 1593 filii
3026 1540 3230 1608 Chore,
3244 1541 3337 1595 hic
3350 1544 3590 1613 agentes

1978 1627 2035 1680 et
2055 1624 2204 1697 ipsas
2248 1625 2644 1681 tribulationes
2698 1627 3017 1695 laudantes,
3050 1644 3154 1699 per
3178 1646 3319 1700 quas
3367 1630 3592 1685 venitur

1978 1711 2051 1766 ad
2073 1712 2221 1767 atria
2265 1712 2394 1766 vita:
2438 1714 2681 1769 ccclestis
2728 1715 2799 1769 ab
2831 1716 2937 1769 hac
2979 1716 3131 1771 valle
3179 1717 3591 1787 lacrymarum.

267 1800 631 1870 persequitur
649 1800 857 1870 silvam,
878 1803 1235 1875 quicomburit
1253 1821 1389 1873 eam;
1412 1808 1469 1860 et
1487 1823 1604 1860 non
1625 1808 1880 1878 qualem-
1901 1812 1952 1870 B
1981 1800 2047 1854 Et
2072 1800 2181 1854 hoc
2202 1799 2331 1855 ideo
2355 1800 2591 1869 faciunt,
2616 1804 2677 1855 ut
2694 1801 2935 1856 incitent
2950 1803 3240 1859 auditores
3257 1804 3331 1858 ad
3370 1805 3591 1876 patien-

269 1901 497 1958 cunque
555 1887 780 1956 silvam,
860 1890 959 1945 sed
1006 1893 1141 1945 sicut
1188 1894 1432 1960 ﬂamma,
1488 1893 1547 1948 id
1600 1897 1686 1948 est
1732 1894 1881 1965 ignis

270 1972 532 2041 ﬂamma,
565 1976 870 2032 comburens
899 1984 1119 2047 montes,
1176 1980 1235 2034 id
1266 1984 1351 2035 est
1380 1980 1544 2036 silvas
1570 1982 1879 2050 montium,

270 2062 635 2134 persequitur
650 2064 799 2137 ipsas
824 2069 1133 2123 montanas
1148 2068 1333 2126 silvas.
1356 2068 1519 2133 Quod
1540 2073 1624 2124 est
1650 2069 1839 2125 dicere
1868 2087 1882 2125 :

273 2148 431 2204 Sicut
456 2150 605 2223 ignis
622 2151 681 2207 in
705 2153 855 2209 silvis
885 2154 1174 2211 montium
1215 2155 1312 2211 ubi
1330 2156 1633 2212 violentior
1649 2161 1752 2224 est,
1779 2174 1884 2229 pro

272 2236 457 2294 nimio
487 2239 707 2311 impetu
735 2245 1064 2309 ventorum,
1090 2244 1236 2299 adeo
1288 2244 1438 2315 ipsas
1481 2245 1643 2299 silvas
1693 2261 1886 2316 perse-

274 2325 471 2398 quitur
492 2331 553 2383 ut
584 2346 651 2383 ex
681 2333 803 2385 toto
835 2332 1110 2399 destruat,
1128 2333 1205 2387 sic
1218 2336 1276 2388 et
1294 2336 1376 2401 tu,
1406 2335 1574 2396 Deus,
1602 2333 1661 2388 in
1692 2334 1884 2389 futuro

269 2415 426 2487 justo
443 2416 663 2487 judicio
679 2423 1003 2492 persequeris
1023 2439 1125 2488 eos,
1155 2424 1217 2476 ut
1238 2421 1477 2477 omnino
1491 2422 1717 2493 perdas.
1748 2423 1888 2479 Orat

278 2507 472 2560 autem
505 2507 576 2561 de
609 2509 789 2563 salute
812 2511 1199 2582 quorumdam
1227 2510 1555 2584 principum
1585 2513 1884 2568 salvando-

278 2609 409 2648 rum
443 2610 456 2649 :
487 2595 621 2651 Dico
671 2614 813 2667 pone
844 2599 1111 2669 principes
1139 2604 1199 2653 ut
1241 2604 1433 2667 rotam,
1493 2598 1620 2655 illos
1676 2600 1888 2656 scilicet

280 2680 377 2753 qui
410 2682 727 2739 damnandi
748 2689 899 2755 sunt,
918 2687 1085 2759 facies
1105 2695 1282 2742 autem
1311 2705 1512 2756 eorum,
1542 2689 1600 2744 id
1619 2691 1705 2744 est
1748 2706 1885 2743 con-

280 2771 545 2827 scientias
565 2774 951 2845 quorumdam
968 2792 1171 2830 eorum
1184 2777 1590 2832 salvandorum
1621 2777 1777 2849 imple
1797 2778 1889 2833 hic

280 2860 597 2928 ignominia,
631 2861 688 2915 id
709 2865 795 2917 est
823 2864 1184 2931 verecundia,
1232 2864 1382 2919 scilic
1399 2868 1451 2919 et
1480 2869 1542 2920 ut
1569 2883 1627 2920 se
1677 2882 1886 2938 cognc-

281 2950 443 3001 scant
474 2948 890 3020 ignominiosos
928 2950 1063 3024 quia
1109 2956 1507 3024 peccaverant,
1536 2957 1595 3008 et
1621 2953 1700 3008 sic
1730 2970 1888 3009 vere-

281 3035 623 3091 cundentur.
678 3036 755 3093 Et
800 3055 907 3110 per
936 3040 1064 3108 hoc,
1098 3057 1131 3095 o
1164 3040 1428 3109 Domine,
1469 3049 1709 3114 quaerent
1742 3043 1891 3098 bene

279 3122 524 3179 vivendo
549 3141 740 3179 nomen
769 3132 942 3194 tuum,
974 3127 1033 3182 id
1054 3130 1139 3182 est
1174 3129 1460 3184 honorem
1482 3130 1737 3186 nominis
1773 3129 1887 3198 tui;

284 3211 634 3267 conscientia
684 3213 921 3286 quidem
951 3214 1080 3270 ideo
1111 3215 1284 3270 facies
1328 3216 1555 3285 dicitur,
1588 3217 1723 3291 quia
1748 3218 1894 3272 sicut

283 3296 343 3351 in
374 3296 521 3353 facie
547 3300 743 3368 rubor,
760 3301 857 3373 qui
878 3302 1237 3357 verecundiae
1255 3302 1484 3375 signum
1502 3307 1607 3372 est,
1627 3307 1888 3378 apparet,

283 3384 366 3440 ita
396 3384 453 3440 in
470 3387 819 3443 conscientia
839 3388 961 3460 ipsa
986 3390 1329 3445 verecundia
1362 3396 1579 3451 manet.

360 3474 682 3530 Revertitur
691 3480 885 3532 autem
899 3478 971 3532 ad
983 3479 1410 3535 concessionem
1424 3480 1893 3537 damnandorum

288 3562 398 3617 sic:
425 3564 560 3618 Dico
584 3568 646 3618 ut
675 3565 849 3620 facies
894 3567 1299 3622 salvandorum
1344 3568 1699 3639 impleantur
1729 3570 1893 3640 igno-

288 3651 492 3720 minia,
550 3653 867 3709 damnandi
914 3658 1109 3710 autem
1161 3656 1220 3711 in
1274 3657 1466 3712 futuro
1496 3659 1799 3713 erubescant
1823 3659 1897 3714 ad

290 3740 596 3808 damnum,
620 3741 819 3813 quihic
831 3742 1166 3798 erubescere
1188 3746 1392 3799 nolunt
1407 3745 1479 3799 ad
1496 3746 1892 3814 commodum,

288 3833 339 3881 et
367 3829 746 3883 conturbentur
774 3831 837 3885 in
865 3831 1114 3885 saeculum
1142 3831 1339 3899 saeculi,
1363 3832 1421 3887 id
1447 3836 1532 3887 est
1562 3834 1798 3889 doleant
1834 3834 1895 3889 in

289 3918 606 3986 aeternum;
640 3918 851 3990 repetit
886 3923 950 3974 ut
972 3920 1168 3988 addat,
1228 3927 1279 3975 et
1331 3920 1748 3991 con/undentur,
1806 3922 1893 3978 in-

289 4020 487 4076 quam,
545 4004 603 4060 id
656 4009 743 4061 est
814 4006 1250 4075 conturbentur,
1332 4016 1381 4062 et
1418 4017 1641 4080 pereant
1677 4014 1897 4068 aeterna

286 4095 572 4160 morte,et
586 4096 721 4148 tunc
749 4102 1063 4165 cognoscant
1091 4096 1247 4167 quod
1296 4095 1389 4151 hic
1410 4113 1757 4169 cognoscere
1789 4116 1895 4155 no-

282 4179 426 4249 lent,
453 4182 669 4236 scilicet
697 4182 838 4255 quod
872 4184 972 4238 tibi
997 4186 1081 4238 est
1107 4201 1297 4238 nomen
1334 4184 1499 4254 Deus,
1524 4185 1583 4241 id
1612 4190 1698 4241 est
1740 4188 1896 4259 quod

285 4269 494 4324 tusolus
508 4270 665 4341 juste
696 4273 844 4326 Deus
874 4272 1111 4340 vocaris,
1158 4272 1218 4327 id
1244 4276 1329 4328 est
1358 4273 1615 4342 Creator,
1669 4278 1728 4329 et
1756 4275 1898 4330 alius

1982 1886 2083 1941 das
2108 1887 2257 1959 ipsas
2311 1889 2897 1962 tribulationes;quaa
2953 1892 3034 1946 eis
3094 1896 3263 1946 erunt
3312 1893 3497 1960 utiles,
3532 1897 3594 1947 ut

1983 1991 2088 2046 per
2118 1992 2212 2030 eas
2230 1978 2570 2049 perveniant
2596 1979 2668 2033 ad
2699 1979 3142 2033 beatitudinem.
3195 1981 3274 2034 Ne
3304 1998 3438 2036 vero
3471 1984 3593 2038 solo

1984 2064 2193 2119 merito
2220 2064 2514 2137 patientia:
2530 2058 3053 2121 tribulationumad
3067 2068 3178 2123 hoc
3216 2086 3275 2123 se
3311 2085 3477 2141 posse
3499 2088 3594 2126 ve-

1987 2152 2111 2208 nire
2143 2156 2457 2224 prazsumat
2477 2153 2702 2225 aliquis,
2758 2155 3071 2210 ostendunt
3122 2156 3277 2228 quod
3306 2158 3496 2212 nullus
3520 2158 3594 2213 ad

1986 2242 2095 2296 hoc
2115 2242 2431 2313 perveniet,
2464 2242 2571 2297 nisi
2606 2242 2812 2298 fundet
2855 2260 3032 2315 opera
3057 2260 3158 2298 sua
3186 2243 3245 2298 in
3271 2262 3370 2316 spe
3398 2248 3455 2300 et
3480 2245 3593 2302 ﬂde

1986 2332 2045 2384 et
2076 2330 2401 2398 dilectione,
2426 2334 2483 2387 et
2510 2330 2613 2385 nisi
2643 2331 2819 2385 etiam
2854 2333 3002 2386 Deus
3054 2349 3189 2386 eum
3219 2332 3451 2403 adjuvet
3491 2348 3595 2404 per

1985 2418 2231 2491 gratiam
2246 2436 2407 2473 suam
2420 2420 2493 2474 ad
2508 2436 2805 2474 ascensum
2820 2419 3193 2475 beatitudinis
3211 2438 3225 2489 ;
3249 2421 3402 2475 unde
3415 2421 3594 2476 etiam

1986 2509 2243 2563 orantut
2288 2509 2435 2562 Deus
2463 2524 2563 2562 eos
2609 2508 2682 2562 ad
2713 2509 2820 2563 hoc
2875 2508 3123 2579 adjuvet,
3169 2524 3275 2579 per
3320 2508 3596 2564 meritum

1984 2594 2258 2650 bonitatis
2288 2594 2517 2663 Christi,
2580 2595 2786 2650 melius
2842 2612 2963 2649 esse
2994 2594 3247 2650 dicentes
3276 2595 3337 2650 in
3380 2599 3599 2651 aeterna

1985 2684 2338 2739 Hierusalem
2360 2702 2479 2739 esse
2497 2684 2676 2739 civem
2699 2685 3032 2753 minimum,
3050 2702 3225 2757 quam
3241 2686 3300 2741 hi
3313 2702 3333 2741 δ
3350 2686 3408 2741 in
3424 2687 3601 2758 Baby-

1983 2773 2143 2828 lonia
2192 2774 2415 2829 civitate
2478 2778 2850 2845 peccatorum
2924 2791 3219 2831 summum
3295 2779 3353 2830 et
3396 2775 3597 2848 prazci-

1986 2877 2193 2932 puum.
2714 2912 2717 2915 ,

2063 2948 2237 3015 Quam
2267 2950 2459 3005 dilecta
2494 2949 2839 3006 tabernacula
2872 2958 2985 3020 tua,
3014 2950 3071 3007 id
3102 2954 3186 3007 est
3222 2950 3440 3007 militias
3483 2953 3599 3006 tuas

1990 3054 2094 3109 per
2113 3038 2511 3094 tribulationes
2543 3056 2670 3111 quas
2693 3040 3037 3095 transitorios
3056 3044 3208 3107 sunt,
3240 3040 3313 3095 ad
3355 3040 3599 3095 modum

1990 3126 2519 3196 tabernaculorum,
2577 3128 2807 3183 Domine
2855 3129 3003 3183 Deus
3032 3130 3290 3182 virtutum
3323 3144 3599 3199 superna-

1988 3214 2156 3270 ruml
2190 3216 2270 3270 Ac
2300 3215 2345 3270 si
2374 3215 2526 3270 dicat
2552 3232 2565 3269 :
2592 3216 2733 3271 Cum
2783 3215 2916 3271 viris
2940 3216 3303 3271 saecularibus
3328 3216 3600 3272 dilectum

1990 3303 2062 3358 sit
2091 3306 2148 3357 et
2176 3304 2437 3371 charum,
2466 3320 2570 3375 pro
2601 3304 2964 3359 saecularibus
2993 3303 3241 3359 dominis
3268 3303 3372 3358 sub
3415 3305 3598 3359 multo

1990 3392 2427 3447 tribulationem
2473 3393 2730 3465 pondere
2760 3392 3034 3462 militare,
3067 3408 3200 3446 cum
3250 3395 3310 3446 tu
3363 3392 3599 3464 quidem

1993 3481 2138 3537 adeo
2170 3483 2377 3552 potens
2399 3480 2472 3535 sis
2520 3481 2675 3552 quod
2702 3484 2759 3535 et
2806 3481 3108 3535 virtutibus
3147 3480 3467 3536 coelestibus
3497 3480 3600 3535 do-

1995 3569 2252 3635 mineris,
2280 3586 2441 3640 quam
2472 3568 2662 3622 dilecta
2710 3572 2841 3622 sunt
2900 3569 3067 3623 nobis
3118 3569 3455 3623 tabernacula
3488 3576 3601 3636 tua,

1996 3657 2053 3711 id
2076 3660 2160 3711 est
2184 3656 2345 3712 valde
2368 3656 2533 3711 nobis
2551 3656 2772 3710 dilectas
2803 3660 2935 3710 sunt
2961 3657 3182 3711 militia:
3210 3660 3343 3723 tuas,
3376 3656 3434 3710 in
3465 3672 3600 3726 gra-

1996 3744 2226 3800 vissimo
2242 3744 2499 3816 pondere
2534 3744 2973 3798 tribulationum
3003 3744 3015 3798 l
3046 3745 3114 3797 Et
3142 3760 3247 3815 per
3264 3743 3387 3813 ipsa
3410 3743 3602 3797 taber-

1996 3834 2220 3900 uacula,
2239 3833 2559 3902 concupiscit
2598 3833 2780 3885 anima
2810 3848 2925 3886 mea
2973 3830 3275 3903 pervenire
3321 3831 3378 3882 in
3421 3831 3603 3900 patria

1991 3921 2235 3988 Domini,
2254 3920 2309 3975 id
2328 3924 2414 3975 est
2432 3921 2488 3974 in
2511 3919 2954 3992 amplitudinem
2968 3918 3321 3973 Hierusalem
3341 3916 3602 3985 caelestis,

1996 4026 2125 4083 qua:
2155 4008 2349 4063 civitas
2373 4012 2460 4063 est
2494 4006 2723 4063 Domini
2755 4024 2768 4061 :
2804 4008 2872 4061 Et
2896 4023 3013 4061 non
3046 4007 3234 4062 solum
3265 4008 3603 4077 concupiscit,

1995 4098 2095 4153 sed
2116 4104 2164 4151 et
2195 4095 2379 4169 deﬁcit
2407 4112 2512 4167 per
2542 4094 2943 4150 tribulationes
2967 4095 3040 4149 ab
3089 4095 3198 4149 hac
3225 4094 3341 4149 vita
3369 4093 3602 4162 scilicet,

1998 4185 2136 4240 dum
2163 4203 2197 4239 ιι
2226 4201 2469 4257 corpore
2500 4199 2603 4256 per
2624 4187 2918 4239 tormenta
2963 4186 3281 4254 separatur,
3311 4187 3374 4239 ut
3401 4199 3603 4256 perve-

1997 4272 2122 4327 niat
2148 4274 2205 4326 in
2228 4272 2354 4344 ipsa
2383 4274 2527 4326 atria
2553 4270 2800 4338 Domini,
2834 4287 2869 4325 a
2893 4269 3268 4325 similitudine
3297 4287 3441 4338 uvae,
3474 4288 3602 4343 qua:

285 4374 405 4413 non
436 4363 521 4413 est
549 4363 761 4430 praeter
789 4362 867 4428 te,
917 4364 975 4415 et
1005 4360 1161 4433 quod
1192 4365 1255 4416 tu
1284 4362 1436 4417 solus
1491 4380 1542 4417 es
1568 4362 1895 4433 Altissimus,
1915 4352 1969 4410 D
1997 4360 2190 4415 deﬁcit
2210 4360 2268 4414 in
2290 4358 2584 4426 torculari,
2617 4362 2679 4413 ut
2726 4360 2983 4415 mustum
3012 4375 3345 4430 expressum
3391 4359 3606 4415 deﬂuat

282 4446 346 4501 id
374 4450 460 4501 est
488 4447 1206 4519 Omnipotens-dominans
1231 4467 1388 4521 super
1415 4468 1623 4505 omnem
1645 4458 1842 4507 terram
1876 4470 1895 4518 ;

285 4538 365 4591 Ac
395 4537 442 4592 si
468 4537 655 4593 dicat:
682 4538 820 4593 dum
849 4537 942 4592 hic
970 4555 1099 4593 suas
1120 4539 1436 4594 voluntates
1464 4540 1676 4594 facient
1706 4544 1900 4597 ettuas

287 4629 584 4695 spernant,
616 4643 676 4681 se
698 4626 801 4681 tibi
831 4626 1249 4695 assimilabunt,
1278 4630 1335 4681 et
1367 4631 1420 4683 te
1452 4628 1636 4683 solum
1679 4630 1897 4684 Altissi-

287 4728 450 4768 mum
470 4730 592 4769 esse
616 4732 732 4769 non
769 4715 1089 4787 putabunt;
1132 4715 1289 4788 quod
1323 4715 1563 4771 tandem
1610 4716 1671 4772 in
1700 4717 1896 4773 futuro

287 4806 639 4873 cognoscent
660 4819 794 4859 cum
817 4804 969 4874 juste
998 4803 1289 4874 peribunt.

746 4892 816 4946 IN
840 4880 1166 4948 PSALMUM
1199 4892 1439 4947 LXXXIII

358 4978 568 5034 Psalmi
628 4979 966 5051 octogesimi
1010 4979 1163 5035 tertii
1217 4980 1530 5036 tituluszln
1581 4982 1744 5052 ﬁnem
1791 4998 1897 5055 pro

287 5067 656 5136 torcularibus,
676 5068 801 5137 ﬁliis
833 5066 1005 5124 Chore
1018 5068 1281 5140 psalmus.
1328 5068 1494 5134 Quod
1540 5069 1618 5125 sic
1658 5071 1900 5145 exponi-

284 5157 380 5209 tur
411 5172 425 5210 :
457 5155 709 5211 Psalmus
739 5156 843 5211 iste
909 5159 995 5212 est
1035 5157 1436 5213 attribuendus
1466 5158 1749 5231 adoptivis
1774 5160 1899 5229 ﬁliis

287 5241 483 5312 Chore,
507 5243 565 5299 id
596 5247 701 5313 est,
728 5244 995 5317 perfectis
1029 5245 1416 5301 imitatoribus
1435 5247 1714 5318 passionis
1744 5246 1901 5303 Chri-

285 5330 377 5400 sti,
407 5332 708 5403 agentibus
738 5350 844 5406 pro
876 5334 1258 5390 torcularibus
1286 5334 1607 5392 valentibus
1637 5337 1691 5388 in
1714 5335 1897 5404 ﬁnem,

285 5418 345 5475 id
371 5423 475 5488 est,
509 5421 811 5493 agentibus
853 5438 958 5494 pro
989 5422 1267 5496 pressuris
1292 5421 1748 5490 tribulationem,
1771 5440 1901 5495 quas

288 5506 363 5565 ad
382 5508 491 5564 hoc
519 5512 711 5566 valent
752 5514 817 5566 ut
865 5511 1157 5585 parientes
1185 5528 1245 5567 se
1273 5509 1486 5565 ducant
1529 5509 1587 5565 in
1611 5510 1813 5583 ﬁnem,
1839 5510 1901 5569 id

286 5598 372 5665 est
425 5597 853 5683 perfectionem
906 5603 1141 5663 aeternae
1198 5598 1594 5662 beatitudinis.
1645 5599 1746 5659 Vel
1768 5599 1901 5677 ﬁlii;

1997 4448 2057 4503 in
2089 4448 2321 4504 cellaria
2350 4447 2603 4504 Domini.
2637 4446 2780 4511 Quia
2814 4463 2948 4501 vero
2978 4447 3199 4501 dixerat
3227 4447 3384 4518 quod
3421 4449 3607 4503 anima

1997 4539 2334 4609 concupiscit,
2378 4539 2435 4591 et
2466 4537 2690 4591 constat
2714 4534 2856 4589 duas
2884 4550 3005 4588 esse
3035 4534 3183 4590 vires
3212 4534 3447 4603 animm,
3474 4536 3604 4591 sen-

1995 4625 2321 4680 sualitatcm
2336 4624 2550 4679 scilicet
2567 4624 2763 4696 (quam
2789 4622 2882 4677 hic
2901 4639 3138 4678 carnem
3160 4628 3344 4696 vocat,
3364 4641 3432 4680 eo
3451 4625 3609 4697 quod

1996 4730 2234 4769 carnem
2250 4716 2499 4786 vegetat,
2514 4715 2571 4767 et
2586 4730 2655 4767 ea
2683 4729 2810 4785 quae
2841 4711 3029 4768 carnis
3048 4716 3181 4768 sunt
3209 4713 3401 4787 sapit),
3423 4713 3603 4785 etapi-

1996 4802 2393 4869 ritualitatem,
2427 4818 2553 4875 quae
2580 4801 2757 4856 etiam
2784 4801 3143 4856 rationalitas
3173 4802 3381 4856 dicitur
3407 4802 3607 4873 (quam

1996 4889 2090 4945 hic
2119 4908 2210 4945 cor
2238 4893 2419 4958 vocat,
2453 4906 2521 4945 eo
2553 4889 2709 4961 quod
2732 4889 2885 4960 regit
2915 4892 2974 4944 et
2998 4889 3253 4961 disponit
3276 4887 3607 4943 sensualita-

1996 4984 2118 5035 tem
2142 4982 2200 5034 et
2230 4979 2416 5052 ipsum
2442 4978 2692 5051 corpus),
2748 4976 3000 5033 ostendit
3026 4976 3119 5030 hic
3148 4979 3456 5047 utramque
3484 4974 3605 5030 vim

1997 5068 2349 5125 exsultanter
2378 5082 2585 5138 cupere
2617 5065 2690 5120 ad
2707 5068 2988 5120 aeternam
3000 5060 3608 5131 beatitudinem,scili-

1997 5160 2087 5212 cet
2116 5156 2189 5211 ad
2206 5154 2678 5213 conformitatem
2707 5151 2815 5206 vivi
2840 5150 2940 5206 Dei
2972 5149 3333 5222 pertingere;
3361 5167 3494 5205 cum
3525 5153 3607 5206 ta-

1998 5263 2137 5301 men
2169 5243 2525 5308 sensualitas,
2545 5240 2653 5294 nisi
2670 5237 2864 5293 multis
2875 5236 3111 5310 jejuniis
3124 5239 3182 5291 et
3199 5236 3606 5294 afﬂictionibus

2000 5334 2125 5389 aliis
2155 5333 2442 5398 demetur,
2471 5330 2652 5385 soleat
2678 5342 2829 5397 saepe
2843 5323 3227 5397 spiritualitati
3257 5340 3604 5397 repugnare,

1991 5422 2159 5493 juxta
2182 5419 2323 5474 illud
2349 5404 2607 5489 Apostoli
2631 5430 2644 5469 :
2677 5435 2704 5463 «
2738 5412 2906 5480 Caro,
2924 5410 2982 5465 id
3002 5412 3087 5465 est
3105 5410 3612 5480 seusualitas,con-

2000 5507 2237 5583 cupiscit
2265 5505 2533 5562 adversus
2575 5500 2872 5575 spiritum;
2923 5497 3155 5573 spiritus
3184 5501 3379 5554 autem
3405 5502 3606 5557 adver-

1987 5616 2079 5663 sus
2106 5612 2346 5659 carnem
2371 5593 2527 5675 (Gal.
2557 5597 2610 5669 5,
2642 5590 2752 5671 t7).
2787 5613 2817 5645 ››
2848 5589 2993 5683 Cum
3047 5587 3223 5668 igitur
3251 5606 3511 5673 carnem,
3544 5591 3606 5659 id
