3998 6026
316 322 455 381 {085
488 366 489 371 η

1264 318 1622 381 EXPOSITIO
1654 321 1725 379 IN
1761 316 2098 381 PSALMOS.
2136 354 2209 367 —
2244 318 2445 382 PSAL.
2487 318 2722 383 LXXXIV

3504 324 3638 387 l086

314 441 582 499 videbitur
608 442 753 497 Deus
779 439 1017 509 deorum,
1051 444 1108 497 et
1136 459 1255 499 non
1298 443 1694 517 corporaliter,
1728 442 1827 499 sed
1855 443 1917 498 in
1942 448 1999 507 Α
2028 445 2084 498 et
2103 445 2352 500 ostendit
2372 445 2525 517 quod
2552 445 2611 500 in
2633 447 2979 519 perpetuum
2997 447 3175 516 dabit,
3189 448 3344 521 quod
3366 449 3635 522 amplius,

311 531 469 598 Sion,
502 531 561 586 id
576 533 662 587 est
681 529 739 585 in
761 531 993 603 specula
1006 532 1531 605 contemplationis.
1555 534 1635 587 Ac
1666 531 1710 587 si
1740 531 1921 587 dicat:

316 619 461 674 adeo
493 634 624 674 suos
650 616 1022 686 beatiﬁcabit,
1052 620 1434 674 etascendere
1454 620 1624 675 faciet
1641 620 1704 674 de
1728 620 1926 673 virtute

313 710 370 761 in
392 708 663 769 virtutem,
697 705 854 778 quod
883 706 1061 761 etiam
1091 725 1189 762 eos
1220 724 1278 762 se
1305 708 1479 763 faciet
1509 706 1923 780 contemplari,

386 795 525 850 Orat
535 798 729 849 autem
742 810 848 866 pro
870 794 993 867 ipsa
1011 794 1232 850 visione
1251 795 1350 850 Dei
1364 800 1422 850 et
1442 795 1921 863 beatitudine,sic:

313 883 452 938 Dico
484 883 639 955 quod
668 883 814 937 Deus
847 882 1067 936 deorum
1108 883 1392 937 videbitur.
1422 884 1490 936 Et
1518 887 1582 937 ut
1612 885 1669 937 te
1694 882 1923 941 videam

316 975 375 1026 et
419 971 622 1025 beatus
650 971 809 1025 ﬁam.
833 970 1079 1037 Domine,
1114 971 1209 1043 qui
1252 973 1460 1043 potens
1503 988 1581 1037 es,
1614 971 1749 1042 quia
1778 972 1924 1026 Deus

313 1061 575 1114 virtutum
617 1075 999 1131 supernarum
1051 1075 1130 1126 es,
1172 1059 1368 1114 exaudi
1399 1062 1694 1114 orationem
1725 1077 1919 1126 meam,

312 1146 449 1220 quia
485 1162 587 1202 oro
617 1149 678 1201 ut
705 1150 762 1201 te
793 1146 1043 1214 videam.
1092 1146 1355 1213 Auribus,
1389 1147 1650 1220 inquam,
1687 1149 1919 1218 percipe,

311 1234 372 1290 id
401 1237 507 1302 est,
542 1233 601 1287 in
628 1233 889 1306 potentia
918 1233 1327 1290 misericordiae
1350 1239 1462 1291 tuae
1494 1252 1598 1308 per
1614 1251 1791 1307 quam
1815 1237 1924 1290 cle-

311 1334 542 1387 menter
589 1330 842 1397 exaudis,
890 1332 1106 1402 percipe
1145 1330 1329 1402 ipsam
1373 1332 1721 1399 orationem,
1780 1332 1925 1386 Deus

310 1420 503 1476 Jacob.
534 1420 609 1475 Ac
645 1420 690 1474 si
725 1419 912 1475 dicat:
939 1419 1072 1486 Ora,
1102 1423 1165 1473 ut
1194 1419 1328 1492 quia
1356 1420 1500 1475 Deus
1538 1438 1598 1475 es
1629 1437 1794 1475 meus
1820 1421 1924 1474 Ja-

312 1509 533 1577 cob,sic
579 1508 758 1563 etiam
807 1510 956 1563 Deus
1004 1525 1166 1563 meus
1224 1511 1415 1577 Israel,
1466 1512 1530 1564 ut
1559 1509 1792 1576 scilicet,
1828 1508 1927 1582 qui

302 1597 435 1669 jam
462 1596 599 1651 facis
628 1613 722 1650 me
752 1599 987 1651 strenue
1019 1598 1365 1661 luctantem,
1396 1597 1575 1653 facias
1605 1614 1835 1669 quoque
1867 1602 1925 1652 te

312 1684 834 1756 contemplantem.
854 1684 1080 1739 Exaudi
1104 1687 1415 1753 orationem,
1453 1688 1511 1740 et
1530 1687 1746 1757 percipe
1775 1688 1925 1740 auri-

315 1773 408 1827 bus
437 1775 496 1827 et
546 1775 736 1843 aspice,
767 1772 950 1835 Deus;
982 1772 1138 1827 idem
1171 1778 1257 1829 est
1310 1791 1377 1828 ex
1408 1773 1711 1831 affectione
1745 1774 1927 1831 nimia

311 1859 483 1916 toties
501 1859 844 1932 repetitum;
877 1862 935 1915 et
963 1863 1047 1927 tu,
1067 1861 1211 1915 Deus
1226 1868 1497 1932 protector
1524 1870 1716 1930 noster,
1750 1879 1823 1917 ne
1868 1863 1925 1918 in

312 1948 781 2005 tribulationibus
818 1948 988 2020 hujus
1016 1949 1147 2003 vitae
1179 1949 1467 2017 deﬁciam,
1496 1952 1667 2021 aspice
1699 1968 1805 2006 nos
1834 1968 1923 2006 as-

313 2038 487 2109 pectu
530 2035 960 2104 misericordiae,
1003 2036 1064 2091 id
1113 2039 1198 2091 est
1246 2037 1414 2093 nobis
1472 2038 1926 2094 misericorditer

309 2124 501 2179 tribue
527 2126 590 2178 ut
614 2124 697 2178 tui
730 2125 1219 2196 contemplatores
1251 2125 1449 2193 simus,
1483 2126 1576 2197 qui
1610 2126 1926 2182 hoc‘nobis

312 2210 604 2283 impendis
642 2214 707 2265 ut
725 2217 995 2282 protector
1032 2219 1207 2267 noster
1237 2212 1310 2268 sis
1341 2213 1400 2268 in
1429 2214 1925 2271 tribulationibus.

310 2299 382 2353 Et
417 2299 573 2371 quod
600 2315 718 2354 non
748 2300 857 2355 hoc
887 2300 1121 2371 exigunt
1151 2303 1350 2356 nostra
1382 2300 1592 2356 merita
1614 2304 1677 2356 ut
1705 2318 1812 2357 nos
1836 2318 1924 2357 as-

312 2385 515 2459 picias,
543 2389 733 2458 respice
783 2389 839 2440 in
860 2388 1078 2458 faciem,
1107 2387 1165 2443 id
1199 2393 1287 2443 est
1336 2389 1395 2443 in
1427 2389 1925 2461 pulchritudinem

316 2473 596 2529 virtutum
617 2477 675 2529 et
690 2474 981 2530 bonorum
998 2492 1242 2548 Operum
1259 2475 1464 2532 Christi
1475 2477 1597 2532 Filii
1612 2480 1710 2545 tui,
1726 2478 1926 2551 capitis

314 2563 517 2631 nostri,
540 2562 752 2618 scilicet
774 2563 1078 2618 considera
1098 2565 1254 2636 quod
1275 2565 1383 2619 hoc
1416 2565 1782 2637 pulchritudo
1805 2566 1925 2621 Filii

314 2651 607 2707 tuiChristi
619 2652 882 2724 exigit,ut
893 2652 1058 2708 nobis
1073 2670 1176 2725 per
1194 2670 1328 2709 eum
1345 2654 1925 2710 miserearis.Faciem

316 2756 421 2813 pro
450 2739 877 2813 pulchritudine
895 2740 1080 2813 ponit,
1104 2758 1172 2796 eo
1200 2742 1356 2814 quod
1376 2742 1436 2797 in
1462 2743 1926 2799 faciehominum

316 2828 502 2882 soleat
526 2844 729 2883 eorum
756 2828 1126 2901 pulchrituno
1161 2829 1367 2884 notari.
1402 2831 1471 2885 Et
1497 2831 1628 2885 ideo
1652 2833 1919 2903 tantope-

315 2931 379 2969 re
403 2917 631 2987 postulo
662 2919 718 2970 te
762 2915 955 2971 videre
985 2919 1043 2971 et
1073 2916 1147 2971 ad
1193 2916 1320 2971 vitae
1352 2920 1585 2973 aeternae
1619 2918 1930 2974 beatitudi-

1953 1748 2004 1807 B

2025 535 2332 604 postquam
2362 533 2604 601 dederit,
2640 552 2744 589 non
2774 534 3023 606 privabit
3070 536 3213 591 bonis
3258 536 3408 593 illius
3437 538 3635 609 gloria:

2026 635 2110 673 eos
2133 623 2293 691 quiin
2315 623 2619 678 innocentia
2640 623 2949 678 existentes
2973 624 3270 692 ambulant,
3298 625 3356 691 id
3383 628 3467 679 est
3499 642 3632 698 pro-

2027 713 2335 765 moventur
2357 712 2427 767 de
2450 712 2603 766 bono
2629 729 2803 783 opere
2824 714 2896 768 ad
2915 715 3132 769 bonum
3166 731 3326 786 opus.
3359 715 3521 779 Quod
3550 718 3636 770 est

2029 796 2217 853 dicere
2252 815 2264 853 :
2299 799 2704 855 innocentibus
2729 800 2827 873 qui
2858 802 3005 857 bene
3038 802 3449 874 operabuntur,
3479 803 3641 857 dabit

2027 900 2096 939 ea
2133 885 2287 941 bona
2323 903 2336 941 :
2371 890 2429 942 et
2477 891 2786 959 postquam
2839 889 3065 944 dederit
3114 907 3230 945 non
3278 889 3545 962 privabit,
3580 893 3638 945 et

2022 972 2146 1027 haec
2176 974 2332 1029 bona
2374 977 2561 1030 nullus
2605 977 2858 1043 habebit,
2887 977 2933 1031 si
2989 977 3058 1032 de
3089 977 3169 1033 eis
3211 977 3633 1050 desperaverit;

2024 1062 2145 1130 sed,
2173 1080 2202 1117 ο
2225 1062 2453 1120 Domine
2484 1067 2745 1120 virtutum
2778 1083 3188 1137 supernarum,
3210 1067 3389 1121 beatus
3415 1067 3526 1121 erit
3555 1068 3638 1119 vir

2025 1149 2141 1217 ille,
2187 1151 2246 1206 id
2296 1157 2382 1207 est
2437 1153 2524 1208 his
2575 1154 2742 1210 bonis
2780 1154 3205 1209 beatiﬁcabitur
3252 1154 3345 1210 vir
3400 1155 3514 1222 ille,
3545 1155 3642 1226 qui

2022 1248 2194 1309 sperat
2226 1259 2295 1297 ea
2327 1260 2453 1314 quae
2485 1247 2618 1298 sunt
2648 1247 2703 1297 in
2745 1251 2812 1311 te,
2846 1243 3059 1299 scilicet
3096 1245 3252 1299 bona
3294 1244 3421 1297 ista.
3468 1244 3545 1296 Ac
3590 1242 3636 1296 si

2028 1327 2178 1382 dicat
2207 1345 2220 1383 :
2252 1329 2396 1384 Cum
2428 1332 2575 1385 Dcus
2604 1331 2881 1386 virtutum
2921 1331 3016 1398 sis,
3051 1330 3176 1404 quis
3207 1331 3432 1386 beatior
3462 1346 3635 1401 quam

2026 1418 2123 1486 qui
2144 1425 2317 1487 sperat
2344 1420 2399 1472 in
2432 1420 2526 1472 te?
2561 1420 2645 1474 vel
2678 1420 2855 1474 beatus
2888 1420 2996 1474 erit
3020 1419 3113 1473 hic
3149 1421 3243 1491 qui
3281 1426 3452 1489 sperat
3481 1421 3536 1472 in
3569 1425 3637 1485 te,

2028 1522 2147 1561 non
2178 1506 2239 1560 in
2269 1523 2349 1574 se,
2375 1508 2587 1562 scilicet
2614 1508 2712 1579 qui
2747 1524 2864 1563 non
2897 1508 3151 1564 conﬁdet
3181 1525 3240 1562 se
3286 1524 3391 1579 per
3429 1506 3640 1561 merita

2027 1610 2128 1647 sua
2155 1594 2229 1649 ad
2248 1595 2357 1650 hoc
2388 1596 2694 1667 attingere,
2742 1596 2844 1651 sed
2889 1612 2993 1667 per
3041 1599 3116 1651 te.
3152 1596 3259 1661 Qui
3303 1612 3437 1651 vero
3471 1595 3531 1649 in
3579 1612 3638 1649 se

2026 1683 2147 1736 solo
2182 1683 2437 1750 conﬁdit,
2475 1700 2776 1755 nunquam
2810 1684 3127 1755 perveniet.

2349 1755 2546 1842 339
2595 1772 2662 1825 IN
2706 1771 3031 1826 PSALMUM
3061 1772 3317 1826 LXXXIV.

2101 1858 2311 1914 Psalmi
2344 1859 2683 1931 octogesimi
2714 1859 2927 1931 quarti,
2960 1859 3156 1913 titulus
3189 1877 3202 1914 :
3242 1859 3305 1913 In
3333 1860 3492 1928 ﬁnem
3510 1858 3642 1928 ﬁliis

2029 1947 2165 2003 Core
2185 1948 2617 2020 psalmus.Quod
2650 1948 2728 2003 sic
2754 1948 3061 2019 exponitur
3096 1965 3107 2002 :
3143 1950 3396 2018 psalmus
3426 1947 3531 2002 iste
3559 1951 3644 2001 est

2026 2037 2336 2108 respiciens
2358 2037 2415 2091 in
2448 2037 2647 2104 ﬁnem,
2672 2036 2731 2091 id
2757 2040 2842 2090 est
2857 2035 2917 2090 in
2938 2036 3413 2108 Christum,cujus
3429 2036 3646 2090 beneﬁ-

2027 2125 2114 2180 cia
2139 2128 2339 2180 narrat
2361 2142 2487 2197 qua:
2516 2126 2773 2180 humano
2792 2124 2991 2197 generi
3014 2124 3277 2192 contulit;
3302 2128 3360 2179 et
3381 2125 3489 2179 hoc
3514 2124 3644 2178 ﬁliis

2026 2213 2253 2281 Core,id
2272 2216 2357 2267 est
2379 2213 2451 2268 ad
2474 2212 2779 2268 utilitatem
2801 2214 3031 2268 illorum
3062 2211 3159 2284 qui
3182 2210 3358 2266 futuri
3382 2214 3515 2266 sunt
3531 2211 3637 2266 ﬁlii

2028 2302 2191 2369 Core,
2214 2302 2271 2356 id
2309 2305 2394 2357 est
2424 2301 2746 2357 imitatores
2777 2301 2987 2356 Christi
3015 2300 3290 2356 cruciﬁxi.
3329 2302 3437 2355 Per
3466 2299 3639 2370 hujus

2026 2390 2230 2464 psalmi
2262 2391 2657 2445 narrationem
2692 2406 2810 2444 non
2840 2389 2982 2445 dicit
3011 2390 3142 2459 ﬁliis
3172 2387 3336 2455 Core,
3367 2388 3522 2461 quod
3547 2387 3642 2441 hic

2026 2480 2339 2549 loquantur
2367 2477 2469 2531 filii
2503 2478 2669 2545 Core,
2718 2478 2807 2532 vel
2840 2478 2990 2549 quod
3025 2477 3119 2532 hic
3150 2477 3223 2532 ad
3255 2493 3354 2531 eos
3395 2479 3641 2547 agatur;

2028 2567 2131 2622 sed
2147 2567 2302 2639 quod
2323 2567 2413 2621 hic
2428 2565 3348 2642 Propheta,ostendensbeneﬁcia
3364 2582 3469 2637 per
3488 2564 3644 2620 Chri-

2029 2659 2182 2710 stum
2206 2657 2462 2711 humano
2481 2655 2681 2727 generi
2703 2655 3156 2721 data,auditores
3173 2654 3293 2725 ipsa
3312 2653 3643 2709 narratione

2028 2744 2229 2799 incitat
2257 2747 2319 2799 ut
2350 2745 2473 2815 ejus
2503 2742 2830 2797 imitatores
2859 2743 3205 2810 efﬁciantur,
3239 2758 3274 2796 a
3302 2757 3416 2813 quo
3448 2743 3528 2796 eis
3561 2743 3644 2794 tot

2029 2832 2312 2887 beneﬁcia
2335 2833 2542 2888 collata
2570 2835 2705 2886 sunt
2734 2848 2747 2885 :
2775 2830 2928 2886 istud
2948 2830 3106 2885 enim
3137 2830 3217 2884 eis
3236 2830 3373 2884 utile
3396 2828 3643 2884 nimium

2029 2923 2133 2974 est.
2154 2921 2268 2974 Ista
2282 2937 2418 2975 vero
2431 2919 2735 2987 beneﬁcia,
2751 2920 2938 2974 adhuc
2955 2918 3013 2973 in
3028 2921 3293 2991 tempore
3315 2934 3415 2972 suo
3429 2918 3642 2985 futura,

317 3012 454 3057 nem
482 3004 848 3096 pertingere,
894 3004 1030 3096 quia
1057 3004 1154 3096 illa
1184 3022 1291 3059 una
1321 3004 1434 3096 dies
1479 3006 1925 3096 etiindeﬁciens,
1948 3035 1996 3096 Ο
2029 3007 2189 3096 quasi
2200 3008 2324 3079 jam
2346 3007 2641 3079 praeterita
2653 3024 2815 3063 more
2833 3005 3126 3078 praeterito
3154 3006 3438 3073 enuntiat,
3463 3009 3521 3061 et
3536 3021 3641 3078 pro

286 3116 289 3117 ν
317 3106 446 3162 quae
479 3095 566 3146 est
608 3094 665 3146 in
718 3094 872 3147 atriis
919 3094 1044 3160 tuis,
1078 3092 1139 3147 id
1185 3096 1270 3148 est
1300 3094 1516 3149 caelesti
1548 3094 1926 3164 Hierusalem,

316 3181 503 3237 melior
528 3190 607 3238 est
653 3200 808 3255 super
837 3183 1008 3238 millia
1041 3184 1265 3240 dierum
1296 3185 1467 3256 hujus
1496 3184 1646 3253 vitae,
1678 3186 1926 3243 inﬁnite.

318 3269 485 3336 Quod
512 3275 598 3328 est
626 3272 834 3329 dicere.
870 3272 1006 3328 Ideo
1030 3273 1293 3329 desidero
1324 3274 1398 3328 ad
1432 3276 1487 3327 te
1512 3275 1837 3346 pervenire,
1869 3278 1929 3331 et

319 3359 393 3414 ad
412 3359 591 3414 vitam
605 3362 885 3415 aeternam
908 3359 1402 3432 pertingere,quia
1417 3359 1515 3415 illa
1532 3378 1649 3417 una
1662 3363 1781 3417 dies
1801 3363 1930 3419 vitae

321 3450 576 3515 aeternas,
607 3465 735 3521 quae
753 3448 1089 3503 indeficiens
1112 3452 1218 3515 est,
1234 3448 1466 3521 dignior
1482 3454 1639 3505 estet
1658 3454 1934 3523 prmstan:

319 3533 436 3590 tior
465 3535 707 3591 infinitis
737 3535 990 3591 millibus
1021 3535 1245 3592 dierum
1284 3536 1455 3608 hujus
1480 3538 1633 3605 vitae,
1665 3539 1763 3610 qui
1799 3539 1936 3594 deﬁ-

320 3621 495 3678 cient.
555 3625 664 3678 Per
726 3623 837 3679 hoc
886 3627 1081 3679 autem
1140 3624 1294 3696 quod
1337 3625 1415 3680 sic
1445 3626 1621 3680 vitam
1652 3629 1935 3682 aeternam

323 3727 722 3796 commendat,
754 3726 1045 3782 auditores
1075 3728 1148 3782 ad
1205 3744 1335 3783 eam
1370 3729 1824 3802 perquirendam
1848 3730 1936 3786 in-

324 3811 517 3887 stigat.

399 3904 468 3957 Et
490 3903 626 3976 quia
656 3903 786 3959 talis
814 3905 901 3959 est
943 3903 1042 3958 illa
1104 3903 1225 3959 dies
1271 3920 1407 3972 una,
1434 3905 1569 3976 elegi
1595 3904 1851 3977 abjectus,
1876 3903 1937 3960 id

329 3994 415 4047 est
435 3992 710 4047 minimus
735 3992 870 4047 civis
895 4009 1000 4046 esse
1030 3994 1085 4046 in
1107 3992 1262 4047 domo
1291 3992 1419 4061 Dei,
1455 3993 1810 4049 Hierusalem
1830 4009 1939 4049 caa-

329 4080 475 4147 lesti,
506 4082 677 4150 magis
705 4096 870 4152 quam
907 4080 1169 4147 habitare,
1202 4078 1262 4135 id
1288 4083 1373 4135 est
1394 4080 1495 4135 diu
1525 4098 1767 4137 manere
1795 4099 1939 4155 pra:-

331 4167 529 4241 cipuus
558 4171 617 4222 et
663 4168 981 4223 honoratus
1014 4170 1073 4224 in
1103 4168 1456 4223 tabernaculis
1476 4175 1847 4240 peccatorum,
1879 4170 1940 4225 id

332 4256 494 4311 estin
526 4255 860 4311 transitoria
890 4255 1325 4311 conversatione
1358 4259 1728 4328 peccatorum
1760 4273 1937 4313 saecu-

2032 3095 2112 3151 eis
2138 3099 2286 3151 orat.

2102 3183 2450 3252 Benedixisti,
2483 3183 2544 3240 id
2569 3187 2654 3240 est
2683 3183 3009 3251 benedices,
3048 3183 3269 3237 Domine
3313 3183 3502 3250 Pater,
3538 3187 3641 3235 ter-

2032 3288 2150 3328 ram
2174 3279 2324 3327 tuam
2350 3273 2604 3327 futuram
2658 3288 2762 3343 per
2793 3271 3287 3340 benedictionem,
3336 3270 3493 3343 prius
3539 3285 3645 3342 per

2032 3362 2216 3416 Adam
2250 3361 2641 3416 maledictam.
2678 3363 2757 3415 Ac
2778 3360 2821 3414 si
2856 3360 3008 3415 dicat
3041 3377 3054 3416 :
3086 3361 3412 3415 humanum
3437 3375 3641 3430 genus,

2034 3450 2190 3522 quod
2219 3453 2371 3505 terra
2409 3450 2720 3504 dicendum
2750 3452 2835 3505 est
2864 3449 3182 3504 secundum
3212 3447 3643 3503 sensualitatem

2034 3555 2161 3610 quae
2173 3538 2416 3594 terrenis
2432 3538 2770 3604 estintenta,
2788 3537 3157 3591 maledictum
3180 3536 3289 3591 fuit
3309 3553 3413 3608 per
3432 3535 3640 3602 Adam,

2034 3627 2094 3682 id
2122 3630 2207 3682 est
2230 3626 2598 3681 humiliatum
2616 3625 2689 3679 ad
2707 3625 2844 3679 vitia
2863 3628 2921 3679 et
2947 3626 3098 3679 male
3123 3623 3650 3699 opera.Quodpree-

2036 3716 2329 3788 signatum
2352 3718 2437 3769 est
2457 3730 2561 3784 per
2574 3714 2683 3767 hoc
2703 3712 2858 3784 quod
2875 3712 3017 3766 dixit
3035 3712 3314 3766 Dominus
3336 3712 3409 3766 ad
3424 3712 3608 3767 Adam
3630 3728 3645 3767 :

2036 3822 2069 3856 α
2098 3802 2395 3859 Maledicta
2421 3804 2576 3855 terra
2615 3800 2675 3854 in
2704 3815 2879 3871 opere
2912 3802 3034 3866 tuo,
3075 3799 3267 3871 spinas
3297 3802 3354 3854 et
3402 3798 3646 3853 tribulos

2036 3889 2388 3964 germinabit
2417 3888 2518 3944 tibi
2545 3886 2711 3958 (Gen.
2739 3904 2794 3954 v,
2828 3887 2909 3957 l7)
2934 3904 2948 3941 :
2972 3908 3000 3936 »
3030 3886 3142 3942 Sed
3171 3890 3254 3954 tu,
3279 3886 3523 3942 Domine
3538 3888 3644 3941 Pa-

2038 3984 2146 4048 ter,
2172 3977 2477 4034 benedices
2508 3977 2648 4032 illud
2675 3993 2856 4048 genus
2884 3976 3230 4043 humanum,
3248 3975 3308 4030 id
3329 3977 3414 4030 est
3438 3973 3648 4029 exalta-

2037 4069 2123 4126 bis
2147 4069 2207 4123 in
2237 4067 2539 4122 virtutibus
2564 4068 2623 4121 et
2652 4064 2955 4136 operibus:
2981 4069 3039 4120 et
3068 4081 3171 4135 per
3198 4065 3307 4119 hoc
3322 4062 3649 4119 faciesillud

2041 4166 2243 4214 terram
2272 4164 2440 4222 tuam,
2461 4157 2522 4209 ut
2550 4154 2653 4210 tibi
2682 4153 2895 4208 scilicet
2908 4153 3166 4226 proferat
3184 4152 3439 4207 fructum
3457 4152 3643 4206 bono-

2039 4264 2173 4303 rum
2191 4262 2433 4318 operum
2458 4261 2471 4300 :
2502 4245 2570 4298 Et
2595 4242 2932 4315 priusquam
2963 4240 3291 4307 benedicas,
3309 4237 3644 4306 avertisti,id

328 4343 540 4400 larium
577 4344 857 4399 virorum.
906 4344 1175 4415 Abjectus
1225 4325 1461 4416 quidem
1513 4362 1618 4417 pro
1664 4332 2014 4400 minimusD
2041 4338 2127 4392 est
2156 4337 2376 4391 avertes
2413 4334 2777 4405 captivitatem
2817 4347 2851 4385 a
2887 4328 3073 4417 Jacob,
3126 4327 3339 4417 scilicet
3388 4325 3646 4417 maxima

330 4431 515 4506 ponit,
544 4448 661 4487 non
706 4432 862 4504 quod
909 4414 999 4486 ibi
1036 4414 1261 4503 aliquisw
1285 4414 1539 4503 abjectus
1595 4433 1820 4489 futurus
1847 4433 1940 4501 sit,
2042 4425 2271 4496 generis
2313 4421 2556 4478 humani
2598 4422 2784 4492 parte,
2831 4433 3007 4489 quam
3049 4416 3220 4471 facies
3248 4414 3433 4506 Jacob,
3467 4414 3527 4469 id
3558 4417 3647 4469 est

328 4504 430 4575 {sed
461 4518 739 4592 quoniam
755 4519 1033 4575 minimos
1048 4519 1239 4574 dicere
1256 4520 1657 4576 consuevimus
1668 4521 1940 4592 abjectos;
2040 4513 2278 4569 viriliter
2307 4513 2622 4566 luctantem
2645 4510 2844 4563 contra
2864 4505 3182 4573 diabolum,
3198 4508 3255 4559 et
3266 4504 3402 4589 vitia
3420 4507 3641 4559 avertes

329 4611 390 4662 et
422 4607 663 4679 quidam
699 4608 869 4662 erunt
895 4606 976 4662 ibi
1008 4606 1259 4674 minimi,
1293 4608 1530 4680 quidam
1550 4624 1683 4663 vero
1705 4608 1939 4676 summi,
2043 4620 2117 4657 ne
2148 4602 2261 4655 sint
2289 4599 2349 4654 in
2379 4599 2762 4669 captivitatem,
2795 4594 3007 4649 scilicet
3049 4611 3122 4649 ne
3177 4594 3238 4649 in
3287 4593 3644 4664 subjectione

319 4695 487 4767 juxta
510 4695 654 4750 illud
682 4695 944 4767 Apostoli
973 4711 986 4749 :
1022 4717 1051 4745 «
1103 4694 1261 4750 Sicut
1290 4696 1454 4750 stella
1479 4712 1514 4750 a
1542 4697 1707 4752 stella
1751 4696 1943 4751 differt
2042 4688 2255 4745 diaboli
2288 4690 2596 4742 teneantur
2623 4683 2849 4756 captivi.
2877 4684 2947 4737 Et
2975 4686 3281 4755 postquam
3312 4683 3532 4767 avertes
3562 4696 3651 4733 ca-

327 4766 389 4839 in
410 4782 691 4851 claritate,
722 4766 799 4838 sic
843 4785 902 4837 et
955 4782 1297 4838 resurrectio
1331 4787 1700 4840 mortuorum
1729 4783 1938 4845 (I‘Cor.
2029 4779 2354 4850 ptivitatem,
2408 4775 2657 4829 remisisti
2696 4773 3028 4845 iniquitatem
3063 4770 3231 4841 plebis
3284 4776 3409 4835 tua,
3448 4766 3508 4821 id
3564 4768 3652 4820 est

327 4886 454 4940 xxv,
485 4871 597 4943 42).
634 4891 663 4921 ››
714 4870 849 4926 Dico
900 4871 1056 4943 quod
1107 4872 1243 4941 elegi
1287 4872 1522 4943 abjectus
1549 4890 1654 4927 esse
1696 4874 1752 4927 in
1781 4872 1936 4928 domo

326 4959 454 5027 Dei,
485 4958 559 5014 ad
584 4974 762 5031 quam
800 4959 1043 5013 domum
1076 4975 1195 5014 non
1224 4960 1395 5015 credo
1414 4977 1509 5015 me
1540 4960 1763 5016 meritis
1794 4959 1939 5016 meis

328 5047 683 5120 pertingere,
707 5063 741 5102 ο
773 5046 1085 5115 auditores,
1114 5047 1214 5102 sed
1246 5064 1353 5118 per
1394 5048 1852 5104 misericordiam
1882 5053 1942 5103 et

326 5134 633 5189 veritatem
664 5133 787 5202 Dei,
825 5135 953 5205 quia
987 5135 1402 5189 misericordiam
1431 5142 1481 5189 et
1510 5139 1785 5191 veritatem
1817 5136 1941 5191 dili-

324 5223 406 5291 git
428 5220 593 5290 Deus,
630 5222 689 5277 id
716 5225 803 5277 est
828 5222 964 5295 quia
1003 5223 1152 5277 Deus
1186 5222 1512 5278 misericors
1549 5228 1635 5279 est
1665 5229 1724 5280 et
1748 5241 1933 5295 verus,

327 5309 427 5382 qui
454 5311 721 5384 promisit
749 5328 809 5367 se
826 5328 930 5367 nos
946 5312 1355 5384 perducturum
1378 5313 1453 5367 ad
1482 5314 1639 5368 illam
1671 5315 1935 5383 domum,

326 5399 397 5453 Et
418 5398 553 5472 quia
582 5399 906 5455 misericors
928 5403 1014 5455 est
1052 5404 1110 5456 et
1141 5416 1327 5469 verus,
1360 5399 1625 5455 Dominus
1646 5401 1796 5456 dabit
1816 5420 1939 5473 gra-

326 5489 461 5542 tiam
490 5494 541 5541 et
551 5487 873 5557 gloriam,id
885 5490 971 5544 est
991 5487 1305 5559 gratuitam
1327 5486 1576 5560 gloriam
1616 5488 1675 5542 in
1708 5488 1922 5559 futuro,

326 5572 544 5637 scilicet
553 5574 731 5634 vitam
752 5575 1304 5652 mternam.Exponit
1315 5577 1512 5632 autem
1525 5575 1734 5650 quibus
1746 5576 1930 5651 dabit,

2038 4865 2300 4922 remittes
2315 4864 2375 4918 in
2397 4863 2563 4936 plebe
2582 4865 2681 4917 tua
2699 4858 3275 4933 iniquitatem,scilicet
3296 4853 3647 4925 comprimes

2037 4955 2097 5010 in
2129 4971 2198 5009 ea
2224 4936 2494 5009 fomitem
2521 4951 2759 5024 peccati,
2791 4950 2851 5005 id
2880 4951 2965 5004 est
2979 4963 3216 5019 pravam
3242 4942 3647 5014 concupiscen-

2039 5043 2201 5112 tiam,
2232 5059 2305 5097 ne
2332 5042 2385 5096 ei
2415 5042 2741 5113 praevaleat,
2769 5040 2827 5092 et
2845 5037 2918 5091 ad
2949 5051 3185 5108 pravam
3213 5031 3501 5087 actionem
3516 5047 3646 5103 per-

2039 5133 2253 5188 trahat.
2286 5132 2356 5185 Et
2403 5129 2739 5202 priusquam
2786 5124 3156 5196 iniquitatem
3189 5120 3474 5183 remittas,
3519 5136 3643 5191 ope-

2039 5222 2214 5287 ruisti,
2245 5220 2303 5274 id
2322 5221 2408 5273 est
2428 5216 2673 5288 operies,
2689 5212 2902 5267 scilicet
2916 5212 3221 5282 demerges
3241 5212 3299 5264 et
3334 5208 3550 5263 delebis
3578 5207 3639 5263 in

2038 5309 2150 5379 bap
2158 5306 2587 5373 tismate,omnia
2589 5308 2808 5374 peccata
2821 5318 3000 5355 eorum
3013 5303 3134 5355 tam
3148 5298 3234 5355 ori
3239 5297 3453 5370 ginalia
3464 5310 3643 5368 quam

2037 5396 2300 5452 actualia.
2327 5394 2491 5459 Quod
2508 5391 2940 5465 praeﬁguratum
2962 5392 3047 5444 est
3066 5388 3128 5443 in
3140 5386 3271 5442 ﬁliis
3291 5387 3462 5440 Israel
3482 5401 3646 5441 mare

2036 5486 2297 5541 Rubrum
2310 5485 2451 5540 olim
2468 5477 3142 5546 transeuntibus;inimici
3159 5491 3407 5550 quorum
3429 5490 3463 5529 a
3480 5478 3644 5547 tergo

2038 5577 2350 5650 sequentes
2366 5571 2552 5646 operti
2572 5569 2777 5627 suntin
2801 5567 2972 5640 mari,
2994 5570 3053 5626 et
3071 5564 3320 5626 demersi
3331 5567 3391 5622 et
3407 5563 3645 5624 mortui.
