3998 6026
418 320 552 380 1087

1018 322 1076 378 S.
1104 316 1447 378 BRUNONIS
1487 312 2118 377 CABTHUSIANORUM
2157 314 2622 375 lNSTlTUTORIS
2663 314 2816 372 OPP.
2859 313 3057 371 PARS.
3097 315 3118 369 Ι

3588 317 3607 369 i
3618 314 3746 370 088

482 440 810 496 Notandum
828 440 984 513 quod
1003 439 1413 509 hascbeneticia
1433 456 1549 494 non
1574 442 1770 493 narrat
1782 438 2005 504 ordine;
2050 446 2105 505 Α
2128 438 2319 493 ctione
2350 438 2546 492 futura
2574 435 2784 491 mulier
2810 450 2936 506 qua!
2967 435 3189 504 septem
3218 431 3489 488 fratribus
3521 447 3748 502 nupse—

410 528 567 601 prius
588 529 744 584 enim
756 529 863 583 fuit
890 546 923 584 a
939 529 1270 600 captivitate
1282 544 1387 599 per
1407 527 1585 583 ﬁdem
1602 526 1803 593 averti,
1817 528 2018 598 postea

408 634 544 672 vero
558 620 794 690 peccata
811 617 1047 689 operiri,
1070 614 1127 672 et
1145 616 1223 671 sic
1242 619 1372 687 post
1397 615 1763 688 iniquitatem
1774 613 2015 682 remitti;

411 709 469 761 et
487 706 559 760 ad
577 707 843 761 ultimum
867 706 922 760 in
943 705 1108 760 bonis
1140 705 1410 778 operibus
1436 707 1495 759 et
1519 703 1816 759 virtutibus
1839 703 2016 757 bene-

412 794 628 849 dici.Ne
642 811 775 849 vero
788 794 1079 848 videretur
1089 792 1245 865 quod
1259 794 1480 848 nullum
1498 791 1655 846 aliud
1669 789 2016 845 beneficium

412 885 562 936 esset
579 883 908 949 collaturus,
937 882 1127 936 innuit
1143 881 1295 953 quod
1320 882 1502 935 multo
1530 880 1836 952 perfectius
1859 878 2018 933 dabit

411 968 469 1023 in
486 970 836 1037 futuro,cum
856 970 1014 1025 addit
1042 969 1495 1039 mita’gastLQuod
1516 968 1594 1022 sic
1611 968 2013 1022 continuatur:

412 1057 548 1113 Dico
569 1058 722 1129 quod
740 1057 1426 1127 benedices,captivitatem
1440 1056 2018 1127 avertes,im'quitatem

411 1146 689 1211 remittes,
700 1152 916 1216 peccata
940 1145 1195 1217 operias;
1225 1149 1281 1200 et
1313 1146 1421 1200 hoc
1448 1144 1622 1199 modo
1645 1145 1928 1213 mitigasti,
1960 1143 2017 1197 id

413 1236 498 1288 est
520 1233 809 1304 mitigabis
839 1251 1045 1288 omnem
1081 1236 1218 1288 iram
1248 1242 1417 1300 tuam,
1458 1232 1518 1287 id
1548 1234 1633 1286 est
1664 1229 2015 1286 omnismodi

408 1320 720 1376 vindictam
742 1325 935 1389 tuam;
969 1339 1033 1377 ac
1055 1322 1099 1377 si
1122 1321 1275 1377 dicat
1305 1338 1323 1376 ξ
1353 1320 1667 1375 vindictam
1690 1322 1849 1373 tuam
1864 1319 2012 1372 mul-

410 1408 631 1464 timode
644 1408 701 1463 in
714 1410 969 1464 humano
984 1426 1199 1480 genere
1214 1410 2017 1480 exerces,propterpeccatum

411 1497 571 1565 Adin,
595 1513 726 1551 cum
749 1497 888 1551 illud
911 1497 1138 1552 diabolo
1158 1514 1259 1569 per
1276 1498 1428 1551 mala
1450 1512 1629 1569 Opera
1649 1495 1850 1565 subjici
1882 1510 2017 1565 per-

413 1584 616 1647 mittis,
646 1589 704 1639 et
734 1584 1028 1655 captivari,
1058 1588 1116 1639 et
1146 1585 1511 1657 iniquitatem
1543 1585 1666 1655 ejus
1696 1582 1937 1650 intendi,
1959 1585 2016 1637 et

2122 530 2253 596 rat;
2284 526 2493 598 quibus
2517 524 2796 580 Dominus
2824 521 3157 595 respondit:
3193 521 3309 577 «In
3328 519 3743 592 regeneratio-

2122 632 2196 671 ne
2210 630 2398 686 neque
2412 614 2632 669 dubent
2648 628 2836 684 neque
2859 612 3151 666 nubentur
3172 610 3322 681 (Luc.
3354 627 3444 664 xx.
3469 611 3558 675 33,
3578 612 3741 679 35).»

2120 705 2276 759 Hanc
2335 706 2532 757 autem
2579 699 2963 773 quaestionem
2994 715 3099 771 per
3129 698 3353 771 singula
3373 696 3557 762 solvit,
3591 712 3741 751 cum

2121 791 2385 862 adjungit
2407 790 2578 845 :Vere
2600 806 2720 845 non
2740 790 2980 844 irasceris
2995 790 3052 841 in
3072 794 3328 842 aeternum
3346 802 3358 840 :
3375 785 3476 840 sed
3506 792 3563 838 tu
3580 786 3744 840 Deus

2118 878 2179 933 in
2210 879 2405 933 futuro
2431 895 2705 932 conversus
2729 878 2800 931 ab
2832 877 2918 931 ira
2948 876 3020 931 ad
3052 874 3507 930 misericordiam
3546 875 3737 941 viviﬁ-

2118 968 2260 1022 cabz's
2288 983 2404 1033 nos,
2439 965 2834 1021 resuscitando
2864 968 2921 1020 et
2947 964 3307 1021 immortales
3332 962 3621 1018 faciendo.
3659 963 3742 1016 Et

2119 1073 2235 1112 non
2252 1055 2491 1109 extendes
2522 1055 2662 1109 iram
2697 1060 2867 1120 tuam,
2901 1072 2935 1107 a
2980 1055 3320 1124 generatione
3348 1054 3403 1105 in
3432 1054 3741 1121 generatio-

2118 1162 2270 1208 nem;
2291 1142 2425 1216 quia
2436 1143 2585 1213 plebs
2610 1150 2723 1209 tua,
2744 1159 2849 1198 nos
2873 1142 3085 1197 scilicet
3104 1145 3163 1197 et
3184 1139 3734 1205 nostriconformes,

2120 1233 2386 1289 laetabitur
2416 1233 2471 1284 in
2503 1238 2569 1297 te,
2590 1231 2649 1285 id
2679 1233 2764 1285 est
2792 1229 3234 1303 participatione
3255 1228 3739 1300 impassibilitatis

2118 1323 2255 1377 tute.
2300 1321 2378 1374 Ac
2408 1319 2452 1375 si
2486 1319 2671 1374 dicat:
2705 1320 2865 1373 nulla
2906 1318 3290 1373 sollicitudine
3319 1316 3598 1389 passionis
3623 1332 3736 1370 an-

2118 1408 2432 1464 xiabimur:
2465 1408 2567 1462 sed
2589 1408 2661 1461 de
2694 1406 3139 1479 participatione
3166 1405 3433 1479 gloriosa:
3459 1405 3734 1477 impassi-

2118 1497 2356 1553 bilitatis
2376 1501 2488 1551 tua:
2518 1495 2872 1551 lastabimur.
3223 1550 3229 1554 _

2190 1585 2326 1641 Orat
2343 1585 2518 1641 etiam
2535 1585 2606 1639 de
2626 1585 2826 1651 hoc,ut
2844 1583 3162 1654 contingat,
3185 1581 3260 1637 sic
3280 1599 3292 1636 :
3320 1581 3457 1637 Dico
3488 1581 3733 1651 viviﬁca-

413 1674 659 1729 mortale
673 1677 728 1729 et
740 1673 1006 1745 passibile
1019 1691 1161 1729 esse.
1181 1675 1338 1729 Hanc
1351 1676 1545 1729 autem
1559 1672 1868 1727 vindictam
1895 1689 2011 1726 non
2034 1696 2085 1754 Β
2120 1675 2195 1728 bis
2224 1673 2401 1729 nonin
2424 1673 2638 1739 futuro,
2656 1679 2705 1727 et
2729 1672 3028 1726 letabimur
3058 1674 3180 1725 inte
3202 1670 3382 1735 ;etita
3400 1669 3499 1737 sic,
3532 1671 3731 1725 Domi-

412 1761 504 1817 hic
528 1778 592 1815 ex
606 1765 726 1817 toto
759 1761 1003 1828 auferes,
1037 1763 1133 1817 sed
1158 1762 1579 1834 aliquantulum
1601 1760 1892 1831 mitigabis
1920 1759 2013 1813 hic

411 1849 603 1905 omnis
629 1849 787 1905 modi
819 1849 1290 1918 vindictam,cum
1313 1849 1617 1904 benedices
1638 1853 1696 1903 et
1715 1847 2011 1920 captivita-

412 1942 532 1993 tem
564 1942 804 1993 avertes.
836 1940 897 1992 ln
927 1939 1121 1993 futuro
1147 1956 1281 1994 vero
1307 1940 1564 1998 avertisti,
1595 1937 1651 1991 id
1683 1939 1769 1991 est
1798 1938 2017 1990 avertes

410 2029 467 2081 te
487 2027 554 2080 ab
573 2028 655 2080 ira
672 2026 1049 2097 indignatioan
1065 2035 1186 2082 tuae.
1208 2027 1534 2099 Indignatio
1549 2026 1694 2081 solet
1705 2024 2017 2096 aliquando

411 2114 551 2187 poni
568 2130 671 2185 pro
693 2115 890 2170 leviori
912 2115 1015 2183 ira;
1040 2115 1141 2169 sed
1158 2116 1216 2169 in
1247 2114 1360 2170 alia
1380 2113 1752 2170 translatione
1772 2113 2019 2167 habetur

412 2202 481 2257 ab
511 2204 591 2256 ira
613 2203 826 2272 furoris
859 2205 956 2257 tui.
992 2204 1154 2259 Unde
1189 2202 1532 2275 colligimus,
1552 2200 2016 2272 indignationem

412 2289 505 2346 hic
536 2306 640 2362 pro
673 2290 950 2346 nimiaira
970 2291 1128 2362 poni.
1154 2292 1223 2345 Et
1242 2293 1328 2346 est
1347 2290 1607 2346 additum
1638 2289 1712 2344 ad
1742 2287 2016 2343 determi-

419 2379 741 2446 nationem,
773 2382 836 2434 ut
861 2379 934 2434 sit
966 2379 1139 2435 dictio
1165 2379 1543 2445 intransitiva,
1577 2378 1654 2432 sic
1688 2395 1701 2432 :
1734 2378 1796 2432 in
1823 2377 2013 2432 futuro

417 2469 641 2522 avertes
660 2470 718 2522 te
740 2467 805 2521 ab
834 2472 918 2521 ira
942 2467 1327 2537 indignationis
1356 2475 1482 2534 tua,
1503 2467 1555 2521 id
1592 2469 1677 2521 est
1706 2466 1778 2520 ab
1811 2465 1906 2519 illa
1931 2464 2018 2518 ira

415 2570 544 2626 quae
573 2554 894 2625 indignatio
922 2555 1279 2611 dicenda.est
1300 2572 1367 2610 eo
1393 2554 1547 2627 quod
1578 2570 1793 2625 magna
1819 2545 2018 2619 sit,sci-

413 2640 549 2696 licet
577 2644 798 2697 avertes
829 2645 885 2697 te
915 2660 949 2698 a
979 2659 1194 2715 magna
1222 2643 1473 2698 vindicta
1496 2644 1614 2697 tua.
1643 2640 1813 2706 Quasi
1843 2655 2020 2711 pone-

360 2764 367 2769 ο
413 2732 504 2784 ret
536 2746 549 2784 :
584 2729 681 2785 Hic
709 2730 970 2786 remittes
989 2731 1070 2785 eis
1096 2747 1330 2804 parvam
1358 2731 1691 2799 vindictam,
1713 2745 1889 2801 quam
1911 2744 2016 2799 pro

413 2821 648 2889 peccato
669 2819 807 2873 Adae
850 2818 911 2874 in
956 2819 1038 2874 eis
1085 2835 1337 2886 exerces,
1382 2819 1767 2874 intentionem
1804 2817 2020 2872 scilicet

413 2906 751 2980 iniquitatis,
767 2910 825 2962 et
843 2911 1051 2963 caztera
1070 2908 1401 2979 hujusmodi
1421 2926 1548 2980 quas
1574 2907 1803 2962 minora
1818 2906 2017 2960 dicun-

411 2997 526 3062 tur,
568 3012 637 3051 eo
659 2996 814 3068 quod
852 3013 971 3052 non
1001 2997 1080 3051 sic
1103 3013 1342 3068 gravare
1367 2998 1548 3052 malos
1567 2995 1854 3062 videntur,
1886 3009 2019 3049 cum

417 3042 526 3062 -_-,
572 3042 634 3051 ν-
661 3042 814 3068 η..--
852 3042 971 3052 -..,..
1001 3042 1079 3051 νη
1103 3042 1342 3068 ουν-.-
1369 3042 1548 3052 ...ηπ
1578 3042 1854 3062 .-..------,
1890 3042 2019 3049 η---

413 3083 603 3156 potius
632 3084 692 3138 in
708 3084 786 3138 eis
819 3084 1178 3140 delectentur
1204 3102 1218 3154 ;
1253 3085 1311 3139 in
1334 3085 1527 3140 futuro
1558 3101 1691 3140 vero
1708 3087 1928 3139 avertes
1947 3082 2018 3136 ab
2042 3042 2089 3101 Ο

416 3171 498 3226 eis
525 3172 812 3243 majorem
843 3172 1180 3241 vindictam,
1214 3190 1341 3244 qua:
1370 3189 1490 3244 prae
1517 3173 1700 3227 nimia
1726 3171 2016 3243 magnitu-

417 3255 554 3314 dine
583 3276 686 3314 sua
711 3260 869 3315 furor
901 3260 1127 3323 dicitur,
1144 3261 1356 3316 scilicet
1378 3261 1789 3315 mortalitatem
1812 3262 1869 3313 et
1897 3274 2021 3330 pas-

418 3346 770 3415 sibilitatem,
803 3364 931 3419 qua:
989 3348 1143 3420 ipsos
1196 3349 1371 3403 etiam
1630 3348 1813 3403 malos
1855 3346 2019 3401 valde

418 3438 681 3505 gravant,
697 3435 941 3506 ideoque
971 3436 1162 3507 major
1182 3436 1431 3491 vindicta
1462 3436 1733 3491 dicuntur
1761 3439 1817 3490 et
1835 3435 2016 3490 furor.

492 3522 630 3577 Orat
660 3526 856 3578 autem
889 3524 1045 3595 quod
1075 3524 1414 3591 enuntiavit,
1445 3524 1523 3579 sic
1543 3541 1557 3580 :
1579 3524 1714 3579 Dico
1746 3524 1902 3595 quod
1926 3524 2023 3578 be-

417 3609 671 3674 nedices,
711 3614 770 3666 et
811 3614 1171 3683 captivitatem
1216 3616 1458 3681 avertes,
1491 3616 1599 3668 etc.
1628 3614 1695 3668 Et
1725 3613 1803 3668 sic
1832 3613 1953 3679 fiat,
1986 3628 2019 3666 ο

414 3699 562 3755 Deus
584 3701 858 3769 salutaris,
883 3701 941 3756 id
971 3705 1058 3757 est
1086 3704 1338 3758 salvator
1366 3708 1559 3772 noster,
1583 3708 1827 3757 converte
1858 3717 1953 3755 nos
1985 3717 2021 3755 a

417 3789 823 3846 maledictione
875 3791 948 3846 ad
994 3791 1482 3859 benedictionem,
1524 3808 1560 3847 a
1600 3790 1926 3862 captivitate
1959 3788 2019 3843 in

415 3877 769 3948 libertatem,
797 3880 869 3935 ab
910 3879 1231 3936 intentione
1265 3880 1584 3952 iniquitatis
1621 3880 1696 3935 ad
1730 3876 2019 3935 remissio-

418 3982 559 4021 nem
592 3982 607 4021 :
640 3984 675 4021 a
704 3970 1070 4038 peccatorum
1108 3968 1383 4025 instantia
1427 3969 1502 4025 ad
1536 3984 1738 4024 eorum
1775 3966 2022 4040 opertio-

419 4069 560 4108 nem
587 4055 645 4108 et
668 4053 1103 4111 dimersionem.
1522 4064 1529 4067 '

492 4141 561 4194 Et
581 4139 693 4195 dixi
721 4142 875 4213 quod
892 4142 949 4197 in
961 4143 1153 4199 futuro
1171 4147 1391 4200 avertes
1406 4145 1555 4200 iram
1575 4141 2020 4216 indignationis;

2119 1780 2213 1830 ne,
2241 1762 2455 1816 ostende
2479 1762 2634 1815 nobis
2655 1761 2714 1816 in
2737 1761 2930 1815 futuro
2952 1760 3104 1815 hanc
3118 1759 3534 1814 misericordiam
3555 1765 3728 1825 tuam,

2119 1851 2353 1918 scilicet,
2405 1848 2843 1905 vivificalionem
2891 1853 2949 1904 et
2982 1849 3243 1905 lietitiam
3275 1847 3733 1903 misericorditer

2120 1936 2397 1995 dandam.
2423 1939 2490 1993 Et
2516 1955 2631 1993 non
2652 1938 2730 1992 sic
2761 1938 3029 1993 ostendas
3059 1940 3124 1991 ut
3151 1953 3269 1991 non
3302 1936 3400 1991 des
3420 1935 3585 1999 (sicut
3603 1951 3735 2007 per-

2121 2027 2318 2094 dendi,
2347 2027 2420 2082 ad
2449 2026 2970 2082 accumulationcm
3000 2025 3248 2081 miserias
3273 2041 3410 2094 sum,
3436 2025 3729 2079 bonorum

2121 2115 2372 2188 gloriam
2397 2116 2692 2183 videbunt,
2722 2131 2897 2187 quam
2916 2131 3033 2169 non
3055 2112 3504 2180 habebunt),sed
3519 2111 3731 2167 ostende

2119 2208 2178 2260 et
2202 2206 2275 2260 da
2297 2204 2444 2259 nobis
2471 2204 2703 2259 salutare
2732 2210 2902 2271 tuum,
2936 2202 2995 2258 id
3026 2206 3116 2257 est
3155 2200 3530 2257 salvationem
3565 2200 3724 2255 illam

2092 2291 2516 2348 .viviﬁcationis
2545 2295 2605 2347 et
2638 2291 2887 2359 laetitias;
2947 2288 3388 2347 Misericordiam
3415 2292 3475 2344 et
3494 2288 3730 2343 salutare

2121 2398 2226 2454 pro
2257 2381 2465 2437 eodem
2497 2380 2692 2435 habet.

2188 2470 2287 2524 Vel
2315 2471 2503 2541 potest
2532 2484 2655 2523 esse
2681 2467 2865 2524 oratio
2892 2468 2964 2523 de
2985 2467 3231 2523 adventu
3263 2466 3407 2534 Filii,
3425 2482 3529 2539 per
3552 2481 3731 2536 quem

2117 2557 2242 2613 haec
2256 2557 2539 2613 beneﬁcia
2559 2559 2725 2611 erant
2749 2556 3104 2612 conferenda
3127 2555 3205 2611 sic
3224 2572 3237 2611 :
3262 2555 3398 2611 Dico
3416 2554 3571 2627 quod
3592 2552 3733 2608 vivi-

2118 2644 2422 2700 ﬁcabimur
2441 2645 2866 2713 etlastabimur;
2886 2648 2964 2711 et,
2980 2643 3114 2716 quia
3133 2645 3256 2698 haec
3271 2642 3610 2713 contingere
3633 2658 3739 2697 ne.

2119 2736 2359 2805 queunt,
2380 2733 2489 2789 nisi
2514 2734 2682 2788 Filius
2706 2735 2836 2788 tuus
2867 2733 3201 2787 incarnatur
3216 2733 3274 2786 et
3300 2730 3535 2785 visibilis
3554 2746 3738 2801 appa-

2119 2824 2265 2889 reat,
2299 2822 2539 2877 ostende
2594 2821 2783 2887 nobis,
2806 2818 3051 2876 Domine
3076 2816 3734 2886 Pater,misericordiam

2119 2913 2304 2977 tuam,
2337 2909 2394 2964 id
2418 2914 2503 2964 est
2531 2909 2813 2965 visibilem
2833 2909 2923 2964 fac
2942 2924 3221 2981 apparere
3247 2905 3378 2961 filiis
3398 2904 3739 2976 nostris,qui

2120 3002 2258 3054 tunc
2288 3002 2478 3065 erunt,
2526 2998 2731 3053 Filium
2774 3000 2941 3054 tuum
2999 2996 3389 3061 incarnatum,
3439 3011 3545 3067 per
3569 2994 3738 3064 cujus

2123 3086 2516 3142 obedientiam
2546 3086 2767 3144 mundo
2798 3085 3184 3151 misereberis,
3216 3083 3460 3155 ideoque
3490 3087 3592 3138 tua
3620 3081 3736 3137 mi-

2124 3174 2435 3231 sericordia
2465 3174 2690 3229 dicitur.
2725 3174 2793 3228 Et
2821 3173 2959 3245 quia
2990 3190 3110 3228 non
3141 3171 3412 3228 omnibus
3437 3169 3731 3225 salvandis

2124 3261 2355 3317 visibilis
2386 3263 2741 3328 ostendetur,
2775 3262 2981 3316 saltem
3012 3261 3081 3315 da
3124 3261 3272 3315 nobis
3309 3259 3583 3315 omnibus
3612 3259 3731 3313 sal-

2123 3348 2346 3417 vandis,
2382 3354 2503 3405 tam
2533 3349 2915 3422 praesentibus
2935 3365 3113 3421 quam
3132 3347 3361 3414 futuris,
3390 3362 3548 3413 eum,
3578 3345 3730 3399 satu-

2124 3441 2260 3505 tare,
2290 3436 2349 3492 id
2374 3440 2461 3492 est
2488 3440 2858 3503 salvatorem,
2892 3444 3063 3504 tuum,
3091 3436 3305 3491 scilicet
3318 3435 3394 3490 da
3422 3436 3485 3489 ut
3516 3433 3733 3488 sitam-

2124 3523 2286 3578 nium
2345 3526 2706 3581 credentium
2755 3526 3023 3593 salvator,
3054 3529 3177 3580 tam
3205 3523 3521 3579 videntium
3551 3537 3737 3592 quam

2125 3630 2243 3668 non
2274 3613 2620 3671 videntium.
2649 3615 2938 3679 Quoniam
2961 3617 3158 3669 autem
3188 3612 3480 3685 Propheta
3501 3608 3729 3665 beneﬁ-

2123 3701 2211 3757 cia
2259 3703 2381 3759 haec
2436 3704 2902 3771 annuntiaverat,
2949 3706 3013 3757 ut
3040 3699 3436 3758 autorizabilia
3464 3698 3580 3754 sint
3608 3714 3715 3753 sua

2120 3791 2315 3858 verba,
2357 3792 2608 3847 ostendit
2638 3809 2757 3846 non
2790 3808 2823 3846 a
2851 3808 2931 3858 se,
2959 3791 3063 3845 sed
3088 3808 3122 3846 a
3143 3789 3358 3862 Spiritu
3386 3788 3588 3842 sancto
3618 3786 3733 3840 hoc

2120 3878 2356 3948 habere,
2375 3879 2453 3933 sie
2478 3896 2491 3934 :
2524 3879 2658 3935 Dico
2686 3880 2843 3952 quod
2859 3880 3003 3935 Deus
3022 3879 3316 3949 viniﬁcabit
3340 3894 3456 3939 nos,
3486 3878 3544 3930 et
3569 3873 3729 3947 quod

2121 3965 2181 4021 in
2213 3983 2280 4021 eo
2311 3965 2660 4022 lmtabimur.

2194 4054 2311 4110 Hoc
2353 4058 2553 4110 autem
2586 4072 2650 4110 ex
2674 4072 2769 4111 me
2801 4073 2920 4112 non
2952 4055 3102 4124 dico,
3131 4055 3235 4112 sed
3258 4054 3595 4127 frequenter
3624 4069 3726 4109 au-

2124 4142 2241 4211 dio,
2269 4143 2425 4216 quod
2452 4144 2575 4198 hinc
2603 4147 2663 4198 et
2709 4144 3040 4216 hujusmodi
3078 4143 3190 4199 alia
3228 4142 3483 4215 loquitur
3510 4143 3571 4197 in
3608 4158 3725 4207 me,

420 4230 481 4284 et
506 4227 587 4284 ita
615 4228 689 4283 sit
716 4246 729 4283 :
757 4229 957 4285 Averte
986 4248 1053 4286 ex
1081 4235 1202 4288 toto
1234 4250 1267 4286 a
1290 4233 1438 4288 nobis
1464 4232 1522 4287 in
1542 4233 1734 4288 futuro
1765 4234 1925 4300 iram,
1957 4230 2016 4285 id
2043 4257 2097 4317 D
2124 4248 2243 4287 non
2273 4231 2457 4287 verbis
2484 4232 2585 4288 sed
2611 4234 2833 4289 occulta
2859 4232 3256 4304 inspiratione,
3289 4230 3728 4286 D'ominusDeus

419 4319 507 4373 est
526 4333 803 4390 magnam
834 4317 1145 4375 vindictam
1175 4322 1421 4376 tuamEt
1450 4320 1579 4376 ideo
1607 4321 1716 4376 hoc
1747 4319 2018 4392 oro,quia

418 4403 666 4477 nunquid
686 4408 771 4460 est
781 4407 1135 4463 credendum
1156 4408 1310 4480 quod
1322 4408 1560 4480 quidam
1577 4409 1720 4464 falso
1737 4411 2018 4477 asserunt,

420 4492 635 4548 scilicet
678 4494 833 4563 quod
879 4497 936 4550 in
982 4502 1237 4551 aeternum
1266 4498 1507 4552 irasceris
1540 4496 1710 4565 nobis,
1742 4512 1848 4551 nos
1900 4512 2020 4552 non

420 4579 836 4649 resuscitando,
869 4586 927 4637 et
955 4583 1455 4640 immortalitatem
1484 4603 1605 4642 non
1634 4584 1967 4641 reducendo
1989 4585 2019 4640 ‘I

421 4667 824 4724 Essesenimin
836 4673 1119 4726 aeternum
1149 4668 1538 4741 iratus‘nobis,
1558 4673 1603 4729 si
1628 4690 1747 4729 non
1791 4672 2025 4729 resusci-

421 4760 704 4827 taremur,
721 4761 780 4813 et
793 4759 870 4814 ad
884 4758 1399 4817 immortalitatem
1418 4779 1539 4817 non
1563 4763 2018 4818 restitueremur.

422 4847 511 4901 An
542 4845 588 4902 si
618 4845 1061 4916 resuscitaveris,
1083 4852 1141 4903 et
1168 4849 1527 4906 immortales
1556 4848 2024 4920 feceris,extendes

374 4982 381 4988 .
423 4933 590 5003 iram,
610 4934 670 4990 id
705 4938 792 4991 est
816 4934 1130 4992 vindictam
1152 4940 1315 4993 tuam
1343 4954 1375 4992 a
1402 4942 1740 5009 generatione
1769 4940 1879 4995 hac
1906 4943 2023 4994 ter-

422 5039 586 5090 rena,
617 5039 795 5096 usque
821 5025 878 5079 in
899 5026 1290 5101 generationem
1317 5026 1574 5083 futuram
1612 5044 1746 5083 cum
1792 5025 2027 5083 resusci-

421 5110 677 5166 tabimur
697 5112 726 5167 ‘I
749 5112 1131 5182 scilicet,cum
1155 5114 1304 5170 hanc
1323 5114 1635 5171 vindictam
1660 5116 1720 5171 in
1753 5116 1921 5171 nobis
1935 5114 2027 5169 hic

422 5202 775 5268 exerceas,ut
788 5201 966 5258 simus
977 5202 1290 5273 passibiles,
1306 5203 1579 5260 extendes
1590 5203 1859 5260 eamdem
1877 5203 2031 5258 hanc

423 5286 742 5344 vindictam
775 5306 952 5362 usque
990 5290 1051 5345 in
1082 5291 1526 5362 generationem
1566 5292 1848 5359 futuram,
1879 5294 1944 5346 ut
1969 5294 2029 5346 et

420 5377 564 5432 tunc
591 5377 886 5448 passibiles
904 5378 1104 5446 simus,
1122 5379 1267 5436 sicut
1296 5379 1532 5453 quidam
1547 5379 1889 5452 opinantur?
1913 5379 2031 5435 Hoc

424 5466 621 5519 autem
646 5465 885 5522 sensisse
907 5466 1175 5523 videntur
1198 5467 1281 5522 illi
1312 5468 1410 5540 qui
1439 5467 1752 5524 Dominum
1780 5467 2027 5524 interro-

425 5566 591 5632 gasse
616 5552 677 5611 in
707 5554 1015 5633 Evangelio
1042 5556 1505 5634 leguntur,cujus
1520 5555 1747 5617 essetin
1768 5572 2024 5618 resurre-

2124 4319 2374 4391 spiritus.
2403 4320 2472 4375 Et
2501 4337 2621 4376 non
2649 4321 2839 4377 solum
2876 4321 2989 4377 hoc
3018 4320 3216 4387 audio,
3241 4319 3342 4376 sed
3361 4322 3420 4374 et
3439 4318 3731 4373 incessan-

2124 4412 2214 4463 ter
2256 4407 2472 4463 audiam
2497 4410 2625 4482 quid
2654 4410 2903 4482 loquatur
2932 4410 2988 4463 in
3011 4426 3115 4476 me,
3149 4408 3209 4464 id
3262 4410 3347 4464 est
3374 4407 3433 4462 in
3463 4405 3730 4461 interiori

2125 4512 2278 4555 meo.
2332 4496 2595 4552 Dominus
2617 4497 2876 4552 Deus.Ac
2906 4497 2952 4552 si
2978 4496 3133 4552 dicat
3162 4513 3175 4551 :
3201 4497 3369 4551 Nulla
3397 4493 3730 4551 sollicitudo

2123 4587 2493 4640 terrenorum
2526 4602 2620 4641 me
2653 4586 2726 4641 ab
2747 4587 2856 4641 hoc
2881 4584 3080 4641 auditu
3106 4583 3323 4658 poterit
3349 4600 3638 4639 revocare.
3665 4582 3735 4636 Et

2125 4672 2367 4745 dignum
2398 4678 2483 4729 est
2512 4677 2574 4729 ut
2601 4675 2713 4731 hoc
2735 4690 2967 4746 semper
2996 4674 3231 4730 audiam
3257 4690 3273 4743 ;
3302 4672 3581 4747 quoniam
3612 4688 3735 4727 non

2124 4760 2234 4817 vile
2260 4762 2369 4817 erit
2381 4762 2535 4834 quod
2561 4762 2838 4835 loquitur,
2863 4763 2963 4819 scd
2978 4761 3217 4835 loquetur
3219 4779 3410 4835 pacem
3428 4764 3737 4816 venturam

2127 4852 2184 4905 in
2197 4849 2406 4921 plebem
2446 4868 2620 4906 suam.
2660 4851 2985 4921 Iudaicam,
3013 4850 3228 4907 scilicet
3258 4869 3276 4917 ;
3304 4866 3509 4923 pacem
3564 4852 3736 4903 aster-

2126 4955 2290 5006 nam,
2317 4940 2550 5012 quando
2602 4942 2761 4996 nulla
2796 4939 3062 5013 passione
3105 4938 3581 5011 inquietabimur,
3635 4936 3737 4991 sed

2118 5027 2343 5098 jugiter
2371 5028 2431 5082 in
2460 5030 2577 5083 Deo
2604 5028 2953 5084 laetabimur.
2983 5030 3091 5083 Per
3128 5028 3237 5083 hoc
3267 5030 3464 5083 autem
3491 5025 3647 5098 quod
3676 5041 3738 5079 se

2131 5114 2657 5188 dicitifrequenter
2702 5116 3058 5185 auditurum,
3137 5115 3431 5170 auditores
3478 5113 3733 5181 instruit,

2358 5187 2515 5275 quod
2543 5204 2618 5259 ad
2648 5205 2797 5259 hanc
2831 5220 3037 5277 pacem
3067 5219 3299 5275 semper
3329 5218 3451 5258 esse
3482 5201 3738 5257 debeant

2129 5290 2359 5348 intenti.
2393 5293 2462 5347 Et
2484 5293 2635 5349 bene
2658 5294 2823 5364 plebs
2850 5293 3087 5349 Iudaica
3117 5309 3219 5349 sua
3257 5291 3468 5347 dicitur
3497 5293 3743 5346 antono-

2131 5380 2391 5450 mastice,
2423 5396 2492 5436 eo
2523 5381 2681 5453 quod
2734 5381 2857 5453 ejus
2888 5381 3157 5437 notitiam
3184 5396 3416 5453 semper
3444 5379 3735 5435 habuerit.

2132 5469 2212 5524 Ne
2258 5485 2394 5525 vero
2441 5471 2742 5542 putaretur
2784 5486 2956 5541 super
3012 5486 3250 5525 omnem
3281 5467 3584 5524 Iudaicam
3614 5468 3738 5540 ple-

2134 5556 2294 5632 bem,
2325 5559 2568 5619 ventura
2602 5557 2977 5635 determinat,
3016 5575 3150 5620 cum
3182 5556 3378 5621 addit:
3412 5556 3552 5618 Dico
3581 5554 3742 5638 quod
