4008 6040
285 286 426 352 i089

1213 284 1570 351 EXPOSITIO
1604 288 1676 350 IN
1712 282 2048 350 PSALMOS.
2080 318 2151 335 --
2179 287 2376 352 PSAL.
2416 285 2651 352 LXXXIV

3454 294 3593 360 £090

277 425 393 486 pax
419 411 477 469 in
496 405 703 485 plebem
725 426 878 467 suam
905 407 1128 483 veniet;
1169 417 1239 484 et,
1289 411 1349 470 id
1390 413 1477 470 est
1505 412 1717 471 scilicet
1742 429 1897 488 super
1917 411 1974 472 A
1997 417 2079 468 tas
2108 410 2453 470 obviaverunt
2465 413 2589 485 sibi,
2605 413 2665 472 id
2688 414 2774 473 est
2788 415 3387 477 concordabantinter
3400 420 3592 479 sehmc

276 508 488 557 sanctos
515 518 637 557 suos
663 500 874 569 veniet,
906 501 963 557 id
986 505 1070 557 est
1095 503 1302 559 sanctis
1323 503 1419 575 qui
1448 507 1619 560 erunt
1647 505 1705 559 in
1728 505 1893 576 plebe

277 590 548 658 Judaica;
588 592 647 644 et
680 590 749 645 de
781 590 1065 663 superiori
1102 591 1475 663 dispositione
1517 593 1619 647 Dei
1664 593 1894 648 dabitur

278 677 383 734 illa
420 694 549 750 pax.
586 678 654 732 Et
676 694 792 732 non
825 679 1012 734 solum
1040 679 1096 733 in
1126 683 1352 734 sanctos
1377 696 1441 734 ex
1466 679 1673 735 Judmis
1705 680 1894 735 veniet

275 765 379 821 illa
409 784 539 839 pax,
563 766 651 821 sed
681 772 728 821 et
756 769 810 820 in
841 784 924 822 eos
968 785 1035 822 ex
1066 768 1334 839 gentibus
1366 770 1460 839 qui
1495 776 1889 836 convertuntur,

281 854 343 911 id
373 859 459 910 est
484 855 582 927 qui
603 858 1012 910 convertentur
1032 856 1103 910 a1)
1118 872 1313 911 errore
1328 856 1742 912 irrationabilis
1760 857 1891 912 inﬁ-

278 943 557 1010 delitatis,
590 943 659 997 ad
679 960 789 1012 cor,
829 943 890 998 id
921 946 1006 997 est
1036 944 1109 998 ad
1130 946 1421 999 rationem
1453 944 1660 1011 cordis,
1693 949 1755 999 ut
1782 947 1892 999 Au-

276 1034 501 1086 ctorem
526 1048 691 1086 suum
713 1035 1065 1103 cognoscant
1094 1035 1153 1086 et
1181 1032 1442 1087 adorent.
1476 1033 1628 1087 Bene
1654 1032 1889 1105 quidem

278 1119 416 1175 dicit
443 1124 646 1192 gentes
671 1137 792 1175 esse
809 1121 1225 1175 convertendas
1244 1120 1316 1174 ad
1329 1137 1436 1174 cor.
1463 1121 1715 1175 Fuerunt
1730 1121 1887 1176 enim

276 1211 442 1263 extra
470 1224 590 1275 cor,
619 1225 752 1263 cum
782 1210 1022 1276 cultum,
1048 1210 1164 1265 Deo
1191 1209 1472 1277 debitum,
1497 1210 1890 1265 creaturisim-

275 1298 624 1369 penderent,
640 1313 771 1352 cum
794 1297 948 1352 idola
976 1297 1191 1353 scilicet
1210 1297 1539 1353 adorarent.
1574 1297 1709 1352 Dico
1732 1298 1888 1369 quod

276 1383 339 1440 in
363 1385 571 1440 sanctis
592 1380 701 1440 erit
724 1401 858 1457 pax,
898 1392 1267 1443 verumtamen
1288 1403 1455 1457 prope
1491 1387 1728 1440 timentes
1768 1403 1887 1439 eum

278 1475 381 1527 erit
407 1473 643 1528 salutare
664 1476 846 1546 ipsius.
892 1492 1012 1530 non
1053 1491 1235 1547 prope
1276 1475 1406 1529 illos
1439 1478 1665 1529 sanctos
1693 1473 1790 1545 qui
1817 1490 1883 1528 ex

276 1562 582 1618 sanctitate
635 1563 1032 1636 superbientes
1087 1563 1377 1619 deﬁcient.
1420 1564 1498 1617 Ac
1553 1564 1599 1619 si
1658 1562 1811 1618 dicat
1866 1578 1880 1617 :

278 1650 551 1715 Quamvis
578 1651 820 1707 dixerim
853 1652 1301 1708 indeterminate
1328 1655 1574 1717 sanctos,
1609 1650 1774 1707 multi
1796 1655 1881 1706 ta-

276 1755 415 1795 men
441 1741 621 1795 sancti
639 1745 809 1797 erunt
823 1742 959 1813 quia
987 1742 1290 1797 sanctitate
1323 1740 1612 1807 deﬁcient,
1633 1740 1886 1812 aquibus

276 1829 512 1884 salvatio
534 1833 768 1885 aeterna).
790 1830 946 1902 pacis
995 1829 1402 1901 elongabitur;
1437 1828 1538 1883 sed
1562 1833 1621 1884 et
1641 1828 1877 1883 salvatio

265 1933 436 1989 prope
460 1920 700 1974 timentes
730 1919 859 1986 erit,
881 1919 941 1974 id
975 1922 1086 1973 est:
1120 1918 1228 1973 illis
1252 1917 1348 1991 qui
1378 1916 1469 1972 hic
1497 1933 1630 1972 eum
1656 1932 1886 1988 semper

276 2004 591 2074 timebunt,
621 2011 684 2063 ut
714 2024 833 2062 non
875 2006 1233 2079 superbiant,
1276 2006 1385 2062 erit
1434 2006 1764 2078 propinqua
1788 2005 1884 2060 illa

277 2094 514 2150 salvatio
544 2111 649 2166 per
678 2094 988 2163 Christum,
1025 2096 1165 2150 dum
1193 2095 1252 2149 in
1282 2095 1392 2149 hoc
1422 2093 1643 2149 mundo
1688 2095 1879 2148 erunt.

276 2179 417 2236 Dico
449 2182 605 2253 quod
622 2182 715 2238 hic
736 2183 846 2238 erit
875 2182 1113 2239 salvatio
1135 2199 1317 2255 prope
1347 2184 1593 2248 sanctos,
1617 2189 1667 2237 et
1693 2180 1880 2236 novis-

276 2269 421 2324 sime
435 2287 603 2342 prope
639 2273 904 2339 timentes,
922 2274 984 2326 ut
1002 2272 1239 2326 tandem
1254 2270 1312 2325 in
1342 2271 1535 2325 futuro
1556 2269 1795 2335 habitet,
1828 2271 1884 2323 in

276 2364 422 2413 terra
452 2365 655 2427 nostra,
688 2359 747 2414 id
769 2363 855 2415 est
903 2359 961 2414 in
993 2363 1226 2415 terrena
1254 2359 1429 2414 modo
1462 2374 1634 2412 carne
1666 2361 1880 2424 nostra,

277 2445 494 2501 scilicet
519 2449 582 2501 ut
608 2464 726 2503 non
757 2449 943 2503 solum
974 2446 1207 2518 gloriosi
1236 2447 1414 2501 simus
1441 2446 1500 2500 in
1558 2445 1879 2513 animabus,

279 2534 383 2588 sed
410 2538 469 2589 et
494 2534 552 2589 in
584 2535 939 2605 corporibus,
963 2535 1129 2607 juxta
1162 2534 1303 2589 illud
1324 2533 1579 2605 Apostoli
1607 2550 1620 2588 :
1648 2556 1675 2584 «
1700 2533 1880 2605 Opor-

277 2624 362 2676 tet
387 2623 760 2694 corruptibile
780 2624 1145 2679 hociuduere
1163 2622 1657 2694 incorruptionem
1680 2622 1726 2693 ί]
1749 2621 1876 2677 Cor.

277 2726 369 2778 xv,
400 2712 511 2784 53).
533 2732 562 2761 »
598 2712 697 2767 Vel
724 2712 802 2768 sic
835 2716 1027 2785 potest
1060 2712 1196 2784 legi,
1228 2715 1291 2766 ut
1336 2711 1686 2765 determinet
1728 2711 1880 2765 inter

277 2815 419 2871 quos
448 2800 906 2868 conversabitur,
926 2801 1000 2856 ad
1024 2798 1458 2855 instructionem
1479 2796 1613 2853 ﬁdei
1644 2801 1876 2867 nostrae;

276 2889 335 2941 et
364 2886 438 2943 ad
460 2888 591 2956 hoc,
616 2888 936 2957 utJudaeos,
964 2888 1117 2943 inter
1146 2903 1292 2959 quos
1314 2885 1451 2942 dicit
1480 2902 1613 2941 eum
1640 2901 1877 2941 conver-

275 2977 560 3043 saturum,
582 2976 770 3048 magis
797 2975 1074 3032 obnoxios
1098 2975 1203 3030 sibi
1237 2975 1463 3041 reddat,
1493 2975 1581 3028 vel
1610 2976 1673 3029 ut
1702 2973 1878 3029 etiam

1995 500 2107 557 duo
2123 502 2316 558 adhoc
2337 504 2703 562 efficiendum
2724 506 2786 560 ut
2805 521 3008 578 pacem
3030 511 3086 562 et
3110 508 3355 579 gloriam
3378 510 3590 569 habea-

1996 606 2143 659 mus,
2178 608 2209 645 a
2242 591 2618 648 similitudine
2638 594 2984 666 aliquorum,
3003 596 3098 666 qui
3118 597 3223 651 sibi
3250 598 3475 654 obviam
3502 617 3591 657 ve-

1993 677 2161 732 niunt
2191 679 2264 733 ad
2292 681 2402 735 hoc
2429 685 2491 735 ut
2515 682 2731 754 aliquid
2760 683 3180 738 concordanter
3208 685 3474 741 efﬁciant.
3509 689 3589 744 Ac

1989 766 2036 820 si
2069 767 2223 822 dicat
2251 785 2263 823 :
2297 768 2455 824 Nunc
2483 770 2844 825 concorditer
2874 771 3270 827 misericordia
3298 776 3355 827 et
3382 776 3588 831 veritas

1991 854 2094 909 Dei
2124 857 2608 927 cooperabuntur,
2626 862 2689 913 ut
2716 875 2919 931 pacem
2945 861 3002 914 et
3032 860 3278 931 gloriam
3311 862 3586 935 adipisca-

1992 961 2143 1010 mur,
2166 948 2223 998 et
2238 960 2342 1016 per
2353 946 2462 1001 hoc
2492 947 2667 1001 etiam
2694 948 2768 1002 ad
2788 948 2911 1003 haec
2928 949 3318 1019 deveniamus,
3342 951 3475 1022 quia
3486 969 3590 1023 per

1990 1031 2450 1088 misericordiam
2473 1035 2572 1090 Dei
2603 1035 2661 1090 in
2691 1036 3024 1092 hominibus
3029 1040 3268 1108 justitza,
3300 1038 3358 1093 id
3388 1045 3474 1095 est
3496 1058 3589 1096 re-

1988 1119 2182 1175 missio
2206 1126 2596 1192 peccatorum,
2624 1132 2672 1177 et
2682 1140 2819 1196 pax,
2844 1124 2902 1179 id
2929 1129 3013 1179 est
3029 1125 3255 1181 dilectio
3270 1128 3369 1182 Dei
3387 1132 3443 1183 et
3460 1146 3587 1201 pro-

1988 1207 2131 1262 ximi
2161 1210 2411 1264 osculata.r
2434 1218 2577 1278 sunt,
2610 1210 2667 1265 id
2697 1215 2785 1266 est
2815 1214 3324 1269 coneordabuntur
3343 1217 3527 1285 valde,
3552 1236 3587 1274 a

1986 1295 2363 1352 similitudine
2393 1300 2893 1368 concordantium,
2926 1301 3021 1373 qui
3053 1318 3173 1356 sese
3199 1305 3400 1358 mutuo
3432 1320 3589 1360 oscu-

1988 1385 2201 1439 lantur.
2238 1385 2404 1450 Quod
2435 1388 2767 1443 estdicere:
2804 1391 2911 1443 Per
2948 1390 3058 1444 hoc
3087 1390 3159 1444 ad
3190 1407 3391 1462 pacem
3417 1396 3584 1447 teter-

1983 1491 2120 1529 nam
2153 1478 2211 1529 et
2238 1477 2484 1546 gloriam
2508 1477 2774 1533 homines
2791 1479 3115 1547 devenient,
3139 1480 3273 1552 quia
3286 1485 3588 1538 misericor-

1981 1563 2072 1616 dia
2101 1571 2149 1617 et
2180 1567 2373 1618 veritas
2404 1566 2524 1633 Dei,
2568 1570 2625 1621 et
2647 1568 2863 1641 justitia
2904 1574 2955 1623 et
2982 1586 3097 1641 pax
3128 1585 3232 1639 per
3259 1571 3584 1628 misericor-

1982 1650 2136 1705 diam
2154 1652 2251 1707 Dei
2268 1653 2610 1709 hominibus
2848 1639 3017 1723 datae,
3053 1659 3164 1713 hoc
3189 1662 3584 1733 cooperabun-

1982 1740 2101 1792 tur.
2153 1741 2349 1795 Posset
2393 1741 2607 1812 qumri:
2643 1742 2947 1806 Quomodo
2978 1745 3058 1799 eis
3093 1746 3324 1802 dabitur
3345 1748 3586 1820 justitia,

1982 1825 2039 1880 id
2063 1830 2149 1881 est
2180 1828 2443 1884 remissio
2476 1832 2884 1900 peccatorum?

2053 1914 2218 1978 Quod
2240 1915 2317 1971 sic
2341 1918 2592 1973 ostendit
2611 1935 2623 1973 :
2642 1919 3011 1988 Verejustitia
3032 1921 3210 1978 eritin
3229 1924 3581 1996 hominibus;

1983 2020 2119 2057 nam
2147 2004 2211 2057 de
2241 2010 2402 2071 terra,
2433 2005 2491 2059 id
2513 2009 2597 2061 est
2621 2007 2756 2077 ipsis
2780 2008 3113 2066 hominibus
3138 2011 3235 2084 qui
3261 2014 3435 2069 modo
3467 2017 3582 2071 ter~

1982 2090 2109 2145 reni
2136 2095 2270 2147 sunt
2324 2110 2443 2149 non
2479 2094 2821 2165 spirituales,
2854 2104 2971 2152 orta
3022 2106 3116 2167 est,
3168 2099 3227 2154 id
3257 2105 3342 2156 est
3367 2102 3586 2159 orietur

1982 2181 2197 2247 veritas,
2226 2180 2287 2236 id
2316 2184 2403 2236 est
2423 2199 2556 2237 vera
2578 2183 2858 2240 confessio
2882 2190 3270 2257 peccatorum,
3289 2193 3345 2243 et
3365 2206 3471 2261 per
3486 2208 3581 2246 ve-

1982 2284 2110 2322 ram
2140 2269 2566 2326 confessionem
2588 2274 2883 2343 prospexit,
2898 2273 2956 2328 id
2977 2278 3063 2329 est
3083 2276 3411 2348 prospiciet,
3438 2279 3584 2337 scili-

1983 2359 2072 2411 cet
2104 2356 2296 2413 veniet
2323 2358 2396 2412 ad
2422 2375 2520 2413 eos
2533 2360 2770 2430 justitia,
2788 2361 2847 2415 id
2877 2365 2963 2416 est
2990 2367 3357 2435 peccatorum
3387 2367 3584 2423 remis-

1982 2444 2085 2511 sio,
2113 2446 2249 2501 data
2276 2446 2339 2501 de
2373 2448 2496 2504 caelo
2529 2450 2827 2517 caelorum,
2865 2450 3105 2520 Christe,
3149 2471 3183 2508 a
3210 2454 3582 2512 similitudine

1987 2531 2139 2587 illius
2169 2533 2289 2605 qui,
2319 2535 2573 2607 aliquem
2623 2537 2874 2608 graviter
2900 2554 3238 2611 oppressum
3268 2543 3584 2601 clementer

1980 2621 2354 2692 prospiciens,
2388 2624 2461 2678 ad
2492 2624 2544 2678 ei
2575 2623 2965 2680 auxiliandum
2997 2627 3170 2682 venit.
3204 2629 3359 2685 Hanc
3388 2635 3582 2688 autem

1983 2708 2408 2764 confessionem
2440 2727 2508 2766 ex
2539 2727 2597 2766 se
2635 2711 2899 2767 homines
2930 2729 3047 2769 non
3077 2715 3295 2771 habent
3321 2735 3335 2786 ;
3364 2719 3581 2776 etenim

1975 2794 2247 2853 Dominus
2267 2797 2414 2853 dabit
2463 2799 2853 2869 benignitatem,
2904 2799 2962 2856 id
2993 2808 3079 2856 est
3106 2803 3422 2877 benignam
3448 2806 3578 2862 illu-

1976 2884 2315 2940 strationem
2343 2886 2546 2957 gratia:
2568 2904 2684 2943 suae
2704 2887 2962 2957 interius,
2995 2891 3148 2946 unde
3179 2908 3314 2948 vera
3327 2893 3423 2949 illa
3448 2910 3581 2951 con-

1979 2970 2148 3027 fessio
2183 2974 2479 3045 procedet,
2503 2977 2562 3030 et
2581 2992 2686 3047 per
2729 2976 2839 3032 hoc
2866 2978 3195 3035 confitendo
3233 2984 3292 3035 et
3314 2982 3388 3036 ad
3410 2983 3576 3054 justi-

277 3063 350 3118 ad
373 3062 683 3120 utilitatem
712 3064 848 3120 ﬁdei
876 3064 1139 3137 gentium
1176 3062 1558 3118 determinet:
1588 3062 1731 3127 Quia
1758 3079 1879 3118 non
1900 3058 1946 3081 υ
1977 3058 2117 3114 tiam
2130 3061 2480 3117 remissionis
2493 3063 2833 3135 attingendo
2855 3081 2973 3120 non
2998 3066 3182 3121 solum
3204 3068 3401 3124 anima
3425 3070 3580 3128 dabit

274 3150 400 3207 illos
447 3169 579 3208 suos
625 3151 778 3208 inter
816 3169 961 3225 quos
1018 3150 1470 3214 conversabitur,
1511 3150 1874 3223 glorificabit,

272 3241 371 3295 sed
392 3257 593 3296 omnes
620 3242 717 3314 qui
732 3259 864 3297 eum
885 3241 1211 3297 adorabunt
1230 3243 1288 3294 et
1311 3240 1569 3308 credent,
1584 3239 1709 3295 dico
1722 3240 1877 3312 quod

275 3345 384 3402 pax
411 3329 535 3401 ejus
560 3330 751 3386 veniet
803 3334 861 3386 et
912 3329 973 3385 in
1017 3332 1242 3385 sanctos
1273 3345 1341 3384 ex
1368 3328 1597 3392 Judaeis,
1629 3330 1688 3382 et
1715 3329 1770 3382 in
1792 3344 1875 3383 eos

269 3420 363 3490 qui
386 3426 754 3474 convertentur
777 3418 849 3474 ad
876 3435 984 3474 cor.

338 3507 776 3575 Verumtamen,
796 3507 1057 3580 quamvis
1069 3510 1127 3562 et
1153 3505 1363 3562 Judzeis
1384 3505 1592 3561 sanctis
1607 3506 1665 3559 et
1694 3505 1879 3576 genti-

268 3594 371 3649 bus
383 3595 785 3652 convertendis
810 3596 881 3651 ad
899 3611 999 3653 cor
1024 3595 1095 3650 sit
1122 3610 1325 3666 pacem
1347 3594 1601 3661 daturus,
1618 3592 1870 3647 salutare.

267 3680 325 3736 id
340 3682 697 3738 estSalvator
708 3685 756 3755 ej
767 3701 829 3738 us
845 3684 1035 3751 Filius,
1051 3682 1263 3737 scilicet
1283 3698 1387 3753 per
1400 3697 1574 3753 quem
1589 3681 1873 3735 mundum

268 3771 344 3825 sal
354 3772 959 3840 vabit,conversabitur
972 3771 1253 3844 corporali
1268 3769 1572 3842 praesentia
1585 3785 1703 3825 non
1720 3769 1874 3841 apud

268 3862 487 3932 gentes,
508 3861 610 3915 sed
629 3878 816 3933 prope,
849 3860 907 3914 id
937 3863 1021 3915 est
1049 3860 1203 3933 apud
1226 3861 1463 3913 timentes
1492 3875 1631 3925 cum,
1661 3858 1875 3912 scilicet

1974 3148 2216 3217 fructum
2247 3149 2537 3205 bonarum
2557 3152 3101 3223 cogitationum,sed
3118 3156 3175 3210 et
3200 3160 3341 3210 terra
3370 3164 3571 3227 nostra,

1975 3234 2033 3290 id
2065 3239 2149 3291 est
2175 3239 2406 3293 terrena
2434 3239 2769 3295 sensualitas
2816 3239 2985 3295 nobis
3034 3242 3442 3313 conformium,
3476 3245 3574 3318 qui

1975 3327 2111 3379 tunc
2133 3325 2411 3398 temporis
2456 3330 2647 3395 erunt,
2684 3328 2830 3383 dabit
2875 3329 2991 3385 Deo
3029 3330 3291 3400 fructum,
3333 3334 3576 3403 fructum

1974 3410 2186 3465 scilicet
2202 3412 2491 3468 bonorum
2512 3430 2774 3485 operum.
2804 3415 2947 3472 Cum
2975 3415 3325 3488 dicitnostra,
3341 3422 3572 3477 confor-

1976 3503 2101 3553 mat
2125 3516 2184 3554 se
2226 3500 2491 3555 fidelibus
2536 3503 2798 3557 Ecclesiae
2832 3503 3057 3572 futuris,
3093 3506 3229 3578 quia
3256 3510 3571 3565 secundum

1974 3585 2151 3640 fidem
2174 3587 2302 3658 jam
2322 3588 2583 3643 Ecclesiae
2606 3591 2938 3645 membrum
2960 3596 3104 3648 erat.
3137 3586 3275 3648 Dico
3301 3597 3457 3667 quod
3472 3597 3569 3668 ju-

1972 3673 2127 3728 stitia
2156 3678 2214 3728 et
2243 3692 2350 3745 pax
2375 3680 2546 3730 erunt
2590 3676 2649 3731 in
2674 3677 3002 3733 hominibus
3033 3695 3136 3750 per
3158 3682 3480 3751 veritatem,
3512 3687 3573 3739 et

1972 3764 2277 3833 postquam
2298 3762 2441 3832 justi
2454 3763 2797 3831 efﬁciantur,
2814 3765 3034 3834 justitia
3050 3768 3361 3836 ambulabit,
3386 3770 3444 3825 id
3461 3775 3567 3840 est,

1971 3850 2077 3922 ipsi
2104 3851 2602 3923 promovebuntur
2624 3851 2694 3906 de
2722 3852 2876 3907 bono
2908 3853 2981 3908 ad
3012 3854 3236 3921 melius,
3269 3858 3327 3910 et
3355 3874 3472 3913 non
3496 3859 3569 3914 ad

267 3949 418 4021 apud
440 3949 687 4017 Judaeos,
722 3949 817 4021 qui
829 3950 955 4020 jam
982 3966 1015 4003 a
1042 3952 1307 4019 tempore
1337 3947 1581 4001 Abrahae
1602 3944 1871 4000 notitiam
1970 3939 2227 3995 favorem
2240 3938 2675 4007 hominum,sed
2689 3947 2938 3996 anteeum
2958 3943 3315 4015 (Dominum)
3333 3946 3571 4002 ambula-

269 4036 387 4108 ejus
403 4037 622 4093 habent
650 4041 708 4092 et
728 4037 1040 4106 timorem;
1071 4040 1128 4092 et
1157 4036 1235 4091 sic
1266 4039 1466 4090 tamen
1502 4038 1565 4089 ut
1597 4049 1714 4088 non
1742 4033 1870 4088 illos
1973 4028 2065 4096 bit,
2096 4027 2156 4083 id
2187 4030 2278 4083 est
2318 4029 2393 4083 ad
2419 4028 2529 4083 hoc
2576 4032 2638 4083 ut
2669 4028 2719 4083 ei
2758 4029 2906 4085 bene
2936 4031 3180 4101 placeat.
3220 4033 3566 4097 Qualitatem

267 4126 415 4180 solos
434 4125 716 4196 gloriosos
744 4125 916 4180 faciat
946 4125 1096 4180 inter
1118 4140 1262 4197 quos
1287 4121 1735 4189 conversabitur,
1769 4121 1868 4175 sed
1967 4116 2133 4186 ponit
2155 4132 2262 4187 pro
2296 4116 2472 4187 quali,
2496 4116 2782 4188 justitiam
2801 4117 3012 4174 scilicet
3028 4136 3133 4191 pro
3153 4120 3342 4192 justis.
3370 4123 3439 4177 Et
3460 4139 3566 4195 per

267 4212 344 4269 ita
373 4217 438 4269 ut
462 4230 566 4287 per
595 4214 719 4286 ejus
753 4213 1003 4287 gratiam
1049 4213 1335 4268 inhabitet
1376 4212 1435 4266 in
1466 4211 1658 4266 futuro
1684 4208 1870 4282 gloria
1892 4269 1940 4287 ἢ
1967 4204 2079 4259 hoc
2094 4204 2389 4259 ambulabit
2418 4212 2539 4258 ante
2558 4205 3226 4277 eum,quiaipsajustitia
3240 4216 3405 4279 ponet
3420 4228 3566 4280 gres-

266 4269 718 4358 immortalitatis
743 4269 801 4357 ἕι
823 4300 1313 4374 impassibilitatis,
1338 4316 1456 4355 non
1478 4301 1664 4354 solum
1681 4269 1738 4353 ἶη
1751 4297 1871 4353 ani-
1892 4269 1944 4330 Ι)
1966 4309 2051 4346 sus
2080 4306 2223 4360 suos;
2240 4291 2302 4347 id
2332 4296 2418 4348 est
2440 4308 2618 4364 opera
2644 4269 2751 4348 είιὲ
2766 4269 2970 4365 quibus
2989 4269 3066 4349 id
3082 4269 3259 4349 vitam
3272 4269 3568 4367 gradietur

265 4406 359 4445 ma
386 4393 605 4459 nostra,
635 4391 737 4446 sed
765 4390 901 4445 etin
946 4394 1104 4445 terra
1136 4392 1351 4456 nostra,
1392 4387 1452 4442 id
1482 4389 1569 4441 est
1606 4386 1665 4441 in
1695 4402 1868 4441 carne
1967 4383 2023 4434 in
2053 4382 2160 4444 via,
2182 4379 2241 4435 id
2268 4383 2352 4435 est
2405 4379 2465 4435 in
2512 4380 2734 4435 Christo
2779 4380 2875 4451 qui
2906 4385 2994 4436 est
3040 4382 3197 4451 «via,
3230 4384 3458 4453 veritas,
3507 4390 3566 4442 et

265 4481 480 4546 nostra,
504 4496 633 4551 qua:
655 4479 830 4536 modo
870 4482 1104 4535 terrena
1129 4481 1233 4534 est.
1268 4478 1367 4533 Vel
1402 4478 1592 4550 potest
1610 4475 1868 4547 superius
1966 4469 2082 4523 vita
2112 4468 2299 4541 (JOM-
2328 4484 2439 4534 XIV.
2465 4470 2586 4534 δὴ»
2627 4467 2842 4523 δοίιίοεῑ
2889 4468 3024 4540 (Ιηίᾶ
3066 4470 3397 4528 conformes
3436 4475 3560 4530 efﬂ-

258 4565 444 4640 jungi,
470 4566 566 4622 ubi
593 4566 766 4622 dixit:
792 4566 1061 4639 Loquetur
1065 4581 1253 4638 pacem
1269 4567 1572 4620 venturam
1600 4561 1865 4632 inplebem
1965 4556 2189 4612 cientur
2219 4555 2440 4611 Christo
2471 4554 2530 4609 in
2564 4555 2867 4626 operibus;
2903 4572 3006 4628 per
3018 4574 3077 4613 se
3091 4558 3249 4614 enim
3270 4576 3388 4616 non
3405 4562 3561 4617 suffi-

262 4671 432 4722 suam,
464 4654 599 4726 quia
627 4655 709 4710 illi
740 4654 853 4710 duo
876 4671 1070 4710 versus
1095 4651 1421 4726 interpositi
1451 4651 1703 4705 fuerunt.
1729 4647 1863 4704 Dico
1965 4644 2163 4697 carent
2192 4643 2266 4697 ad
2294 4641 2711 4697 ambulandum
2742 4643 2812 4698 de
2833 4644 2986 4699 bono
3009 4646 3068 4700 in
3083 4647 3307 4702 melius.
3340 4648 3439 4704 Vel
3460 4649 3557 4706 sic:

263 4742 413 4814 quod
442 4759 551 4814 pax
581 4742 692 4798 erit
728 4742 788 4798 in
815 4743 981 4816 plebe
1018 4744 1160 4814 ejus,
1199 4745 1258 4796 et
1299 4757 1417 4796 non
1458 4741 1578 4795 sola
1602 4755 1731 4811 pax,
1762 4736 1863 4791 sed
1964 4729 2099 4785 Dico
2130 4729 2287 4802 quod
2315 4728 2625 4816 ambulabit,
2679 4732 2737 4784 et
2782 4731 2890 4786 hoc
2920 4748 3040 4787 non
3081 4749 3186 4803 per
3213 4751 3294 4797 se,
3326 4735 3425 4789 sed
3454 4752 3560 4807 per

259 4830 333 4885 sic
362 4831 473 4886 erit
503 4831 562 4885 in
589 4830 775 4899 nobis,
793 4815 890 4902 qui
908 4832 1068 4902 plebs
1091 4831 1232 4903 ejus,
1268 4845 1481 4895 sumus,
1508 4843 1636 4898 pax,
1657 4832 1860 4880 utcum
1960 4818 2069 4872 hoc
2102 4817 2258 4889 quod
2288 4815 2564 4872 Dominus
2583 4824 2747 4889 Ροηεε
2770 4836 2976 4889 θνεεεαε
3002 4837 3141 4887 suos:
3164 4820 3221 4875 id
3240 4825 3560 4893 estatessus

258 4935 391 4988 pace
423 4919 677 4973 inhabitet
699 4918 872 4990 gloria
906 4922 962 4972 in
998 4925 1137 4974 terra
1180 4923 1379 4971 nostra.
1416 4913 1705 4988 Expositio
1740 4929 1857 4968 non
1961 4905 2258 4978 adjutricis
2281 4904 2482 4977 gratia:
2502 4904 2560 4960 in
2574 4905 2688 4969 via,
2711 4906 2771 4960 id
2792 4909 2878 4961 est
2903 4906 2962 4961 in
2986 4907 3121 4977 ipsis
3127 4907 3317 4977 justis,
3360 4908 3457 4980 qui
3472 4910 3561 4966 via

260 5010 531 5062 mutatur.
568 5008 635 5061 Et
653 5007 727 5062 ad
750 5008 898 5062 hanc
926 5022 1130 5078 pacem
1152 5008 1267 5061 non
1300 5022 1405 5077 per
1436 5007 1630 5059 nostra
1651 5000 1858 5057 merita
1960 4994 2061 5050 Dei
2092 4994 2373 5060 dicentur,
2393 5009 2460 5049 eo
2487 4995 2639 5066 quod
2669 4994 2726 5048 in
2746 4993 2826 5049 eis
2848 4993 3218 5064 spiritualiter
3237 4997 3561 5053 ambulabit

259 5093 624 5166 attingemus,
653 5096 753 5150 sed
786 5112 892 5168 per
917 5093 1373 5149 misericordiam
1389 5091 1487 5147 Dei
1512 5094 1569 5145 et
1585 5106 1688 5162 per
1708 5087 1856 5143 veri-
1958 5083 2273 5139 secundum
2291 5082 2692 5153 inoperantem
2705 5081 3095 5152 gratiam,non
3107 5083 3420 5139 secundum
3439 5102 3562 5140 mo-

257 5186 431 5237 tatem
464 5184 607 5255 ejus,
641 5184 920 5256 quoniam
942 5200 1111 5237 verax
1137 5185 1242 5248 est,
1267 5185 1325 5236 et
1347 5197 1478 5234 cum
1510 5180 1617 5234 hoc
1636 5176 1854 5250 promi-
1957 5175 2081 5226 tum
2098 5172 2362 5238 localem,
2376 5171 2539 5241 juxta
2561 5168 2886 5241 quodidcm
2906 5169 3043 5224 dicit
3066 5185 3167 5241 per
3184 5171 3556 5243 Prophetam.

256 5271 407 5335 serit,
441 5288 558 5326 ηοη
594 5274 785 5344 potest
823 5288 941 5326 ηοη
988 5272 1303 5340 complere,
1352 5271 1409 5323 et
1442 5266 1766 5323 misericors
1794 5264 1853 5320 in
1960 5283 1987 5312 «
2012 5260 2386 5315 lnambulabo
2420 5258 2479 5312 in
2510 5257 2638 5325 illis,
2657 5259 2827 5310 etero
2848 5257 3081 5313 illorum
3098 5259 3456 5331 Deus(Levit.
3482 5278 3559 5324 v1,

255 5361 622 5428 natura,vere
649 5359 1221 5432 permisericordiam
1254 5360 1312 5413 et
1334 5357 1633 5412 veritatem
1664 5354 1761 5411 Dei
1779 5353 1854 5409 ad
1960 5351 2108 5421 12).»
2134 5348 2232 5401 Vel
2263 5347 2353 5403 via
2373 5345 2662 5432 dicuntur,
2676 5359 2747 5432 eo
2760 5345 2917 5415 quod
2939 5344 3013 5400 ad
3039 5346 3281 5405 modum
3296 5348 3400 5406 viae
3416 5349 3566 5405 dire-

251 5447 352 5503 hoc
380 5429 768 5520 attingemus;
802 5446 931 5503 ideo
959 5462 1211 5520 namque
1243 5444 1599 5502 misericordia
1629 5448 1678 5499 et
1703 5442 1852 5499 veri-
1954 5439 2030 5497 cti
2061 5441 2233 5495 erunt
2255 5453 2286 5493 e
2317 5433 2565 5493 Domino
2599 5431 2674 5488 ad
2698 5429 2907 5492 vitam.
