4008 6040
393 275 525 346 1091

462 493 678 551 Titulus
705 497 1042 568 octogesimi
1075 496 1263 569 quinti
1298 514 1310 551 :
1345 496 1532 551 Oratio
1563 498 1662 566 ipsi
1677 495 2004 563 Βαυίάβεὶ-

395 584 529 641 licet
551 584 795 652 Christo,
821 585 1315 640 ascribenda.Etsi
1346 584 1686 656 quaedamin
1709 585 1815 639 hoc
1848 585 1998 656 psal-

392 690 492 729 mo
513 673 865 729 enuntiative
893 673 1180 736 dicuntur,
1220 673 1353 745 quia
1377 676 1573 728 tamen
1606 674 2001 747 principaliter

398 763 472 818 ad
505 766 834 829 oratonem,
851 764 1089 833 spectat,
1109 762 1294 816 oratio
1310 761 1825 818 dicitur.Dominus
1839 763 1999 817 enim

392 852 553 907 Jesus
570 851 964 929 circa‘tempus
990 849 1270 921 passionis
1290 866 1482 918 orans,
1509 850 1648 905 etde
1675 851 2002 906 constantia

400 956 475 995 ne
506 939 692 1007 cedat,
724 942 783 994 et
805 939 877 993 de
906 937 1347 1007 resurrectione,
1382 940 1441 992 et
1456 938 1527 992 de
1554 938 1815 1010 gentium
1834 940 2000 994 etJu-

395 1028 654 1083 dicorum
666 1027 1190 1083 convertendorum
1205 1027 1384 1081 salute
1398 1026 1458 1080 in
1471 1026 1579 1081 hoc
1592 1028 1812 1097 psalmo
1823 1027 2004 1083 intro-

393 1114 710 1182 ducitur,ut
726 1114 889 1170 nobis
902 1114 1099 1169 orandi
1120 1116 1449 1187 exemplum
1464 1117 1629 1187 etpro
1645 1115 1808 1170 nobis
1821 1119 1878 1169 et
1894 1131 1998 1186 pro

393 1204 643 1261 inimicis
675 1204 909 1259 tribuat.
968 1203 1135 1268 Quod
1175 1208 1371 1259 autem
1401 1222 1461 1259 se
1500 1216 1818 1277 pauperem
1864 1204 2002 1259 dicit

394 1293 711 1348 secundum
726 1294 1043 1347 humanam
1059 1293 1454 1365 naturam,qui
1467 1295 1664 1349 tamen
1683 1294 2000 1349 secundum

396 1382 573 1438 aliam
602 1384 871 1436 naturam
905 1383 1052 1437 Deus
1098 1385 1156 1436 et
1186 1382 1557 1453 omnipotens
1594 1385 1739 1449 erat,
1789 1383 1861 1436 ad
1893 1398 1995 1437 no-

393 1474 575 1526 stram
592 1469 1035 1525 instructionem
1053 1469 1208 1538 facit,
1233 1474 1316 1536 ut,
1329 1470 1427 1542 qui
1451 1470 1786 1542 simpliciter
1807 1470 1998 1526 homi-

391 1576 494 1615 nes
526 1576 722 1614 sumus
737 1563 794 1615 et
824 1561 1153 1629 peccatores
1179 1558 1628 1629 etfragilissimi,
1652 1576 1756 1614 nos
1780 1575 1995 1632 paupe-

389 1664 484 1706 res
512 1650 571 1702 et
598 1648 799 1720 inepes
826 1647 1053 1718 penitus
1085 1664 1204 1702 esse
1234 1650 1587 1718 reputantes,
1607 1647 1846 1703 adivina
1865 1664 1997 1720 gra-

392 1735 473 1794 tia
504 1751 737 1791 oremus
757 1737 1074 1791 clementer
1101 1734 1381 1806 adjuvari.

466 1824 695 1892 Inclina,
722 1824 949 1879 Domine
975 1826 1163 1892 Pater,
1198 1842 1380 1878 aurem
1413 1832 1580 1893 tuam,
1612 1824 1830 1880 dictum
1860 1827 1945 1880 est
1966 1842 2000 1880 a

399 1913 774 1970 similitudine
799 1912 1027 1980 medici,
1061 1912 1346 1968 inclinatis
1376 1931 1578 1968 aurem
1618 1914 1873 1982 inﬁrmo,
1902 1914 1998 1985 qui

393 2019 513 2075 pre:
527 2001 711 2057 nimia
721 2001 1063 2073 mgritudine
1080 2018 1195 2056 non
1211 2002 1655 2074 potestloqui,ut
1667 2003 1999 2058 inclinando

396 2108 596 2147 aurem
618 2089 895 2161 percipiat
915 2092 1130 2161 quanta
1144 2090 1215 2145 sit
1241 2091 1568 2158 inﬁrmitas,
1590 2092 1730 2163 ejus,
1751 2095 1809 2146 et
1835 2092 2004 2146 mise-

394 2182 593 2238 reatur
618 2179 691 2234 ei.
723 2178 890 2233 Auris
910 2194 1044 2233 vero
1066 2179 1328 2250 potentia
1345 2178 1555 2235 divinis
1588 2179 2001 2235 misericordia:

397 2267 623 2335 dicitur,
648 2283 716 2323 eo
747 2266 902 2339 quod
917 2265 1060 2321 sicut
1088 2266 1283 2321 audita
1308 2267 1658 2339 percipimus
1671 2285 1832 2336 aure,
1852 2267 1929 2322 sic
1947 2270 2006 2322 et

395 2355 515 2426 ipse
541 2355 693 2428 quod
726 2354 1240 2428 oramus'percipit,
1270 2358 1328 2409 et
1348 2357 1601 2426 complet
1620 2357 1880 2427 potentia
1902 2356 2005 2415 mi-

400 2444 745 2500 sericordiaz.
780 2444 845 2496 Et
871 2446 956 2497 est
984 2443 1093 2497 hoc
1120 2458 1183 2497 ac
1222 2442 1268 2496 si
1300 2442 1549 2498 diceret:
1586 2443 1790 2499 Inclina
1821 2438 2003 2498 aurem

403 2537 573 2599 tuam,
612 2532 673 2587 id
702 2534 787 2586 est
809 2531 1269 2586 condescendere
1295 2531 1383 2585 fac
1412 2533 1739 2603 potentiam
1776 2533 1999 2588 miseri-

403 2622 615 2677 cordiae
649 2623 761 2675 tua:
783 2619 926 2675 mihi
957 2618 1190 2673 inﬁrmo
1208 2620 1525 2675 secundum
1556 2621 2001 2679 humanitatem.

402 2709 567 2775 Quod
598 2711 682 2764 est
713 2708 901 2763 dicere
924 2724 935 2761 :
958 2708 1041 2762 Tu
1064 2698 1582 2779 quimeinﬁrmum
1610 2725 1841 2780 semper
1864 2726 2002 2779 con-7

398 2798 634 2865 sideras,
668 2813 769 2852 oro
803 2796 978 2851 etiam
1008 2799 1072 2850 ut
1102 2798 1320 2850 attente
1342 2796 1667 2851 consideres
1698 2797 2002 2853 inﬁrmita-

403 2890 523 2942 tem
554 2884 931 2940 humanitatis
974 2900 1141 2952 meaa,
1164 2891 1212 2937 et
1242 2885 1547 2939 exaudime.
1578 2886 1644 2939 Et
1670 2902 1898 2941 necesse
1920 2887 2007 2940 est

399 2978 463 3029 ut
494 2973 634 3029 mihi
661 2972 1174 3029 condescendendo
1432 2990 1527 3028 me
1552 2974 1841 3041 exaudias,
1872 2992 2004 3046 quo-

1005 281 1066 344 S.
1102 279 1450 343 BRUNONIS
1489 276 2119 343 CARTHUSIANORUM
2151 280 2620 345 INSTl'l‘UTORlS
2656 280 2815 346 OPP.
2853 280 3025 343 PASS
3061 280 3086 343 Ῑ

2025 410 2081 485 Α
2102 403 2194 462 hae
2223 405 2553 463 occasiones
2577 404 2807 463 valeant
2823 404 2898 462 ad
2916 404 3028 462 hoc
3043 404 3107 461 ut
3131 420 3228 462 me
3242 400 3512 462 exaudias
3536 418 3551 460 :
3586 401 3738 472 sed,

3572 279 3738 345 {002

2105 497 2363 567 quoniam
2387 503 2466 564 tu,
2490 496 2741 563 Domine,
2790 497 2967 550 suavis
3004 512 3085 559 es,
3143 494 3203 550 id
3244 498 3330 550 est
3353 492 3634 551 amabilis
3669 497 3741 552 et

2096 584 2384 655 jocundus
2414 584 2572 638 cibus
2594 584 2803 639 sanctis
2832 570 3184 651 hominibus,
3217 582 3315 655 qui
3345 586 3546 639 tamen
3577 585 3743 640 sunt

2104 675 2395 745 utcunque
2447 675 2802 745 peccatores,
2834 675 2893 728 et
2930 674 3103 744 longe
3135 688 3229 728 me
3274 671 3583 728 inferiores
3619 689 3638 741 ;
3677 677 3761 731 et.

2068 784 2073 789 ·
2104 764 2251 818 mitis
2283 780 2342 817 es
2372 762 2767 834 peccatoribus
2794 762 3057 819 nondum
3096 760 3533 833 penitentibus,
3566 777 3738 832 quos

2105 868 2223 907 non
2248 851 2440 906 statim
2448 851 2604 923 juste
2618 851 2880 918 damnas,
2896 850 2995 907 sed
3015 850 3305 923 patienter
3317 853 3617 921 exspectas
3642 868 3659 917 ;
3680 856 3738 905 et

2104 939 2309 1006 multa,
2339 939 2397 995 id
2439 943 2524 994 est
2560 938 2803 994 inﬁnita:
2841 939 3213 994 misericordia:
3238 956 3319 1006 es,
3354 938 3734 994 remittendo

2102 1032 2338 1099 peccata
2368 1029 2610 1084 omnibus
2639 1028 3007 1085 invocantibus
3051 1034 3119 1094 te,
3152 1027 3212 1082 id
3258 1031 3346 1083 est
3398 1026 3736 1083 affectuose

2108 1117 2404 1173 orantibus
2442 1117 2513 1172 de
2562 1116 2899 1172 remissione
2925 1133 2938 1171 :
2965 1115 3186 1187 Percipe
3213 1118 3507 1170 orationem
3538 1132 3736 1171 meam

2102 1206 2347 1274 auribus,
2380 1206 2440 1261 id
2467 1208 2551 1260 est
2575 1205 2837 1278 potentia
2868 1204 3276 1260 misericordias
3298 1208 3449 1260 tuas:
3482 1208 3545 1259 et
3574 1220 3730 1277 per-

2104 1293 2370 1365 cipiendo
2424 1294 2632 1351 intende
2690 1296 2809 1351 voci
2862 1293 3248 1365 deprecationis
3299 1310 3450 1362 mea,
3499 1293 3564 1348 id
3593 1295 3722 1361 est,

2101 1382 2395 1438 intonsum
2428 1385 2485 1438 te
2534 1383 2624 1438 fac
2672 1382 2795 1438 voci
2845 1398 2991 1437 meas
3045 1382 3379 1455 deprecanti
3424 1386 3503 1437 te.
3540 1380 3729 1445 Quod

2101 1474 2187 1526 est
2216 1471 2434 1527 dicere:
2474 1471 2617 1527 Cum
2648 1470 2757 1527 illis
2786 1470 2883 1543 qui
2942 1471 3229 1541 simplices
3257 1471 3525 1527 homines
3551 1473 3724 1535 sunt,

2103 1559 2247 1614 etin
2285 1560 2476 1632 aliquo
2530 1563 2584 1615 te
2628 1559 3006 1627 oﬁ'endentes,
3055 1560 3178 1615 hinc
3232 1560 3517 1615 beneﬁcia
3565 1575 3723 1614 con-

2101 1648 2288 1716 cedas,
2313 1652 2375 1703 ut
2403 1648 2483 1703 eis
2520 1648 2705 1703 suavis
2730 1648 2804 1702 sis
2828 1652 2888 1702 et
2911 1647 3087 1711 mitis,
3139 1651 3198 1704 et
3243 1651 3444 1704 multa:
3473 1646 3726 1703 miseri-

2027 1753 2079 1812 B
2104 1736 2334 1804 cordiee,
2366 1736 2507 1791 mihi
2528 1737 2718 1808 potius
2735 1738 2851 1792 Deo
2866 1739 2924 1791 et
2941 1736 3187 1804 homini,
3202 1739 3261 1792 et
3282 1754 3317 1791 a
3336 1739 3573 1808 peccato
3596 1735 3730 1790 im-

2103 1824 2287 1891 muni,
2317 1824 2541 1879 intense
2569 1824 2754 1879 tribue
2776 1824 2931 1895 quod
2948 1840 3073 1879 oro.
3094 1824 3162 1878 Et
3179 1824 3308 1880 ideo
3333 1823 3539 1879 exaudi
3567 1822 3724 1896 quia

2105 1913 2355 1980 clamavi,
2384 1913 2440 1967 id
2472 1917 2558 1968 est
2578 1913 2832 1967 clamore
2862 1912 3089 1967 intenso
3121 1912 3234 1983 egi,
3284 1912 3360 1967 ad
3385 1916 3442 1967 te
3472 1928 3729 1985 prome-

2104 2001 2353 2056 rendum
2381 2003 2437 2056 in
2459 2001 2543 2055 die
2568 2000 2928 2056 tribulationis
2945 2018 3094 2070 mea’,
3127 2000 3188 2055 id
3219 2004 3305 2056 est
3330 2001 3389 2055 in
3410 2004 3535 2055 toto
3558 2004 3725 2055 tem-

2108 2107 2245 2163 pore
2258 2090 2384 2146 vitae
2403 2107 2568 2158 meae,
2590 2106 2717 2162 quae
2738 2090 2877 2145 nihil
2906 2089 3061 2145 aliud
3092 2093 3176 2145 est
3188 2107 3363 2163 quam
3389 2089 3721 2144 tribulatio.

2106 2180 2175 2233 Et
2203 2180 2311 2235 hoc
2342 2178 2461 2234 fere
2486 2178 2641 2233 idem
2661 2181 2746 2234 est
2773 2177 2930 2250 quod
2961 2178 3221 2250 superius
3242 2178 3402 2246 dixit,
3437 2178 3508 2232 ad
3535 2186 3585 2232 te
3600 2178 3739 2231 δια--

2105 2270 2254 2323 mavi
2285 2273 2393 2321 tota
2425 2266 2533 2334 die,
2561 2266 2669 2321 nisi
2689 2266 2824 2338 quia
2840 2267 2994 2321 aliud
3016 2270 3198 2334 notat,
3225 2283 3357 2321 cum
3388 2266 3530 2320 dicit
3549 2266 3731 2320 tribu-

2107 2356 2365 2410 lationis:
2401 2371 2465 2409 ac
2484 2354 2529 2408 si
2561 2358 2834 2427 poneret:
2869 2354 3138 2418 Quamvis
3159 2354 3381 2410 assidue
3408 2354 3731 2409 intribula-

2107 2442 2265 2500 tione
2292 2443 2525 2510 fuerim,
2561 2459 2862 2514 nunquam
2885 2446 3085 2498 tamen
3129 2459 3165 2497 a
3195 2443 3451 2500 clamore
3479 2442 3724 2511 cessavi,

2106 2530 2352 2602 ideoque
2377 2531 2584 2601 dignus
2610 2547 2736 2585 sum
2767 2530 3042 2587 exaudiri.

2143 2619 2403 2676 Ostendit
2417 2623 2611 2673 autem
2623 2635 2750 2690 qua:
2763 2619 2976 2673 utilitas
2986 2623 3256 2691 sequetur
3267 2619 3337 2674 de
3348 2619 3729 2675 exauditione

2107 2724 2229 2775 sua,
2266 2707 2343 2762 sic
2368 2724 2380 2762 :
2410 2707 2546 2762 Dico
2576 2707 2821 2761 Auribus
2850 2709 3061 2779 percipe
3095 2710 3385 2762 oratienem
3414 2725 3625 2776 meam;
3663 2712 3725 2764 et

2107 2795 2189 2852 ita
2211 2797 2403 2851 facies.
2450 2796 2517 2850 Et
2558 2797 2683 2867 quia
2728 2795 3008 2864 exaudisti,
3058 2795 3119 2851 id
3157 2799 3243 2851 est
3281 2796 3553 2852 exaudies
3608 2815 3719 2862 me,

2107 2884 2484 2939 custodiendo
2519 2887 2577 2938 et
2604 2883 2997 2938 resuscitando
3029 2900 3226 2951 omnes,
3269 2884 3326 2939 id
3356 2887 3443 2939 est
3490 2884 3720 2939 omnis-

2111 2972 2267 3028 modi
2296 2979 2473 3043 gentes
2492 2987 2829 3043 quascunque
2854 2973 3054 3042 fecisti,
3100 2988 3206 3042 per
3234 2988 3430 3027 meam
3457 2989 3721 3027 resurre-

404 3065 552 3117 niam
586 3079 700 3133 ego,
744 3060 843 3133 qui
891 3060 993 3116 Dei
1018 3078 1136 3114 sum
1167 3065 1224 3115 et
1265 3062 1636 3134 omnipotens
1685 3063 2005 3118 secundum
2040 3035 2362 3116 Cctionern
2379 3059 3360 3131 venientadteﬁde,queelonginquas
3378 3061 3721 3116 suntincre-

401 3150 697 3212 deitatem,
747 3165 878 3203 sum
912 3148 1228 3203 secundum
1267 3149 1694 3204 humanitatem
1726 3152 1901 3221 inops,
1951 3150 2009 3206 id

405 3244 492 3293 est
528 3236 880 3292 insufﬁciens
913 3234 1147 3290 alterius
1195 3253 1302 3307 ope
1351 3238 1607 3300 liberari,
1651 3238 1759 3292 nisi
1793 3242 1928 3307 tua;
1960 3245 2010 3293 et

392 3345 620 3400 pauper,
649 3326 708 3379 id
731 3328 816 3380 est
842 3324 1193 3379 insufﬁciens
1226 3342 1334 3395 ope
1367 3342 1499 3381 mea
1538 3327 1819 3398 adjuvari.
1855 3329 1922 3382 Et
1949 3327 2007 3383 in

405 3417 514 3472 hoc
546 3414 769 3481 exaudi,
797 3412 1010 3468 scilicet
1064 3412 1270 3466 custodi
1303 3415 1543 3467 animam
1573 3431 1765 3483 meam,
1808 3432 1880 3471 ne
1908 3416 2007 3471 de-

404 3503 561 3560 ﬁciat
585 3521 619 3559 a
646 3501 972 3569 sanctitate,
1004 3499 1215 3554 timore
1256 3501 1480 3569 mortis,
1524 3505 1781 3574 quoniam
1810 3521 2013 3559 revera

404 3599 616 3649 sanctus
643 3608 761 3645 sum
792 3592 851 3644 et
872 3589 929 3643 in
963 3587 1312 3659 cogitatione
1330 3594 1387 3643 et
1406 3588 1465 3643 in
1494 3606 1703 3660 opere;
1737 3594 1796 3646 et
1827 3609 2010 3646 resus-

402 3680 632 3737 citando
644 3678 844 3733 salvum
861 3693 953 3731 me
968 3677 1061 3746 fac
1073 3676 1144 3731 ab
1162 3676 1267 3731 hac
1281 3676 1616 3732 inﬁrmitate
1638 3679 2012 3734 humanitatis

404 3786 570 3836 meae,
601 3783 807 3821 servum
837 3770 1010 3833 tuum,
1042 3763 1186 3817 Deus
1214 3782 1390 3833 meus;
1412 3765 1736 3836 specialiter
1757 3768 2009 3839 quadam

406 3854 683 3929 singulari
715 3852 1045 3910 obedientia
1084 3869 1178 3906 me
1206 3870 1411 3907 servum
1439 3853 1589 3921 dico,
1622 3862 1922 3924 sperantem
1954 3872 2009 3908 in

406 3952 471 4011 te,
502 3961 619 3999 non
642 3944 703 3996 in
749 3942 939 4012 aliquo
979 3939 1089 3994 alio
1136 3940 1421 4011 adjutore.
1456 3942 1534 3995 Ac
1564 3941 1608 3996 si
1640 3942 1793 3996 dicat
1820 3959 1831 3996 :
1864 3943 2009 3998 Cum

405 4049 598 4087 servus
628 4034 758 4084 tuus
789 4029 919 4096 sim,
952 4028 1012 4082 in
1052 4029 1209 4082 nullo
1252 4030 1538 4084 resultans
1568 4033 1625 4084 et
1652 4029 1709 4083 in
1738 4032 2011 4087 omnibus

406 4119 510 4175 tibi
542 4116 835 4182 obedicns,
856 4118 1055 4170 etcum
1079 4115 1137 4169 in
1164 4119 1218 4170 te
1250 4118 1369 4170 solo
1398 4133 1517 4170 non
1538 4116 1597 4170 in
1625 4118 1883 4188 quolibet
1898 4120 2009 4175 alio

405 4222 658 4279 sperem,
693 4206 751 4257 et
793 4203 866 4258 sis
902 4206 1070 4269 Deus,
1107 4203 1430 4275 specialiter
1473 4220 1592 4274 prae
1621 4206 1841 4260 caeteris
1872 4208 2007 4262 obe-

2111 3149 2374 3204 dulitale.
2410 3149 2534 3202 Non
2566 3150 2782 3202 vacata
2803 3147 3081 3218 pondere,
3115 3149 3273 3219 quod
3302 3148 3488 3219 ponit,
3516 3151 3718 3220 fecisti.

2108 3237 2187 3289 Ac
2217 3236 2259 3289 si
2295 3235 2481 3290 dicat:
2516 3235 2768 3307 Dignum
2799 3238 2886 3290 est
2916 3238 2976 3290 ut
2995 3235 3069 3290 ad
3086 3238 3143 3290 te
3173 3235 3426 3306 veniant,
3461 3253 3594 3291 cum
3620 3255 3724 3293 eas

2109 3323 2563 3389 creaveris.Quid
2576 3323 2734 3377 enim
2754 3322 3177 3394 competentius
3193 3341 3367 3397 quam
3385 3328 3446 3379 ut
3460 3324 3724 3389 Creatori

2114 3416 2378 3468 creatura
2406 3411 2784 3483 subjiciatur?
2807 3413 2873 3466 Et
2896 3414 3204 3483 postquam
3226 3413 3511 3481 venerint,
3537 3431 3725 3469 coram

2114 3508 2162 3555 te
2215 3501 2546 3567 existentes,
2595 3500 2650 3554 id
2700 3503 2785 3555 est
2843 3500 2902 3554 in
2954 3501 3393 3572 beneplacentia
3449 3506 3549 3557 tua
3587 3503 3721 3557 ado-

2114 3588 2307 3643 rabunt
2363 3597 2430 3656 te,
2488 3589 2546 3643 id
2599 3591 2685 3643 est
2726 3588 3152 3644 venerabuntur
3197 3592 3255 3644 te
3313 3590 3619 3645 devotione
3665 3597 3729 3647 et

2113 3678 2321 3733 humili
2354 3679 2617 3733 oratione
2660 3676 2738 3731 Et
2768 3678 2943 3733 etiam
2970 3678 3344 3747 gloriﬁcabunt
3373 3679 3498 3734 aliis
3527 3697 3726 3734 nomen

2115 3774 2286 3834 tuum,
2312 3766 2370 3821 id
2394 3770 2480 3821 est
2519 3766 2918 3837 praedicabunt
2946 3766 3365 3836 successoribus
3395 3768 3719 3838 gloriosum

2112 3872 2232 3910 esse
2265 3871 2480 3909 nomen
2499 3858 2684 3908 tuum.
2712 3854 2915 3909 Versus
2932 3856 3125 3909 autem
3140 3854 3235 3927 qui
3251 3855 3401 3909 hunc
3419 3857 3721 3925 praecedit,

2112 3942 2480 3998 scilicet.Non
2492 3942 2761 3997 estsimilis
2775 3945 2855 3997 tui
2871 3945 2928 3996 in
2939 3942 3065 4002 diis.
3086 3947 3190 3998 etc.
3206 3984 3220 4010 ,
3243 3960 3346 4014 per
3366 3944 3723 4014 pharenthe—

2110 4031 2221 4085 sim
2242 4030 2634 4102 interpositus,
2669 4031 2750 4085 sic
2772 4035 2901 4101 post
2923 4031 3075 4087 hunc
3101 4047 3328 4085 versum
3355 4030 3454 4102 qui
3475 4036 3561 4086 est
3594 4032 3723 4087 0m-

2113 4136 2201 4173 nes
2222 4126 2424 4189 gentes,
2454 4123 2586 4186 etc.,
2616 4119 2892 4189 legendus
2913 4123 3017 4174 est.
3052 4119 3188 4173 Dico
3210 4118 3366 4190 quod
3386 4136 3565 4174 omnes
3594 4138 3719 4189 qen-

2114 4213 2184 4260 tes
2241 4206 2312 4260 ad
2355 4212 2404 4261 te
2452 4207 2677 4272 venient,
2722 4205 2934 4260 relictis
2971 4205 3158 4261 idolis.
3194 4206 3261 4261 Et
3305 4207 3514 4261 merito
3544 4224 3559 4261 :
3587 4208 3719 4263 Non

408 4296 525 4358 dio,
555 4294 796 4365 dignum
823 4294 908 4345 est
928 4294 990 4345 ut
1004 4290 1261 4345 animam
1276 4307 1469 4345 meam
1501 4292 1805 4361 custodias,
1825 4297 1884 4347 et
1914 4311 2009 4350 me
2035 4313 2087 4371 D
2113 4294 2270 4348 enim
2308 4300 2383 4349 est
2409 4295 2599 4349 similis
2626 4296 2708 4347 tui
2734 4292 2793 4348 in
2834 4296 3040 4349 natura
3069 4293 3271 4366 aliquis
3304 4295 3359 4348 in
3387 4294 3509 4362 diis,
3543 4296 3602 4351 id
3631 4300 3718 4352 est

408 4385 626 4439 salvum
651 4380 845 4435 facias.

478 4472 546 4524 Et
576 4468 704 4523 ideo
732 4468 916 4522 adhuc
943 4467 1192 4522 miserere
1230 4469 1354 4534 mei,
1401 4468 1794 4523 resuscitande
1827 4471 1884 4524 et
1912 4486 2007 4525 cu=

405 4556 739 4623 stodiendo;
768 4557 1018 4625 quoniam
1040 4562 1148 4609 tota
1174 4555 1284 4622 die,
1317 4555 1378 4610 id
1405 4558 1491 4609 est
1511 4556 1676 4611 omni
1708 4556 1823 4611 vita
1852 4574 2006 4626 mea,

406 4666 533 4723 qua:
564 4648 715 4701 clare
744 4643 921 4698 fuitet
941 4642 1312 4714 splendidain
1329 4645 1483 4699 bono
1507 4648 1570 4699 ut
1597 4645 1737 4716 dies,
1760 4645 2009 4717 clamavi,

406 4738 466 4794 id
495 4738 582 4792 est
608 4734 864 4788 clamore
890 4730 1132 4785 intensze
1159 4731 1476 4787 devotionis
1499 4733 1613 4804 egi,
1631 4733 1702 4786 ad
1721 4739 1770 4788 te
1800 4734 2010 4806 adipis-

405 4820 771 4887 cendum.Et,
789 4834 889 4875 ero
904 4817 1103 4884 etiam,
1128 4818 1337 4888 laetiﬁca
1358 4822 1598 4873 animam
1618 4837 1811 4876 meam
1839 4822 1898 4876 in
1921 4841 2012 4878 re-

403 4909 775 4975 surrectione,
791 4923 919 4978 quas
949 4905 1126 4960 modo
1150 4906 1327 4960 tristis
1348 4910 1432 4960 est
1456 4906 1515 4961 in
1546 4909 1832 4979 passione.
1855 4910 2017 4967 Laeti-

403 5003 505 5072 ﬁca
536 5014 794 5062 animam,
825 4995 945 5050 fere
974 4993 1133 5049 idem
1182 4997 1270 5049 est
1309 4994 1369 5049 in
1408 4997 1718 5063 sententia,
1772 5000 1927 5069 quod
1958 5005 2017 5055 et

401 5090 607 5145 salvum
635 5086 728 5156 fac
746 5100 954 5138 servum
979 5090 1164 5150 tuum;
1200 5082 1305 5136 nisi
1341 5082 1518 5154 quod,
1542 5082 1680 5137 dum
1714 5084 1851 5140 dicit
1880 5086 2012 5141 laeti-

400 5181 525 5251 ﬁca,
566 5171 818 5230 ostendit
837 5170 911 5225 ad
942 5168 1293 5224 evidentiam
1314 5169 1641 5241 fragilitatis
1673 5189 1787 5229 sua:
1803 5190 1861 5227 se
1876 5191 2012 5229 con-

401 5265 689 5323 tristatem
720 5259 910 5313 fuisse.
938 5258 1072 5324 Oro,
1102 5258 1338 5326 lati/ica.
1372 5259 1439 5312 Et
1467 5258 1711 5329 dignum
1742 5264 1855 5325 est;
1881 5263 2016 5332 quia

400 5370 524 5412 non
555 5347 808 5420 depressi
839 5348 1076 5400 animam
1099 5364 1271 5400 meam
1302 5346 1557 5400 vacando
1591 5345 1739 5401 vitiis
1758 5351 1815 5401 et
1846 5350 2017 5405 malis

399 5437 706 5511 operibus:
738 5435 840 5488 sed
869 5434 1061 5501 levavi,
1090 5434 1149 5490 id
1176 5437 1259 5488 est
1282 5434 1586 5489 sublimavi
1619 5434 1678 5488 in
1712 5435 2014 5493 virtutibus

398 5522 640 5585 etbonis
661 5522 927 5594 operibus
941 5523 1010 5577 ad
1035 5530 1083 5577 te
1106 5523 1583 5597 promerendum.
1604 5524 1670 5579 Et
1685 5541 1802 5580 nou
1821 5527 2006 5585 solum

2110 4383 2169 4437 in
2201 4382 2368 4436 idolis
2398 4398 2622 4449 eorum,
2642 4398 2771 4453 qua:
2796 4381 2937 4436 falso
2969 4382 3047 4436 dii
3077 4385 3274 4450 erunt;
3309 4385 3366 4436 et
3385 4399 3491 4436 non
3519 4391 3595 4438 est
3618 4385 3722 4439 ali-

2111 4469 2238 4541 quis
2252 4486 2431 4540 agens
2449 4469 2740 4523 secundum
2764 4486 2924 4540 opera
2946 4475 3060 4537 tua,
3079 4469 3137 4524 id
3158 4473 3262 4537 est,
3280 4486 3532 4541 operans
3546 4472 3720 4527 mira-

2109 4557 2400 4624 biliter,ad
2416 4558 2655 4611 modum
2670 4557 3025 4612 mirabilium
3040 4573 3280 4629 operum
3300 4562 3558 4617 tuorum.
3584 4559 3716 4614 Sin-

2112 4646 2247 4718 gula
2267 4644 2431 4717 igitur
2461 4645 2697 4717 singulis
2709 4645 3057 4712 reddit,cum
3072 4645 3233 4700 addit
3252 4662 3265 4700 :
3285 4646 3428 4701 Vere
3447 4646 3637 4702 nullus
3661 4651 3719 4703 in

2111 4734 2216 4790 diis
2237 4737 2512 4804 operatur
2533 4733 2819 4788 secundum
2849 4749 3004 4804 opera
3029 4740 3118 4788 tua
3141 4751 3155 4801 ;
3195 4736 3449 4806 quoniam
3478 4743 3537 4789 tu
3563 4737 3722 4791 solus

2113 4840 2339 4892 magnus
2364 4837 2440 4885 es,
2461 4822 2519 4876 id
2556 4825 2643 4876 est
2667 4825 2873 4893 potens
2898 4829 2949 4875 et
2981 4823 3186 4891 faciem
3214 4822 3484 4877 mirabilia
3517 4839 3716 4895 opera.

2114 4910 2223 4981 Ipsi
2259 4926 2389 4964 vero
2411 4926 2602 4982 neque
2626 4908 2847 4981 magni,
2870 4925 3058 4981 neque
3081 4910 3373 4965 mirabilia
3387 4915 3717 4982 operantes;

2118 5002 2175 5052 et
2192 4981 2781 5068 nullu5344$imilis
2796 4996 2876 5052 tui
2889 4997 2947 5051 in
2960 4998 3327 5069 natura;quia
3344 5001 3404 5052 tu
3416 4981 3721 5053 solusDeus

2117 5089 2260 5149 es,et
2277 5086 2464 5159 npllus
2481 5085 3002 5140 eorumDeus.Orat
3013 5089 3207 5140 autem
3219 5089 3435 5156 autpro
3451 5087 3722 5157 gentibus

2116 5172 2539 5240 convertendis,
2589 5173 2700 5229 sic:
2749 5174 2888 5228 Dico
2920 5174 3076 5246 quod
3101 5180 3277 5243 gentes
3306 5174 3377 5228 ad
3407 5181 3454 5228 te
3479 5177 3711 5243 venient,

2118 5265 2176 5316 et
2204 5277 2309 5333 pro
2340 5262 2441 5327 eis,
2477 5260 2722 5316 Domine
2756 5262 2943 5328 Pater,
2980 5262 3193 5317 scilicet
3219 5261 3386 5315 deduc
3409 5262 3481 5316 de
3512 5261 3721 5318 virtute

2116 5349 2175 5403 in
2206 5348 2479 5403 virtutem
2510 5365 2624 5417 me,
2652 5350 2711 5404 id
2740 5353 2826 5403 est
2868 5349 2992 5421 ipsa
3016 5368 3117 5421 gen
3130 5358 3193 5404 ‘cs
3223 5366 3381 5404 meas
3413 5351 3635 5405 futuras
3664 5355 3718 5405 in

2116 5439 2202 5492 via
2231 5444 2321 5491 tua
2350 5436 2582 5508 positas,
2612 5437 2669 5491 id
2700 5440 2787 5491 est
2812 5437 2871 5491 in
2893 5438 3006 5492 ﬁde
3034 5441 3090 5493 et
3116 5438 3449 5509 cognitione
3479 5438 3585 5504 tui,
3616 5456 3718 5510 per

2116 5542 2293 5603 quam
2323 5524 2392 5580 ad
2419 5530 2467 5581 te
2496 5528 2702 5587 venient
2728 5541 2743 5592 ;
2771 5532 2819 5580 et
2849 5526 3135 5597 ingrediar,
3164 5526 3224 5581 id
3254 5529 3339 5581 est
3371 5525 3707 5597 ingredian-
