4008 6040
228 234 363 300 1093

1155 225 1520 293 EXPOSITIO
1554 228 1625 289 IN
1663 227 1999 290 PSALMOS.
2041 260 2108 273 —-
2146 227 2340 292 PSAL.
2381 228 2617 291 LXXXVI

3399 231 3538 299 i093

227 368 323 425 tur
351 361 469 423 mei
498 360 572 424 ad
625 359 798 423 vitam
839 357 1011 439 positi
1058 360 1117 419 in
1155 362 1372 418 veritate
1404 365 1515 428 tua,
1560 357 1621 416 id
1652 358 1738 414 est
1767 355 1826 412 in
1851 360 1906 421 Α
1934 360 2095 427 strat,
2128 357 2240 415 sic:
2275 358 2439 418 Oravi
2470 362 2547 429 te,
2593 356 2840 417 Domine
2887 358 3080 431 Pater,
3129 375 3235 435 pro
3269 363 3539 437 gentibus

229 457 377 512 veris
404 456 707 528 praeceptis
734 454 872 520 tuis;
905 456 991 507 vel
1028 452 1447 524 ingrediantur,
1486 448 1545 503 id
1578 450 1665 503 est
1693 463 1828 519 pro-

224 548 572 601 moveantur
594 544 652 597 in
682 543 829 597 veris
850 540 1149 613 praeceptis
1178 540 1309 594 tuis.
1345 539 1411 592 Et
1442 537 1499 591 in
1524 537 1631 591 hac
1658 535 1834 590 dedu-

224 635 417 690 ctione
448 637 505 689 et
533 631 887 705 ingressione
920 630 1122 683 Laetetur
1152 645 1240 683 eor
1268 644 1464 692 meum,
1497 626 1552 679 id
1605 627 1689 679 est
1735 639 1836 677 cor

225 741 515 792 meorum,
547 723 758 779 scilicet
780 738 898 776 non
925 719 1337 774 contristentur
1358 716 1418 770 in
1444 713 1834 786 completione

224 815 651 886 praeceptorum
665 814 918 876 tuorum,
944 808 1043 863 sed
1064 808 1366 873 laetentur;
1410 819 1525 858 non
1543 802 1619 856 sic
1638 805 1832 855 tamen

224 906 291 958 ut
307 902 444 957 inde
463 900 817 973 superbiant,
828 898 928 952 sed
944 896 1020 951 sic
1044 902 1100 949 ut
1121 893 1386 960 timeat,id
1408 896 1492 948 est
1506 890 1618 945 mei
1638 894 1833 944 tamen

226 995 430 1049 meant
472 1007 661 1045 nomen
688 996 860 1054 tuum,
894 986 1050 1059 quod
1095 987 1181 1039 est
1208 980 1725 1048 Dominus,scilicet
1763 978 1833 1032 ti-

226 1085 430 1138 meant
458 1081 567 1135 boc
596 1077 753 1151 quod
782 1075 1115 1146 designatur
1152 1073 1210 1127 in
1228 1074 1299 1126 'te
1344 1087 1450 1141 per
1482 1070 1591 1124 hoc
1620 1083 1833 1122 nomen

226 1170 387 1243 quod
398 1172 483 1224 est
500 1167 797 1224 Dominus.
831 1163 1057 1219 Scilicet
1084 1166 1139 1217 te
1162 1160 1625 1231 omnipotentem
1638 1172 1759 1211 esse
1780 1156 1838 1209 et

226 1261 501 1325 ultorem,
530 1258 629 1331 qui
657 1273 754 1312 eos
780 1253 982 1329 punies
1006 1252 1052 1307 si
1085 1249 1494 1324 superbierint.
1531 1247 1695 1302 Unde
1724 1247 1835 1300 Do-

227 1347 424 1404 minus
444 1362 548 1419 per
572 1344 921 1417 Prophetam
946 1341 1114 1396 dicit:
1147 1361 1175 1390 «
1206 1338 1264 1393 Si
1286 1340 1456 1393 Pater
1480 1338 1666 1390 vester
1686 1349 1835 1401 sum,

230 1437 331 1492 ubi
357 1452 525 1491 amor
554 1433 763 1489 meus?
789 1431 835 1487 si
866 1433 1034 1498 Deus,
1060 1427 1157 1484 ubi
1188 1424 1423 1482 honor?
1456 1423 1503 1479 si
1537 1421 1837 1490 Dominus,

231 1526 335 1581 ubi
361 1523 580 1580 timor?
607 1520 801 1593 (Mat,
835 1537 872 1577 ι.
903 1522 979 1585 6.)
1001 1537 1034 1570 »

307 1612 580 1668 Enuntiat
595 1608 1060 1665 autemfuturum
1083 1604 1239 1677 quod
1252 1601 1456 1670 oravit,
1478 1617 1609 1656 cum
1634 1599 1838 1670 adjun-

1931 448 2246 516 salvandis;
2278 450 2407 505 volo
2434 449 2610 503 etiam
2641 452 2698 502 te
2731 465 2897 504 orare
2928 466 3031 521 pro
3064 449 3273 523 iniquis
3301 453 3534 509 Iudaeis.

1932 536 2000 590 Et
2033 536 2166 591 utile
2198 537 2431 609 quidem
2464 538 2544 591 eis
2573 541 2657 591 est
2689 541 2749 592 ut
2789 554 2892 610 pro
2942 538 3075 609 ipsis
3105 556 3287 607 orem,
3310 560 3342 597 o
3366 544 3547 598 Deus.‘

1930 623 2082 678 Nam
2108 627 2295 697 iniqui,
2324 626 2381 679 id
2411 629 2495 681 est
2526 625 2780 681 minores
2829 627 2887 680 in
2922 628 3133 698 populo
3178 630 3533 700 Iudaeorum,

1933 730 2051 768 non
2082 731 2149 768 ex
2176 714 2382 769 merito
2412 731 2540 770 meo
2573 716 2671 770 sed
2700 731 2766 769 ex
2796 715 3095 787 iniquitate
3111 734 3212 770 sua
3237 720 3535 775 insurrexe-

1934 809 2056 855 runt
2081 805 2135 855 in
2168 821 2269 870 me,
2303 802 2685 858 inclamantes
2715 804 2992 875 Crucilige
3026 804 3213 877 (Joan.
3240 822 3351 874 xxx,
3386 809 3463 877 6),
3481 811 3541 863 et

1934 895 2140 946 caetera
2169 893 2306 947 talia
2330 911 2343 960 ;
2367 898 2415 945 et
2444 892 2735 962 Synagoga
2754 894 3071 963 potentium,
3103 893 3163 949 id
3190 898 3275 949 est
3295 911 3538 967 congre-

1934 980 2088 1051 gatio
2119 980 2459 1050 pontificum
2518 984 2575 1035 et
2605 984 2947 1036 ceterorum
2984 982 3335 1055 principum,
3392 1002 3538 1056 quav-

1932 1071 2130 1122 sierunt
2161 1072 2397 1123 animam
2446 1087 2619 1124 meam
2663 1070 2912 1138 auferre,
2943 1078 2991 1125 et
3022 1089 3126 1126 non
3145 1077 3541 1144 proposuerunt

1937 1163 1985 1211 te
2012 1158 2261 1212 ultorem
2291 1158 2545 1213 futurum
2596 1165 2719 1213 ante
2749 1168 3079 1232 conspectum
3109 1179 3287 1229 suum,
3320 1161 3537 1216 scilicet

1938 1261 2054 1299 non
2081 1249 2502 1317 proposuerunt
2526 1249 2660 1301 ante
2698 1251 3082 1319 conspectum
3106 1250 3317 1305 mentis
3339 1267 3454 1305 suae
3485 1253 3543 1307 te

1936 1332 2015 1388 sic
2046 1334 2257 1389 debere
2290 1334 2501 1402 ulcisci,
2532 1334 2666 1406 quia
2697 1352 2764 1390 ex
2794 1335 3102 1409 iniquitate
3134 1337 3191 1392 in
3227 1355 3321 1393 me
3353 1338 3540 1394 insur-

1937 1425 2231 1488 rcxerunt,
2265 1422 2420 1494 quod
2444 1422 2638 1495 utique
2670 1440 2996 1496 pr0ponere
3021 1425 3320 1481 deberent.
3353 1425 3430 1481 Et
3462 1433 3540 1494 tu,

1937 1509 2184 1575 Domine,
2226 1526 2343 1565 non
2371 1509 2506 1564 inde
2530 1512 2683 1582 juste
2710 1511 2935 1582 punias,
2965 1514 3065 1567 sed
3086 1517 3147 1567 ut
3176 1531 3308 1586 pars
3337 1531 3541 1569 eorum

1939 1599 2203 1666 salvetur,
2238 1602 2320 1666 tu,
2353 1599 2595 1654 Domine
2625 1599 2769 1654 Deus
2795 1602 3084 1655 misericors
3340 1602 3400 1658 in
3441 1620 3544 1659 na-

168 1734 177 1741 ι
232 1703 338 1776 git:
364 1702 476 1757 Oro
495 1704 557 1755 ut
577 1699 692 1754 mei
705 1697 1062 1753 deducantur
1082 1673 1141 1749 et
1165 1693 1413 1747 timeant
1438 1693 1519 1776 te,
1537 1688 1687 1743 etita
1700 1686 1837 1741 erit:
1868 1673 1917 1733 Β
1943 1691 2101 1756 tura;
2134 1694 2184 1742 et
2214 1690 2510 1755 miserator,
2544 1688 2860 1743 secundum
2887 1673 3299 1745 exhibitionem
3327 1691 3548 1746 miseri-

231 1774 443 1846 scilicet
460 1788 761 1857 Conﬁtebor
776 1784 1123 1853 tibi,Domine
1151 1780 1295 1837 D‘eus
1318 1796 1478 1845 meus,
1511 1774 1569 1831 id
1601 1779 1684 1832 est
1710 1791 1841 1829 cum

231 1881 310 1935 sis
338 1877 617 1934 Dominus
636 1880 693 1931 et
713 1877 860 1930 Deus
881 1889 1167 1939 meorum,
1197 1869 1311 1925 mei
1351 1866 1670 1923 laudabunt
1699 1867 1755 1919 te
1787 1867 1845 1920 in

234 1975 343 2024 toto
368 1966 521 2022 corde
553 1981 688 2032 meo,
720 1964 779 2018 id
808 1966 893 2018 est
923 1964 981 2017 in
1013 1964 1135 2016 tota
1167 1957 1471 2015 affectione
1504 1955 1693 2010 cordis
1721 1953 1840 2008 sui:

232 2056 449 2113 scilicet
473 2057 536 2109 ut
567 2069 685 2108 non
714 2052 773 2106 in
795 2053 960 2122 parte
980 2048 1083 2103 tibi
1105 2050 1327 2112 vacent,
1352 2048 1406 2099 et
1421 2045 1479 2098 in
1501 2046 1663 2116 parte
1681 2058 1847 2097 mun-

232 2146 430 2211 danis;
462 2143 565 2199 sed
594 2159 662 2198 ex
684 2143 808 2196 toto
838 2143 893 2195 te
926 2138 1244 2193 laudabunt
1262 2137 1386 2189 tota
1416 2131 1737 2188 affectione.
1769 2130 1847 2185 Et

220 2232 564 2308 ’glori/icabo,
617 2231 676 2285 id
706 2232 791 2284 est
829 2226 1145 2300 gloriosum
1177 2222 1578 2298 praedicabunt
1603 2219 1725 2274 aliis
1756 2235 1848 2271 no-

230 2342 355 2380 men
389 2329 563 2389 tuum,
586 2323 644 2375 et
670 2320 779 2374 hoc
804 2320 859 2371 in
902 2322 1179 2370 aeternum.
1220 2313 1335 2367 Hoc
1368 2313 1562 2366 autem
1593 2308 1723 2363 ideo
1752 2324 1843 2362 re-

230 2412 400 2486 petit,
429 2414 491 2465 ut
520 2409 697 2464 addat
721 2425 733 2462 :
764 2404 960 2462 Merito
984 2402 1392 2476 glorificabunt
1416 2414 1631 2454 nomen
1659 2400 1843 2463 tuum,

233 2484 296 2557 et
318 2498 745 2557 confitebuntur
764 2495 867 2550 tibi
895 2493 950 2547 in
978 2495 1101 2547 toto
1121 2490 1293 2545 corde
1311 2507 1325 2557 ;
1340 2490 1467 2561 quia
1490 2484 1846 2539 misericordia

236 2597 541 2660 tuamagna
559 2593 908 2657 estsuperme,
943 2582 1002 2636 id
1032 2583 1116 2635 est
1136 2595 1297 2634 meos
1320 2594 1333 2645 ;
1361 2575 1576 2631 scilicet
1608 2572 1740 2646 quia
1767 2572 1849 2644 ip-

234 2679 312 2735 sis
341 2677 489 2733 meis
520 2675 783 2732 conferes
821 2687 926 2743 per
953 2665 1414 2724 misericordiam
1440 2667 1599 2718 tuam
1632 2677 1848 2732 magna

232 2766 539 2832 beneficia,
570 2759 907 2818 illustrando
930 2774 1028 2813 eos
1055 2756 1360 2811 virtutibus
1392 2756 1449 2807 et
1478 2750 1644 2806 bonis
1665 2747 1848 2821 operi-

235 2856 364 2911 bus.
403 2855 470 2908 Et
500 2850 655 2924 prius
680 2851 865 2905 eruisti
909 2848 1147 2901 animam
1172 2860 1346 2898 meam
1377 2859 1440 2897 ex
1474 2841 1683 2910 inferno
1716 2837 1850 2906 infe-

1945 1777 2187 1831 cordiazz
2222 1780 2279 1831 et
2320 1779 2554 1850 patiens,
2615 1779 2999 1849 exspectando
3041 1783 3392 1851 peccatores,
3425 1797 3546 1836 non

1946 1865 2141 1919 statim
2170 1865 2449 1938 puniens;
2482 1873 2531 1920 et
2568 1866 2754 1922 multa?
2794 1868 3180 1935 misericordia,
3213 1870 3550 1924 condonan-

1947 1953 2021 2007 do
2048 1956 2285 2025 peccata
2310 1954 2600 2009 conversis
2627 1972 2644 2020 ;
2676 1960 2725 2011 et
2754 1973 2935 2023 verax,
2968 1957 3314 2030 complendo
3347 1958 3550 2014 omnia

1946 2059 2075 2116 quas
2106 2042 2401 2113 promittis
2430 2059 2443 2097 :
2497 2042 2632 2116 quia
2690 2043 2905 2099 scilicet
2933 2062 3095 2099 verax
3124 2061 3203 2112 es,
3235 2048 3295 2100 et
3323 2062 3416 2101 me
3446 2047 3551 2102 sal-

1944 2132 2197 2188 vandum
2228 2138 2286 2188 et
2314 2126 2756 2205 glorificandnm
2789 2133 3341 2207 promiseris,respice
3363 2137 3418 2187 in
3446 2151 3550 2205 me,

1948 2221 2047 2279 tibi
2079 2239 2256 2294 usque
2286 2222 2359 2277 ad
2390 2226 2649 2277 mortem
2678 2222 3072 2291 obedientem,
3105 2230 3154 2277 et
3187 2223 3265 2277 sic
3290 2222 3358 2277 da
3386 2225 3550 2295 impe-

1943 2312 2091 2367 rium
2116 2310 2289 2365 totius
2314 2310 2539 2378 mundi,
2572 2310 2713 2365 mihi
2734 2328 2923 2382 puero,
2955 2311 3014 2366 id
3045 2316 3129 2367 est
3162 2329 3324 2367 servo
3349 2319 3457 2378 tuo,
3491 2311 3550 2367 in

1947 2401 2106 2453 nullo
2141 2398 2240 2453 tibi
2270 2399 2646 2462 resultanti,et
2675 2402 2847 2454 antea
2873 2416 3049 2471 quam
3079 2400 3178 2455 des
3209 2400 3550 2471 imperium,

1924 2491 2075 2563 post
2099 2490 2215 2541 tres
2242 2487 2363 2569 dies
2377 2487 2584 2541 salvum
2611 2488 2703 2557 [ac
2736 2504 2770 2541 a
2809 2491 2996 2542 morte
3016 2488 3191 2557 [ilium
3214 2488 3424 2545 ancillae
3450 2494 3555 2545 tua

1945 2574 2153 2630 Marim.
2197 2576 2276 2628 Ac
2316 2574 2361 2628 si
2419 2574 2608 2629 dicat:
2663 2575 2788 2630 Non
2839 2576 3026 2630 solum
3053 2577 3161 2631 hoc
3190 2579 3557 2650 promeretur

1948 2662 2280 2719 obedientia
2305 2679 2437 2719 mea
2464 2667 2526 2718 ut
2550 2680 2644 2719 me
2665 2664 2864 2731 salves,
2894 2664 2994 2719 sed
3010 2668 3069 2719 et
3089 2664 3418 2720 obedientia
3436 2681 3557 2720 ma-

1945 2753 2049 2807 tris
2078 2769 2253 2820 mem;
2285 2752 2376 2806 cui
2408 2769 2539 2806 cum
2572 2768 2676 2825 per
2696 2752 3020 2808 Gabrielem
3045 2754 3377 2809 mandasses
3397 2754 3554 2825 quod

1948 2856 2045 2895 me
2077 2840 2426 2912 conciperet,
2461 2858 2577 2895 non
2610 2840 2907 2896 incredula
2952 2859 3141 2914 neque
3172 2843 3421 2911 rebellis,
3454 2843 3555 2898 sed

234 2945 393 3011 riori,
427 2942 485 2996 id
512 2943 597 2995 est
625 2955 791 2994 erues
819 2936 1074 2992 animam
1102 2948 1363 2988 meorum
1391 2947 1455 2985 ex
1480 2925 1847 2997 corruptione
1873 2950 1921 3011 ρ
1948 2929 2226 2985 obediens
2254 2927 2403 2983 facta
2433 2933 2490 2984 et
2509 2929 2723 2984 fidelis:
2753 2947 2885 2997 ecce,
2917 2929 3123 3002 inquit,
3157 2930 3216 2985 id
3238 2935 3324 2985 est
3353 2934 3557 3002 parata

245 3030 536 3097 cazcitatis,
561 3045 688 3101 qua:
720 3025 962 3082 inferior
982 3024 1263 3089 infernus,
1287 3021 1347 3075 id
1379 3022 1463 3074 est
1484 3017 1677 3072 imitas
1709 3030 1847 3069 con-

237 3138 384 3195 grue
402 3118 913 3189 dicitur,quantum
932 3113 1004 3167 ad
1019 3110 1450 3182 corruptionem
1471 3102 1851 3177 corporis,sci-

239 3194 374 3266 licet
405 3209 688 3280 quantum
721 3204 793 3259 ad
832 3200 1269 3275 passibilitatem
1311 3201 1367 3253 et
1409 3194 1845 3252 mortalitatem.

241 3300 385 3355 Cum
402 3296 559 3352 enim
576 3292 866 3365 corruptio
894 3288 1170 3361 corporis,
1195 3286 1351 3358 quod
1376 3281 1670 3355 indignius
1686 3284 1771 3336 est
1791 3280 1847 3333 in

239 3386 503 3452 homine,
513 3381 920 3456 jureinfernus
944 3377 1183 3444 dicatur,
1210 3375 1267 3429 id
1288 3376 1374 3429 est
1396 3372 1589 3428 imitas
1613 3372 1672 3424 et
1690 3369 1777 3439 dej
1788 3385 1850 3422 e-

242 3476 382 3542 ctio,
425 3470 836 3529 convenienter
862 3465 1070 3523 anima:
1088 3462 1377 3534 corruptio
1398 3476 1502 3532 per
1524 3458 1849 3513 czecitatem

242 3564 451 3622 dicitur
474 3560 713 3616 inferior
742 3558 1023 3623 infernus,
1070 3554 1127 3609 id
1160 3556 1246 3607 est
1292 3550 1532 3605 inferior
1581 3545 1847 3616 dejectio.

245 3654 476 3719 Quanto
491 3650 651 3706 enim
674 3665 766 3703 res
791 3645 1024 3716 dignior
1037 3645 1094 3697 et
1106 3641 1458 3706 altior,tauto
1471 3636 1519 3707 ej
1531 3653 1593 3690 us
1607 3633 1851 3705 dejectio

245 3740 488 3798 inferior
499 3742 556 3794 et
575 3734 927 3809 gravior.l1ic
948 3731 1121 3803 igitur
1141 3732 1287 3784 Deus
1299 3726 1495 3781 ﬁdeles
1518 3740 1649 3779 suos
1679 3722 1749 3776 de
1772 3722 1857 3774 in-

243 3832 398 3903 ferno
412 3828 660 3899 inferiori
672 3821 959 3888 liberat,id
976 3822 1062 3875 est
1076 3834 1278 3873 eorum
1294 3810 1740 3884 animam,prius
1753 3825 1858 3881 per

248 3898 563 3974 caecitatem
587 3905 1185 3983 corruptam,spiritali
1204 3904 1389 3977 gratia
1409 3901 1743 3956 illustrat.ln
1768 3898 1855 3952 fu-

248 4011 379 4063 turo
394 4020 526 4059 vero
541 4003 611 4057 de
628 4001 854 4056 inferno
871 3995 1127 4068 corporis
1139 4011 1238 4048 eos
1253 3991 1600 4062 eripietcum
1618 3988 1760 4041 imm
1770 4003 1858 4042 or-

250 4099 395 4153 tales
406 4098 463 4149 et
478 4089 856 4165 impassibiles
877 4085 1064 4142 faciet.
1081 4084 1179 4137 Vel
1207 4082 1284 4136 sic
1306 4081 1411 4135 iste
1422 4094 1619 4133 versus
1642 4076 1856 4148 legitur

251 4164 759 4255 competentius,ut
779 4177 849 4231 ad
870 4174 1155 4230 Christum
1170 4170 1482 4225 referatur:
1514 4167 1648 4221 Dico
1670 4164 1851 4219 couti-

252 4252 528 4328 tebuntur
538 4267 713 4333 tibi,et
731 4262 1109 4335 gloriﬁcabunt
1128 4276 1314 4313 nomen
1329 4255 1575 4311 tuum.Et
1594 4255 1703 4310 hoc
1720 4252 1857 4307 inde

253 4359 552 4430 continget
588 4355 723 4429 quia
748 4370 944 4423 magna
968 4356 1063 4412 est,
1094 4348 1153 4403 id
1202 4350 1287 4401 est
1318 4344 1448 4411 erit,
1499 4341 1859 4398 misericordia

256 4458 349 4505 tua
379 4429 535 4519 super
563 4461 665 4511 me,
700 4446 761 4497 ut
788 4440 929 4496 mihi
959 4435 1342 4493 constantiam
1369 4432 1467 4487 des
1486 4432 1543 4486 in
1573 4429 1857 4502 passione,

256 4542 315 4594 et
342 4517 471 4610 post
500 4547 737 4590 omnem
770 4527 1054 4585 mundum
1086 4523 1291 4579 ditioni
1322 4537 1466 4576 mete
1489 4517 1776 4590 subjicias,
1804 4519 1864 4570 et

257 4602 437 4681 dones
456 4620 597 4676 mihi
613 4633 831 4674 nomen
860 4613 1015 4688 quod
1045 4615 1129 4667 est
1155 4625 1327 4682 super
1352 4623 1525 4662 omne
1546 4602 1863 4661 nomen.Et

255 4714 463 4779 eruisti,
491 4710 550 4764 id
563 4712 649 4764 est
662 4722 827 4763 erues
839 4704 1078 4758 animam
1100 4716 1271 4754 meam
1300 4714 1363 4751 ex
1374 4696 1583 4766 inferno
1598 4693 1861 4762 inferiori,

258 4801 332 4858 ad
353 4814 527 4872 quem
557 4794 887 4856 descendet,
918 4793 981 4846 ut
1012 4789 1144 4844 inde
1177 4787 1375 4842 fideles
1396 4784 1454 4840 in
1469 4780 1724 4838 tenebris
1745 4778 1862 4835 exi-

257 4868 472 4943 stentes
501 4883 779 4940 extrahat.
812 4880 1074 4935 Infernus
1104 4874 1344 4931 inferior
1373 4886 1626 4943 congrue
1657 4868 1867 4923 dicitur

258 4976 518 5032 infernus
539 4973 633 5026 ille
652 4968 845 5025 localis
861 4967 934 5022 ad
954 4963 1448 5036 comparationem
1466 4958 1560 5029 hui
1571 4975 1633 5012 us
1661 4955 1867 5011 mundi

259 5064 358 5138 qui
386 5060 647 5134 superior
677 5061 763 5112 est
790 5060 847 5110 et
872 5060 1069 5109 tamen
1122 5051 1381 5106 infernus
1431 5046 1658 5113 dicitur,
1689 5044 1747 5099 id
1778 5045 1863 5098 est

260 5133 412 5208 imus
442 5133 499 5205 et
533 5147 785 5219 dejectus
817 5143 889 5198 ad
919 5139 1415 5212 comparationem
1457 5134 1657 5208 patria:
1699 5133 1863 5188 caele-

260 5241 379 5306 stis,
409 5256 535 5310 quzn
566 5234 810 5291 dicenda
832 5234 916 5286 est
935 5245 1100 5283 mons
1121 5226 1357 5281 lmtitize.

334 5309 468 5384 Post
492 5325 815 5381 orationem
842 5320 912 5375 de
942 5316 1225 5391 gentibus,
1260 5314 1434 5368 etiam
1466 5311 1536 5365 de
1568 5309 1870 5381 insurgen-

263 5415 488 5473 tibusin
516 5431 648 5469 eum
662 5410 871 5468 Iudaeis
887 5424 1052 5464 orare
1076 5403 1342 5459 intendit.
1392 5399 1505 5455 Sed
1537 5407 1599 5453 ut
1618 5414 1720 5452 sua
1743 5412 1869 5451 ora-

266 5506 422 5564 tione
444 5519 614 5575 egere
630 5499 911 5566 intendat,
935 5495 1090 5571 prius
1110 5510 1207 5550 eos
1229 5488 1538 5565 culpabiles
1555 5502 1676 5543 esse
1700 5501 1867 5542 mon-

1949 3035 2098 3085 sum,
2120 3017 2313 3071 ancilla
2341 3034 2593 3090 namque
2624 3016 2856 3072 Domini
2878 3034 3006 3072 sum
3039 3017 3195 3089 (Lac.
3226 3035 3265 3080 ι,
3299 3020 3408 3083 38).
3442 3022 3551 3073 etc.

1950 3107 2017 3160 Et
2043 3123 2159 3161 non
2192 3106 2267 3160 sic
2296 3123 2389 3160 me
2420 3107 2601 3160 salves
2631 3123 2664 3160 a
2695 3109 2905 3173 morte,
2926 3110 2988 3161 ut
3007 3108 3301 3162 hoclateat
3321 3106 3557 3175 ;inutilis

1948 3195 2106 3250 enim
2137 3195 2355 3250 mundo
2388 3197 2535 3248 esset
2564 3194 2905 3251 resurrectio
2936 3212 3088 3251 mea.
3103 3195 3215 3251 Sed
3246 3195 3379 3267 quia
3399 3196 3554 3250 mise-

1950 3286 2114 3340 ricors
2166 3301 2225 3337 es
2276 3294 2331 3337 ct
2377 3285 2653 3337 miserator
2678 3287 2735 3338 et
2749 3286 2961 3355 patiens
2985 3292 3034 3338 et
3064 3284 3245 3338 multa:
3268 3285 3558 3338 misericor-

1947 3372 2079 3438 dize,
2111 3372 2204 3442 [ac
2261 3387 2467 3427 mecum
2497 3373 2713 3441 signum
2758 3371 3196 3427 resurrectionis
3227 3374 3281 3426 in
3310 3373 3459 3429 bono.
3491 3373 3558 3426 Et

1950 3460 2097 3514 bene
2130 3458 2293 3530 ponit
2324 3476 2545 3526 mecum,
2579 3463 2638 3513 ut
2658 3476 2717 3514 se
2749 3460 2953 3515 innuat
2982 3477 3102 3515 esse
3151 3462 3356 3528 Deum,
3390 3457 3560 3524 Quasi

1953 3547 2170 3601 diceret
2186 3564 2198 3576 ο
2224 3548 2360 3618 Ego,
2396 3548 2713 3603 secundum
2758 3549 2914 3620 Quod
2937 3551 3083 3604 Deus
3104 3549 3469 3615 sum,faciam
3493 3548 3562 3603 si-

1954 3651 2136 3707 gnum
2147 3635 2664 3702 resurrectionis,id
2683 3639 2769 3690 est
2783 3636 3107 3690 mirabilem
3122 3640 3180 3691 et
3193 3636 3560 3690 manifestam

1954 3722 2435 3777 resurrectionem
2466 3723 2709 3794 Signum
2724 3724 2936 3796 quippe
2961 3741 3065 3795 pro
3087 3724 3358 3778 miraculo
3375 3723 3564 3795 saepis-

1957 3810 2099 3864 sime
2117 3809 2514 3881 ponitur.Dico
2542 3811 2696 3882 quod
2710 3811 2921 3865 faciam
2940 3811 3173 3883 signum
3195 3811 3565 3866 resurrectio-

1958 3899 2066 3968 nis,
2100 3902 2159 3954 et
2182 3901 2289 3955 hoc
2313 3902 2523 3969 signum
2549 3900 2657 3954 erit
2677 3902 2731 3953 in
2758 3900 2906 3965 bono,
2935 3899 2994 3955 id
3015 3903 3099 3954 est
3125 3900 3184 3954 in
3212 3899 3455 3955 utilitate
3474 3902 3566 3956 Ju-

1959 3988 2215 4043 dzcorum
2248 3990 2306 4042 et
2337 3988 2597 4060 gentium
2620 3988 3168 4043 convertendorum.
3191 3989 3324 4043 Vel:
3356 4005 3463 4060 ego
3487 3990 3568 4043 fa-

1959 4076 2127 4144 ciam,
2161 4076 2220 4129 id
2248 4079 2333 4131 est
2356 4076 2661 4147 complebo
2702 4076 2930 4147 signum
2956 4077 3138 4144 Jonas,
3171 4076 3387 4131 scilicet
3408 4081 3470 4130 ut
3495 4076 3566 4131 si-

1959 4169 2053 4221 cut
2076 4167 2248 4220 Jonas
2279 4164 2377 4219 die
2404 4165 2576 4219 tertia
2606 4164 2674 4218 de
2709 4168 2905 4219 ventre
2938 4164 3046 4219 ceti
3072 4181 3332 4236 egressus
3364 4165 3566 4232 est,ita

1883 4226 1935 4286 D
1958 4272 2064 4328 ego
2097 4254 2188 4308 die
2220 4253 2389 4307 tertia
2418 4269 2658 4307 carnem
2693 4269 2885 4308 meam
2912 4253 2982 4307 de
3024 4254 3283 4323 sepulcro
3328 4254 3568 4308 resusci‘

1956 4345 2140 4397 tatam
2172 4340 2369 4413 egredi
2400 4340 2607 4395 faciam
2629 4340 2848 4407 (Matth.
2886 4357 2980 4408 xu,
3013 4341 3125 4412 40),
3157 4360 3188 4392 «
3221 4343 3579 4398 Potestatem-

1960 4431 2117 4485 enim
2140 4430 2324 4484 habeo
2356 4428 2612 4501 ponendi
2634 4429 2893 4483 animam
2918 4444 3138 4497 meam,
3166 4431 3223 4483 et
3248 4428 3459 4485 iterum
3487 4447 3575 4485 su-

1962 4518 2160 4574 mendi
2185 4518 2364 4587 (Joan.
2391 4535 2444 4585 x,
2472 4520 2575 4578 l8).
2595 4538 2621 4564 ››
2648 4516 2782 4571 Dico
2816 4516 2972 4588 quod
2987 4533 3093 4588 ego
3112 4517 3322 4573 faciam
3341 4518 3572 4590 signum

1963 4608 2022 4661 in
2059 4608 2251 4670 bono;
2288 4612 2337 4660 et
2363 4611 2419 4658 tu
2449 4605 2622 4659 Pater
2667 4605 2758 4675 [ac
2786 4619 3015 4673 meeum,
3049 4605 3111 4660 id
3144 4609 3230 4661 est
3254 4623 3567 4679 cooperare

1963 4711 2095 4749 cum
2115 4696 2310 4749 sancto
2343 4692 2557 4763 Spiritu
2578 4692 2685 4747 hoc
2713 4694 2925 4763 signum
2949 4695 3004 4747 in
3026 4693 3177 4763 bono,
3197 4700 3256 4750 ut
3280 4694 3571 4749 videantu-

1966 4783 2057 4850 de,
2088 4782 2405 4838 secundum
2434 4784 2665 4852 partem
2687 4781 3459 4848 salvandorumdicoJudeei,
3482 4783 3578 4853 qui

1966 4889 2049 4926 me
2061 4870 2303 4937 oderunt,
2329 4871 2585 4942 quoniam
2608 4876 2687 4939 tu,
2706 4869 2964 4937 Domine,
2992 4870 3187 4940 adjuvi
3196 4871 3239 4923 ti
3255 4887 3355 4935 me,
3386 4875 3437 4923 et
3464 4869 3575 4924 hoc

1966 4960 2143 5015 modo
2189 4957 2456 5029 adjuvisti
2510 4958 2667 5031 quod
2721 4959 3023 5012 consolatus
3055 4975 3106 5011 es
3132 4974 3213 5011 me
3241 4956 3301 5011 in
3330 4973 3579 5013 resurre-

1966 5049 2177 5115 ctione,
2210 5047 2304 5119 qui
2336 5046 2511 5101 modo
2544 5046 2719 5100 tristis
2749 5050 2957 5116 sponte
2978 5062 3106 5099 sum
3125 5044 3182 5099 in
3207 5046 3491 5117 passione.
3510 5047 3578 5102 Et

1965 5137 2073 5191 hoc
2120 5135 2367 5190 videndo
2400 5134 2834 5189 confundantur
2887 5134 3043 5188 bona
3098 5132 3438 5189 confusione
3478 5135 3574 5206 qui

1967 5226 2213 5281 oderunt
2243 5240 2356 5291 me,
2391 5225 2446 5276 et
2477 5222 2555 5275 sic
2585 5224 3025 5276 convertantur.

2417 5310 2483 5362 IN
2511 5307 2832 5363 PSALMUM
2866 5308 3121 5364 LXXXVI.

2035 5400 2250 5454 Titulus
2270 5397 2608 5470 octogesimi
2634 5395 2785 5449 sexi:
2814 5395 2958 5454 Filis
2974 5395 3133 5453 Core.
3167 5395 3419 5451 Psalmus
3450 5412 3579 5449 can-

1967 5487 2249 5557 ιιι-ι,οηοᾱ
2270 5486 2347 5542 sic
2361 5484 2669 5561 exponitur
2692 5500 2704 5537 :
2732 5484 2843 5539 Iste
2863 5489 3124 5565 psalmus
3147 5484 3377 5553 cantici,
3406 5482 3465 5538 id
3499 5487 3585 5541 est
