3998 6026
418 303 554 373 ιοθδ

1014 294 1076 365 s.
1116 299 1462 366 nauseans
1500 301 2133 370 csarnusrmoaon
2166 306 2642 373 msrnuroms
2678 307 2836 371 ore.
2868 282 3116 370 rans:
3184 346 3199 353 ς

3576 246 3767 376 ioco

409 434 648 508 laetitiis,
670 431 814 512 (non
829 429 985 509 quod
1005 430 1064 490 in
1091 448 1159 490 eo
1177 436 1311 509 agat
1334 432 1622 509 Propheta
1636 434 1706 492 de
1718 431 1914 491 laetitia
1931 450 2020 493 re-
2049 453 2103 516 Α
2123 440 2183 496 et
2209 437 2454 513 apostoli
2471 439 2701 496 montes
2721 435 2987 495 dicuntur
3001 433 3224 508 excelsi,
3250 433 3323 495 ad
3339 434 3783 499 diﬁ‘erentiam

417 525 833 585 manerationis
868 526 1122 591 aeternas,
1171 523 1270 578 sed
1316 523 1450 595 quia
1477 525 1642 580 valde
1672 525 1899 579 laetatus
1926 524 2021 580 hic

416 618 726 690 Propheta,
759 629 937 685 agens
974 611 1206 666 laudem
1229 611 1387 679 Sion,
1430 612 1492 666 id
1519 617 1602 667 est
1619 612 1881 669 Ecclesiae
1912 612 2025 685 pri-

417 705 631 764 mitivaa
656 703 727 757 de
750 699 1361 771 Judaeis),preponitur
1378 701 1504 769 ﬁliis
1528 698 1752 768 Core,id
1773 705 1858 755 est
1883 701 2021 756 ado-

415 793 581 869 ptivis
596 788 728 846 ﬁliis
748 787 1033 854 Cruciﬁxi,
1059 803 1307 859 quorum
1328 788 1559 842 utilitati
1582 788 1642 842 in
1669 789 1775 843 hoc
1797 791 2019 859 psalmo

413 878 704 953 Propheta
734 874 1228 932 intendit.Laudat
1259 875 1416 929 enim
1436 875 1496 929 in
1512 875 1620 930 hoc
1632 877 1858 946 psalmo
1890 878 2024 932 Pro-

413 971 591 1045 pheta
618 965 923 1021 Ecclesiam
944 961 1314 1034 primitivam,
1349 962 1421 1017 de
1451 962 1794 1018 fundatione
1821 966 1878 1017 et
1906 965 2027 1035 glo-

417 1059 505 1115 ria
526 1060 828 1131 portarum
845 1067 1102 1117 suarum,
1121 1054 1199 1117 et,
1218 1053 1280 1105 ut
1308 1051 1767 1106 auctorizabilior
1782 1052 1908 1106 laus
1927 1056 2025 1109 tua

418 1147 509 1213 sit,
542 1143 817 1216 Spiritum
839 1142 1101 1194 sanctum
1129 1154 1258 1193 eam
1312 1139 1647 1194 laudantem
1684 1139 2022 1199 introducit.

417 1235 517 1290 Cui
542 1230 801 1287 Ecclesia:
831 1226 1240 1300 primitivaa,ad
1254 1227 1548 1281 cumulum
1584 1228 1705 1298 ejus
1726 1228 2021 1295 laudis,di-

350 1312 355 1317 ’
415 1323 494 1379 cit
524 1318 832 1375 Ecelesiam
863 1316 933 1369 de
985 1315 1253 1387 gentibus
1306 1315 1743 1386 adjungendam
1790 1332 1932 1383 esse,
1968 1319 2026 1371 et

416 1410 703 1468 Christum
719 1408 901 1461 Deum
928 1406 986 1457 et
1015 1401 1588 1475 hominem,ctipsius
1610 1403 2022 1476 Eeelesiaﬁquas

418 1499 520 1557 Dei
549 1497 745 1552 civitas
772 1493 873 1558 est)
908 1490 1220 1546 Dominum
1243 1490 1300 1545 in
1320 1508 1388 1545 ea
1407 1490 1757 1546 nasciturum
1779 1509 1917 1546 esse.
1958 1493 2024 1548 Et

416 1591 565 1644 hanc
596 1584 829 1641 laudem
855 1580 927 1636 ad
961 1580 1264 1634 utilitatem
1287 1579 1538 1634 filiorum
1582 1581 1723 1636 Core
1742 1580 1898 1648 facit,
1925 1582 2025 1637 sci-

416 1678 549 1734 licet
576 1678 655 1742 ut,
674 1672 791 1746 qui,
813 1671 939 1743 jam
960 1686 1064 1742 per
1087 1666 1439 1739 baptismum
1456 1667 1556 1722 ﬁlii
1581 1669 1722 1724 Core
1738 1669 2022 1741 facti,ejus

2119 529 2526 585 haereticorum
2554 531 2615 585 et
2638 528 2853 601 pseudo
2871 527 3464 602 prasdicatorum,qui,
3490 530 3780 588 tametsi

2121 622 2350 674 montes
2376 618 2511 685 sint,
2543 617 2602 672 id
2634 619 2720 672 est
2748 617 2804 671 in
2838 617 3097 672 saeculari
3140 617 3422 690 sapientia
3451 621 3781 692 provecti,

2123 724 2241 762 non
2276 711 2472 762 tamen
2503 706 2685 761 sancti
2714 709 2851 761 sunt
2879 706 2980 761 sed
3003 706 3316 762 tenebrosi.
3361 707 3523 763 Unde
3552 703 3588 764 ἐι
3624 711 3774 765 Ι)οη

2124 793 2283 849 mino
2315 794 2482 850 nobis
2503 810 2607 865 per
2628 793 2984 864 Scripturam
3002 793 3410 867 praecipiturZut
3430 794 3487 849 in
3520 796 3777 852 monti-

2123 882 2228 937 bus
2248 882 2572 938 tenebrosis
2585 882 2797 953 pedem
2815 882 3112 937 oﬁ'endere
3125 898 3356 938 caveam
3365 883 3776 941 us.Dieuntur

2123 974 2317 1027 autem
2346 971 2645 1043 propheta:
2667 973 2726 1026 et
2756 970 3001 1043 apostoli
3037 971 3298 1026 Ecclesia:
3324 972 3766 1043 fundamenta,

2124 1074 2192 1113 eo
2223 1059 2379 1129 quod
2413 1075 2515 1130 per
2544 1058 2804 1130 ipsorum
2828 1058 3120 1114 doctrinas
3141 1076 3313 1132 super
3332 1077 3515 1117 unum
3541 1064 3601 1117 et
3625 1062 3770 1117 im-

2122 1147 2339 1202 mobile
2389 1148 2868 1214 fundamentum,
2911 1147 3066 1219 quod
3096 1151 3181 1202 est
3210 1148 3485 1217 Christus,
3515 1147 3576 1205 in
3614 1150 3765 1206 ﬁde

2122 1235 2365 1291 fundata
2388 1236 2480 1298 sit,
2498 1237 2667 1291 Juxta
2696 1235 2838 1291 illud
2866 1235 3155 1307 Apostoli:
3192 1258 3220 1286 «
3248 1237 3527 1293 Ediﬁcati
3554 1254 3763 1311 super

2123 1324 2572 1379 fundamentum
2606 1324 3008 1395 apostolorum
3045 1327 3103 1379 et
3131 1325 3570 1397 prophetarum,
3604 1327 3758 1399 ipso

2123 1429 2352 1467 summo
2366 1412 2630 1484 angulari
2654 1411 2843 1485 lapide
2861 1411 3083 1468 Christo
3103 1412 3453 1484 Jesu(Ephes.
3471 1431 3534 1483 ιι,
3558 1418 3677 1475 20).
3714 1435 3752 1465 ››

2125 1501 2237 1556 Sed
2256 1501 2436 1570 diligit
2462 1501 3038 1565 Dominus,etc.Quod
3052 1501 3129 1556 sic
3146 1502 3273 1573 conj
3284 1502 3520 1575 ungitur
3546 1519 3559 1557 :
3590 1502 3753 1559 Dico

2124 1589 2279 1661 quod
2310 1588 2446 1644 Sion
2496 1588 2653 1665 inde.
2682 1588 2987 1644 laudabilis
3015 1589 3088 1644 sit
3117 1589 3251 1662 quia
3275 1591 3517 1646 fundata
3547 1594 3635 1647 est
3682 1594 3754 1645 in

2122 1677 2386 1732 montibus
2399 1680 2613 1732 sanctis.
2648 1677 2973 1733 Laudabilis
3001 1678 3178 1733 etiam
3215 1679 3393 1735 estde
3421 1680 3758 1751 pulchritu-

418 1762 656 1821 civitatis
686 1761 830 1815 cives
852 1760 1003 1823 sunt,
1031 1757 1139 1810 hac
1162 1754 1331 1809 laude
1358 1755 1614 1828 instigati
1639 1775 1938 1830 nunquam
1952 1758 2023 1812 ab
2052 1771 2103 1830 Β
2125 1765 2258 1820 dine
2275 1769 2333 1819 et
2355 1765 2709 1837 perfectione
2740 1769 3041 1836 portarum
3071 1768 3748 1840 suarum,apostolorum

416 1855 538 1926 ejus
552 1846 992 1924 participatione
1013 1844 1338 1912 discedant;
1360 1843 1456 1915 qui
1476 1860 1606 1900 vero
1624 1846 1884 1900 nondum
1906 1847 1954 1918 ej
1964 1864 2027 1901 us

418 1944 567 1999 cives
582 1933 955 2004 existunt,tali
976 1933 1144 1988 laude
1162 1933 1234 1987 ad
1255 1949 1383 1987 eam
1408 1934 2026 1990 attrahantur.Etbene

419 2030 653 2104 quidem
678 2025 931 2083 Christus
951 2023 1096 2077 Core
1128 2021 1356 2089 dicitur,
1375 2021 1436 2075 id
1458 2026 1542 2076 est
1558 2025 1842 2088 calvus,eo
1871 2024 2028 2096 quod

419 2139 454 2176 a
476 2116 704 2183 Iudaeis,
728 2112 827 2186 qui
853 2110 1009 2167 stulti
1037 2110 1270 2165 fuerunt
1296 2113 1357 2163 ut
1387 2110 1571 2180 pueri,
1617 2111 1836 2166 derisus
1868 2112 1959 2178 sit,
1992 2129 2026 2167 a

419 2204 792 2265 similitudine
812 2216 1067 2265 reorum,
1086 2197 1183 2265 qui
1212 2214 1318 2269 pro
1340 2197 1648 2253 sceleribus
1665 2199 2027 2266 decalvati,id

419 2300 504 2352 est
515 2291 731 2367 capillis
745 2287 1012 2355 truncati,
1033 2284 1629 2349 deridentur.Quodin
1650 2287 1847 2343 Elisazo
1865 2289 2025 2343 calvo

418 2381 931 2457 praemonstratum
964 2378 1084 2442 est;
1119 2373 1215 2445 qui
1248 2390 1379 2427 cum
1412 2374 1710 2429 discedens
1741 2393 1774 2430 a
1801 2376 2025 2430 Jericho

419 2474 684 2529 montem
703 2466 897 2523 Bethel
920 2460 1442 2532 asecnderet,pueri
1464 2479 1598 2516 eum
1618 2461 2026 2518 ascendentem

420 2557 848 2615 considerantes
869 2548 1509 2615 deridebant,dicentes:
1534 2571 1561 2598 ‹‹
1586 2548 2027 2615 Ascende,calve

420 2645 687 2711 ascende,
720 2642 874 2696 calve
905 2638 1013 2697 (IV
1040 2637 1172 2706 Reg.
1208 2652 1265 2703 ιι,
1293 2636 1403 2706 23).
1438 2656 1466 2685 ››
1498 2634 1605 2698 Qui
1642 2652 1796 2703 mox,
1837 2636 2029 2692 divina

420 2736 640 2793 ultione
667 2730 1061 2804 permittente,
1078 2742 1110 2780 a
1131 2725 1352 2779 duobus
1370 2723 1513 2779 ursis
1528 2724 1666 2779 silva
1685 2725 2029 2796 egredienti-

420 2828 525 2882 bus
550 2819 949 2879 devoratisunt
973 2814 1154 2887 (Ibid.,
1186 2814 1298 2884 24).
1325 2812 1417 2867 Sic
1439 2813 1849 2885 etJudaei,quia
1865 2814 2025 2869 Chri-

419 2917 572 2969 stum
604 2910 677 2965 ab
701 2907 924 2964 Iericho
943 2905 1341 2958 transeuntem
1356 2943 1369 2968 ,
1394 2901 1453 2955 id
1486 2905 1573 2956 est
1589 2902 1658 2955 ab
1679 2902 1784 2955 hac
1806 2901 1937 2969 vita,
1970 2905 2029 2957 et

420 3001 637 3066 Bethel,
670 2997 728 3052 id
753 2998 840 3050 est
861 2992 1092 3056 caelum,
1117 3006 1219 3062 per
1248 2989 1460 3044 exitum
1490 2990 1694 3044 mortis
1717 2990 2027 3045 ascendere

421 3051 752 3164 parantem,
790 3082 930 3136 dum
958 3094 1190 3134 crucem
1238 3076 1515 3145 ascendit,
1545 3077 1894 3144 deriserunt,
1940 3078 2024 3133 di-
2056 3051 2103 3113 C

422 3177 604 3233 cendo
628 3192 641 3229 :
672 3195 699 3224 ‹‹
723 3170 962 3226 SiFilius
981 3168 1082 3223 Dei
1112 3183 1191 3232 es,
1219 3165 1501 3219 descende
1519 3165 1589 3218 de
1602 3181 1771 3219 cruce
1796 3164 2022 3235 (Matth.

422 3280 587 3326 xxvu,
615 3260 729 3332 40),
762 3278 793 3312 »
827 3274 961 3312 mox
1001 3257 1132 3328 post
1156 3256 1223 3308 42
1253 3269 1437 3307 annos
1462 3270 1495 3306 a
1525 3252 1747 3307 duobus
1775 3252 2025 3324 impera-

421 3352 659 3408 toribus.
689 3348 813 3402 Tito
843 3344 1055 3399 scilicet
1082 3344 1139 3396 et
1161 3340 1527 3411 Vespasiano.
1560 3341 1746 3394 Roma
1770 3340 2025 3395 exeunti-

364 3500 377 3509 ,
424 3442 531 3496 bus
561 3433 832 3493 destructi
863 3434 1018 3488 sunt.
1044 3432 1113 3484 Et
1134 3430 1283 3505 bene
1320 3427 1525 3482 mundi
1555 3428 1725 3499 huius
1750 3428 1863 3483 vita
1884 3429 2026 3483 Jeri-

424 3529 531 3582 cho
563 3524 787 3590 dicitur,
813 3538 879 3576 eo
897 3519 1051 3592 quod
1074 3518 1145 3572 ad
1171 3515 1411 3571 modum
1427 3517 1577 3570 lunae
1599 3516 1906 3589 aliquando
1923 3534 2028 3589 per

424 3631 699 3690 prospera
729 3607 1116 3683 augmentari,
1148 3604 1460 3677 aliquando
1489 3621 1625 3659 vero
1656 3621 1760 3675 per
1791 3605 2029 3660 adversa

318 3748 321 3751 λ
426 3707 670 3762 deﬁcere
683 3696 1193 3756 videatur.Jericho
1210 3693 1423 3766 quippe
1447 3693 1571 3746 luna
1593 3692 2025 3765 interpretatur.

427 3796 691 3866 Congrue
722 3804 947 3863 quoque
974 3801 1077 3856 per
1110 3786 1375 3838 montem
1420 3782 1852 3848 Bethel,coelum
1881 3782 2032 3836 desi-

426 3887 657 3958 gnatur,
683 3879 840 3953 quod
869 3876 1087 3931 excelsa
1106 3874 1312 3928 domus
1341 3874 1445 3937 est,
1470 3870 1730 3925 videlicet
1750 3869 2028 3927 habitatio

427 3974 549 4043 ejus
579 3984 828 4034 summa,
856 3982 975 4020 non
1003 3961 1197 4017 localis
1221 3960 1322 4014 sed
1345 3958 1632 4031 spiritalis.
1656 3958 1852 4013 Bethel
1889 3975 2029 4014 sane

424 4061 607 4114 domus
632 4058 739 4114 Dei
764 4053 1194 4123 interpretatur.

740 4157 1111 4215 Fundamenta
1143 4154 1257 4223 eius
1273 4154 1329 4205 in
1358 4152 1623 4205 montibus
1651 4153 1864 4207 sanctis.
1889 4150 2030 4205 Cum

426 4252 507 4308 ita
526 4250 757 4307 laudem
794 4243 1053 4300 Ecclesia:
1082 4240 1409 4314 primitivae,
1443 4255 1569 4310 quas
1598 4238 1699 4293 Dei
1717 4237 1910 4292 civitas
1925 4240 2029 4305 est,

427 4342 689 4396 videatur
730 4350 924 4408 agere,
983 4329 1147 4403 quasi
1176 4328 1247 4383 de
1279 4345 1348 4382 ea
1389 4326 1605 4398 aliquid
1625 4326 1755 4397 jam
1804 4326 2034 4381 dixisset
2056 4337 2107 4395 Ῑ)

432 4425 782 4501 (ponitenim
800 4423 858 4477 in
873 4418 1154 4494 principio
1169 4418 1317 4471 hanc
1333 4415 1629 4470 relativam
1650 4430 1870 4480 vocem,
1903 4431 2031 4486 qua:

428 4519 515 4573 est
542 4513 699 4586 ejus),
723 4511 914 4568 innuit
946 4506 1112 4563 nobis
1143 4504 1299 4578 quod
1337 4503 1408 4558 de
1452 4520 1521 4558 ea
1544 4503 1669 4574 jam
1699 4503 1949 4557 multum
1975 4505 2033 4557 et

426 4605 761 4678 frequenter
782 4600 841 4654 in
873 4600 1070 4653 mente
1097 4593 1405 4666 cogitando
1448 4591 1652 4664 egerit.
1694 4592 1761 4644 Et
1788 4606 1892 4661 per
1920 4591 2029 4645 hoc

428 4711 560 4750 eam
580 4690 742 4747 valde
767 4684 1298 4746 commendat,cum
1316 4679 1548 4752 ipse,vir
1566 4679 1917 4751 gravissimae
1937 4696 2032 4734 au-

428 4780 728 4844 ctoritatis,
760 4777 832 4831 de
868 4774 993 4846 ipsa
1041 4769 1289 4825 Ecclesia
1314 4786 1372 4823 se
1397 4769 1731 4840 frequenter
1752 4768 2031 4839 cogitasse

429 4870 652 4926 innuat.
677 4867 745 4921 Et
785 4865 871 4919 est
891 4877 956 4917 ac
976 4860 1021 4915 si
1055 4858 1236 4913 dicat:
1262 4856 1422 4922 Sion,
1443 4854 1501 4910 id
1533 4859 1617 4910 est
1640 4857 1880 4911 Ecclesia
1912 4857 2029 4927 pri-

429 4959 649 5025 mitiva,
673 4970 801 5026 qua:
835 4946 1221 5022 speeulabitur
1250 4947 1491 5010 interna,
1525 4960 1642 4998 non
1674 4944 2028 4999 attendendo

429 5043 756 5119 praesentia.
778 5038 942 5095 valde
966 5033 1267 5091 laudabilis
1289 5032 1417 5086 erit.
1468 5030 1843 5086 Fundamenta
1874 5032 2032 5087 enim

428 5137 540 5208 ejus
570 5134 740 5188 erunt
784 5131 840 5183 in
892 5124 1155 5180 montibus
1206 5120 1702 5192 sanctis,apostolis
1733 5119 1946 5175 scilicet
1975 5122 2035 5175 ct

427 5206 847 5296 prophetis,qui
864 5216 1090 5269 montes
1106 5212 1279 5265 erunt
1305 5207 1553 5274 dicendi,
1578 5207 1789 5261 scilicet
1810 5206 1868 5261 in
1900 5222 2030 5277 per-

427 5294 678 5367 fectione
707 5306 982 5360 virtutum
1014 5303 1071 5354 et
1100 5312 1343 5370 operum
1379 5294 1615 5362 Excelsi,
1648 5294 1811 5358 Quod
1836 5298 1921 5349 est
1949 5294 2033 5348 di-

430 5414 590 5464 cere;
621 5395 759 5450 Sion
790 5389 1127 5447 fundabitur
1156 5386 1215 5440 in
1245 5383 1505 5440 doctrina
1534 5383 1947 5454 prophetarum
1978 5385 2037 5437 et

432 5484 845 5555 apostolorum,
870 5480 951 5544 ut,
987 5476 1156 5530 firma
1184 5471 1434 5536 facta,ad
1458 5468 1709 5524 hostium
1728 5468 2033 5523 \isihilium

435 5575 492 5626 et
510 5567 876 5624 invisibilium
890 5564 969 5619 im
978 5563 1206 5636 pulsum
1221 5576 1339 5617 non
1362 5555 1725 5626 corruat,Qui
1738 5557 2035 5637 propheta:

2126 1854 2358 1921 scilicet,
2394 1852 2490 1926 qui
2508 1871 2626 1910 non
2659 1855 2846 1909 solum
2875 1854 3280 1923 fundamenta,
3301 1855 3404 1911 sed
3425 1855 3602 1910 etiam
3626 1856 3746 1910 Ec-

2126 1942 2309 1996 clesiae
2340 1944 2523 2014 porta:
2554 1941 2841 2010 dicuntur,
2859 1959 2924 1997 eo
2939 1943 3095 2015 quod
3130 1959 3335 1998 eorum
3357 1943 3638 2001 doctrinis
3660 1943 3752 2000 ad

2127 2030 2383 2101 ejusdem
2413 2030 2672 2085 Ecclesia:
2687 2030 3041 2086 consortium
3056 2030 3318 2086 infideles
3338 2031 3751 2087 introeunt.Et

2127 2136 2231 2190 per
2258 2120 2367 2174 hoc
2386 2122 2582 2191 portas
2604 2119 2727 2190 ejus
2758 2118 3039 2190 speciosas
3067 2119 3127 2175 in
3147 2120 3451 2176 virtutibus
3468 2124 3526 2176 et
3549 2120 3754 2193 operi-

2128 2208 2234 2262 bus
2255 2224 2375 2262 esse
2407 2207 2783 2277 convincitur,
2818 2208 2957 2280 quia
2983 2208 3371 2281 Dominus,qui
3393 2226 3489 2264 eas
3505 2226 3626 2264 non
3656 2210 3752 2265 di-

2128 2296 2335 2367 ligeret
2363 2295 2470 2350 nisi
2503 2297 2757 2368 pulchras
2803 2301 3013 2365 essent,
3042 2297 3224 2367 diligit
3257 2303 3447 2368 portas
3490 2297 3650 2365 Sion,
3678 2296 3749 2352 id

2129 2387 2215 2438 est
2244 2383 2443 2456 diliget
2468 2402 2624 2456 super
2671 2386 2851 2439 omnia
2887 2386 3227 2440 tabernacula
3278 2385 3469 2454 Jacob,
3521 2385 3751 2440 scilicet

2128 2474 2419 2543 apostolos
2450 2473 2656 2544 diliget
2681 2473 2735 2527 ei
2765 2472 3080 2528 militantes
3103 2474 3410 2546 plusquam
3440 2490 3645 2529 omnes
3674 2474 3745 2529 in

2127 2560 2309 2631 priori
2336 2561 2809 2633 populoJudaico,
2827 2561 2923 2634 qui
2945 2561 3053 2616 fuit
3077 2562 3149 2616 de
3169 2578 3381 2634 genere
3400 2562 3611 2630 Jacob;
3637 2560 3749 2634 qui

2127 2648 2257 2703 ideo
2276 2649 2647 2704 tabernacula
2669 2648 2954 2716 dicuntur,
2978 2648 3112 2720 quia
3128 2651 3245 2704 Deo
3272 2648 3331 2704 in
3350 2650 3744 2705 tabernaculis

2128 2736 2542 2805 militaverunt,
2563 2737 2621 2793 id
2653 2737 2815 2792 estin
2843 2736 3049 2793 militia
3075 2736 3396 2792 carnalium
3419 2738 3739 2793 observan-

2126 2825 2335 2879 tiarum
2346 2842 2492 2896 ,quas
2515 2824 2589 2880 ad
2609 2825 3046 2881 similitudinem
3058 2825 3568 2881 tabernaculorum
3582 2830 3743 2881 tran-

2126 2912 2337 2968 sitoria:
2367 2914 2621 2980 fuerunt,
2648 2916 2957 2986 postquam
2991 2914 3314 2986 signiﬁcata
3343 2913 3733 2983 advenerunt,

2129 3000 2298 3066 Quasi
2331 3001 2515 3056 dicat:
2542 3002 2674 3057 Ideo
2690 3002 2874 3073 magis
2900 3001 3101 3074 diliget
3124 3002 3404 3057 Dominus
3419 3002 3737 3073 apostolos,

2127 3090 2262 3161 quia
2291 3089 2396 3160 ipsi
2427 3091 2487 3145 in
2518 3089 2834 3145 moralibus
2864 3090 3164 3162 praeceptis
3179 3090 3286 3145 sibi
3316 3090 3736 3144 militaverunt.

2126 3178 2346 3232 Fideles
2374 3194 2509 3232 vero
2535 3176 2595 3232 in
2625 3177 2804 3249 priori
2835 3179 3045 3250 populo
3098 3178 3157 3232 in
3188 3177 3512 3233 carnalibus
3537 3178 3740 3233 obser-

2129 3266 2354 3328 vantiis,
2382 3283 2509 3338 quae
2542 3265 2762 3320 umbrae
2810 3270 2944 3320 sunt
2968 3266 3301 3328 moralium,
3320 3267 3435 3321 Deo
3458 3264 3741 3320 militave-

2128 3358 2280 3411 runt.
2291 3354 2461 3409 Pauci
2480 3370 2633 3422 vero,
2656 3355 2781 3425 jam
2795 3355 2908 3410 fide
2929 3353 3194 3409 Ecclesia:
3207 3354 3477 3408 membra
3490 3370 3556 3408 ex
3564 3355 3739 3410 isten-

2127 3447 2234 3510 tes,
2256 3441 2362 3497 etsi
2387 3442 2603 3497 fuerint
2631 3442 2691 3497 in
2712 3443 3029 3498 moralibus
3046 3442 3502 3509 militantes,non
3530 3445 3736 3497 tamen

2128 3530 2256 3586 ideo
2283 3531 2536 3602 perfecte
2568 3535 2630 3586 ut
2657 3530 2920 3603 apostoli,
2953 3530 3199 3601 ideoque
3228 3531 3399 3601 digne
3433 3529 3625 3584 minus
3656 3529 3742 3585 di-

2128 3619 2260 3673 lecti
2315 3618 2442 3675 Sive
2459 3619 2504 3673 si
2531 3621 2679 3674 hanc
2699 3619 2932 3674 laudem
2956 3619 3026 3673 de
3046 3619 3206 3673 omni
3228 3617 3475 3673 Ecclesia
3493 3618 3742 3672 velimus

2130 3707 2410 3779 accipere,
2442 3724 2573 3779 pars
2602 3708 2761 3778 cujus
2780 3707 2906 3778 jam
2927 3708 2985 3761 in
3012 3706 3166 3762 caelis
3185 3723 3317 3761 cum
3346 3706 3565 3777 angelis
3584 3706 3745 3761 laeta-

2129 3800 2243 3863 tur,
2277 3813 2408 3866 pars
2434 3799 2625 3850 autem
2652 3795 2713 3849 in
2744 3796 2850 3849 hac
2883 3798 2996 3849 vita
3026 3795 3244 3865 degens
3275 3794 3462 3849 adhuc
3493 3794 3599 3849 sub
3632 3810 3740 3849 an-

2131 3884 2446 3956 gustiarum
2472 3884 2728 3957 pondere
2754 3885 2869 3938 Deo
2890 3882 3008 3938 mili
3018 3887 3118 3950 tat,
3123 3889 3309 3954 portas
3332 3880 3465 3937 Sion
3481 3882 3725 3954 accipin-

2131 3989 2260 4026 mus
2279 3972 2512 4027 virtutes
2543 3990 2669 4043 quae
2690 3976 2872 4043 portas
2900 3973 3020 4043 ejus
3040 3975 3302 4041 sunt,per
3320 3987 3463 4042 quas
3484 3969 3736 4042 ingredi-

2133 4064 2226 4115 tur
2252 4060 2326 4114 ad
2346 4061 2524 4114 vitam
2548 4078 2565 4125 ;
2617 4077 2757 4131 quas
2813 4060 3092 4115 Dominus
3131 4060 3314 4129 diligit
3339 4058 3526 4130 magis
3556 4073 3732 4129 quam

2134 4148 2473 4201 tabernacula
2487 4147 2680 4214 Jacob,
2706 4147 2765 4202 id
2795 4151 2879 4202 est
2910 4147 3303 4203 transitoriam
3331 4145 3601 4201 militiam
3614 4161 3735 4199 car-

2133 4235 2352 4290 nalium
2383 4235 2881 4291 observantiarum
2906 4235 3113 4306 prioris
3149 4234 3369 4307 populi.
3403 4234 3677 4305 Sequitur
3715 4250 3731 4288 :

2205 4322 2471 4391 Gloriosa,
2505 4326 2614 4377 etc.
2647 4322 2811 4387 Quod
2840 4323 2922 4378 sic
2977 4322 3347 4378 continuatur
3391 4337 3404 4376 :
3435 4320 3628 4375 Laudo
3654 4322 3734 4387 te,

2133 4410 2301 4483 Sion,
2330 4412 2400 4466 de
2429 4411 2825 4467 fundamentis
2885 4410 2997 4466 tuis
3028 4413 3085 4465 et
3115 4410 3318 4481 portis,
3368 4412 3428 4464 et
3454 4409 3589 4464 hoc-
3612 4425 3736 4463 non

2133 4498 2438 4555 adinvenio
2472 4517 2539 4554 ex
2570 4516 2665 4553 me
2691 4516 2705 4566 ;
2766 4498 2865 4553 sed
2896 4499 3019 4553 haec
3046 4498 3306 4569 gloriosa,
3340 4497 3554 4553 scilicet
3577 4496 3737 4568 quod

2130 4589 2258 4657 talis
2278 4587 2389 4643 eris
2415 4588 2471 4642 in
2500 4586 2898 4642 fundamentis
2927 4591 2985 4642 et
3006 4588 3210 4659 portis,
3259 4586 3401 4640 dicta
3432 4591 3555 4639 sunt
3588 4583 3735 4639 mihi

2130 4677 2196 4732 de
2226 4684 2274 4731 te
2302 4693 2336 4731 a
2368 4675 2583 4748 Spiritu
2613 4678 2833 4742 sancto,
2868 4691 2987 4730 non
3030 4691 3325 4740 sermone,
3358 4673 3459 4728 sed
3511 4673 3736 4745 occulta

2131 4744 2533 4836 inspiratione,
2568 4781 2600 4819 ο
2634 4765 2821 4818 civitas
2844 4762 2966 4829 Dei,
2996 4762 3225 4817 munita
3254 4761 3314 4816 in
3346 4760 3650 4815 virtutibus
3680 4764 3741 4814 et

2133 4853 2299 4908 bonis
2316 4851 2924 4925 operibus.lntroducit
2936 4851 3110 4922 igitur
3127 4849 3549 4920 verbaSpiritus
3559 4852 3742 4904 sancti

2134 4940 2239 4995 sibi
2269 4940 2511 4995 interius
2538 4940 2847 5010 loquentis,
2872 4955 3001 4993 cum
3034 4938 3198 4994 addit
3249 4955 3452 4992 memor
3475 4954 3584 5003 ero,
3625 4940 3735 4991 etc.

2135 5027 2301 5091 Quod
2329 5027 2406 5081 sic
2426 5027 2762 5097 adaptatur:
2785 5026 2918 5081 Dico
2935 5026 3089 5098 quod
3111 5026 3233 5080 haec
3251 5025 3428 5095 gloria
3450 5024 3597 5080 dicta
3614 5031 3738 5077 sunt

2135 5117 2281 5171 mihi
2311 5116 2375 5170 de
2407 5124 2454 5171 te
2481 5134 2515 5171 a
2541 5116 2779 5187 Spiritu,
2826 5117 2925 5188 qui
2984 5117 3127 5171 mihi
3163 5116 3300 5170 talia
3328 5116 3516 5170 adhuc
3540 5115 3617 5170 ad
3657 5115 3736 5169 tui

2134 5205 2363 5260 laudem
2378 5205 2655 5277 praedicit.
2670 5206 2786 5277 Ego
2808 5206 2905 5276 qui
2918 5205 3066 5261 visus
3078 5221 3203 5259 sum
3220 5203 3493 5259 oblivioni
3517 5203 3737 5258 dedisse

2136 5292 2292 5346 Raab
2314 5292 2765 5363 etDabylonem,
2799 5309 2914 5347 non
2957 5291 3340 5346 illuminando
3368 5291 3505 5354 fide,
3543 5307 3739 5345 memor

2135 5398 2221 5435 cro
2248 5379 2397 5434 illius
2420 5380 2596 5447 Raab,
2626 5387 2676 5435 et
2706 5379 3094 5451 Babylonismt
3120 5380 3194 5434 ad
3219 5379 3397 5434 ﬁdem
3410 5395 3541 5433 eam
3565 5378 3741 5433 addu-

2136 5486 2285 5535 cam,
2318 5469 2507 5523 ethoc
2544 5469 2825 5523 scientibus
2876 5485 2978 5534 me,
3010 5468 3068 5524 id
3091 5471 3177 5523 est
3201 5484 3302 5540 per
3331 5467 3743 5539 praedicatores

2139 5556 2401 5612 Ecclesiae
2431 5556 2758 5631 primitivas,
2792 5556 2889 5630 qui
2920 5572 3013 5611 me
3045 5556 3247 5623 scient,
3290 5554 3464 5630 idest
3504 5555 3603 5628 qui
3641 5570 3736 5609 me
