4008 6040
173 280 314 346 too-1
1110 283 1466 350 mosmo
1502 286 1574 348 IN
1610 285 1944 351 PSALlIOS.
1986 317 2058 337 —
2095 286 2290 352 PSAL.
2331 287 2613 356 Lxxxvn'
2884 278 2891 289 '
3349 294 3486 366 {098

170 388 369 481 347
396 404 512 467 ﬁde
536 408 904 483 cognoscent.
942 408 1100 469 Raab
1150 410 1388 486 quidem
1416 415 1476 471 et
1521 412 1776 488 Babylon
1810 394 1866 462 Α
1886 411 2075 473 dicere
2102 415 2342 490 quilibet
2368 417 2466 493 qui
2494 416 2733 496 simplex
2751 415 2931 479 homo
2958 417 3049 493 sit,
3080 419 3141 481 id
3170 421 3255 482 est
3272 423 3491 486 anima-

168 498 262 555 hic
294 497 562 555 videntur
589 497 747 555 idem
778 498 1087 557 denotare:
1114 503 1327 558 scilicet
1355 502 1618 576 gentium
1634 506 1780 560 mul-
1886 505 1957 561 lis
1985 522 2104 561 non
2130 507 2309 562 etiam
2325 508 2614 580 spiritalis,
2631 528 3018 585 nequaquam.
3045 513 3168 569 Non
3201 514 3359 571 enim
3387 518 3487 573 de-

168 586 665 643 titudinem.Raab
682 588 839 643 enim
853 590 1098 662 superbia
1122 593 1210 647 vel
1240 592 1490 662 latitudo;
1525 593 1778 665 Babylon
1889 593 2032 650 biles
2082 595 2193 650 hoc
2248 597 2446 652 testari
2476 598 2596 653 ausi
2626 603 2759 654 sunt
2789 602 2943 672 quod
2975 602 3225 658 Christus
3251 606 3397 660 Deus
3428 609 3487 661 et

169 691 307 731 vero
336 676 576 745 confusio
606 675 1038 748 interpretatur.
1054 680 1216 736 Unde
1239 697 1494 753 congrue
1514 682 1779 753 gentium
1887 682 2064 738 homo
2095 683 2309 740 fuisset.
2325 686 2486 740 Unde
2505 687 2799 744 Manichai
2820 689 3195 745 mentitisunt
3212 708 3345 747 eum
3366 710 3486 750 non

168 765 418 837 populus
448 764 607 820 Raab
636 768 695 820 et
718 766 974 838 Babylon
989 768 1216 838 dicitur,
1234 785 1303 825 eo
1331 771 1488 842 quod
1501 786 1605 841 per
1620 772 1779 827 volu-
1882 787 2083 826 verum
2112 773 2411 827 hominem
2445 774 2637 843 fuisse,
2669 777 2769 831 sed
2803 792 3008 848 corpus
3057 779 3485 848 phantasticum

172 854 397 941 ptatem
416 853 476 907 et
501 850 640 907 vitia
666 853 782 908 late
811 852 1127 925 incesserit,
1157 859 1214 913 et
1235 859 1353 913 Deo
1375 859 1596 914 cultum
1618 858 1779 915 debi-
1883 861 2214 932 suscepisse.
2242 863 2451 918 Judais
2478 865 2636 919 enim
2660 866 2771 920 hoc
2797 869 2921 921 erat
2955 867 3308 937 scandalum,
3343 886 3487 941 gen-

170 942 301 996 tum
333 940 676 1011 denegando
708 944 911 998 contra
937 960 1071 1000 eum
1094 945 1467 1017 superbierit;
1490 963 1603 1018 qua
1632 947 1704 1002 de
1717 963 1781 1002 re
1883 949 2034 1005 tibus
2064 953 2257 1005 autem
2295 952 2535 1007 stultitia
2561 952 2621 1026 (I
2636 951 2764 1008 Cor.
2790 970 2829 1021 1,
2863 957 2973 1025 23),
2995 958 3057 1009 ut
3077 956 3318 1027 quilibet
3340 940 3487 1015 Deus

173 1028 419 1099 dignum
449 1043 509 1084 se
539 1028 876 1087 confusione
901 1031 1056 1087 fecit.
1098 1034 1315 1089 Dicitur
1362 1049 1592 1106 quoque
1621 1034 1782 1091 idem
1883 1039 1943 1093 et
1971 1037 2146 1092 homo
2179 1038 2485 1094 diceretur.
2515 1042 2632 1096 Hoc
2658 1044 2852 1096 autem
2878 1042 2952 1097 ad
2967 1043 3198 1098 laudem
3214 1046 3487 1115 pradica-

169 1116 417 1188 populus
445 1116 602 1172 Raab
619 1133 725 1189 per
748 1118 1002 1179 historiae
1022 1120 1293 1193 figuram.
1321 1120 1478 1178 Sicut
1495 1121 1653 1178 enim
1670 1122 1779 1179 Ra-
1881 1128 2074 1181 torum
2105 1127 2384 1198 praedicit,
2419 1129 2573 1199 quod
2594 1129 2807 1185 scilicet
2831 1146 2928 1186 eos
2964 1130 3152 1185 innuit
3197 1149 3318 1188 esse
3347 1150 3485 1190 con-

170 1204 249 1260 ab
280 1203 555 1260 meretrix
582 1205 643 1261 in
687 1207 933 1276 Jericho,
966 1209 1176 1265 dicitur
1209 1210 1350 1265 olim
1395 1211 1783 1283 exploratores
1883 1216 2105 1269 stanter
2119 1213 2549 1286 pradicaturos,
2579 1216 2735 1288 quod
2751 1217 2967 1273 debiles
2986 1218 3379 1276 conflterinon
3393 1239 3488 1277 au-

168 1293 425 1350 ﬂliorum
452 1295 625 1349 Israel
655 1296 988 1369 suscepisse,
1022 1300 1080 1353 et
1108 1315 1215 1370 per
1236 1299 1346 1354 hoc
1375 1299 1652 1355 meritum
1678 1300 1780 1355 do-
1883 1301 2122 1357 debunt.
2154 1302 2213 1357 Si
2230 1301 2496 1357 Dominus
2519 1305 2780 1359 narrabit.
2802 1305 2967 1369 Quod
2997 1306 3073 1361 sic
3101 1304 3481 1380 'sicjungitur.

169 1398 303 1437 mus
331 1399 447 1438 sua
466 1382 751 1439 familiam
766 1383 827 1439 in
849 1385 1236 1451 destructione
1256 1388 1481 1444 Jericho
1494 1389 1599 1444 sub
1617 1388 1781 1460 signo
1885 1390 2028 1455 Quia
2057 1390 2279 1446 dixerat
2306 1407 2320 1446 :
2346 1390 2614 1463 Nunquid
2648 1393 2790 1453 dicet
2813 1394 2986 1461 homo,
3020 1410 3093 1448 ne
3120 1394 3359 1466 quilibet
3393 1396 3483 1452 in-

168 1470 411 1526 funiculi
438 1472 603 1528 rubei
630 1489 666 1529 a
692 1473 1021 1546 perditione
1039 1477 1282 1532 salvasse
1300 1476 1438 1545 (Jos.
1471 1482 1543 1543 n)
1571 1495 1585 1545 ;
1618 1477 1696 1531 sic
1726 1479 1785 1532 et
1882 1479 2171 1550 telligeret
2198 1478 2310 1534 hoc
2331 1478 2475 1533 adeo
2501 1495 2672 1550 grave
2695 1496 2836 1544 esse,
2870 1480 3027 1552 quod
3048 1482 3236 1536 nullus
3265 1498 3332 1537 ex
3362 1486 3484 1540 toto

168 1576 305 1632 pars
331 1560 592 1631 gentium
618 1578 746 1633 qua
768 1564 1060 1634 apostolos
1075 1565 1342 1637 suscepit,
1361 1565 1515 1620 eteis
1539 1565 1784 1621 credidit
1885 1565 2075 1621 dicere
2105 1568 2298 1637 posset
2325 1567 2413 1621 vel
2440 1567 2699 1635 auderet,
2726 1565 2914 1623 addit:
2932 1567 3199 1631 Quamvis
3228 1570 3336 1626 hoc
3366 1588 3485 1635 non

171 1648 275 1721 qui
304 1648 407 1704 Dei
437 1650 833 1721 exploratores
862 1652 922 1706 in
967 1654 1235 1724 gentibus
1286 1654 1540 1722 fuerunt,
1572 1670 1677 1727 per
1707 1654 1780 1709 si-
1812 1708 1861 1727 ἢ
1884 1653 2027 1708 dicet
2056 1654 2231 1721 homo,
2263 1656 2461 1708 tamen
2488 1670 2607 1709 non
2627 1671 2695 1710 ex
2713 1655 2837 1709 toto
2879 1655 3181 1711 tacebitur.
3214 1656 3485 1715 Dominus

172 1753 357 1809 gnum
387 1753 656 1811 purpura
687 1740 968 1812 passionis
1013 1742 1241 1810 Christi,
1275 1746 1335 1797 et
1370 1743 1430 1798 in
1465 1743 1557 1798 die
1578 1742 1781 1815 judicii
1809 1708 1862 1768 Β
1883 1741 2044 1797 enim
2068 1743 2216 1797 Deus
2241 1742 2630 1797 narravithoc.
2665 1741 2726 1797 id
2744 1744 2828 1796 est
2843 1742 3102 1797 narrabit
3132 1746 3188 1798 in
3210 1736 3483 1816 scripturis

171 1842 306 1881 cum
331 1827 601 1883 omnibus
629 1827 1017 1886 imitatoribus
1046 1832 1159 1887 suis
1184 1831 1653 1901 salvabitur,cum
1694 1833 1781 1888 Je-
1872 1830 2212 1903 populorum,
2236 1830 2296 1886 id
2321 1830 2481 1886 estin
2508 1830 2813 1901 Scripturis
2828 1847 2955 1902 qua
2980 1831 3204 1903 populis
3218 1832 3485 1890 Christia-

169 1915 431 1984 richo,id
458 1919 544 1971 est
576 1917 848 1973 deﬁciens
872 1920 1163 1975 malorum
1203 1920 1401 1976 civitas
1429 1922 1775 1977 destruetur.
1880 1919 1969 1974 nis
1990 1922 2393 1990 praponentur
2423 1919 2498 1975 ad
2519 1918 3067 1991 intelligendum.Ac
3085 1920 3130 1975 si
3161 1921 3328 1977 dicat:
3357 1922 3483 1978 Non

172 2003 312 2069 Qua
340 2004 564 2061 Iericho
592 2005 819 2074 dicitur,
852 2023 920 2063 eo
960 2010 1115 2080 quod
1162 2009 1255 2064 hic
1302 2009 1362 2064 in
1398 2010 1778 2082 prosperitate
1879 2012 2049 2063 erunt
2078 2008 2186 2062 illa
2205 2007 2513 2080 Scriptura
2543 2006 2992 2080 inintelligibiles
3013 2012 3071 2064 et
3090 2009 3261 2065 nimis
3291 2011 3485 2067 obscu-

171 2096 408 2162 crescat,
459 2093 520 2148 in
566 2093 759 2149 futuro
789 2111 924 2151 vero
965 2096 1022 2151 in
1054 2097 1362 2153 tormentis
1389 2097 1462 2153 sit
1489 2099 1778 2155 defectum
1877 2113 1957 2152 ra
1990 2100 2051 2151 ut
2071 2096 2366 2168 scriptura
2395 2097 2894 2169 philosophorum,
2919 2114 3047 2168 qua
3079 2097 3255 2153 nimis
3287 2099 3483 2155 obscu-

171 2197 430 2253 passura,
458 2181 532 2236 ad
566 2181 1006 2241 similitudinem
1038 2186 1189 2241 luna
1234 2187 1542 2242 crescentis
1589 2190 1647 2242 et
1676 2187 1775 2243 de-
1876 2198 1957 2239 ra
1987 2187 2138 2252 sunt,
2178 2188 2236 2239 et
2259 2200 2293 2239 a
2322 2184 2517 2255 paucis
2549 2169 3178 2257 348intelliguntur,
3211 2202 3343 2241 cum
3356 2188 3478 2243 fere

178 2270 502 2327 crescentis.
1879 2272 2021 2327 nihil
2050 2273 2169 2328 veri
2198 2274 2545 2343 loquentur;
2587 2273 2687 2328 sed
2726 2289 2859 2328 cum
2913 2289 3049 2329 vera
3089 2277 3148 2328 et
3177 2275 3484 2332 manifesta

240 2356 382 2413 Ecce
416 2358 744 2431 alienigena,
782 2363 891 2417 etc.
939 2360 1104 2426 Quod
1141 2361 1220 2417 sic
1260 2362 1605 2435 adaptatur:
1640 2362 1776 2419 Dico
1878 2361 2215 2433 pradicent,
2238 2378 2273 2416 a
2299 2361 2495 2415 multis
2516 2360 3163 2432 populisintelligentur.
3178 2364 3242 2417 In
3261 2364 3370 2419 hoc
3391 2381 3488 2419 au-

174 2447 334 2520 qnod
362 2463 563 2503 memor
580 2466 667 2503 ero
692 2448 850 2505 Raab
881 2455 930 2504 et
954 2449 1271 2522 Babylonis,
1296 2452 1453 2515 etita
1483 2453 1610 2508 erit.
1640 2452 1780 2508 Ecce
1880 2452 2000 2503 tem
2034 2448 2185 2520 ipsas
2217 2448 2538 2520 Scripturas
2584 2449 2749 2503 valde
2793 2450 3186 2504 commendat.
3222 2451 3487 2508 Ostendit

168 2536 442 2607 enimJam
472 2540 693 2592 certum
713 2540 797 2592 est
815 2536 973 2610 quasi
999 2556 1253 2612 prasens
1282 2541 1373 2610 sit,
1400 2541 1555 2613 quod
1584 2541 1777 2596 alieni-
1880 2538 2058 2593 etiam
2082 2538 2155 2592 ad
2167 2537 2349 2592 laudis
2362 2554 2563 2592 earum
2590 2537 3099 2609 exaggerationem
3116 2537 3372 2609 ipsarum
3384 2556 3485 2595 au-

174 2641 343 2695 gena,
370 2624 430 2679 id
461 2627 546 2679 est
564 2629 768 2697 gentes
803 2642 929 2698 qua
950 2628 1151 2684 aliena
1169 2633 1303 2684 sunt
1333 2647 1367 2684 a
1394 2630 1529 2696 ﬁde,
1555 2632 1611 2683 et
1637 2630 1777 2684 alte-
1881 2628 2225 2688 ctores,cum
2249 2624 2532 2696 adjungit:
2574 2624 2708 2679 Dico
2723 2626 2879 2695 quod
2899 2628 2954 2679 in
2972 2628 3246 2696 scripturis
3261 2628 3484 2697 populo-

182 2711 300 2767 rius
318 2713 714 2784 generationis
744 2731 919 2787 quam
938 2716 1370 2784 Judai,scilicet
1402 2717 1482 2772 illi
1503 2716 1777 2789 alienige-
1880 2731 2001 2767 rum
2051 2713 2329 2781 narrabit,
2372 2715 2430 2766 et
2453 2712 2513 2767 id
2544 2715 2631 2768 est
2659 2712 2874 2767 scilicet
2929 2715 2986 2767 in
3017 2714 3299 2784 scripturis
3316 2718 3489 2784 prin-

179 2817 271 2856 na
303 2799 451 2868 dico,
477 2800 573 2873 qui
594 2804 728 2856 sunt
754 2808 805 2857 et
831 2803 1008 2873 Tyrus
1033 2811 1083 2859 et
1095 2805 1685 2876 populusﬁ'thiopum,
1718 2805 1780 2860 id
1879 2805 2055 2873 cipum
2086 2802 2275 2857 horum
2316 2800 2636 2871 populorum
2667 2799 2926 2855 narrabit
2968 2800 3078 2855 hoc
3108 2818 3199 2873 qui
3240 2802 3483 2872 fuerunt,

170 2891 257 2942 est
291 2904 427 2960 pars
455 2906 702 2962 quorum
729 2892 815 2946 est
835 2891 1034 2963 Tyrus,
1061 2891 1122 2947 id
1151 2896 1238 2948 est
1267 2893 1779 2965 angustia,scilicet
1879 2890 1938 2944 id
1956 2893 2040 2945 est
2061 2888 2157 2961 qui
2185 2892 2355 2943 erunt
2373 2890 2498 2942 inea
2512 2887 2669 2942 Sion.
2694 2888 2957 2952 Quodest
2987 2887 3176 2943 dicere
3206 2906 3218 2943 :
3260 2890 3386 2944 Non
3425 2892 3483 2947 in

170 2977 510 3048 angustians
537 2979 736 3034 ﬁdeles
765 2995 927 3035 meos
946 2980 1310 3049 multimode,
1344 2985 1402 3035 et
1422 2997 1555 3052 pars
1577 2985 1661 3036 est
1678 2997 1779 3054 po-
1805 2990 1854 3050 ο
1878 2978 2369 3051 qualibuscunque
2399 2975 2692 3048 scripturis
2709 2976 3057 3047 populorum
3073 2977 3185 3032 hoc
3201 2978 3481 3047 narrabit,

169 3065 335 3135 pulus
360 3066 718 3139 Ethiopum,
743 3070 801 3123 et
815 3069 862 3123 si
893 3084 1012 3124 non
1043 3068 1157 3123 sint
1184 3070 1381 3141 Tyrus,
1415 3069 1474 3124 id
1512 3071 1598 3123 est
1627 3069 1776 3141 nigri
1877 3067 1976 3122 sed
1997 3066 2056 3121 in
2074 3063 2381 3137 Scripturis
2421 3065 2837 3135 apostolorum,
2872 3062 2969 3134 qui
2999 3067 3168 3119 erunt
3196 3065 3485 3138 principes

167 3154 228 3209 in
260 3154 503 3226 peccatis
529 3156 604 3211 ad
627 3156 868 3211 modum
884 3157 1081 3229 populi
1099 3157 1456 3231 Ethiopum,
1489 3158 1585 3230 qui
1613 3158 1777 3231 niger
1875 3155 1935 3209 in
1964 3154 2229 3209 doctrina
2250 3154 2483 3208 illorum
2506 3151 2852 3223 populorum
2878 3151 2975 3222 qui
2988 3152 3227 3207 eruntin
3243 3169 3310 3207 ea
3323 3152 3480 3211 Sion.

169 3245 254 3297 est
283 3241 341 3297 in
364 3243 707 3314 corpore.Hi
733 3256 957 3311 omnes,
984 3245 1196 3300 scilicet
1219 3247 1276 3300 et
1300 3246 1479 3318 Tyrus
1511 3250 1569 3300 et
1598 3262 1778 3318 popu—
1877 3242 2179 3315 Sequitur:
2212 3241 2368 3298 Sicut
2394 3241 2713 3295 latanit'um.
2760 3238 2926 3303 Quod
2962 3239 3039 3295 sic
3069 3240 3482 3296 continuaturt

165 3331 251 3386 lus
268 3331 601 3404 Ethiopum
632 3332 731 3404 qui
759 3335 891 3387 sunt
921 3349 1052 3404 pars
1069 3333 1524 3405 alienigenarum
1537 3335 1776 3405 ,fucrunt
1878 3330 2031 3385 Facit
2063 3329 2476 3403 apostropham
2530 3328 2605 3383 ad
2635 3343 2767 3381 eam
2798 3343 2864 3382 ex
2894 3327 3250 3392 iocunditate
3279 3328 3480 3397 nimia,

166 3417 355 3483 illic,id
376 3422 461 3474 est
474 3419 867 3492 adjungentur
893 3421 952 3475 in
974 3422 1329 3476 consortium
1348 3421 1638 3477 illiusSion
1654 3422 1772 3492 pri-
1874 3418 1971 3474 sic.
2005 3417 2164 3485 Dico,
2193 3433 2226 3472 ο
2257 3416 2416 3483 Sion,
2438 3415 2594 3487 quod
2630 3415 2740 3469 hoc
2761 3414 2897 3470 dicit
2919 3414 3060 3470 mihi
3084 3415 3324 3486 Spiritus
3352 3433 3482 3471 san-

166 3505 380 3560 mitiva
412 3522 516 3577 per
542 3507 788 3563 scientes
813 3524 928 3564 me.
947 3508 1774 3580 Sienim,Nunquid,etc.Quod
1874 3509 1994 3561 ctus
2024 3506 2094 3559 de
2121 3508 2198 3571 te,
2233 3504 2510 3575 quoniam
2541 3504 2719 3558 homo
2747 3506 3015 3557 nascetur
3058 3503 3117 3557 in
3147 3506 3226 3570 te,
3278 3508 3337 3558 et
3362 3505 3481 3574 ipse

162 3593 241 3649 sic
268 3594 724 3666 conjungitur,et
745 3599 1157 3668 praposterate
1179 3596 1577 3667 legiturDico,
1612 3613 1645 3651 ο
1678 3613 1774 3650 au-
1873 3591 2139 3647 fundabit
2166 3595 2244 3646 te.
2273 3591 2342 3644 Et
2372 3590 2483 3645 hoc
2512 3589 2748 3659 insuper
2774 3588 2913 3642 dicit
2949 3588 3090 3643 mihi
3126 3590 3197 3643 de
3225 3593 3301 3656 te,
3336 3607 3481 3661 qua-

167 3681 564 3754 ditores,quod
581 3684 689 3738 hoc
713 3683 849 3739 dicit
874 3683 1016 3738 mihi
1030 3683 1276 3755 Spiritus
1290 3688 1538 3753 sanctus,
1572 3701 1773 3738 memor
1873 3683 2039 3735 tenus
2068 3677 2345 3733 habitatio
2366 3679 2605 3730 omnium
2653 3675 3007 3729 habitantium
3031 3677 3087 3728 in
3131 3682 3179 3729 te
3204 3676 3310 3730 erit
3337 3676 3481 3731 sicut

164 3785 252 3824 ero
282 3772 340 3825 et
364 3787 479 3825 ecce
503 3771 830 3842 alienigena.
863 3773 933 3826 Et
961 3772 1036 3827 ad
1063 3772 1359 3826 cumulum
1411 3771 1593 3825 laudis
1652 3772 1773 3842 ejus
1873 3767 2131 3822 habitatio
2162 3764 2509 3820 latantium.
2540 3761 2706 3826 Quod
2737 3766 2821 3816 est
2859 3762 3051 3817 dicere
3086 3778 3099 3816 :
3135 3763 3346 3818 Omnes
3373 3762 3472 3834 qui

163 3857 272 3912 hoc
302 3858 374 3913 de
401 3875 470 3913 ea
498 3858 640 3913 mihi
666 3859 1148 3927 testatur,scilicet
1164 3859 1321 3930 quod
1341 3862 1399 3913 et
1418 3858 1654 3930 quidam
1672 3876 1769 3912 na-
1872 3856 1932 3910 in
1956 3858 2012 3910 te
2040 3854 2152 3909 ﬁde
2182 3852 2546 3918 habitabant,
2583 3851 2752 3905 erunt
2783 3850 2927 3905 sicut
2970 3851 3233 3904 latantes
3277 3850 3336 3904 in
3368 3868 3472 3923 pu~

164 3953 248 4000 tus
275 3953 371 4013 est,
399 3946 459 4002 id
486 3949 570 4002 est
597 3951 864 4003 nascetur
892 3947 951 4002 in
983 3964 1052 4002 ea
1087 3946 1326 4015 horno,id
1346 3951 1431 4002 est
1455 3947 1772 4002 secundum
1873 3943 2043 3999 ritate
2074 3939 2441 3997 conscientia
2485 3955 2622 3994 sua'
2655 3939 2821 3992 Juxta
2865 3937 3020 4009 quod
3048 3938 3354 4009 Apostolus
3386 3937 3471 3993 di-

164 4034 322 4107 quod
363 4035 565 4102 homo,
592 4038 664 4102 et
688 4036 811 4107 ipse
841 4035 937 4107 qui
981 4036 1040 4090 in
1072 4052 1141 4091 ea
1188 4039 1475 4103 nascetur,
1522 4036 1773 4106 fundavit
1872 4032 1980 4086 cit:
2016 4029 2255 4085 «Gloria
2282 4031 2478 4084 nostra
2492 4028 2617 4082 hac
2645 4030 2730 4080 est
2754 4024 3149 4080 testimonium
3182 4026 3474 4082 conscien-

162 4138 303 4189 cum,
335 4122 395 4178 id
424 4126 509 4178 est
538 4123 759 4178 creabit
786 4141 938 4191 eam,
965 4127 1021 4179 et
1051 4125 1110 4179 in
1143 4124 1257 4179 fide
1303 4128 1361 4179 et
1384 4124 1442 4178 in
1472 4123 1745 4179 virtutibu.

1888 4118 1964 4174 .ia
1988 4120 2197 4174 nostra
2214 4116 2305 4189 (II
2322 4114 2447 4171 Cor.
2479 4132 2517 4181 ι,
2555 4115 2658 4178 l2).
2678 4135 2705 4162 »
2740 4115 2806 4167 Et
2834 4114 2982 4168 bene
3026 4113 3191 4184 ponit
3226 4130 3343 4169 non
3378 4116 3471 4170 la-

161 4209 786 4279 iundabitAltissimus,
806 4211 865 4266 id
877 4212 1291 4267 estsecundum
1312 4212 1470 4267 illam
1498 4215 1768 4268 naturam
1790 4257 1840 4279 η
1871 4208 2142 4274 tantium,
2172 4205 2272 4261 sed
2298 4207 2439 4261 sicut
2477 4202 2801 4268 laetantium,
2853 4201 2988 4273 quia
3017 4201 3150 4255 licet
3177 4201 3271 4255 hic
3303 4202 3466 4257 valde

163 4315 277 4370 qua
306 4300 456 4354 Deus
484 4296 595 4352 erit
620 4298 1012 4371 omnipotens.
1038 4299 1204 4363 Quod
1229 4301 1314 4353 est
1344 4299 1559 4354 dicere:
1604 4299 1764 4355 Chri-
1788 4288 1842 4316 ν
1865 4297 2063 4351 ﬁdeles
2092 4295 2163 4349 de
2193 4293 2443 4365 puritate
2495 4288 2862 4346 conscientia
2908 4305 3023 4343 sua
3054 4290 3325 4343 latentur
3375 4306 3468 4344 re-

160 4389 277 4442 stus
305 4387 619 4442 secundum
648 4387 1151 4442 humanitatemin
1182 4388 1393 4459 populo
1413 4387 1644 4443 Judaico
1668 4406 1766 4443 na-
1862 4400 1997 4438 vera
2035 4386 2092 4438 et
2111 4383 2323 4454 amplé,
2351 4380 2425 4434 ad
2455 4376 2956 4450 comparationem
2995 4380 3194 4431 tamen
3234 4379 3467 4433 meum

160 4477 367 4543 scetur,
395 4474 494 4548 qui
524 4479 720 4530 tamen
737 4475 1055 4530 secundum
1071 4474 1430 4530 divinitatem
1456 4492 1589 4530 eum
1612 4491 1767 4530 crea-
1863 4471 2073 4527 latitia
2085 4470 2292 4524 futura
2311 4470 2434 4523 hac
2460 4482 2709 4538 prasens
2741 4480 2859 4519 non
2884 4463 3090 4518 dicitur
3118 4463 3343 4533 latitia;
3367 4466 3467 4521 sed

156 4562 257 4631 vit,
290 4565 350 4618 et
401 4562 462 4618 in
491 4563 606 4619 ﬁde
632 4562 901 4617 fundabit
922 4564 1241 4618 secundum
1273 4564 1524 4635 partem.
1556 4564 1624 4617 Et
1653 4564 1763 4618 hoc
1863 4558 2009 4614 sicut
2037 4558 2254 4623 latitia,
2279 4556 2339 4610 id
2368 4556 2452 4609 est
2483 4553 2692 4607 umbra
2722 4550 2938 4607 latitia
2956 4551 3185 4609 futura.
3221 4554 3329 4608 Per
3358 4554 3466 4609 hoc

156 4651 312 4722 quod
340 4650 412 4706 de
439 4654 494 4705 te
513 4651 752 4706 obscure
777 4650 925 4718 dico,
951 4667 984 4707 o
1017 4650 1175 4706 Sion.
1204 4650 1474 4723 Nunquid
1500 4651 1637 4706 dicet
1665 4651 1762 4705 lto-
1862 4651 2057 4702 autem
2087 4643 2324 4700 attrahit
2345 4643 2417 4698 ad
2447 4639 2810 4737 consortium
2834 4638 3097 4737 Ecclesia
3107 4639 3238 4737 illos
3267 4640 3466 4737 ex.-

154 4754 261 4806 mo,
290 4737 350 4793 id
381 4741 468 4794 est
493 4738 758 4810 nunquid
785 4740 966 4794 solvet
980 4738 1187 4810 aliquis
1211 4738 1307 4811 qui
1331 4739 1403 4794 sit
1427 4740 1737 4813 slmplicite:

1880 4751 1951 4788 .ra
1981 4732 2287 4788 Ecclesiam
2323 4733 2476 4798 sunt,
2510 4745 2643 4784 cum
2673 4728 2849 4800 ipsius
2900 4727 3257 4784 habitatores
3312 4727 3463 4783 dicat

152 4826 353 4894 homo,
381 4826 441 4882 id
468 4829 554 4881 est
594 4825 860 4880 animalis
885 4829 942 4881 et
968 4842 1085 4881 non
1127 4825 1395 4896 spiritalis
1414 4827 1441 4881 ?
1471 4828 1613 4883 Vere
1644 4846 1762 4885 non
1864 4839 1983 4878 esse
2009 4822 2291 4877 latentes.

155 4915 325 4982 dicet,
360 4914 419 4971 id
454 4918 540 4970 est
568 4915 787 4969 solvere
819 4931 937 4969 non
968 4914 1183 4985 poterit
1213 4915 1463 4985 qualiter
1492 4916 1601 4971 hoc
1631 4934 1765 4973 con-
1929 5000 1936 5002 _
1977 4999 1986 5002 _
2058 4999 2071 5002 Δ
2248 4998 2255 5002 Α
2287 4909 2356 4963 ῙΝ
2385 4906 2710 5002 ῙἾΞᾼΕΜΨἨ
3235 4989 3248 5002 ,
3312 4991 3322 5001 _
3354 4987 3443 5002 ,ην

152 5002 358 5075 tinget,
393 5002 551 5074 quod
581 5002 759 5056 homo
792 5003 1056 5055 nascetur
1070 5000 1129 5055 in
1160 5004 1238 5068 te,
1268 5005 1324 5057 et
1354 5002 1473 5074 ipse
1498 5003 1764 5063 fundabit
1929 4999 2143 5054 Titulus
2173 4994 2510 5068 octogesimi
2534 4992 2783 5066 septimi.
2821 4990 3110 5047 Canticum
3126 4989 3322 5060 psalmi
3338 4987 3465 5062 ﬁliis

152 5094 230 5146 te.
259 5089 587 5146 «Animalis
618 5087 775 5143 enim
804 5088 981 5143 homo
1014 5104 1129 5143 non
1149 5089 1392 5159 percipit
1418 5107 1486 5145 ea
1516 5109 1642 5164 qua
1659 5097 1735 5150 De

1879 5088 2017 5154 3ore,
2041 5089 2098 5141 in
2141 5085 2305 5159 ﬁnem
2336 5100 2441 5156 pro
2467 5082 2672 5137 Melcch
2706 5081 2825 5147 [al.,
2860 5077 3121 5177 Maelelh]
3153 5077 3223 5177 (id
3253 5095 3462 5149 respon-

153 5183 287 5234 sunt
323 5178 373 5251 (1
403 5176 536 5235 Cor.
570 5193 630 5243 ιι,
682 5177 788 5246 li).
833 5195 865 5226 »
898 5176 1007 5229 Per
1044 5175 1153 5231 hoc
1181 5179 1374 5231 autem
1411 5178 1619 5251 innuit,
1650 5182 1760 5238 hoc
1859 5177 2109 5241 ciendum,
2140 5174 2431 5228 intellectus
2462 5170 2643 5264 Eman
2670 5167 2957 5264 iIsrac‘lit‘ae
2997 5165 3116 5264 “[al.,
3147 5164 3463 5264 [dera-luta].

158 5266 434 5323 ineffabili
454 5262 730 5334 mysterio
764 5266 821 5316 et
843 5262 1227 5318 sacratissimo
1254 5265 1578 5337 contigisse,
1603 5271 1757 5341 quod
1860 5269 1983 5322 Non
2008 5264 2144 5320 dicit
2161 5265 2429 5317 canticum
2450 5257 2605 5326 quod
2626 5256 2718 5350 hic
2734 5255 2962 5350 agatﬂd-e
2984 5253 3346 5350 incunditate
3378 5272 3467 5310 re-

153 5354 376 5411 homini
407 5350 547 5406 dicit
568 5365 689 5404 esse
708 5348 1012 5404 insolubile
1036 5366 1050 5403 :
1078 5352 1164 5405 vel
1190 5351 1287 5406 sic.
1316 5353 1451 5409 Dico
1478 5358 1630 5427 quod
1652 5359 1756 5413 ho-
1860 5349 2279 5410 munerationis
2306 5345 2675 5410 aterna,sed
2708 5341 2846 5414 quia
2866 5341 3309 5398 Cliristushicde
3342 5360 3471 5414 pas-

154 5459 249 5498 mo
297 5442 567 5496 nascetur
595 5436 656 5491 in
689 5439 781 5503 te;
816 5439 874 5491 et
902 5436 1023 5508 ipse
1044 5436 1311 5494 fundabit
1351 5443 1428 5495 te.
1466 5442 1534 5499 Et
1560 5444 1689 5511 hoc,
1724 5462 1758 5501 ο
1858 5444 2017 5499 sione
2047 5456 2149 5494 sua
2174 5454 2376 5508 agens,
2419 5436 2683 5526 et-orans
2695 5433 2760 5526 ut
2796 5430 2947 5488 Deus
2963 5445 3099 5526 eum
3117 5432 3479 5526 constantem

154 5530 290 5588 Sion
321 5524 565 5601 nunquid
595 5524 733 5579 dicet
768 5524 945 5594 homo,
998 5524 1058 5582 id
1087 5530 1173 5582 est
1220 5529 1481 5605 nunquid
1537 5532 1773 5590 audebit
1863 5531 2037 5589 faciat
2065 5530 2125 5586 et
2148 5524 2463 5589 resuscitat,
2486 5518 2714 5576 instruit
2738 5533 2949 5577 omnes
2983 5518 3087 5591 qui
3117 5520 3249 5571 sunt
3275 5519 3377 5575 filii
3400 5518 3489 5573 sui

438 5624 675 5682 Paraon.
708 5621 862 5679 CLII.

3064 5615 3130 5671 3‘6
