3998 6026
465 313 487 376 l
500 316 604 376 090

1043 302 1108 374 s.
1142 306 1491 371 anosoms
1527 295 2159 370 CAR’I‘HUSIANORUM
2196 301 2664 368 ms'mm‘oms
2703 305 2858 389 Opp,
2900 305 3077 368 PARS
3110 308 3155 368 ι.

3641 306 3811 373 ιιοῡ

464 439 752 515 adoptivi,
785 440 850 498 ut
875 433 1019 497 sicut
1053 434 1173 510 ipse
1190 450 1308 492 non
1333 432 1563 499 invitus,
1589 431 1691 490 sed
1707 449 1838 491 cum
1857 432 2058 490 laetitia
2080 448 2136 510 Α
2158 434 2269 490 hoc
2281 433 3150 507 utcompleaturasimilitudine
3165 431 3543 494 honestorum
3560 435 3810 513 legato-

466 550 573 606 pro
606 533 774 588 nobis
801 545 1030 588 crucem
1060 525 1344 593 sustinuit,
1373 524 1505 581 licet
1532 523 1847 580 secundum
1878 523 2066 578 carnis

468 622 828 678 debilitatem
856 617 1034 673 tristis
1064 618 1389 688 appareret,
1413 613 1495 668 ita
1524 615 1580 668 et
1605 611 1704 666 ﬁlii
1733 613 1856 682 ejus
1869 627 1971 682 pro
2000 627 2068 666 eo

467 713 513 766 si
545 726 776 766 necesse
802 708 997 770 fuerit,
1028 723 1158 760 cum
1185 703 1382 759 laetitia
1412 703 1663 757 debeant
1691 701 1929 755 adversa
1949 718 2068 755 sus-

466 798 677 866 tinere,
706 801 764 852 et
806 797 864 851 in
896 795 1028 867 ipsis
1053 792 1302 848 adversis
1333 807 1517 846 orare.
1551 790 1618 843 Et
1647 788 1754 843 hoc
1784 788 1845 842 in
1899 787 2070 844 titulo

468 886 731 943 innuitur
752 902 883 940 cum
914 883 1075 938 dicit:
1108 881 1390 937 Canticum
1425 878 1621 950 psalmi
1664 876 1790 949 ﬁliis
1822 874 1978 943 Core,
2015 877 2073 929 in

466 977 646 1046 ﬁnem,
662 989 764 1046 pro
789 972 992 1027 Melech
1020 971 1090 1024 ad
1118 967 1552 1040 respondendum.
1589 965 1693 1030 Qui
1724 966 1800 1020 sic
1832 965 2070 1036 adapta-

468 1069 585 1119 tur.
621 1060 912 1118 Canticum
941 1060 1098 1130 huius
1120 1057 1336 1128 psalmi.
1357 1055 1417 1110 id
1439 1053 1853 1124 estjocundum
1891 1068 2070 1124 nego-

471 1151 615 1206 tium
669 1151 838 1221 hujus
885 1149 1184 1213 tractatus,
1227 1143 1439 1199 scilicet
1469 1141 1768 1214 negotium
1794 1140 2071 1212 passionis

470 1237 696 1304 Christi,
728 1237 788 1292 in
816 1253 928 1308 quo
961 1235 1080 1307 ipse
1106 1250 1210 1305 pro
1229 1232 1408 1286 salute
1425 1230 1627 1285 mundi
1655 1246 1849 1301 passus
1869 1227 2069 1299 praeci-

467 1327 613 1386 nuit.
646 1327 896 1397 Ideoque
930 1323 1135 1378 dicitur
1165 1321 1430 1376 canticum
1482 1319 1636 1391 quod
1694 1319 1752 1373 in
1782 1319 1892 1372 hoc
1920 1319 2069 1388 psal-

465 1432 566 1472 mo
599 1414 950 1480 continetur,
1002 1409 1348 1481 proponitur
1380 1408 1512 1481 ﬁliis
1539 1406 1694 1474 Core,
1727 1406 1785 1460 id
1813 1409 1896 1460 est
1939 1404 2071 1460 ﬁliis

469 1502 696 1569 Christi,
728 1501 824 1574 qui
849 1499 952 1554 filii
984 1500 1104 1570 ejus
1126 1496 1374 1568 adoptivi
1395 1496 1531 1550 facti
1551 1497 1684 1549 sunt
1729 1511 1833 1566 per
1861 1494 2072 1565 passio-

468 1608 627 1647 nem.
658 1591 726 1644 Et
740 1587 1082 1661 proponitur
1110 1585 1246 1658 ipsis
1259 1585 1330 1638 ad
1360 1583 1792 1655 respondendum,
1811 1582 1869 1636 id
1894 1585 1977 1637 est
1997 1581 2070 1636 ad

463 1680 576 1736 hoc
605 1681 670 1735 ut
699 1677 751 1734 ei
782 1674 1187 1748 respondeant,
1222 1689 1341 1728 non
1373 1671 1556 1727 verbis
1584 1671 1684 1725 sed
1710 1670 1892 1738 factis,
1921 1669 2070 1724 scili-

2169 541 2323 590 rum,
2352 523 2448 597 qui
2481 525 2803 580 thalamum
2837 525 3068 581 Domini
3106 525 3322 581 intrare
3350 528 3795 598 permittuntur

2172 612 2335 676 Quod
2357 613 2493 669 dicit
2515 615 2572 667 in
2596 613 2681 667 die
2709 613 2941 669 clamavi
2967 621 3016 669 et
3044 622 3194 669 nocte
3224 633 3401 670 coram
3419 624 3486 683 te,
3519 618 3803 692 interpo-

2171 701 2346 756 situm
2379 704 2558 767 est,et
2579 706 2663 756 est
2685 718 2748 756 ac
2773 701 2818 755 si
2848 702 2924 757 sic
2949 702 3196 758 diceret:
3234 703 3376 758 Cum
3401 707 3463 759 tu
3495 707 3801 763 Dominus

2171 789 2246 843 sis
2274 790 2542 844 omnium
2570 794 2625 844 et
2652 792 2821 858 Deus,
2852 792 2910 843 et
2937 807 3042 862 per
3057 792 3167 847 hoc
3198 795 3253 846 te
3285 793 3660 866 manifestum
3697 801 3800 851 est

2172 877 2640 948 omnipotentem
2665 896 2818 934 esse:
2849 880 3048 950 etjam
3074 881 3263 951 opifex
3295 897 3440 936 mea;
3471 884 3666 939 salutis
3687 901 3798 940 ex-

2172 967 2407 1033 stiteris,
2443 969 2500 1020 et
2523 967 2662 1022 talia
2692 967 2867 1022 etiam
2893 984 3055 1022 orem
3080 986 3207 1041 quae
3247 970 3306 1024 in
3334 975 3644 1042 conspectu
3672 977 3791 1028 tuo

2172 1057 2326 1117 sunt,
2360 1070 2461 1110 oro
2480 1057 2542 1108 ut
2565 1054 2747 1110 oratio
2768 1072 2901 1110 mea
2922 1055 3121 1123 intret,
3150 1057 3208 1111 id
3230 1062 3315 1111 est
3333 1059 3692 1115 admittatur.
3715 1062 3792 1115 Et

2172 1142 2307 1215 quia
2332 1143 2768 1208 dixeratsalutis,
2785 1143 2969 1215 ipsam
2992 1146 3240 1200 satutem
3265 1147 3517 1201 ostendit
3536 1165 3668 1203 cum
3685 1150 3790 1203 in—

2170 1231 2461 1302 terponit:
2504 1232 2680 1301 Hujus
2708 1231 2923 1286 scilicet
2951 1233 3148 1287 salutis
3179 1232 3336 1288 fuisti
3364 1235 3575 1307 opifex,
3608 1237 3779 1308 quod

2169 1334 2263 1372 me
2297 1319 2440 1374 adeo
2472 1321 2796 1390 perfectum
2825 1319 3029 1387 fecisti,
3066 1322 3224 1393 quod
3245 1338 3362 1377 non
3377 1326 3646 1379 remissus
3669 1326 3783 1381 fui:

2169 1407 2270 1462 sed
2293 1407 2540 1474 clamavi,
2565 1407 2625 1462 id
2650 1412 2734 1462 est
2766 1410 3017 1464 clamore
3040 1409 3280 1465 intensaa
3310 1411 3631 1467 devotionis
3656 1414 3782 1486 egi,

2171 1498 2228 1548 et
2249 1497 2305 1548 in
2333 1495 2485 1550 dieet
2505 1496 2564 1550 in
2580 1503 2744 1562 nocte,
2769 1513 2888 1551 non
2913 1496 3094 1551 factus
3132 1499 3190 1552 in
3213 1498 3305 1553 die
3337 1501 3636 1570 superbus,
3667 1519 3785 1558 nec

2171 1581 2230 1635 in
2263 1586 2430 1637 nocte
2461 1582 2673 1638 timore
2692 1584 3017 1639 confractus
3039 1602 3056 1638 :
3077 1586 3231 1657 quod
3245 1603 3407 1658 aeque
3425 1603 3655 1644 summa
3683 1606 3784 1644 sa-

2170 1670 2256 1724 lus
2282 1672 2365 1724 est
2397 1687 2469 1725 ne
2502 1670 2703 1741 quisin
2722 1671 2814 1725 die
2833 1673 2920 1726 vel
2950 1671 3009 1726 in
3032 1677 3200 1728 nocte
3220 1690 3253 1728 a
3273 1673 3640 1730 taliclamore
3672 1676 3781 1731 de-

464 1770 558 1825 cet
589 1770 652 1822 ut
681 1766 824 1821 sicut
848 1764 967 1837 ipse
1000 1761 1304 1836 prmcinuit
1328 1776 1432 1834 pro
1467 1759 1548 1814 eis
1579 1758 1871 1830 patiendo,
1900 1757 1981 1813 ita
2013 1760 2144 1819 etB
2167 1758 2350 1814 sistat.
2381 1761 2518 1815 Dico
2538 1762 2598 1815 in
2611 1767 2710 1815 tre!
2732 1763 2900 1815 oratio
2916 1779 3055 1830 mea,
3087 1767 3145 1816 et
3172 1766 3234 1817 ut
3254 1780 3371 1818 non
3395 1765 3734 1820 excludalur
3762 1783 3779 1820 :

464 1855 575 1929 ipsi
603 1855 649 1910 si
682 1851 1000 1926 oportuerit
1029 1851 1325 1907 succinant
1349 1852 1408 1904 et
1426 1847 1843 1920 respondeant,
1872 1862 1977 1918 pro
1998 1863 2066 1902 eo

464 1945 720 2002 mortem
751 1941 870 2014 pati
899 1956 1018 1996 non
1048 1937 1344 2010 fugiendo.
1384 1938 1453 1991 Et
1482 1953 1598 1992 non
1645 1935 1806 1990 inviti
1835 1951 2071 2007 respon-

468 2032 667 2094 deant,
691 2033 791 2086 aut
805 2027 966 2102 quasi
996 2045 1062 2082 ex
1105 2025 1441 2082 necessitate
1466 2042 1480 2093 ;
1509 2024 1609 2079 sed
1619 2041 1727 2096 pro
1755 2023 1980 2089 Melech,
2010 2023 2069 2077 id

467 2124 553 2175 est
569 2119 882 2175 secundum
908 2115 1280 2172 concordiam
1306 2111 1603 2168 charitatis
1635 2115 1693 2167 et
1721 2111 2066 2178 dilectionis,

469 2209 687 2264 scilicet
711 2210 775 2263 ut
803 2206 948 2261 sicut
982 2205 1101 2276 ipse
1119 2220 1264 2258 cum
1290 2201 1570 2257 charitate
1596 2200 1918 2255 dilectionis
1949 2217 2066 2255 sus-

465 2297 666 2364 tinuit;
691 2297 768 2353 sic
785 2297 842 2350 et
858 2293 962 2366 ipsi
980 2309 1110 2349 cum
1123 2291 1402 2348 charitate
1414 2289 1753 2353 sustineant,
1781 2292 1839 2343 et
1867 2289 1925 2344 in
1959 2289 2068 2343 hoc

463 2401 659 2441 secum
680 2382 1052 2438 concordent.
1074 2381 1217 2434 Nam
1239 2379 1284 2434 si
1309 2377 1655 2433 tradiderint
1679 2393 1885 2448 corpus
1899 2393 2067 2431 suum

466 2475 532 2530 ut
547 2471 810 2537 ardeant,
838 2469 1178 2524 charitatem
1192 2469 1387 2522 autem
1409 2481 1527 2520 non
1552 2464 1969 2531 babeant,nihil
1985 2463 2070 2518 eis

463 2559 726 2632 proderit
747 2556 808 2624 (Ι
832 2555 959 2612 Cor.
986 2572 1106 2618 xm,
1134 2553 1211 2627 3).
1239 2555 1306 2608 Et
1333 2554 1481 2608 hanc
1499 2553 1931 2624 responsionem
1953 2567 2070 2606 non

469 2649 542 2706 ad
569 2649 775 2704 horam
805 2647 995 2702 facere
1043 2645 1280 2710 debent,
1311 2643 1410 2698 sed
1447 2659 1625 2713 usque
1647 2645 1702 2696 in
1729 2640 1890 2714 ﬁnem
1917 2640 2066 2696 vitae.

468 2760 496 2789 ι(
529 2736 635 2802 Qui
656 2738 811 2792 enim
827 2733 1274 2808 perseveraverit
1304 2748 1480 2804 usque
1496 2731 1555 2786 in
1579 2730 1758 2785 finem
1771 2730 1861 2784 hic
1883 2730 2071 2784 salvus

467 2825 809 2895 erit(Matt/i.
841 2842 896 2892 x,
923 2825 1030 2894 22).
1066 2822 1319 2878 »Melech
1343 2820 1579 2893 quidem
1591 2819 2071 2890 chorusinterpre-

466 2917 644 2972 tatur.
679 2912 906 2969 Etenim
963 2911 1099 2984 quia
1133 2909 1192 2965 in
1222 2910 1399 2965 choro
1439 2910 1584 2964 solet
1608 2925 1728 2964 esse
1759 2907 2070 2963 concordia

466 3007 688 3072 cantus,
719 3001 932 3060 Melech
961 3017 1067 3073 pro
1090 2997 1398 3054 concordia
1430 3000 1830 3069 competenter
1859 2996 2065 3066 accipi-

466 3094 774 3149 tur.Ethoc
808 3095 894 3147 est
917 3089 1204 3144 intellectus
1226 3087 1410 3142 Eman
1441 3085 1718 3152 Israelita,
1750 3085 1808 3140 id
1837 3088 1922 3140 est
1959 3086 2068 3140 hoc

468 3180 756 3241 intellexit
776 3179 1048 3243 Christus,
1084 3194 1204 3231 esse
1252 3176 1465 3230 scilicet
1494 3175 1870 3239 cantandum,
1898 3173 1958 3227 id
1984 3176 2070 3228 est

463 3270 785 3344 jocundum
807 3268 866 3322 in
898 3267 1094 3322 anima
1119 3265 1178 3320 in
1190 3264 1583 3330 tribulatione,
1609 3263 1742 3317 licet
1757 3262 2073 3317 tristitia'sit

471 3357 720 3415 exterius
750 3373 817 3412 ex
846 3371 1057 3421 carne;
1122 3355 1302 3408 Eman
1344 3352 1555 3423 quippe
1579 3352 1772 3420 frater,
1817 3349 2073 3404 Israelita

472 3463 605 3502 vero
654 3445 832 3499 videns
887 3443 1064 3497 Deum
1111 3441 1544 3512 interpretatur.
1593 3439 1754 3494 Unde
1819 3455 2074 3509 congrue

476 3534 728 3590 Christus
757 3534 938 3587 Eman
970 3529 1224 3585 Israelita
1255 3528 1463 3584 dicitur
1491 3544 1503 3582 :
1549 3526 1647 3598 qui
1675 3527 1854 3582 frater
1882 3530 2077 3583 noster

475 3628 580 3690 est,
610 3625 668 3678 et
690 3621 1007 3678 secundum
1023 3618 1448 3674 humanitatem
1476 3619 1736 3671 nostram
1752 3632 1926 3688 quam
1944 3632 2075 3687 par-

475 3710 748 3785 ticipavit,
777 3713 834 3766 et
862 3709 1176 3764 secundum
1209 3705 1569 3762 divinitatem
1582 3721 1765 3772 suam,
1798 3703 1958 3774 cujus
1974 3721 2078 3758 no-

475 3801 564 3857 bis
603 3797 1113 3874 participationem
1153 3793 1409 3850 donavit.
1475 3793 1640 3848 Unde
1695 3792 1852 3847 idem
1900 3791 2075 3847 dicit:

485 3911 513 3941 «
546 3888 882 3960 Quicunque
932 3883 1133 3940 fecerit
1179 3884 1537 3938 voluntatem
1568 3880 1749 3936 Patris
1778 3879 1914 3948 mei,
1960 3879 2080 3952 ipse

479 3994 642 4032 meus
662 3977 846 4031 frater
875 3976 962 4029 est
987 3970 1188 4043 (Marc.
1218 3985 1307 4034 III,
1347 3969 1426 4041 5).
1449 3990 1478 4020 ››
1508 3971 1577 4023 Et
1604 3968 1739 4024 alibi
1764 3986 1776 4023 :
1817 3991 1843 4019 ‹‹
1884 3967 2083 4035 Ite,di-

480 4065 591 4120 cite
629 4063 904 4120 fratribus
932 4060 1076 4116 meis
1106 4057 1331 4131 (Matth.
1365 4074 1556 4125 xxvm,
1604 4060 1708 4123 l0).
1743 4077 1771 4106 »
1828 4056 2083 4112 Israelita

479 4168 615 4208 vero
646 4151 822 4223 digne
852 4149 1079 4204 dicitur.
1105 4146 1242 4212 Quis
1266 4146 1423 4202 enim
1449 4145 1500 4200 ei
1527 4147 1718 4217 potest
1738 4144 2083 4217 mquiparari

733 4239 792 4294 in
826 4238 926 4293 Dei
955 4235 1196 4302 visione,
1229 4234 1388 4305 cujus
1424 4233 1853 4290 humanitatem
1893 4234 2081 4288 Verbo

2088 3049 2135 3108 C

2169 1848 2370 1905 inclina
2399 1867 2581 1904 aurem
2595 1856 2769 1917 tuam,
2801 1850 2862 1904 id
2876 1855 2960 1905 est
2973 1851 3435 1908 condescendere
3451 1854 3541 1908 fac
3571 1859 3783 1926 poten-

2166 1936 2312 1991 tiam
2334 1937 2743 1992 misericordim
2757 1941 2867 1994 tua;
2888 1939 3091 1993 humili
3108 1940 3262 2009 preci
3276 1943 3495 1996 meae.A
3514 1941 3788 1998 similitu-

2169 2026 2304 2081 dine
2337 2026 2571 2094 medici,
2607 2026 2703 2099 qui
2734 2044 2938 2082 aurem
2992 2033 3212 2100 aegroto
3243 2029 3502 2099 inclinat,
3530 2049 3626 2086 seu
3647 2034 3784 2103 jam

2167 2113 2374 2186 saepius
2401 2117 2694 2170 ostensum
2729 2119 2832 2170 est.
2883 2116 2949 2168 Et
2995 2133 3224 2172 necesse
3264 2121 3349 2173 est
3376 2123 3439 2173 ut
3482 2137 3683 2175 aurem
3707 2124 3790 2177 ad

2159 2220 2372 2274 precem
2404 2221 2575 2258 meam
2625 2203 2892 2271 inclines,
2937 2207 3066 2276 quia
3097 2209 3277 2260 anima
3319 2225 3435 2262 mea
3477 2209 3678 2280 repleta
3701 2218 3787 2265 est

2168 2291 2342 2357 malis,
2370 2291 2428 2346 id
2458 2294 2545 2345 est
2573 2292 2892 2364 replebitur
2922 2292 3410 2350 tribulationibus.
3442 2297 3586 2351 Mala
3607 2299 3791 2354 nimi-

2169 2396 2299 2434 rum
2330 2396 2433 2452 pro
2459 2377 2926 2435 tribulationibus
2946 2381 3256 2452 saepissime
3283 2389 3596 2455 ponuntur;
3618 2389 3788 2443 verbi

2171 2468 2357 2539 gratia
2383 2468 2441 2522 in
2472 2469 2575 2522 Job
2603 2485 2615 2522 :
2651 2487 2682 2520 «
2709 2468 2764 2528 Si
2793 2469 2950 2524 bona
2975 2471 3330 2543 suscepimus
3349 2472 3420 2527 de
3453 2490 3631 2529 manu
3664 2477 3783 2531 Do-

2169 2556 2344 2611 mini:
2374 2557 2527 2612 mala
2557 2559 2750 2612 autem
2778 2574 2955 2628 quare
2983 2575 3100 2613 non
3133 2560 3507 2632 suscipiamus
3534 2564 3676 2635 (Job.
3711 2582 3778 2633 ιι,

2173 2645 2280 2717 10).
2298 2666 2325 2694 ››
2354 2646 2421 2699 Et
2433 2645 2576 2700 adeo
2600 2646 2916 2716 replebitur
2933 2647 3128 2702 anima
3145 2663 3277 2702 mea
3293 2650 3782 2724 malis,quoniam

2169 2737 2279 2789 vita
2309 2734 2510 2802 mea,id
2525 2737 2610 2789 est
2631 2734 2753 2806 ipsa
2769 2735 3120 2808 animmque:
3149 2753 3319 2792 causa
3339 2745 3424 2794 est
3442 2740 3574 2796 vitae
3607 2758 3772 2811 mete,

2169 2823 2713 2894 appmpinquavit,id
2740 2826 2830 2878 est
2851 2823 3358 2896 appropinquabit,
3388 2829 3775 2898 inferno,scili-

2168 2915 2261 2966 cet
2282 2929 2386 2984 per
2402 2911 2646 2966 nimium
2662 2910 3102 2967 tribulationum
3116 2914 3344 2985 pondus
3359 2932 3393 2969 a
3416 2932 3665 2988 corpore
3687 2936 3774 2974 se-

2169 2999 2449 3070 paranda,
2483 3000 2541 3054 in
2566 2999 2861 3054 infernum
2887 3000 3196 3055 descendet
3223 3005 3310 3058 :et
3321 3008 3548 3074 partem
3561 3008 3784 3062 salvan-

2167 3087 2378 3141 dorum
2406 3086 2543 3142 inde
2569 3087 2857 3142 extrahet.
2886 3087 3021 3142 Dico
3046 3089 3203 3166 quod
3222 3090 3419 3145 anima
3445 3108 3578 3147 mea
3595 3096 3784 3166 reple-

2169 3175 2324 3230 bitur
2335 3174 2484 3229 tribu
2495 3175 2542 3228 la
2553 3176 2671 3229 lien
2684 3174 2827 3230 ibus.
2838 3177 2904 3230 Et
2918 3176 2992 3230 ad
3004 3179 3298 3232 cumulum
3309 3181 3781 3250 persecutionum

2172 3266 2756 3329 mearum,eestimatus
2775 3281 2912 3331 sum,
2933 3264 2990 3319 id
3015 3269 3100 3320 est
3111 3266 3446 3322 mstimabor
3462 3285 3494 3323 a
3517 3285 3785 3341 perseeu-

2174 3352 2397 3408 toribus
2446 3351 2592 3407 meis
2614 3352 2844 3418 Iudaeis,
2874 3369 2994 3407 cum
3021 3353 3450 3410 descendentibus
3479 3359 3535 3410 in
3581 3359 3783 3427 lacum,

2176 3441 2235 3496 id
2253 3442 2339 3494 est
2359 3457 2488 3494 cum
2508 3441 2830 3494 latronibus
2845 3441 3324 3498 descendentibus
3343 3444 3400 3498 in
3424 3447 3793 3516 profundita-

2175 3532 2296 3584 tem
2326 3529 2619 3593 vitiorum,
2655 3528 2960 3599 deputatus
2992 3547 3120 3584 sum
3145 3531 3357 3602 dignus
3375 3533 3568 3588 tradit
3604 3536 3793 3605 rpiter

2174 3617 2247 3672 in
2274 3620 2544 3671 mortem.
2580 3616 2739 3671 Unde
2769 3617 3052 3688 propheta
3077 3622 3352 3673 testatur:
3386 3643 3410 3668 κ
3435 3623 3645 3677 Etcum
3673 3623 3734 3679 in
3750 3625 3797 3678 i-

2180 3705 2304 3778 quis
2334 3705 2642 3777 deputatus
2663 3709 2744 3759 est
2767 3704 2899 3792 (15a.
2933 3723 3050 3773 Lm,
3092 3711 3185 3775 l2;
3212 3708 3345 3762 Luc.
3375 3725 3506 3777 xxn,
3536 3711 3688 3782 27).»
3715 3713 3795 3767 Et

2177 3796 2356 3866 factus
2376 3811 2518 3860 sum,
2544 3793 2602 3847 id
2632 3798 2716 3847 est
2738 3794 2874 3848 fiam
2915 3810 3022 3864 pro
3046 3797 3414 3866 reputatione
3447 3815 3652 3855 eorum
3667 3801 3795 3858 vilis

2179 3887 2241 3938 et
2261 3883 2533 3954 abjectus,
2567 3880 2710 3935 sicut
2742 3883 2896 3936 homo
2920 3884 3032 3937 sine
3061 3884 3353 3954 adjutorio,
3381 3885 3596 3941 scilicet
3623 3893 3794 3961 puta-

2179 3970 2326 4026 bunt
2357 3987 2450 4024 me
2484 3970 2808 4024 nullatenus
2830 3970 3221 4041 adjuvandum
3247 3989 3397 4028 esse:
3417 3991 3563 4030 cum
3587 3993 3695 4048 ego
3712 3981 3794 4030 ta-

2180 4076 2316 4114 men
2339 4059 2565 4113 futurus
2585 4057 2695 4112 sim
2720 4059 2851 4112 liber
2873 4076 2905 4113 a
2911 4060 3042 4130 jure
3077 4061 3301 4124 mortis,
3325 4062 3622 4119 existendo
3657 4067 3796 4120 inter

2181 4146 2670 4202 mortuos.Scilicet
2697 4163 2828 4201 cum
2860 4163 2958 4202 ero
2983 4147 3042 4201 in
3071 4165 3318 4204 numero
3342 4154 3708 4207 mortuorum
3733 4152 3797 4208 in

2184 4251 2424 4308 corpore
2453 4238 2739 4303 mortuus;
2766 4252 2885 4290 non
2912 4250 3012 4290 ero
3027 4239 3222 4292 tamen
3247 4237 3306 4294 in
3327 4242 3610 4311 potestate
3631 4257 3794 4296 mor-

482 4328 586 4386 Dei
615 4327 988 4398 conjunctam
1014 4339 1135 4380 esse
1164 4339 1284 4379 non
1314 4325 1402 4378 est
1433 4321 1696 4388 dubium,
1729 4321 1788 4376 in
1821 4322 2084 4392 ejusdem
2106 4329 2158 4388 D
2184 4324 2274 4390 tis,
2308 4327 2370 4378 ut
2391 4340 2484 4378 me
2509 4323 2764 4378 retinere
2786 4325 3004 4390 valeat;
3027 4325 3125 4379 sed
3139 4325 3288 4380 liber
3307 4343 3430 4395 ero,
3462 4331 3525 4382 ut
3555 4330 3796 4400 quando

483 4433 743 4491 persona:
772 4411 1146 4470 inenarrabili
1174 4411 1386 4467 unione
1405 4411 1433 4466 ‘I
1466 4411 1574 4465 Per
1591 4411 1700 4465 hoc
1731 4409 1907 4482 igitur
1937 4409 2086 4465 filios

487 4507 631 4561 Core
655 4505 1029 4558 vehementer
1060 4500 1296 4557 attrahit
1323 4498 1396 4554 ad
1424 4497 1782 4554 cantandum
1815 4497 1873 4552 in
1903 4497 2084 4553 tribu-

485 4594 725 4660 latione,
777 4608 908 4647 cum
943 4591 1245 4664 perhibeat
1276 4588 1563 4644 Christum
1591 4587 1701 4642 hoc
1720 4587 2083 4645 intellexisse.

486 4683 613 4738 Non
644 4679 802 4738 enim
824 4681 932 4735 hoc
961 4678 1350 4744 intellexisset,
1381 4676 1427 4732 si
1469 4691 1586 4730 non
1618 4674 1814 4748 utique
1853 4676 1925 4731 ad
1955 4691 2084 4747 pas-

487 4771 664 4828 sionis
691 4766 1086 4825 obedientiam
1115 4764 1437 4822 voluntarie
1469 4763 1829 4820 cucurrisset.

555 4861 786 4916 Domine
813 4860 985 4913 Pater
1029 4855 1174 4910 Deus
1203 4853 1393 4924 opifex
1437 4853 1625 4908 salutis
1649 4870 1778 4908 meae
1803 4855 1858 4906 in
1897 4852 2000 4920 die,
2028 4852 2086 4908 id

487 4953 573 5006 est
607 4949 669 5005 in
699 4945 1100 5021 prosperitate,
1132 4947 1182 4997 et
1219 4948 1389 5009 nocte,
1423 4940 1483 4996 id
1519 4944 1605 4996 est
1634 4940 1693 4996 in
1719 4941 2085 5004 adversitate,

485 5035 797 5103 clamavi,id
826 5037 911 5089 est
925 5034 1179 5088 clamore
1202 5030 1426 5085 intenso
1450 5029 1542 5101 egi
1558 5029 1726 5085 bona:
1745 5030 2086 5085 devotionis.

486 5129 554 5182 Et
583 5127 694 5181 hoc
719 5126 805 5178 est
827 5137 1008 5177 coram
1034 5127 1099 5188 te,
1147 5117 1207 5173 id
1226 5120 1312 5173 est
1332 5117 1439 5172 hoc
1461 5117 1617 5172 vides
1643 5120 1726 5184 tu,
1759 5117 2085 5189 quicunque

486 5216 594 5270 hoc
615 5212 869 5285 ignoret.
902 5211 1053 5280 Ergo
1077 5208 1253 5263 oratio
1274 5224 1388 5261 mea
1403 5206 1556 5260 facta
1587 5208 1640 5259 in
1669 5212 1944 5276 conspectu
1974 5212 2083 5271 tuo,

486 5305 545 5360 id
575 5306 660 5359 est
671 5303 822 5357 facta
833 5299 903 5354 de
918 5297 1014 5354 tali
1037 5314 1099 5352 re
1114 5313 1242 5369 qua:
1265 5299 1350 5351 est
1372 5293 1430 5350 in
1448 5296 1759 5367 conspectu
1784 5296 1904 5364 tuo,
1935 5294 2083 5348 scili-

483 5395 576 5448 cet
602 5391 753 5447 facta
782 5388 852 5443 de
877 5384 1233 5460 perfectione
1261 5382 1626 5450 constantiae,
1656 5383 1715 5436 et
1744 5381 1814 5436 de
1828 5397 2083 5438 resurre-

482 5479 694 5544 ctione,
727 5493 855 5548 quas
888 5474 994 5531 tibi
1030 5475 1180 5530 bene
1205 5473 1459 5547 placent,
1492 5473 1557 5526 ut
1585 5471 1657 5526 de
1687 5469 1769 5526 eis
1801 5486 1995 5526 orem:
2025 5473 2084 5526 et

479 5584 611 5641 quae
635 5567 789 5625 dono
822 5563 1002 5638 digna
1023 5562 1176 5630 sunt,
1213 5564 1394 5627 intret,
1424 5560 1483 5618 id
1519 5562 1604 5617 est
1638 5557 1982 5616 admittatur
2009 5559 2082 5618 ad

2185 4411 2327 4467 mihi
2357 4411 2654 4484 placuerit,
2686 4412 3025 4482 resurgendi
3047 4412 3295 4468 habeam
3319 4415 3800 4472 facultatem.Per

2189 4501 2296 4556 hoc
2324 4500 2480 4573 quod
2504 4517 2562 4555 se
2590 4500 2838 4555 liberum
2873 4499 3031 4568 dicit,
3056 4501 3333 4572 quoniam
3350 4504 3677 4560 voluntarie
3697 4521 3797 4577 pa-

2187 4589 2381 4656 tietur,
2416 4588 2628 4656 innuit,
2662 4588 2815 4642 unde
2843 4604 2951 4643 nos
2982 4589 3055 4643 ad
3086 4589 3356 4645 affectum
3394 4582 3653 4663 patiendi
3705 4594 3795 4648 in-

2188 4677 2379 4734 struit.
2413 4678 2479 4733 Et
2504 4677 2840 4732 existimabor
2857 4677 3046 4732 adhuc
3060 4678 3134 4732 ab
3164 4678 3383 4734 eisdem
3406 4683 3795 4752 persecutori-

2186 4767 2293 4823 bus
2317 4783 2441 4822 esse
2470 4768 2759 4839 peccator,
2775 4765 2921 4820 sicut
2945 4768 3078 4821 sunt
3092 4766 3258 4821 multi
3281 4768 3563 4823 vulnerati
3591 4769 3799 4841 priusa

2187 4853 2740 4928 pravasuggestione
2762 4869 3242 4926 perconsensum,
3267 4859 3326 4910 et
3342 4856 3468 4926 jam
3496 4856 3794 4914 dormien-

2184 4947 2272 4998 tes
2295 4946 2352 4998 in
2375 4944 2642 5014 sepulcris,
2665 4943 2722 4997 id
2748 4945 2836 4996 est
2853 4943 3026 5013 sopiti
3049 4947 3105 4998 et
3134 4944 3352 4999 mortui
3373 4944 3432 4998 in
3457 4946 3797 5017 corporibus

2185 5031 2301 5087 suis
2329 5047 2434 5104 per
2463 5031 2861 5103 operationem
2889 5031 3082 5086 nimiae
3112 5032 3673 5104 voluptatis.Scilicet
3700 5052 3793 5092 me

2188 5120 2435 5176 similem
2465 5121 2815 5190 reputabunt
2844 5121 3261 5189 peccatoribus,
3294 5121 3390 5192 qui
3423 5122 3579 5192 prius
3611 5140 3645 5177 a
3666 5141 3795 5194 sug-

2187 5209 2448 5280 gestione
2473 5225 2573 5262 sua
2601 5208 2658 5262 in
2691 5225 2970 5262 consensu
2996 5209 3299 5276 vulnerati,
3311 5210 3438 5280 jam
3465 5210 3790 5266 adconsue-

2187 5296 2448 5352 tudinem
2479 5295 2760 5368 operandi
2788 5295 3142 5366 voluptatem
3176 5297 3629 5366 devenerunt,et
3644 5299 3788 5354 adeo

2185 5385 2340 5458 quod
2357 5384 2567 5440 animae
2590 5400 2793 5441 eorum
2813 5387 2945 5439 sunt
2964 5384 3278 5440 dormientes
3306 5384 3366 5440 in
3397 5387 3696 5458 sepulcris,
3731 5387 3788 5443 id

2183 5475 2269 5528 est
2289 5472 2487 5546 sopitae
2513 5476 2827 5529 etmortuce
2848 5473 2906 5530 in
2923 5474 3307 5546 voluptatibus
3318 5489 3787 5547 corporum,qum

2183 5563 2340 5619 recte
2369 5560 2643 5635 sepulcra}
2671 5577 2773 5636 per
2809 5559 3248 5623 similitudinem
3308 5562 3599 5622 dicuntur.
3633 5563 3787 5620 Sicut
