3998 6026
210 415 343 486 1101

1131 423 1489 489 EXPOSITIO
1524 426 1598 487 IN
1631 424 1966 489 PSALMOS.
1987 457 2062 475 -
2098 426 2295 491 PSAL.
2336 428 2597 493 LXXXVII

3381 434 3525 502 11οὶ

210 530 372 590 enim
403 546 648 608 corpora
677 528 740 589 in
770 528 1044 607 sepulcris
1061 532 1316 607 jacentis
1341 532 1616 591 deﬁciunt
1643 535 1703 590 et
1728 530 1812 589 fe-
1837 543 1894 603 Α
1926 532 2059 593 dine
2076 533 2225 593 illius
2240 534 2340 611 qui
2364 536 2424 595 in
2448 510 2927 597 obscuritateloci
2946 538 3246 616 cujuslibet
3261 542 3528 617 existens,

209 624 372 693 tent;
405 621 493 699 ita
517 625 575 699 e_t
598 622 815 699 animus
868 623 1254 699 voluptatibus
1282 640 1593 697 corporum
1634 639 1823 678 assen-

210 711 415 767 tiendo
446 695 1041 782 350immorantes
1078 712 1137 768 in
1162 714 1329 779 vitiis,
1358 695 1606 768 exterius
1654 712 1824 767 male:

208 799 383 856 fama:
414 800 660 856 fetorem
690 800 984 855 emittunt.
1018 800 1257 871 Quorum
1285 801 1699 857 dormientium
1717 816 1824 854 non

209 904 262 944 es
284 888 512 961 amplius
542 906 761 958 memor,
787 889 846 944 id
869 893 955 945 est
986 890 1083 963 qui
1113 890 1257 945 adeo
1299 889 1617 957 dormiunt,
1668 887 1823 960 quod

210 978 456 1050 amplius
473 994 676 1033 eorum
697 995 814 1033 non
829 978 1021 1034 existis
1043 994 1292 1042 memor,
1310 981 1374 1033 ut
1384 994 1481 1033 eos
1498 977 1818 1033 exsuscitcs.

209 1066 348 1122 Dico
366 1066 522 1139 quod
537 1067 948 1122 existimabunt
958 1083 1051 1122 me
1069 1066 1318 1121 similem
1351 1065 1771 1121 dormientibus
1804 1080 1818 1120 :

208 1161 260 1210 et
294 1157 403 1227 ipSi
452 1159 649 1212 tamen
696 1162 821 1210 sunt
858 1155 1051 1227 repulsi
1070 1155 1135 1209 de
1174 1172 1340 1211 manu
1366 1162 1478 1224 tua,
1534 1154 1594 1210 id
1638 1155 1724 1208 est
1750 1152 1821 1207 de

208 1243 571 1316 protectione
600 1247 700 1300 tua
711 1244 878 1300 malis
910 1244 1131 1299 meritis
1142 1243 1276 1312 suis,
1296 1246 1359 1297 ut
1378 1259 1582 1299 eorum
1612 1258 1732 1297 non
1748 1240 1822 1295 sis

208 1348 473 1402 memor;
502 1332 576 1388 ad
601 1326 667 1387 ‘si
724 1332 876 1388 dicat
898 1332 987 1387 :Si
1018 1332 1125 1404 ipsi
1157 1331 1255 1403 qui
1290 1348 1383 1387 me
1438 1332 1617 1386 talem
1647 1345 1820 1401 repu-

208 1423 358 1490 tant,
383 1421 524 1493 justi
552 1424 762 1489 essent,
792 1437 909 1477 non
940 1424 1063 1476 tam
1088 1420 1350 1476 mirabile
1379 1419 1692 1475 videretur.
1709 1416 1823 1473 Sed

210 1527 346 1567 cum
368 1509 475 1582 ipsi
507 1511 650 1565 adeo
663 1509 1135 1581 peccatoressint,
1170 1511 1233 1564 ut
1253 1509 1378 1580 jam
1404 1508 1573 1563 malis
1604 1506 1823 1561 meritis

210 1600 327 1655 suis
354 1598 732 1671 exigentibus,
755 1599 826 1654 de
869 1615 1048 1655 manu
1061 1601 1161 1653 tua
1199 1598 1412 1670 repulsi
1429 1598 1564 1664 sint,
1599 1612 1695 1651 me
1725 1595 1824 1668 qui

203 1688 394 1760 justus
417 1705 545 1743 sum
578 1689 757 1743 talem
788 1688 1135 1754 existimare,
1154 1687 1371 1742 mirum
1385 1686 1608 1741 videtur
1642 1688 1699 1739 et
1729 1700 1827 1757 pe-

211 1776 368 1832 nitus
387 1776 713 1849 indignum.
738 1778 805 1830 Et
833 1792 938 1848 per
957 1777 1066 1831 hoc
1091 1776 1238 1830 filios
1261 1775 1404 1830 Core
1422 1774 1656 1830 instruit
1683 1790 1816 1829 con-

1924 642 2042 682 non
2068 628 2187 682 vult
2216 629 2411 699 egredi
2434 646 2505 685 ne
2536 632 2829 703 appareat.
2862 633 2942 687 Ac
2996 632 3042 687 si
3098 633 3529 693 dicatzPossem

1924 715 2157 786 quidem
2176 732 2437 772 exercere
2450 719 2723 790 potentiae
2743 736 2887 775 mea“:
2900 720 3212 777 vindictam
3228 739 3397 792 super
3409 741 3529 791 eos,

1922 812 2053 857 cnim
2086 804 2459 875 ejustraditus
2477 807 2675 874 fuero;
2706 808 2805 863 sed
2845 824 2954 879 ego
2986 824 3104 863 non
3146 811 3530 866 manifestabo

1923 891 2003 946 eis
2015 892 2289 965 potentiae
2305 909 2449 949 meas
2468 895 3087 968 magnitudinemque:
3101 898 3183 952 eis
3194 899 3435 954 obscura
3447 903 3535 954 est

1922 984 1979 1034 et
2006 980 2230 1051 ignota.
2265 982 2549 1038 Caeterum
2580 984 2870 1054 patienter
2899 986 3099 1040 omnia
3143 986 3436 1055 sufferam,
3470 989 3534 1043 ut

1923 1069 2068 1124 meis
2081 1071 2415 1143 exemplum
2464 1072 2715 1127 tribuam
2739 1074 3028 1143 patienter
3056 1075 3178 1130 sine
3217 1077 3534 1134 rebellione

1922 1157 2202 1229 patiendi,
2234 1158 2332 1214 ubi
2369 1160 2546 1214 etiam
2574 1161 2767 1216 locum
2795 1163 3095 1218 habebunt
3121 1164 3533 1220 ulciscendi.Et

1923 1246 2058 1318 quia
2083 1263 2199 1301 non
2230 1248 2525 1318 egrediar;
2558 1250 2696 1304 oculi
2716 1252 2824 1306 mei
2843 1251 3180 1321 languerunt,
3202 1252 3261 1307 id
3283 1257 3368 1307 est
3396 1270 3532 1325 apo-

1925 1334 2054 1388 stoli
2097 1335 2475 1406 languebunt,
2525 1338 2738 1392 scilicet
2789 1339 3061 1395 deficiens
3091 1358 3124 1396 a
3149 1356 3249 1411 spe
3277 1358 3533 1397 resurre-

1924 1421 2129 1476 ctionis
2178 1439 2346 1490 mese,
2396 1440 2515 1496 prm
2564 1424 2765 1497 inopia
2791 1427 2932 1483 lucis
2960 1428 3271 1496 interioris,
3321 1429 3535 1485 scilicet

1925 1510 2060 1582 quia
2088 1526 2207 1565 non
2248 1515 2418 1566 erunt
2466 1513 2705 1569 interius
2732 1515 2847 1570 ﬁde
2878 1517 3153 1588 plenarias
3206 1516 3533 1585 illuminati,

1926 1597 2195 1653 deficient
2216 1616 2249 1654 a
2278 1616 2377 1670 spe
2406 1602 2861 1658 resurrectionis.
2892 1603 3056 1659 Unde
3087 1603 3324 1676 quidam
3341 1605 3539 1678 despe-

1923 1688 2109 1743 rando
2133 1688 2337 1742 dixisse
2357 1691 2663 1761 leguntur:
2691 1710 2723 1743 «
2748 1691 2860 1746 Nos
2887 1692 3245 1764 sperabimus
3275 1692 3431 1765 quod
3445 1693 3537 1748 hic

1927 1775 2331 1847 redempturus
2343 1780 2490 1831 esset
2502 1778 2673 1832 Israel
2688 1778 2842 1848 (Luc.
2862 1796 3008 1848 xxiv,
3038 1780 3149 1849 21).
3185 1802 3225 1829 »ί
3241 1780 3397 1835 Oculi
3410 1781 3535 1853 qui-

209 1866 481 1922 tumelias
494 1870 883 1938 peccatorum,
902 1864 1322 1936 licetjustisint,
1351 1864 1669 1918 voluntarie
1684 1863 1824 1935 pati,
1856 1867 1905 1925 Β
1931 1863 2066 1920 dem
2092 1863 2149 1918 in
2172 1864 2419 1920 Ecclesia
2448 1866 3117 1940 convenienterapostoli
3150 1867 3437 1936 dicuntur,
3466 1885 3537 1924 eo

211 1970 347 2010 cum
374 1954 494 2027 ipse
520 1954 889 2027 singulariter
919 1954 1107 2024 justus
1124 1956 1180 2008 et
1198 1952 1493 2024 apeccatis
1546 1952 1711 2020 liber,
1744 1955 1830 2007 tot

210 2042 595 2101 contumelias
617 2042 973 2097 sustinuerit.

281 2130 362 2185 Et
379 2137 691 2202 posuerunt,
742 2130 802 2185 id
827 2132 912 2184 est
959 2131 1179 2202 ponent
1226 2146 1308 2183 me
1338 2143 1442 2199 pro
1468 2127 1831 2200 reputatione

210 2236 315 2274 sua
345 2220 401 2273 in
427 2220 545 2273 lacu
575 2220 836 2289 inferiori,
880 2218 938 2273 id
983 2220 1069 2272 est
1123 2216 1516 2289 profunditate
1573 2219 1833 2288 peccato-

210 2325 368 2376 rum,
396 2307 611 2363 scilicet
630 2308 1041 2378 reputaverunt
1070 2306 1225 2377 quod
1248 2305 1374 2376 jam
1391 2304 1748 2359 devenissem
1770 2302 1830 2358 in

214 2396 486 2451 infimam
514 2393 972 2467 profunditatem
998 2396 1387 2466 peccatorum.
1408 2394 1476 2447 Et
1515 2394 1831 2464 posuerunt

213 2501 311 2540 me
339 2483 704 2557 reputatione
745 2499 847 2538 sua
876 2484 938 2537 in
970 2481 1264 2549 tenebrosis,
1285 2481 1346 2535 id
1379 2484 1465 2536 est
1496 2481 1554 2535 in
1587 2497 1828 2536 numero

215 2574 677 2629 tenebrosorum.
701 2571 926 2627 Scilicet
947 2572 1358 2643 reputaverunt
1382 2586 1476 2623 me
1522 2586 1641 2624 esse
1660 2569 1720 2623 in
1751 2571 1833 2623 te-

217 2662 414 2718 nebris
434 2660 778 2733 ignorantiae
810 2658 928 2727 Dei,
956 2662 1015 2714 et
1044 2675 1161 2714 non
1190 2658 1247 2713 in
1273 2658 1656 2731 qualicunque
1671 2658 1833 2730 igno-

218 2750 441 2818 rentia;
480 2750 579 2804 sed
637 2751 694 2803 in
722 2749 913 2802 umbra
960 2764 1131 2801 causa
1155 2748 1359 2812 mortis,
1421 2745 1481 2801 id
1510 2750 1596 2801 est
1623 2746 1681 2800 in
1737 2745 1835 2800 illa

220 2838 566 2895 obscuritate
588 2835 933 2909 ignorantiae
972 2852 1101 2907 quae
1126 2851 1297 2889 causa
1325 2837 1410 2889 est
1440 2832 1643 2889 mortis
1673 2836 1837 2887 aeter-

220 2945 332 2985 nas.
368 2929 446 2983 De
499 2943 614 2999 qua
665 2924 876 2997 legitur
928 2940 940 2978 :
998 2925 1331 2995 «Ignorans
1397 2922 1759 2995 ignorabitur
1786 2920 1844 2988 (Ι

222 3015 352 3073 Cor.
386 3033 497 3084 xxv,
530 3015 641 3087 38).
677 3036 706 3064 »
740 3013 1113 3068 lllevidelicet
1133 3012 1428 3084 ignorans,
1462 3010 1673 3083 quiDei
1696 3027 1839 3083 prae-

1934 1952 2089 2024 quod
2116 1952 2437 2008 minoribus
2460 1954 2732 2025 pastorali
2762 1972 2897 2009 cura
2923 1956 3311 2026 praevideant;
3347 1957 3418 2011 ad
3460 1957 3533 2011 si-

1932 2040 2322 2095 militudinem
2345 2042 2665 2110 oculorum,
2688 2044 2795 2098 toti
2816 2045 3043 2116 corpori
3074 2044 3534 2117 prmvidentium.
3602 2090 3609 2095 .

1931 2129 2067 2183 Dico
2099 2129 2254 2200 quod
2278 2132 2459 2184 anima
2488 2147 2605 2185 mea
2634 2131 2947 2201 replebitur
2962 2133 3136 2201 malis,
3171 2136 3228 2189 et
3247 2136 3541 2190 «aestimatus

1933 2232 2031 2271 ero
2071 2233 2193 2273 cum
2220 2217 2640 2273 descendentibus
2671 2220 2725 2272 in
2739 2219 2936 2287 lacum,
2969 2223 3027 2274 et
3056 2220 3298 2275 traditus
3326 2238 3447 2288 ero,
3482 2226 3541 2277 et

1930 2304 2073 2359 oculi
2136 2307 2243 2359 mei
2292 2306 2671 2378 languebunt.
2702 2308 2821 2379 Ego
2850 2311 3048 2362 tamen
3073 2324 3192 2363 non
3223 2310 3331 2363 hac
3382 2325 3540 2365 occa-

1931 2393 2090 2448 sione
2120 2393 2391 2449 remissus
2414 2394 2532 2463 fui;
2564 2395 2666 2449 sed
2693 2394 2929 2451 clamavi
2949 2396 3018 2449 ad
3040 2402 3089 2451 te
3108 2384 3337 2451 Domine
3354 2381 3522 2468 Ι

1932 2483 2121 2549 Pater,
2140 2482 2199 2536 id
2230 2486 2315 2537 est
2343 2484 2595 2539 clamore
2627 2484 2865 2538 intensze
2893 2484 3213 2540 devotionis
3244 2486 3335 2557 egi
3362 2485 3436 2540 ad
3460 2490 3541 2553 te,

1933 2572 1996 2624 ut
2042 2586 2138 2625 me
2168 2575 2532 2627 constantem
2577 2572 2816 2639 faceres,
2850 2576 2909 2627 et
2936 2574 3329 2642 resuscitares;
3359 2580 3407 2629 et
3438 2580 3547 2628 tota

1934 2658 2038 2724 die,
2072 2658 2131 2713 id
2157 2662 2242 2713 est
2262 2659 2503 2731 jugiter,
2534 2659 2769 2731 expendi
2789 2676 2981 2714 manus
3011 2677 3174 2728 meas,
3205 2660 3379 2729 id_est
3402 2662 3546 2717 dila-

1937 2746 2049 2801 tavi
2076 2763 2283 2801 manus
2309 2747 2521 2814 cordis,
2550 2748 2885 2804 affectiones
2919 2749 3102 2803 bonas
3132 2748 3363 2817 scilicet,
3388 2750 3462 2804 ad
3493 2754 3550 2805 te

1937 2836 2426 2907 promerendum;
2460 2836 2519 2890 id
2544 2838 2631 2890 est
2660 2837 2733 2891 ad
2762 2837 2871 2891 hoc
2893 2839 2955 2890 ut
2969 2836 3217 2907 gratiam
3234 2840 3393 2891 tuam
3416 2854 3549 2909 pro-

1938 2939 2216 2990 mererer,
2250 2926 2307 2977 et
2335 2924 2413 2976 sic
2468 2927 2742 2978 constans
2798 2923 3025 2991 ﬁerem,
3065 2928 3123 2979 et
3158 2925 3549 2983 resuscitarer.

1938 3012 2072 3067 Dico
2106 3011 2261 3084 quod
2284 3011 2515 3065 clamavi
2541 3011 2772 3066 dicens:
2805 3028 2837 3066 ο
2870 3012 3137 3080 Domine,
3171 3013 3289 3068 noli
3310 3031 3402 3069 me
3433 3014 3553 3087 pati

222 3106 525 3175 ceptorum
557 3102 762 3159 notitia
790 3102 1019 3173 penitus
1041 3103 1217 3156 caret.
1236 3099 1381 3155 Sunt
1398 3099 1555 3154 enim
1569 3099 1836 3171 quaedam
1867 3088 1915 3147 C
1937 3101 2321 3156 remanerein
2358 3102 2638 3173 sepulcro.
2672 3100 2796 3155 Non
2813 3100 2890 3155 sic
2921 3100 3046 3155 dico
3078 3104 3267 3157 utnon
3299 3103 3555 3174 ponarin

222 3191 569 3263 ignorantiae
614 3207 741 3263 quae
767 3190 842 3245 ad
882 3193 1136 3244 mortem
1159 3188 1403 3243 minime
1432 3188 1685 3243 ducunt:
1716 3186 1837 3242 utsi

224 3278 732 3336 divinas'l‘rinitatis
761 3282 819 3334 et
838 3277 1071 3332 unitatis
1101 3276 1525 3343 habitudinem,
1561 3279 1839 3331 etcsetera

222 3367 363 3433 talia
378 3366 693 3423 ineffabilia
704 3366 804 3423 Dei
821 3365 1095 3438 mysteria
1112 3365 1470 3437 ignoramus.
1495 3365 1681 3418 Ethoc
1700 3379 1839 3435 quo-

223 3474 338 3529 que
367 3456 739 3527 reputabunt,
776 3454 931 3527 quod
946 3455 1109 3523 furor
1138 3460 1258 3507 tuus
1293 3454 1638 3522 con/innatus
1653 3460 1731 3508 est
1753 3470 1839 3506 su-

212 3563 315 3617 per
343 3562 445 3611 me,
473 3544 532 3599 id
556 3547 641 3599 est
672 3542 853 3597 nimia
874 3542 959 3598 ira
982 3545 1079 3596 tua
1099 3542 1271 3595 firma
1298 3540 1684 3596 etimmobilis
1705 3556 1839 3596 con-

223 3633 422 3706 tigerit
442 3649 612 3705 super
637 3648 751 3698 me,
786 3632 844 3686 id
875 3634 959 3686 est
990 3630 1296 3702 contigerit
1323 3629 1383 3683 in
1416 3646 1510 3683 me
1536 3629 1609 3684 ad
1638 3630 1746 3684 hoc
1777 3632 1840 3683 ut

223 3721 521 3794 opprimat
549 3737 664 3788 me,
700 3720 773 3775 ad
812 3720 1056 3774 modum
1102 3718 1563 3791 ponderosorum
1596 3718 1842 3788 desuper

223 3809 575 3865 cadentium.
646 3808 812 3872 Quod
841 3810 925 3862 est
951 3806 1141 3862 dicere
1166 3822 1179 3860 :
1206 3807 1319 3860 Hoc
1353 3805 1459 3877 ipsi
1490 3806 1843 3876 reputabunt

224 3898 382 3971 quod
410 3896 502 3953 hic
530 3897 673 3952 mihi
718 3897 882 3951 valde
905 3895 980 3950 sis
996 3895 1174 3950 iratus
1228 3896 1286 3949 et
1316 3894 1650 3961 malevolus,
1684 3896 1741 3947 et
1781 3893 1840 3947 in

162 4001 168 4004 ‘
225 3988 422 4042 futuro
454 3984 743 4058 proutipsi
769 3985 1124 4054 reputabunt
1152 3999 1165 4037 :
1199 3982 1462 4036 induxisti
1484 3998 1756 4051 superme,
1782 3980 1842 4036 id

232 4078 318 4129 est
347 4074 581 4128 induces
607 4073 680 4128 ad
702 4072 1138 4145 oppressionem
1156 4074 1215 4125 et
1236 4069 1686 4125 destructionem
1726 4074 1844 4128 mei

226 4168 390 4218 omtes
417 4164 612 4230 ﬂuctus
655 4168 790 4227 tuos,
826 4160 884 4214 id
916 4164 1000 4214 est
1030 4175 1234 4214 omnes
1284 4157 1560 4212 vindictas
1590 4173 1695 4230 per
1721 4160 1841 4212 tor-

226 4253 447 4316 menta,
472 4265 600 4321 quas
624 4264 877 4318 congrue
893 4247 1127 4318 quidem
1148 4248 1352 4301 ﬂuctus
1369 4245 1653 4300 dicuntur.
1688 4245 1843 4300 Sicut

228 4338 386 4393 enim
408 4338 609 4392 ﬂuctus
620 4335 1089 4408 supervenientes
1103 4335 1448 4402 naufragum
1468 4336 1762 4404 mergunt,
1779 4336 1841 4387 ut

1940 3208 2038 3260 eo;
2070 3190 2169 3245 sed
2200 3190 2279 3244 ita
2314 3194 2376 3245 ut
2414 3206 2531 3244 non
2547 3206 2889 3245 remaneam
2914 3189 2973 3244 in
2998 3190 3345 3262 perditione,
3376 3191 3436 3247 id
3469 3194 3555 3247 est

1939 3284 2002 3334 ut
2030 3295 2149 3336 non
2170 3282 2523 3349 putrescam.

2008 3366 2275 3438 Nunquid
2286 3366 2444 3421 enim
2468 3366 2633 3435 facies
2646 3366 2914 3420 mirabilia
2945 3366 3003 3421 in
3022 3370 3244 3421 mortuis
3260 3366 3318 3422 in
3339 3368 3554 3436 anima,

1938 3455 2152 3510 scilicet
2177 3454 2350 3510 facies
2372 3455 2493 3509 haec
2506 3453 2867 3510 mirabiliain
2884 3455 3234 3521 hominibus,
3273 3458 3371 3528 qui
3401 3475 3556 3513 mor-

1940 3542 2023 3596 tui
2051 3545 2181 3596 sunt
2204 3560 2307 3614 per
2331 3546 2655 3615 .peccatum
2697 3542 2978 3613 originale
3000 3560 3012 3596 :
3033 3547 3096 3597 ut
3116 3560 3213 3598 eos
3267 3545 3340 3599 ad
3382 3546 3558 3601 vitam

1941 3630 2179 3685 reducas
2218 3647 2320 3701 per
2340 3618 2539 3692 ﬁdem;
2572 3630 2714 3685 sicut
2744 3631 3186 3701 promisisti,me
3218 3638 3561 3690 remanente

1942 3717 2002 3772 in
2032 3719 2292 3788 sepulcro
2325 3720 2384 3771 et
2412 3718 2471 3772 in
2504 3718 3147 3790 perditione?Minime.
3180 3720 3300 3773 Aut
3316 3723 3559 3791 apostoli

1944 3804 2233 3876 quierunt
2288 3804 2480 3858 medici
2529 3804 2636 3871 tui,
2697 3806 2994 3875 erogando
3048 3806 3396 3862 medicinam
3454 3809 3557 3863 do-

1941 3894 2144 3948 ctrinm
2175 3892 2419 3947 inﬁrmis
2454 3893 2511 3947 in
2558 3892 2753 3947 anima
2778 3893 3040 3961 mortuis,
3073 3895 3401 3948 suscitabunt
3457 3912 3562 3966 per

1946 3980 2271 4035 doctrinam
2298 3981 2371 4035 ad
2402 3980 2578 4034 vitam
2608 3980 2743 4035 ﬁdei
2777 3981 2928 4051 ipsos
2954 3985 3238 4048 mortuos,
3266 3998 3439 4037 omne
3452 3983 3558 4037 hu-

1943 4085 2187 4123 manum
2213 4085 2395 4139 genus
2426 4068 2659 4135 scilicet,
2682 4075 2732 4121 et
2745 4067 2847 4139 ipsi
2863 4068 3135 4131 suscitati,
3167 4072 3559 4138 conﬁtebuntur

1946 4156 2060 4223 tibi,
2080 4156 2137 4209 id
2167 4156 2595 4211 estlaudabunt
2625 4159 2681 4211 te
2703 4162 2763 4211 et
2792 4172 2911 4223 ore,
2938 4159 2995 4211 et
3021 4157 3215 4223 corde,
3250 4161 3308 4212 et
3358 4174 3554 4229 opere,

1946 4261 2041 4299 me
2070 4248 2474 4299 remanentem
2506 4244 2565 4297 in
2585 4246 2846 4315 sepulcro
2873 4243 3178 4315 :Nunquid
3194 4246 3369 4299 etiam
3428 4266 3555 4300 nar-

1944 4334 2088 4386 rabit
2116 4334 2312 4404 aliquis
2339 4334 2583 4387 salvatus
2597 4333 3009 4387 misericordiam
3023 4340 3192 4399 tuam,
3214 4335 3268 4388 id
3285 4339 3370 4389 est
3388 4354 3554 4408 repa-

227 4443 346 4482 non
366 4426 545 4497 possit
572 4439 905 4493 exsurgere;
932 4421 1009 4476 sic
1040 4425 1099 4475 et
1123 4421 1385 4475 vindictae
1417 4422 1515 4475 Dei
1553 4421 1836 4475 damnan-
1868 4409 1918 4466 D
1943 4421 2725 4491 rationemhumanigeneris
2743 4421 2950 4474 factam
2983 4422 3553 4492 permiscricordiam

228 4516 333 4570 dos
360 4514 420 4568 in
434 4515 725 4568 tormenta
737 4512 1101 4581 demergent,
1122 4526 1193 4562 ne
1210 4510 1434 4564 valeant
1456 4508 1690 4562 ulterius
1707 4525 1836 4563 eva-

228 4602 365 4658 dere
416 4602 540 4656 Non
570 4600 755 4653 solum
772 4614 903 4652 vero
924 4598 1034 4651 hoc
1066 4596 1208 4651 mihi
1230 4596 1550 4666 continget,
1571 4599 1634 4650 ut
1653 4595 1777 4649 talis
1804 4612 1839 4650 a

226 4688 682 4763 persecutoribus
707 4685 1015 4741 existimer.
1050 4685 1150 4740 sed
1171 4684 1348 4738 etiam
1376 4683 1448 4736 ad
1470 4682 1836 4737 miseriarum

227 4794 489 4833 mearum
516 4774 1057 4841 accumulationem,
1087 4774 1237 4843 longe
1263 4774 1458 4843 fecisti,
1492 4771 1552 4826 id
1585 4775 1671 4826 est
1701 4788 1832 4843 per-

228 4868 422 4922 mittes
451 4868 622 4937 longe
669 4863 795 4918 fieri
824 4881 857 4916 a
881 4881 962 4917 me
1016 4869 1163 4918 notos
1212 4880 1371 4918 meos.
1408 4860 1634 4916 Scilicet
1672 4864 1834 4915 tanta
1858 4862 1871 4871 “

229 4954 338 5011 erit
366 4953 683 5025 persecutio
711 4969 863 5018 mea,
905 4951 1060 5023 quod
1113 4950 1375 5021 discipuli
1423 4950 1520 5021 qui
1552 4951 1685 5003 sunt
1710 4950 1833 5003 noti

228 5041 345 5097 mei
374 5040 658 5112 fugientes
706 5040 1133 5113 elongabuntur
1160 5055 1193 5091 a
1223 5055 1339 5091 me.
1376 5038 1441 5091 Et
1477 5053 1594 5092 non
1644 5036 1831 5090 solum

230 5130 674 5201 elongabuntur,
707 5128 808 5182 sed
832 5130 890 5181 et
907 5133 1198 5197 posuerunt
1234 5141 1317 5180 me
1364 5125 1832 5190 abominationem,

230 5218 291 5272 id
303 5221 388 5271 est
400 5232 626 5271 causam
641 5213 1093 5270 abominationis
1115 5213 1234 5279 sibi,
1257 5212 1472 5267 scilicet
1491 5213 1837 5284 quibusdam

232 5322 437 5361 eorum
462 5305 532 5360 de
556 5303 975 5359 resurrectione
998 5317 1129 5355 mea
1155 5300 1609 5370 desperantibus,
1627 5299 1840 5353 videbi-

233 5398 329 5448 tur
366 5392 775 5457 abominabilc,
810 5389 949 5444 mihi
971 5388 1294 5444 adhaesisse.
1328 5388 1396 5440 Et
1419 5386 1596 5440 etiam
1615 5386 1841 5441 traditus

233 5498 371 5547 sum,
395 5479 453 5534 id
483 5482 568 5533 est
598 5476 1019 5533 tradarJudzeis
1045 5494 1078 5530 a
1109 5474 1363 5546 quodam
1388 5472 1662 5543 discipulo
1708 5488 1837 5526 meo

235 5570 380 5626 Juda
409 5567 694 5623 lscariote.
728 5564 802 5619 Et
820 5581 952 5619 cum
981 5564 1174 5618 tradar
1198 5579 1304 5615 non
1326 5560 1649 5629 egrediebar,
1670 5559 1729 5614 id
1756 5562 1842 5615 est

239 5672 358 5713 non
387 5654 651 5727 egrediar
682 5653 752 5709 de
782 5651 1126 5707 obscuritate
1158 5647 1469 5724 potentiae;
1510 5664 1545 5702 a
1569 5647 1836 5703 similitu-

1942 4512 2123 4575 tuam,
2153 4511 2208 4562 in
2232 4509 2487 4578 sepulcro,
2518 4508 2576 4561 id
2602 4511 2685 4562 est
2738 4508 2794 4561 in
2823 4508 3282 4565 consideratione
3310 4512 3555 4582 sepulcri

1940 4597 2078 4663 mei,
2108 4596 2320 4650 scilicet
2349 4595 2391 4648 si
2424 4612 2518 4649 me
2540 4594 2988 4649 consideraverit
3011 4595 3345 4667 insepulcro
3368 4616 3554 4655 rema-

1940 4701 2078 4739 nere
2109 4688 2167 4738 et
2197 4699 2314 4737 non
2345 4699 2646 4753 resurgere
2663 4681 2779 4737 ?Et
2804 4684 3549 4759 nunquidnarrabitaliquis

1936 4775 2211 4827 veritatem
2233 4778 2402 4835 tuam,
2446 4770 2504 4823 id
2529 4773 2615 4825 est
2640 4773 2694 4823 te
2725 4787 2985 4826 veraccm
3043 4790 3162 4827 esse
3192 4774 3249 4827 in
3294 4779 3547 4846 comple-

1934 4860 2092 4915 tione
2112 4858 2544 4913 resurrectionis
2567 4874 2733 4923 mem,
2767 4876 2941 4930 quam
2969 4877 3072 4931 per
3093 4862 3402 4930 prophetas
3419 4880 3548 4934 pro-

1933 4947 2156 5013 misisti,
2189 4948 2243 4999 in
2250 4945 2565 5015 perditione,
2589 4945 2642 4999 id
2673 4949 2758 4999 est
2779 4947 2836 4999 in
2868 4946 3323 5001 consideratione
3355 4950 3544 5018 perdi-

1934 5036 2108 5091 tionis
2125 5050 2291 5099 meae,
2306 5033 2519 5087 scilicet
2548 5033 2590 5087 si
2608 5033 2935 5103 permiseris
2955 5050 3046 5086 me
3060 5034 3131 5087 ad
3154 5034 3541 5102 perditionem

1937 5123 2225 5188 devenire,
2250 5125 2311 5175 ut
2338 5137 2455 5175 non
2474 5137 2769 5191 resurgam
2786 5120 2813 5174 ?
2834 5121 2899 5173 Et
2918 5121 3161 5191 nunquid
3172 5135 3545 5189 cognoscentur

1940 5214 1995 5266 in
2021 5210 2261 5276 tenebris,
2285 5208 2343 5263 id
2374 5212 2459 5263 est
2478 5206 2881 5273 Intenebrosis,
2901 5206 3114 5261 scilicet
3168 5212 3371 5279 gentes
3411 5230 3536 5284 qum

1939 5302 2072 5353 sunt
2100 5298 2158 5351 in
2190 5295 2441 5351 tenebris
2469 5294 2835 5366 ignorantia},
2855 5301 3203 5365 cognoscent
3225 5312 3327 5367 per
3342 5313 3540 5356 narra-

1940 5388 2159 5441 tionem
2186 5385 2579 5457 apostolorum
2600 5381 2872 5435 mirabilia
2899 5389 3013 5448 tua,
3029 5400 3155 5454 quas
3170 5402 3274 5455 per
3290 5403 3381 5441 me
3399 5405 3536 5459 0pc-

1938 5474 2175 5538 raberis,
2208 5472 2421 5527 scilicet
2447 5469 2938 5541 expugnationem
2972 5471 3538 5537 diaboli,etsalutcm

1939 5562 2163 5628 mundi,
2189 5564 2247 5616 et
2296 5563 2503 5614 cratera
2554 5557 2839 5612 mirabilia
2886 5576 3011 5629 qua:
3042 5561 3225 5614 multa
3255 5568 3404 5629 sunt,
3451 5582 3543 5620 mp

1940 5650 2279 5704 remanente
2307 5647 2365 5703 in
2386 5647 2649 5718 sepulcro
2667 5646 2795 5702 etin
2816 5647 3138 5720 perditione
3154 5648 3269 5707 ?Et
3287 5653 3545 5727 nunquid
