4008 6040
464 312 598 378 “03

1056 310 1113 376 S.
1154 313 1502 374 BRUNONIS
1543 310 2176 374 CARTHUSIANORUM
2213 309 2685 371 INSTI’I‘UTORIS
2727 310 2880 372 OPP.
2922 310 3100 372 PARS
3128 313 3171 373 Ῑ.

3634 312 3785 376 1104

459 440 837 514 cognoscetur
892 436 948 494 in
977 439 1118 495 terra
1168 437 1464 506 oblivionis,
1495 435 1555 493 id
1579 440 1664 493 est
1705 436 1764 493 in
1795 436 2060 510 gentibus
2090 452 2301 519 Araus
2330 436 2389 492 in
2446 436 2781 493 obedientia
2835 434 3285 509 praedicationis,
3313 439 3373 494 et
3408 435 3470 495 in
3497 434 3588 494 his
3614 439 3794 497 valde

458 547 585 601 quae
617 532 772 585 terra
820 527 1128 583 maledicta
1176 528 1307 581 sunt
1335 542 1439 598 per
1484 524 1690 591 Adam,
1724 528 1780 578 et
1810 525 2066 596 quandiu

456 618 663 673 videris
701 616 970 674 oblivioni
994 614 1316 681 tradidisse,
1340 614 1556 684 justitza
1591 621 1702 679 tua,
1728 612 1785 667 id
1807 617 1892 667 est
1921 630 2065 667 nun-

456 709 593 780 quid
621 709 970 780 cognoscent
995 706 1131 776 ipsze
1162 707 1365 776 gentes
1381 720 1615 758 omnem
1635 702 1917 773 justitiam
1939 720 2059 757 esse

455 800 560 852 ate
592 814 710 853 non
742 813 775 850 a
798 813 877 863 se,
901 795 946 850 si
970 809 1305 851 remansere
1338 791 1397 847 in
1436 792 1696 864 sepulcro
1724 795 1780 846 et
1804 794 1860 846 in
1877 791 2057 863 perdi-

454 887 593 941 tione
622 887 651 940 ?
678 884 926 939 Minime.

524 974 639 1029 Hoc
665 975 860 1027 autem
915 972 1069 1044 quod
1106 971 1209 1025 sub
1254 968 1709 1040 interrogatione
1765 967 1842 1023 sic
1897 966 2062 1039 ponit

453 1061 635 1119 oratio
666 1065 751 1116 est
779 1076 909 1114 cum
962 1058 1171 1129 majori
1220 1058 1475 1129 pondere
1530 1055 1845 1112 affectionis
1890 1056 2057 1124 facta,

458 1169 631 1223 quam
655 1150 699 1205 si
718 1150 841 1204 sine
860 1147 1321 1220 interrogatione
1342 1148 1526 1202 fieret.
1546 1148 1614 1201 Et
1636 1150 1721 1201 est
1737 1164 1802 1201 ac
1816 1147 1860 1201 si
1881 1147 2054 1203 dicat:

452 1239 744 1296 Resuscita
771 1254 897 1305 me;
930 1253 1070 1293 nam
1096 1236 1142 1291 si
1162 1236 1221 1293 in
1255 1237 1513 1307 sepulcro
1543 1251 1878 1290 remansere
1919 1238 1976 1290 et
2005 1238 2059 1290 in

440 1328 758 1403 perditione,
788 1327 912 1381 haec
938 1324 1406 1381 inconvenientia
1454 1324 1824 1395 contingent:
1850 1324 2062 1379 scilicet

450 1433 569 1473 non
614 1416 787 1471 facies
842 1414 1133 1469 mirabilia
1187 1414 1247 1467 in
1304 1413 1566 1480 mortuis,
1619 1429 1806 1485 neque
1873 1412 2065 1468 medici

448 1506 778 1561 szwcitabunt
801 1503 953 1576 ipsos
981 1504 1240 1557 mortuos
1270 1500 1680 1574 prmdicatione
1722 1518 1854 1557 sua:
1874 1518 2060 1572 neque

454 1592 668 1649 mortui
682 1590 998 1646 resuscitati
1018 1590 1091 1644 tb:
1128 1606 1187 1644 co
1197 1590 1295 1658 n/it
1310 1590 1370 1644 eb
1380 1596 1566 1655 untur,
1615 1605 1801 1660 neque
1822 1591 2061 1645 narrabit

457 1681 655 1754 aliquis
707 1680 1154 1751 praedicatorum
1228 1678 1643 1733 misericordiam
1694 1684 1743 1731 et
1784 1680 2062 1734 veritatem

2169 525 2525 592 sublimatus,
2561 525 2904 583 admirabile
2934 530 3020 581 est
3035 542 3136 581 cur
3156 543 3251 581 me
3283 530 3404 583 tam
3434 527 3791 586 severiterin

2160 614 2633 670 tribulationibus
2661 615 2965 685 permittas
2994 613 3285 670 humiliari
3310 618 3369 669 et
3406 616 3745 673 conturbari
3770 633 3786 673 :

2163 701 2410 767 Quaestio
2434 706 2519 756 est
2542 702 2718 770 facta,
2741 703 2815 757 ad
2830 703 3173 758 solvendum
3195 704 3437 771 accedit,
3453 721 3586 760 cum
3602 704 3788 763 dicit:

2160 790 2227 843 In
2281 808 2363 845 me
2392 794 2741 858 transierunt,
2776 795 2886 846 etc.
2939 791 3105 856 Quod
3126 791 3203 846 sic
3222 792 3791 850 continuatur:Dico

2158 878 2251 932 hic
2281 878 2437 951 quod
2457 882 2651 951 posset
2694 879 2899 953 quaeri,
2943 878 3156 934 scilicet
3199 897 3376 952 quare
3426 880 3630 953 repellis
3655 900 3791 936 ora-

2159 967 2356 1020 tionem
2386 984 2582 1035 meam,
2619 971 2677 1023 et
2702 984 2881 1039 quare
2932 984 3029 1023 me
3076 969 3366 1039 permittis
3400 969 3702 1026 humiliari
3729 972 3796 1027 et

2160 1055 2531 1110 conturbari?
2549 1057 2617 1110 Et
2675 1072 2804 1111 ecce
2848 1073 3024 1128 quare
3076 1057 3185 1112 hoc
3234 1056 3505 1124 sit:ideo,
3564 1058 3796 1113 scilicet

2157 1142 2450 1213 humilior,
2475 1144 2610 1216 quia
2636 1151 2733 1199 tra-
2751 1152 2872 1212 tum,
2901 1144 2959 1199 id
2983 1144 3344 1201 estvindictze
3367 1148 3502 1214 tute,
3553 1163 3701 1218 quas
3724 1146 3790 1203 in

2157 1230 2481 1286 humanum
2502 1249 2687 1304 genus
2718 1250 2946 1289 exerces
2958 1236 3199 1305 propter
3222 1236 3524 1306 peccatum
3538 1234 3709 1303 Adae,
3731 1237 3793 1292 is

2158 1334 2239 1371 me
2252 1318 2378 1389 conj
2390 1324 2529 1375 ectae
2554 1322 2901 1389 transierunt,
2916 1320 2975 1375 id
2992 1324 3077 1375 est
3089 1322 3416 1377 transibunt
3431 1323 3503 1377 ab
3514 1322 3788 1380 humano

2159 1422 2404 1476 genere;
2439 1409 2595 1481 quod
2624 1412 2710 1465 est
2738 1408 2955 1464 dicere:
2979 1409 3276 1465 Passiones
3310 1410 3477 1465 inme
3494 1412 3787 1483 conjecta:

2159 1509 2342 1549 causae
2373 1500 2738 1569 eruntquare
2768 1497 3090 1552 mortalitas
3112 1501 3171 1552 et
3208 1498 3568 1570 passibilitas,
3593 1502 3653 1554 et
3676 1516 3794 1555 caa-

2159 1586 2298 1639 terze
2320 1585 2586 1641 vindicta:
2629 1603 2769 1659 quas
2808 1591 2870 1642 tu
2900 1589 3049 1642 Deus
3080 1604 3308 1643 exerces
3338 1588 3397 1644 in
3448 1589 3787 1646 humanum

2161 1688 2362 1742 genus,
2396 1674 2786 1741 destruentur,
2814 1682 2864 1728 et
2894 1673 3022 1728 ideo
3046 1681 3267 1729 terrores
3293 1677 3389 1743 tui,
3411 1674 3469 1730 id
3493 1679 3581 1731 est
3601 1677 3785 1733 terri-

453 1778 623 1833 tuam,
654 1784 843 1840 neque
886 1770 1090 1839 gentes
1120 1783 1246 1839 quia
1275 1767 1594 1821 tenebrosae
1624 1770 1775 1833 sunt,
1821 1770 1880 1822 et
1906 1770 2062 1823 terra
2086 1770 2138 1828 Β
2160 1758 2302 1815 biles
2325 1762 2620 1830 passiones
2650 1766 2759 1817 ate
2787 1762 3562 1834 dispositm,conturbaverunt
3591 1782 3700 1832 me,
3722 1764 3787 1821 id

450 1857 750 1915 oblivionis
761 1855 1394 1929 cognoscentmirabilia
1412 1862 1526 1920 tua,
1562 1858 1617 1909 et
1639 1871 1877 1909 omnem
1888 1856 1910 1926 j
1923 1857 2058 1911 usti-

447 1946 591 2003 tiam
623 1948 879 2001 ateesse.
911 1942 1857 2014 Cumigiturhzecinconvenientia
1875 1948 2061 1999 osten-

449 2031 632 2099 dit,ad
649 2032 1040 2105 praestandum
1057 2031 1212 2103 quod
1227 2034 1355 2087 orat
1368 2031 1467 2086 Dei
1494 2031 1863 2086 clementiam
1876 2033 2060 2104 magis

449 2118 767 2190 compellit.
801 2119 1029 2191 Repetit
1079 2120 1275 2173 autem
1308 2120 1465 2191 quod
1514 2120 1676 2186 dixit,
1723 2121 1971 2188 clmnavi,
1998 2125 2063 2177 ut

448 2205 644 2263 addat.
679 2206 812 2261 Dico
852 2208 1009 2278 quod
1064 2207 1187 2262 haec
1210 2207 1671 2262 inconvenientia
1699 2210 2059 2280 contingent,

445 2292 557 2351 nisi
574 2295 934 2351 resuscitatus
962 2296 1123 2350 fuero
1159 2311 1172 2350 :
1202 2298 1260 2351 et
1288 2294 1417 2350 ideo
1471 2299 1533 2351 ut
1559 2297 1880 2352 resuscitari
1936 2314 2059 2352 me-

445 2398 606 2439 rerer
629 2400 643 2439 :
666 2384 898 2440 clamavi
926 2384 999 2438 ad
1019 2391 1086 2450 te,
1117 2384 1347 2439 Domine
1390 2385 1578 2453 Pater,
1612 2402 1705 2455 ego
1726 2386 1822 2457 qui
1854 2387 2059 2457 dignus

443 2487 572 2526 sum
602 2472 877 2527 exaudiri.
908 2473 974 2526 Et
999 2488 1032 2525 a
1057 2472 1311 2526 clamore
1326 2488 1443 2526 non
1460 2472 1720 2527 deliciam
1742 2490 1754 2527 :
1776 2474 2056 2529 sedoratio

442 2575 559 2614 mea
584 2575 717 2613 cum
746 2560 999 2614 clamore
1020 2559 1194 2626 facta,
1217 2558 1276 2612 in
1290 2576 1467 2622 mane,
1486 2575 1601 2614 non
1622 2560 1680 2614 in
1707 2562 1979 2630 tenebris,
1997 2562 2055 2617 id

442 2650 527 2703 est
551 2646 610 2701 in
636 2647 893 2703 claritate
914 2648 1082 2703 bona:
1096 2647 1462 2702 conscientias
1477 2651 1533 2701 et
1548 2647 1866 2703 devotionis
1884 2666 2050 2717 mem,

431 2738 722 2809 praeveniet
742 2742 809 2804 te,
842 2735 1836 2807 idestprazvenietremunerationem
1868 2739 2050 2805 tuam,

444 2824 657 2879 scilicet
676 2823 1106 2895 promerebitur
1129 2824 1690 2890 remunerationem,
1722 2841 1757 2879 a
1786 2824 2055 2880 similitu-

442 2912 575 2969 dine
595 2913 809 2968 strenui
858 2913 1075 2980 militis,
1109 2912 1206 2984 qui
1233 2912 1506 2985 prmcedit
1528 2911 1863 2966 donativum
1895 2914 2053 2969 obse-

439 3001 595 3074 quio,
623 3004 686 3056 ut
709 3001 1229 3100 postdigneipsum
1244 3001 1579 3100 donativum
1593 3000 2051 3072 suscipiat.Quod
2077 3041 2124 3101 C

439 3092 524 3144 est
551 3089 769 3145 dicere:
792 3091 864 3144 Ut
888 3089 1097 3161 dignus
1113 3089 1223 3144 sim
1258 3088 1715 3155 resuscitatione,
1760 3104 2053 3160 promere-

434 3178 543 3233 bor
570 3178 679 3231 hoc
718 3178 873 3248 prius
907 3176 1199 3231 irremisse
1229 3176 1489 3231 oratione
1516 3180 1573 3230 et
1602 3178 1876 3231 clamore.
1906 3177 2050 3232 Nam

436 3265 590 3337 prius
618 3265 678 3319 in
706 3265 873 3320 vinea
900 3267 983 3319 est
1028 3265 1435 3332 laborandum,
1478 3268 1680 3335 postea
1705 3283 1838 3321 vero
1872 3267 2048 3322 dena-

433 3354 551 3409 rius
563 3353 947 3424 accipiendus.
980 3353 1135 3407 Facit
1152 3355 1349 3408 autem
1362 3353 1837 3424 quaestionem,ut
1851 3358 2051 3426 postea

435 3443 639 3497 solvat:
662 3441 927 3496 videlicet
943 3457 1120 3513 quare
1162 3442 1312 3495 Deus
1333 3457 1464 3495 eam
1486 3442 1736 3496 noluerit
1779 3444 2049 3499 exaudire

433 3532 701 3586 orantem
732 3532 797 3584 ut
824 3531 1017 3600 posset
1045 3528 1789 3601 tribulationem‘passionis
1813 3531 2047 3586 evitare.

432 3635 563 3674 cum
624 3617 931 3690 adjungit:
966 3616 1037 3671 Ui
1119 3617 1267 3689 quid,
1328 3620 1437 3685 etc,
1502 3617 1667 3681 Quod
1731 3619 1811 3673 sic
1860 3621 2052 3692 jungi-

434 3712 529 3763 tur
561 3724 575 3763 :
607 3707 745 3763 Dico
769 3706 927 3779 quod
972 3705 1212 3760 clamavi
1243 3706 1463 3762 orando
1496 3706 1565 3762 de
1607 3708 2050 3778 resurrectione,

434 3796 599 3851 Oravi
625 3795 803 3850 etiam
836 3797 917 3862 ut,
940 3793 986 3848 si
1026 3793 1291 3866 possibile
1305 3798 1410 3862 cst,
1431 3798 1688 3850 transeat
1719 3812 1751 3851 a
1782 3813 1876 3851 me
1908 3797 2051 3852 calix

434 3883 733 3956 passionis.
784 3883 852 3938 Et
896 3888 957 3935 ut
981 3881 1129 3953 quid,
1162 3881 1413 3946 Domine,
1440 3882 1646 3952 repellis
1673 3883 1823 3938 hanc
1849 3888 2048 3940 oratio-

434 3989 554 4026 nem
583 3986 778 4037 meam,
803 3968 1190 4042 permittendo
1207 3986 1301 4033 me
1317 3970 1459 4040 pati,
1484 3973 1542 4024 et
1575 3970 1684 4025 hoc
1705 3973 1879 4027 modo
1900 3991 2051 4027 aver-

436 4063 527 4128 tis,
559 4060 620 4114 id
647 4062 732 4113 est
760 4056 968 4111 videris
981 4058 1237 4128 avertere
1262 4075 1293 4111 a
1321 4073 1404 4111 me
1421 4058 1639 4127 faciem,
1663 4058 1723 4113 id
1752 4063 1837 4114 est
1868 4061 2049 4115 bene-

436 4145 749 4203 volentiam
777 4149 967 4198 tuam:
992 4159 1025 4196 a
1055 4127 2049 4220 352similitudineiratorum,qui

437 4236 508 4290 ab
531 4234 622 4290 his
651 4233 858 4306 quibus
900 4230 1033 4285 irati
1061 4233 1214 4299 sunt,
1257 4230 1464 4286 faciem
1493 4234 1807 4289 avertunt?
1832 4234 2047 4291 Faciem

2159 1851 2244 1903 est
2256 1851 2687 1905 conturbabunt
2702 1851 3020 1906 secundum
3032 1851 3412 1924 fragilitatem
3444 1853 3633 1909 carnis
3636 1871 3665 1921 3
3692 1854 3789 1910 vel

2159 1937 2410 1991 terrores
2431 1939 2763 2009 passionum
2795 1942 3133 2009 multarum,
3162 1958 3305 2013 quas
3321 1942 3435 1997 scio
3458 1958 3551 1997 me
3581 1959 3788 2015 passu-

2159 2038 2291 2077 rum
2306 2040 2411 2095 per
2432 2028 2594 2081 tuam
2608 2026 3049 2097 dispositionem
3075 2030 3509 2085 conturbabunt
3529 2046 3784 2098 me,non

2160 2126 2229 2165 ex
2257 2114 2617 2181 necessitate,
2643 2116 2743 2170 sed
2764 2119 3086 2187 spontanea
3133 2118 3594 2187 conturbatione,
3619 2118 3787 2175 unde

2162 2198 2398 2270 legitur:
2427 2224 2454 2252 «
2474 2202 2657 2275 Caepit
2683 2204 2841 2258 Jesus
2870 2220 3078 2275 pavere
3108 2207 3167 2259 et
3195 2205 3408 2261 taedere
3422 2206 3627 2274 (Marc.
3659 2224 3781 2275 XIV,

2162 2287 2270 2357 33).
2304 2309 2332 2336 »
2361 2287 2437 2343 Et
2459 2305 2589 2344 vere
2623 2306 2717 2345 me
2747 2292 3177 2348 conturbabunt
3205 2296 3473 2349 terrores.
3507 2295 3653 2349 Nam
3678 2298 3785 2349 cir-

2158 2376 2535 2431 cumdederunt
2566 2395 2647 2432 me
2669 2379 2810 2433 sicut
2834 2397 2997 2451 aqua,
3021 2381 3081 2435 id
3093 2384 3179 2436 est
3199 2381 3639 2437 circumdabant
3677 2398 3781 2438 me

2157 2468 2267 2517 tota
2280 2464 2362 2518 die
2376 2465 2671 2536 passiones
2686 2483 2861 2534 meae;
2891 2468 3036 2523 sicut
3055 2486 3224 2541 aqua,
3252 2469 3311 2524 id
3325 2473 3410 2524 est
3423 2470 3495 2525 ad
3525 2470 3779 2528 modum

2156 2567 2339 2623 aqum,
2354 2552 2639 2609 scilicetut
2677 2572 2771 2610 me
2788 2556 3143 2628 opprimant,
3160 2574 3194 2611 a
3207 2556 3582 2614 similitudine
3603 2576 3779 2631 aquae

2154 2657 2281 2712 quae
2313 2641 2563 2714 aliquem
2586 2643 2908 2698 circumdat
2939 2648 2999 2698 ut
3028 2644 3331 2717 demerget
3356 2649 3414 2701 et
3450 2646 3772 2717 opprimat.

2159 2726 2664 2798 Circumdcderunt,
2698 2731 2756 2785 id
2782 2736 2867 2787 est
2897 2732 3360 2801 circumdabant,
3391 2734 3631 2806 inquam
3666 2753 3775 2799 me,

2154 2820 2211 2870 et
2239 2817 2348 2872 hoc
2377 2818 2629 2885 simul,id
2646 2823 2732 2873 est
2762 2820 2843 2875 ita
2870 2820 3028 2893 quod
3053 2822 3242 2876 nullus
3272 2822 3617 2894 excipiatur;
3642 2824 3773 2880 acsi

2152 2904 2336 2960 dicat:
2356 2906 2478 2961 Non
2505 2907 2585 2962 ita
2611 2924 2705 2962 me
2736 2908 3194 2976 circumdabant,
3241 2912 3300 2965 ut
3326 2904 3540 2982 partim
3560 2910 3619 2966 in
3652 2928 3772 2969 uno

2153 2996 2436 3065 tempore,
2462 2998 2519 3049 et
2540 2996 2757 3069 partim
2778 2996 2838 3051 in
2863 2996 3111 3060 alio,sed
3130 3014 3332 3054 omnes
3361 3016 3455 3054 me
3470 2999 3771 3056 simulcir-

2151 3084 2527 3153 cumdabunt,
2552 3085 2625 3139 ad
2658 3085 3164 3157 exaggerationem
3187 3088 3582 3143 calamitatum
3604 3106 3768 3146 mea-

2149 3194 2303 3245 rum,
2332 3178 2460 3233 ideo
2493 3178 2648 3250 quod
2673 3178 3096 3235 circumdabat.
3128 3179 3215 3233 Ad
3241 3182 3534 3235 cumulum
3566 3184 3766 3237 autem

2150 3283 2544 3321 aerumnarum
2582 3283 2847 3322 mearum
2876 3266 3133 3337 elongasti
3157 3284 3189 3320 a
3212 3285 3295 3322 me
3314 3271 3542 3323 amicum
3570 3276 3620 3324 et
3632 3287 3766 3340 pro-

2148 3357 2375 3422 ximum,
2408 3355 2623 3410 scilicet
2671 3358 2835 3409 tanta
2873 3355 2984 3409 erit
3016 3355 3377 3410 conturbatio
3427 3356 3768 3427 passionum

2152 3442 2831 3515 mearum,quodfaciesa
2844 3459 2937 3497 me
2952 3442 3228 3514 fugiendo
3249 3443 3508 3515 elongari
3523 3445 3767 3513 amicos,

2153 3532 2441 3600 apostolos
2466 3531 2697 3598 scilicet,
2728 3531 2827 3602 qui
2862 3531 3031 3585 amici
3057 3530 3172 3585 mei
3199 3535 3353 3602 sunt,
3391 3531 3450 3586 id
3492 3535 3577 3587 est
3597 3533 3767 3589 valde

2150 3617 2484 3674 familiares.
2512 3642 2537 3669 ‹‹
2564 3618 2850 3674 Percuties
2872 3619 3026 3673 enim
3049 3622 3340 3690 pastorem
3360 3623 3417 3674 et
3436 3620 3772 3693 dispergen-

2152 3709 2246 3761 tur
2276 3723 2410 3762 oves
2435 3706 2641 3779 (Marc.
2672 3725 2780 3775 xxv,
2814 3707 2926 3778 27).
2957 3729 2985 3756 »
3020 3708 3087 3761 Et
3119 3708 3370 3779 proximi
3414 3708 3552 3777 mei,
3586 3709 3647 3765 id
3680 3714 3766 3767 est

2149 3794 2495 3850 cont-ribules
2519 3795 2656 3861 mei,
2691 3811 2724 3849 a
2751 3811 2847 3849 me
2869 3794 3313 3866 elongabuntur,
3341 3800 3391 3850 et
3420 3802 3571 3852 notos
3600 3814 3763 3866 meos,

2147 3880 2206 3936 id
2237 3885 2323 3936 est
2358 3883 2695 3938 occultiores
2727 3882 3052 3953 discipulos,
3104 3882 3249 3937 sicut
3297 3884 3676 3941 Nicodemum
3708 3891 3766 3943 et

2146 3969 2517 4026 Gamalielem
2533 3974 2590 4025 et
2606 3974 2863 4038 caeteros,
2880 3986 2915 4026 a
2942 3987 3036 4026 me
3052 3971 3312 4043 elongari
3338 3973 3669 4044 permittes.
3694 3976 3761 4029 Et

2145 4060 2255 4115 hoc
2287 4059 2444 4131 quod
2489 4059 2919 4129 elongabuntur
2977 4059 3329 4131 contingeta
3358 4062 3570 4116 miserit
3602 4079 3757 4131 mea,

2147 4148 2359 4201 scilicet
2389 4148 2524 4219 quia
2549 4148 2842 4203 miseriam
2868 4163 3061 4202 meam
3093 4148 3471 4220 multiplicem
3496 4151 3758 4207 conside-

2146 4237 2376 4303 rabunt,
2430 4236 2759 4308 relinquent
2802 4252 2896 4291 me
2931 4239 2989 4290 et
3038 4236 3282 4307 fugient.
3316 4238 3426 4292 Per
3470 4237 3582 4294 hoc
3603 4240 3761 4312 quod

437 4340 539 4394 pro
567 4319 969 4378 benevolentia
988 4318 1170 4389 ponit,
1204 4335 1271 4373 eo
1304 4319 1531 4390 quodin
1554 4321 1723 4376 faciei
1740 4323 2047 4382 serenitate
2068 4319 2121 4378 D
2145 4325 2357 4380 amicos
2375 4328 2433 4380 et
2466 4325 2755 4396 proximos
2782 4332 2831 4379 et
2858 4328 3007 4380 notos
3050 4340 3084 4379 a
3112 4341 3171 4379 se
3200 4325 3336 4380 dicit
3367 4326 3749 4399 elongandos,

438 4413 617 4466 soleat
646 4407 1052 4465 benevolentia
1084 4406 1369 4462 denotari.

512 4498 781 4564 Quamvis
810 4499 1005 4551 autem
1050 4496 1345 4551 orationem
1396 4513 1567 4551 meam
1620 4499 1884 4569 repellas,
1937 4518 2045 4573 ego

439 4594 660 4650 tamen,
682 4584 779 4658 qui
801 4583 979 4655 afﬂigi
1010 4583 1336 4655 permittor,
1359 4600 1719 4656 paupersum,
1753 4587 1813 4642 id
1833 4592 1917 4642 est
1946 4590 2047 4645 hu-

442 4676 593 4734 milis
617 4690 754 4747 erga
780 4678 858 4740 te,
889 4674 1034 4727 sicut
1063 4689 1284 4745 pauper
1297 4689 1435 4745 erga
1457 4674 1714 4742 divitem,
1746 4682 1795 4731 et
1821 4680 1877 4731 in
1903 4678 2045 4733 labo-

438 4767 584 4822 ribus
610 4760 1054 4837 praedicationis,
1086 4779 1118 4813 a
1137 4760 1418 4831 juventute
1450 4778 1588 4830 mea,
1636 4763 1693 4817 id
1721 4767 1805 4820 est
1827 4782 1861 4820 a
1889 4767 2045 4839 prin-

437 4855 585 4928 cipio
626 4848 961 4925 juventutis,
1019 4848 1605 4920 scilicetatrigesimo
1663 4854 1847 4908 mtatis
1896 4872 2041 4912 mete

437 4959 614 5007 anno,
648 4957 682 4995 a
711 4954 824 5011 quo
868 4941 1132 5009 tempore
1172 4935 1389 4991 licitum
1427 4940 1513 4993 est
1568 4940 2041 5010 praedicationem

436 5045 722 5088 exercere.
747 5028 814 5080 Et
834 5042 941 5097 ego
972 5024 1256 5092 exaltatus,
1283 5023 1342 5080 id
1372 5028 1457 5080 est
1485 5027 1648 5082 valde
1669 5031 2040 5099 promotusin

431 5116 780 5178 humilitate,
795 5116 852 5169 et
868 5110 1226 5167 laboratione
1244 5112 1684 5184 praedicationis,
1704 5118 1859 5189 quod
1875 5135 2038 5190 aeque

429 5222 649 5279 magna
668 5200 937 5259 exaltatio
964 5202 1066 5255 est.
1082 5200 1423 5256 Humiliatus
1440 5219 1579 5269 sum,
1608 5203 1665 5257 id
1687 5208 1771 5258 est
1785 5206 2037 5275 dejectus

428 5292 487 5354 in
513 5289 1003 5351 tribulationibus,
1033 5295 1083 5343 et
1102 5288 1446 5345 conturbatus
1472 5294 1628 5346 metu
1668 5291 1921 5363 ipsarum
1942 5296 2035 5350 tri-

426 5383 818 5447 bulationum;
841 5395 906 5433 ac
923 5376 967 5432 si
984 5376 1199 5433 diceret
1221 5394 1233 5433 :
1255 5378 1313 5434 Si
1328 5380 1609 5451 superbus
1623 5383 1677 5434 et
1693 5382 1907 5437 otiosus
1922 5384 2032 5439 exi-

421 5466 1176 5535 sterem,nonessetmirum
1213 5484 1404 5521 meam
1439 5468 1763 5523 orationem
1805 5473 2022 5541 repelli.

2144 4413 2526 4485 multiplicem
2547 4430 2667 4467 esse
2698 4413 2992 4468 miseriam
3014 4429 3177 4467 suam
3200 4412 3410 4480 innuit,
3442 4418 3500 4470 et
3520 4430 3626 4485 per
3649 4416 3758 4471 hoc

2146 4519 2251 4558 nos
2271 4503 2344 4557 ad
2372 4502 2710 4575 patiendum
2741 4518 2847 4573 pro
2875 4518 2943 4556 eo
2973 4501 3428 4573 magisinstruit.

2561 4591 2629 4644 IN
2669 4589 2991 4645 PSALMUM
3026 4589 3329 4644 LXXXVIII.

2214 4678 2426 4733 Psalmi
2513 4677 2847 4748 octogesimi
2909 4677 3092 4733 octavi
3157 4677 3404 4733 titulus:
3437 4675 3752 4737 Intellectus

2139 4766 2326 4821 Ethan
2356 4765 2631 4822 Israelita».
2678 4766 2844 4831 Quod
2880 4766 2957 4821 sic
2994 4765 3299 4838 exponitur
3330 4781 3343 4819 :
3377 4764 3477 4819 Hic
3505 4765 3753 4823 habetur

2142 4856 2432 4911 intellectus
2454 4854 2639 4912 Ethan
2677 4854 2965 4920 lsraelitae,
2999 4871 3116 4909 non
3172 4857 3237 4908 ut
3278 4851 3464 4908 Ellum
3502 4852 3750 4911 Israelita

2140 4946 2291 5000 hunc
2310 4945 2666 4999 intellectum
2690 4943 2931 5009 habeat;
2959 4943 3061 4997 sed
3082 4942 3218 5014 quia
3249 4942 3542 5014 Propheta
3562 4944 3671 4999 hoc
3691 4946 3749 5002 in

2141 5034 2362 5106 psalmo
2392 5049 2590 5103 agens,
2610 5032 2763 5086 hunc
2777 5030 3063 5103 tropicum
3094 5029 3271 5085 habet
3284 5030 3745 5099 intellectum,de

2136 5120 2321 5175 Ellum
2350 5119 2614 5187 Israelita,
2644 5119 2702 5174 id
2734 5122 2820 5174 est
2847 5119 2917 5174 de
2951 5117 3173 5173 Christo
3198 5118 3297 5190 qui
3327 5122 3414 5172 est
3462 5117 3669 5187 Et/ian,
3688 5119 3743 5175 id

2137 5211 2221 5262 est
2236 5206 2650 5274 robustus,devi
2661 5207 2884 5262 ncendo
2896 5206 3110 5261 fortem
3125 5208 3417 5261 armatum
3431 5205 3738 5275 diabolum,

2135 5299 2191 5351 et
2208 5294 2452 5350 Israelita
2485 5299 2591 5362 est,
2620 5298 2681 5350 ut
2703 5295 2759 5349 in
2790 5294 3142 5366 praecedenti
3174 5294 3399 5365 psalmo
3447 5296 3738 5351 ostensum

2132 5388 2235 5440 est.
2270 5384 2559 5455 Propheta
2602 5384 2836 5457 quippe,
2870 5385 3006 5458 quia
3034 5383 3092 5438 in
3140 5382 3492 5454 praecedenti
3520 5385 3737 5455 psalmo

2130 5473 2416 5529 Christum
2438 5473 2735 5528 humiliter
2764 5477 3041 5546 agentem
3062 5471 3135 5527 de
3154 5471 3419 5543 passione
3440 5488 3542 5526 sua
3568 5471 3738 5527 intro-

424 5558 539 5613 Sed
575 5573 705 5613 cum
726 5556 837 5612 sim
856 5554 1086 5611 humilis
1106 5555 1179 5612 ad
1216 5555 1453 5612 modum
1484 5556 1769 5630 pauperis,
1793 5562 1850 5615 et
1875 5561 2027 5618 labo-
2128 5563 2387 5627 duxerat,
2413 5563 2474 5619 in
2504 5563 2613 5618 hoc
2646 5564 2866 5635 psalmo
2898 5559 3152 5620 intendit
3190 5575 3327 5616 eum
3355 5575 3635 5632 magnum
3674 5564 3730 5617 et
