4008 6040
264 260 399 325 Ηοξί

1170 263 1525 332 Exrosmo
1562 266 1631 331 ΙΝ
1669 262 2002 332 PSALMOS.
2030 305 2099 315 -
2127 268 2321 332 PSAL.
2365 275 2649 333 LXXXVIII

3428 284 3566 339 1106
3644 368 3651 371 _

257 390 559 459 potentem
580 388 1162 463 etincomparabilem
1196 394 1521 463 ostendere,
1547 394 1870 451 enarrando
1889 400 1945 460 Α
1977 411 2124 449 ram.
2157 395 2423 463 Eosdem,
2443 395 2656 450 scilicet
2674 394 2872 451 fideles
2897 411 3038 467 quos
3063 413 3238 452 semen
3269 404 3420 454 tuum
3452 416 3573 454 esse

258 476 539 532 beneficia
552 478 958 536 misericordiae
972 482 1091 549 Dei,
1113 499 1219 555 per
1241 489 1374 538 eum
1390 485 1646 539 humano
1669 485 1871 557 generi
1974 482 2107 550 dixi,
2136 483 2406 551 a’diﬁcabo
2440 487 2502 538 ut
2528 483 2686 555 digni
2732 483 2845 538 sint
2877 484 2935 537 in
2994 486 3197 555 quibus
3250 488 3466 554 sedeas,
3516 490 3574 541 et

257 564 708 637 conferenda.Et
728 569 837 624 hoc
860 570 1034 625 etiam
1063 572 1403 627 auctoritate
1428 576 1669 644 paterna
1684 589 1875 627 corro-

256 650 444 719 borat,
471 670 645 724 quem
665 656 997 728 loquentem
1021 658 1261 726 inducit,
1283 664 1340 714 et
1355 660 1634 715 beneficia
1653 676 1777 732 quae
1801 660 1872 714 sit

256 737 318 793 in
349 739 570 796 Christo
602 747 666 797 et
705 762 810 816 per
840 745 1128 820 Christum
1154 747 1211 801 in
1244 748 1480 802 ecclesia
1509 753 1866 820 operaturus,

255 826 720 897 promittentem.
739 833 1002 889 Ostendit
1258 835 1431 890 etiam
1462 819 1557 890 hic
1583 837 1868 908 PrOpheta

258 931 375 970 non
390 915 838 989 intelligendum
855 938 976 976 esse
998 923 1316 994 passiones,
1338 941 1466 996 quae
1488 924 1544 978 in
1565 924 1786 979 Christo
1811 928 1869 979 et

257 1000 317 1056 in
348 1004 595 1060 Ecclesia
630 1011 826 1075 erunt,
873 1009 1093 1064 futuras
1116 1011 1188 1065 ad
1216 1012 1737 1083 consumptionem,
1767 1013 1868 1067 sed

257 1088 333 1144 ad
353 1094 695 1148 earumdem
723 1095 980 1151 fidelium
999 1099 1498 1170 expurgationem.
1525 1100 1659 1154 Orat
1690 1100 1866 1154 etiam

258 1181 318 1232 et
339 1195 444 1249 pro
476 1181 598 1252 ipso
626 1183 818 1255 capite
850 1188 908 1239 et
928 1201 1031 1256 pro
1064 1187 1365 1252 membris,
1392 1190 1456 1241 ut
1484 1188 1700 1242 bonam
1728 1187 1863 1241 afl‘e-

258 1266 515 1323 ctionem
542 1287 704 1325 suam
735 1286 910 1343 quam
952 1290 1091 1345 erga
1116 1291 1252 1329 eum
1280 1274 1457 1329 habet
1487 1275 1775 1341 ostendat,
1807 1277 1866 1328 et

257 1357 520 1425 exemplo
547 1374 648 1412 suo
682 1359 900 1414 bonam
932 1360 991 1415 in
1036 1361 1202 1416 bonis
1250 1361 1617 1416 affectionem
1654 1363 1861 1433 pariat.

332 1441 728 1500 Misericordias
764 1448 1006 1515 Domini,
1043 1449 1101 1504 id
1123 1453 1209 1504 est
1237 1449 1518 1505 beneficia
1546 1449 1865 1506 misericor-

259 1530 369 1585 diae
395 1532 623 1587 Domini
635 1535 837 1604 Patris,
862 1553 990 1608 qua:
1016 1537 1274 1592 humano
1290 1538 1490 1609 generi
1510 1539 1788 1607 conferet,
1808 1541 1864 1593 in

257 1626 516 1675 alternum
539 1622 836 1690 duratura,
870 1626 1113 1691 cantabo,
1143 1625 1202 1680 id
1231 1629 1318 1680 est
1347 1642 1479 1680 cum
1503 1627 1863 1698 jocunditate

1971 586 2114 641 quos
2145 588 2373 643 semper
2388 588 2572 643 regas.
2598 571 2809 626 Anima
2831 570 3310 641 enimjustisedes
3336 577 3420 629 est
3446 573 3568 630 Dei.

2042 659 2351 729 Postquam
2377 659 2551 713 verba
2580 658 2762 713 Patris
2788 658 3039 714 breviter
3054 659 3297 729 induxit,
3317 664 3571 734 Prophe-

1972 748 2031 801 ta
2059 746 2118 799 in
2158 762 2409 817 persona
2460 763 2559 801 sua
2591 764 2788 819 agens,
2839 749 3251 820 apostropham
3284 750 3355 803 ad
3386 750 3568 805 filium

1968 832 2105 887 facit
2136 851 2202 889 ex
2228 835 2536 890 affectione
2557 835 2739 890 nimia
2768 834 2866 889 sic.
2900 836 2944 890 O
2977 836 3221 891 Domine
3252 837 3353 904 fili,
3386 855 3568 909 quan-

1969 919 2278 992 doquidem
2303 939 2404 992 per
2428 924 2485 976 te
2501 922 2894 977 misericordia
2919 923 3297 979 aedificabitur
3315 923 3374 978 in
3394 924 3566 979 coelis:

1968 1007 2071 1078 ipsi
2102 1010 2216 1063 caeli
2229 1010 2618 1078 conﬁtebuntur
2644 1010 2917 1065 mirabilia
2940 1018 3053 1079 tua,
3076 1012 3134 1066 id
3156 1015 3383 1066 estcum
3402 1013 3569 1067 laude

1967 1098 2423 1165 pronuntiabunt
2452 1099 2601 1152 mira
2629 1099 2911 1154 beneficia
2934 1103 3050 1162 tua,
3087 1101 3340 1155 humano
3363 1101 3562 1171 generi

1965 1185 2214 1239 collata:
2251 1189 2309 1239 et
2364 1185 2618 1257 exponit,
2655 1186 2711 1240 in
2744 1190 2944 1258 parte;
2993 1203 3123 1241 vere
3153 1187 3563 1259 conﬁtebuntur.

1962 1271 2180 1326 Etenim
2212 1276 2267 1327 in
2298 1272 2536 1328 Ecclesia
2567 1282 2894 1340 sanctorum,
2917 1274 2975 1329 id
3003 1279 3088 1328 est
3115 1277 3565 1346 congregatione

1963 1360 2244 1429 fidelium,
2270 1361 2666 1430 conﬁtebuntur
2695 1365 2972 1417 veritatem
3005 1368 3172 1429 tuam,
3202 1362 3259 1417 id
3284 1367 3367 1418 est
3387 1364 3563 1418 bene-

1963 1447 2093 1502 ﬁcia
2140 1465 2265 1520 quae
2311 1449 2626 1520 complebit
2674 1450 2884 1505 veritas
2906 1453 3028 1518 tua,
3062 1451 3148 1504 vel
3180 1450 3255 1504 sic
3283 1468 3295 1504 :
3327 1448 3562 1519 Con/ite-

1964 1534 2165 1590 buntur
2194 1537 2469 1590 veritatem
2523 1543 2675 1590 tuam
2728 1540 2784 1591 in
2825 1537 3037 1592 ecclesia
3078 1544 3379 1591 sanctorum
3405 1555 3565 1594 com-

1963 1624 2236 1694 plendam
2271 1641 2284 1693 ;
2321 1628 2379 1679 et
2407 1624 2616 1680 merito
2644 1626 3060 1694 conﬁtebuniur,
3085 1641 3217 1679 cum
3248 1624 3319 1679 sit
3372 1625 3452 1680 eis
3479 1626 3565 1680 di-

257 1709 538 1765 tractabo.
577 1709 721 1774 Quia
759 1728 893 1767 vero
928 1716 1119 1785 posset
1175 1713 1443 1786 intelligi,
1478 1715 1632 1786 quod
1654 1716 1712 1769 in
1744 1717 1866 1770 sola
1890 1713 1940 1772 B
1964 1712 2134 1783 gnior
2164 1716 2221 1766 et
2249 1713 2568 1769 sublimior.
2605 1713 2875 1779 Quoniam
2904 1717 3019 1786 quis
3047 1716 3102 1768 in
3130 1713 3372 1781 nubibus,
3406 1714 3465 1769 id
3482 1717 3568 1770 est

256 1797 456 1851 mente
481 1800 758 1866 cantaret,
775 1800 1143 1867 determinat,
1164 1803 1575 1873 apostropham
1589 1803 1662 1858 ad
1679 1804 1863 1874 ipsam

257 1882 548 1953 faciendo,
571 1902 702 1941 cum
724 1887 1009 1960 adjungit,
1029 1889 1242 1944 scilicet
1257 1892 1588 1946 annuntiabo
1607 1892 1782 1963 script
1796 1892 1860 1959 is,

255 1978 307 2026 et
335 1972 395 2027 in
423 1978 762 2043 generatione
787 1977 894 2033 hac
942 1978 1235 2047 praesenti,
1264 1982 1322 2033 et
1353 1995 1533 2050 usque
1556 1982 1611 2032 in
1638 1996 1859 2048 genera-

255 2060 455 2114 tionem
481 2061 769 2130 ultimam,
796 2063 857 2119 id
876 2067 1200 2137 estsemper
1216 2065 1471 2137 quandiu
1490 2067 1737 2120 mundus
1757 2065 1859 2120 du-

252 2148 428 2211 rabit,
460 2152 731 2205 veritatem
756 2158 922 2218 tuam,
942 2151 1001 2207 id
1021 2155 1106 2207 est
1120 2153 1400 2208 beneﬁcia
1425 2154 1856 2222 misericordiae,

253 2251 383 2307 quae
414 2235 545 2291 ideo
577 2240 892 2309 complebis
915 2243 978 2294 ut
1003 2258 1170 2296 verus
1224 2258 1502 2314 appareas
1526 2243 1585 2297 in
1618 2242 1861 2315 promis-

1964 1801 2114 1856 inter
2140 1801 2289 1873 ipsos
2302 1803 2471 1857 coelos
2497 1801 2618 1874 (qui
2645 1803 2824 1859 nubes
2842 1804 3125 1870 dicentur,
3146 1820 3213 1857 eo
3239 1802 3394 1874 quod
3419 1802 3561 1858 alios

1964 1890 2301 1960 compluent
2344 1889 2627 1954 doctrina)
2671 1892 2968 1962 equabitur
3016 1891 3250 1946 Domtno
3294 1890 3567 1945 Christo?

1963 1976 2177 2031 Nullus.
2212 1976 2285 2029 Et
2313 1978 2435 2048 quis
2458 1978 2517 2033 in
2569 1978 2688 2032 ﬁliis
2718 1978 2840 2047 Dei,
2874 1979 2932 2033 id
2964 1981 3048 2033 est
3076 1978 3203 2050 quis
3231 1977 3385 2032 inter
3413 1977 3566 2048 ipsas

1961 2064 2167 2132 nubes,
2199 2080 2327 2134 qua:
2357 2064 2460 2119 filii
2484 2065 2585 2121 Dei
2607 2068 2776 2125 erunt
2803 2058 2994 2122 similis
3041 2067 3141 2119 erit
3169 2064 3405 2120 Domino
3428 2064 3565 2119 Filio

1960 2151 2021 2206 in
2052 2152 2332 2209 filiatione
2352 2153 2379 2209 ?
2406 2155 2622 2209 Nullus.
2650 2156 2773 2226 Ipse
2802 2170 3056 2225 namque
3087 2153 3236 2208 ﬁlius
3267 2170 3369 2224 per
3398 2156 3564 2208 natu-

1959 2257 2108 2312 ram,
2138 2241 2218 2295 illi
2246 2259 2379 2297 vero
2411 2258 2515 2312 per
2546 2240 2870 2314 adaptionis
2893 2242 3163 2312 gratiam,
3184 2241 3339 2313 quod
3365 2245 3449 2296 est
3479 2241 3565 2296 di-

259 2323 442 2379 sione.
484 2325 769 2380 Veritatem
789 2327 914 2383 dico
936 2330 989 2381 in
1002 2346 1090 2384 ore
1106 2346 1218 2384 meo
1233 2335 1520 2402 paratum,
1545 2330 1605 2385 id
1627 2335 1713 2385 est
1732 2346 1858 2402 quae
1961 2343 2089 2382 cere
2126 2345 2138 2382 :
2171 2330 2314 2383 Vere
2345 2329 2560 2383 debent
2616 2330 2666 2383 ei
2699 2330 2983 2398 confiteri,
3013 2346 3144 2384 cum
3175 2330 3288 2384 sint
3317 2329 3369 2384 ei
3400 2329 3458 2384 in
3488 2329 3568 2384 di-

255 2427 375 2467 non
406 2414 593 2468 solum
617 2418 810 2469 mente
843 2416 1032 2488 cogito
1070 2419 1158 2473 vel
1187 2419 1410 2491 scriptis
1436 2419 1739 2486 annuntio,
1759 2418 1859 2473 sed
1959 2416 2183 2486 gnitate
2220 2416 2525 2471 dissimiles
2574 2421 2631 2471 et
2653 2417 2983 2489 inaequales.
3012 2418 3378 2490 Inmqualitas
3424 2433 3562 2473 sane

242 2515 323 2553 (ex
355 2500 656 2558 affectione
678 2503 860 2559 nimia
873 2521 972 2560 ore
995 2506 1248 2578 profero.
1270 2507 1570 2562 Innuendo
1588 2507 1762 2579 igitur
1781 2505 1859 2561 sic
1959 2503 2169 2558 dicitur
2194 2505 2353 2579 dele
2368 2522 2551 2579 quam
2575 2521 2719 2559 unus
2750 2505 2925 2560 habet
2955 2505 3166 2569 minus,
3188 2508 3246 2561 et
3274 2505 3417 2560 alius
3437 2522 3560 2560 ma-

252 2587 921 2658 Prophetaafl'ectionem
943 2576 1129 2661 suam,
1157 2594 1446 2649 auditores
1461 2576 1709 2650 attentos
1733 2595 1859 2649 red-
1958 2591 2078 2661 gis:
2109 2595 2172 2646 ut
2422 2593 2467 2646 si
2498 2592 2738 2664 quilibet
2795 2593 3024 2665 longior
3050 2594 3094 2648 si
3131 2595 3322 2665 aliquo
3360 2594 3559 2663 longo.

258 2674 362 2729 dit.
393 2675 491 2731 Vel
520 2677 598 2731 sic
626 2679 985 2735 Annuntiabo
1020 2683 1076 2735 in
1113 2698 1201 2735 ore
1220 2699 1355 2749 meo,
1381 2682 1439 2737 id
1464 2686 1550 2737 est
1574 2684 1632 2736 in
1665 2681 1855 2737 ofﬁcio
1957 2678 2368 2734 Dissimilitudo
2398 2696 2530 2734 vero
2545 2680 2616 2734 de
2643 2696 2705 2734 re
2736 2697 2912 2751 quam
2946 2698 3090 2735 unus
3111 2682 3305 2748 habet,
3330 2684 3389 2735 et
3417 2682 3563 2735 alter

254 2761 371 2816 oris
394 2763 508 2818 mei
536 2780 548 2818 :
583 2768 857 2821 veritatem
888 2774 1037 2822 tuam
1070 2769 1407 2824 duraturam
1438 2772 1495 2823 in
1520 2772 1858 2839 generatione
1957 2770 2150 2822 caret:
2185 2770 2248 2821 ut
2275 2766 2318 2821 si
2348 2767 2475 2838 quis
2500 2768 2662 2821 albus
2709 2769 2801 2831 sit,
2823 2769 2966 2822 alius
2995 2785 3131 2823 vero
3160 2768 3424 2824 minime.
3460 2768 3559 2823 Os-

254 2856 306 2902 et
332 2854 748 2923 generationem,
771 2854 828 2908 id
855 2858 941 2909 est
969 2857 1032 2910 in
1056 2842 1332 2911 aeternum.
1365 2856 1770 2911 Misericordias
1800 2859 1858 2911 et
1956 2855 2145 2909 tendit
2175 2870 2312 2909 vero
2343 2871 2464 2909 esse
2509 2854 2832 2923 dissimiles,
2867 2873 2999 2911 cum
3051 2856 3188 2911 dicit
3219 2874 3232 2911 :
3275 2857 3416 2910 Vere
3439 2873 3558 2911 non

250 2939 525 2994 veritatem
552 2957 658 3012 pro
682 2942 887 2997 eodem
905 2944 1098 2999 habet.
1125 2946 1319 3000 Posset
1343 2945 1522 3017 quaeri
1556 2963 1569 3001 :
1600 2946 1707 3000 Ubi
1726 2948 1859 3001 sunt
1883 2992 1929 3017 η
1957 2946 2041 2996 est
2070 2942 2276 3014 aliquis
2303 2942 2516 2998 similis.
2548 2943 2694 2996 Nam
2717 2944 2827 2997 erit
2850 2939 2993 2999 Deus
3031 2946 3087 2998 et
3117 2944 3244 2999 talis
3268 2945 3436 3012 Deus,
3468 2946 3563 3015 qui

249 3025 823 3103 misericordiae,quas
839 3032 1525 3105 annuntiabis,nusquam
1543 3034 1855 3105 apparent?
1883 3025 1929 3051 υ
1951 3028 2291 3102 gloriﬁcatur
2320 3033 2375 3084 in
2402 3031 2619 3086 consilio
2644 3039 2970 3099 sanctorum,
2999 3032 3059 3087 id
3095 3036 3178 3087 est
3209 3032 3554 3104 glorificabi-

249 3114 339 3168 Ad
361 3116 516 3186 quod
532 3117 611 3172 sic
638 3120 970 3190 respondet,
998 3121 1107 3176 hoc
1124 3121 1464 3176 auctoritate
1482 3122 1656 3194 ipsius
1673 3123 1855 3177 Patris
1957 3120 2067 3184 tur,
2091 3120 2149 3172 et
2175 3117 2279 3188 ipsi
2310 3134 2428 3174 non
2457 3121 2597 3174 tales
2620 3120 2719 3188 dii,
2754 3121 2848 3192 qui
2890 3121 3285 3191 glorificentur
3313 3123 3367 3174 in
3392 3122 3559 3175 consi-

248 3203 671 3275 confirmando,
703 3207 803 3261 sic.
839 3208 974 3263 Dico
1007 3209 1163 3279 quod
1198 3209 1580 3264 misericordias
1606 3210 1850 3276 cantabo,
1955 3205 2379 3277 lio_sanctorum.
2428 3207 2496 3260 Et
2553 3208 2701 3262 bene
2748 3208 2887 3263 dicit
2944 3226 3063 3263 non
3103 3208 3445 3281 simpliciter
3495 3207 3555 3262 in

253 3291 410 3362 quod
439 3308 475 3346 a
503 3309 599 3348 me
636 3295 873 3366 quidem
905 3312 1024 3351 non
1061 3296 1271 3364 habeo,
1300 3297 1399 3351 sed
1433 3313 1466 3351 a
1496 3298 1574 3365 te,
1604 3298 1855 3353 Domine
1952 3293 2180 3360 sanctis,
2211 3295 2312 3349 sed
2342 3297 2404 3350 in
2421 3297 2641 3351 consilio
2664 3304 3069 3366 sanctorum,ac
3089 3296 3135 3351 si
3157 3297 3342 3351 dicat:
3373 3296 3554 3360 Quem

249 3377 438 3445 Pater,
470 3383 721 3451 quoniam
768 3381 959 3437 dixisti
1002 3382 1144 3437 mihi
1194 3383 1435 3437 interius
1475 3384 1853 3454 inspiratione
1952 3382 2134 3451 sancti
2166 3384 2224 3437 et
2246 3382 2572 3451 devotione,
2592 3388 2651 3439 et
2677 3401 2872 3458 opere,
2904 3388 2962 3440 et
2986 3402 3086 3440 ore
3112 3385 3548 3457 gloriﬁcabunt:

249 3467 369 3533 tua,
402 3468 557 3537 quod
584 3471 963 3538 misericordia,
988 3471 1045 3525 id
1067 3474 1154 3525 est
1169 3471 1515 3526 beneficium
1532 3472 1855 3528 misericor—
1953 3474 2012 3524 et
2044 3471 2152 3525 hoc
2185 3487 2301 3525 non
2352 3471 2701 3540 inconsulte,
2734 3473 2836 3528 sed
2880 3473 3117 3528 consilio
3172 3472 3549 3537 rationabili:

250 3550 359 3607 diae
388 3554 452 3608 in
479 3562 735 3611 aeternum
763 3557 1128 3626 duraturum,
1150 3559 1500 3627 azdiﬁcabitur
1526 3562 1582 3614 in
1611 3561 1770 3627 caelis,
1793 3559 1853 3614 id
1952 3558 2109 3629 quod
2138 3558 2408 3629 equidem
2428 3560 2659 3631 dignius
2687 3563 2772 3615 est
2793 3578 2967 3632 quam
2989 3561 3034 3614 si
3048 3561 3169 3614 sine
3187 3561 3423 3616 consilio
3442 3561 3554 3615 hoc

249 3643 334 3695 est
361 3642 463 3697 fiet
490 3644 549 3698 in
583 3645 876 3716 apostolis,
900 3646 1117 3701 scilicet
1143 3664 1286 3718 quos
1317 3648 1430 3703 fide
1462 3651 1519 3702 et
1548 3648 1631 3703 tui
1653 3648 1850 3719 cogni-
1952 3648 2239 3716 ageretur.
2272 3647 2533 3702 Ostendit
2556 3664 2785 3720 quoque
2803 3664 2900 3702 eos
2923 3649 3232 3717 inaequales
3254 3665 3394 3715 esse,
3420 3664 3553 3702 cum

245 3728 405 3784 tione
433 3731 787 3788 illuminabis
830 3734 885 3789 in
927 3735 1249 3802 virtutibus,
1302 3740 1359 3790 et
1390 3737 1659 3808 operibus
1685 3735 1851 3791 bonis
1950 3733 2139 3788 addit:
2171 3735 2314 3788 Vere
2355 3737 2543 3799 nullus
2586 3736 2887 3807 aequabitur
2932 3734 3163 3788 Domino
3211 3735 3372 3789 Filio.
3407 3737 3552 3791 Nam

245 3816 597 3887 sublimabis,
622 3823 680 3875 et
706 3821 946 3877 tandem
982 3823 1357 3878 beatificabis.
1394 3825 1465 3879 Et
1496 3827 1550 3879 in
1575 3826 1649 3879 eis
1671 3825 1846 3893 ccelis,
1947 3826 2068 3892 ipse
2091 3821 2200 3877 erit
2222 3840 2448 3894 magnus
2477 3824 2535 3878 in
2570 3824 2831 3895 potentia
2865 3823 3296 3890 miraculorum,
3328 3830 3378 3877 et
3404 3826 3552 3877 terri-

244 3900 307 3959 id
336 3909 420 3960 est
445 3922 550 3976 per
561 3925 658 3964 eos
680 3911 852 3965 coalos
867 3912 1267 3983 praeparabitur
1284 3912 1343 3966 in
1375 3914 1500 3969 aliis
1515 3916 1706 3968 veritas
1733 3920 1844 3980 tua,
1951 3908 2067 3963 bilis
2096 3909 2156 3964 in
2175 3910 2443 3977 vindicta,
2471 3928 2625 3981 super
2644 3919 2819 3965 omnes
2849 3910 3254 3983 praedicatores
3279 3912 3374 3982 qui
3397 3916 3547 3977 sunt,

245 3995 323 4061 et,
350 3993 409 4047 id
430 3997 517 4049 est
534 3995 879 4052 beneficium
905 3998 1334 4069 misericordite,
1358 4001 1513 4072 quod
1530 4001 1738 4056 veritas
1751 4005 1849 4056 tua
1948 3995 2008 4051 id
2042 4002 2128 4052 est
2152 3999 2248 4069 qui
2290 4002 2467 4052 erunt
2506 4001 2561 4051 in
2621 4001 2847 4053 circuitu
2891 4000 3024 4069 ejus,
3056 3998 3116 4053 id
3145 4000 3230 4053 est
3267 3998 3549 4053 famulatu

244 4080 576 4153 complebit.
609 4083 836 4138 lnducit
862 4087 1059 4139 autem
1090 4086 1268 4142 verba
1299 4086 1474 4158 ipsius
1505 4088 1706 4156 Patris,
1736 4088 1841 4143 sic:

245 4166 381 4223 Dico
405 4170 561 4241 quod
579 4170 780 4240 dii-isti,
800 4175 859 4229 et
885 4189 1015 4228 ecce
1046 4174 1199 4229 dicta
1223 4176 1323 4229 tua
1342 4175 1582 4245 disposui
1597 4176 1668 4231 ab
1686 4180 1849 4231 aster-

1948 4085 2091 4157 ejus.
2124 4086 2571 4141 Asimilitudine
2616 4086 2832 4142 dictum
2889 4090 2974 4142 est
3019 4087 3393 4154 famulorum,
3449 4087 3549 4158 qui
3622 4138 3629 4141 .

1946 4175 2263 4229 Dominum
2284 4174 2662 4242 circumdant,
2691 4177 2755 4229 ut
2770 4175 3206 4242 eifamulentur,
3231 4192 3295 4230 ac
3307 4175 3351 4231 si
3371 4175 3540 4230 dicat:

243 4272 341 4325 no,
372 4263 741 4316 testamentum
767 4277 988 4329 meum,
1019 4262 1079 4317 id
1114 4266 1199 4318 est
1228 4263 1621 4320 firmissimam
1638 4281 1845 4320 novam
1869 4271 1921 4330 D
1946 4264 2088 4319 Cum
2114 4264 2221 4335 ipsi
2261 4263 2462 4336 magni
2493 4264 2609 4318 sint
2631 4263 2691 4318 in
2722 4265 2986 4334 potentia
3028 4265 3463 4331 miraculorum,
3488 4267 3547 4319 et

240 4344 435 4417 legem
457 4363 653 4403 meam
682 4366 777 4404 me
795 4350 1064 4405 daturum
1075 4351 1247 4406 electis
1266 4353 1417 4419 meis,
1445 4353 1846 4409 scilicetfideli-

241 4431 347 4487 bus
377 4435 521 4489 meis
550 4435 611 4491 in
640 4439 906 4509 tempore
941 4438 1313 4511 plenitudinis
1342 4440 1567 4502 futuris,
1603 4457 1745 4511 quos
1775 4443 1844 4497 de

242 4537 431 4578 massa
454 4525 815 4595 perditorum
840 4527 1074 4600 eligam,
1108 4531 1164 4583 et
1172 4529 1383 4599 juravi,
1412 4529 1470 4585 id
1486 4531 1571 4584 est
1600 4529 1847 4584 firmiter

241 4612 302 4665 et
325 4614 487 4683 quasi
514 4631 646 4670 cum
673 4616 1011 4687 juramento
1028 4616 1290 4688 promisi,
1320 4617 1506 4672 David
1536 4634 1682 4672 servo
1709 4634 1840 4688 meo,

241 4697 302 4753 id
326 4704 414 4756 est
429 4703 653 4759 Christo
668 4705 988 4777 significato
1008 4722 1110 4778 per
1132 4705 1311 4761 David
1329 4723 1343 4774 ;
1359 4706 1456 4777 qui
1474 4722 1668 4761 servus
1683 4721 1845 4760 meus

242 4788 353 4843 erit
382 4793 697 4847 secundum
728 4794 883 4866 quod
911 4795 1090 4849 homo
1142 4795 1203 4849 in
1247 4795 1514 4849 omnibus
1544 4793 1839 4849 obediens.

242 4877 359 4934 Hoc
387 4879 600 4936 scilicet
620 4881 859 4953 promisi
888 4882 1015 4949 tibi,
1059 4898 1091 4937 o
1124 4883 1323 4950 David,
1355 4883 1509 4954 quod
1527 4883 1841 4953 praeparabo

241 4982 348 5039 per
374 4970 780 5041 praedicatores
826 4970 885 5025 in
916 4971 1029 5026 flde
1071 4989 1246 5026 semen
1292 4979 1461 5038 tuum,
1494 4971 1553 5026 id
1582 4974 1667 5027 est
1696 4972 1841 5026 ﬁlios

242 5059 371 5112 tuos
394 5059 715 5130 adoptivos,
744 5061 839 5132 qui
875 5060 956 5114 tui
985 5075 1256 5139 sequaces
1285 5061 1456 5116 erunt
1484 5070 1655 5131 prout
1684 5064 1841 5130 pote-

239 5150 399 5202 runt.
435 5148 569 5204 Dico
596 5166 771 5203 semen
799 5148 1139 5220 praeparabo,
1193 5164 1389 5215 semen,
1435 5148 1561 5203 dico
1592 5165 1752 5220 usque
1788 5149 1843 5201 in

240 5242 497 5291 aeternum
527 5254 994 5309 permansurum.
1029 5237 1135 5301 Qui
1158 5237 1315 5293 enim
1328 5237 1523 5293 credet
1546 5238 1604 5293 in
1629 5242 1704 5303 te,
1723 5253 1841 5293 non

242 5324 527 5380 morietur
552 5326 611 5380 in
642 5329 926 5382 internum
955 5325 1141 5398 (Joan.
1174 5343 1250 5392 x1,
1284 5328 1396 5396 26),
1413 5332 1463 5379 et
1485 5325 1755 5393 edi/trabe
1782 5325 1842 5379 in

240 5412 543 5469 virtutibus
571 5417 630 5469 et
676 5415 842 5470 bonis
885 5414 1152 5487 operibus
1181 5413 1355 5469 sedem
1384 5420 1530 5467 tuam
1553 5416 1609 5467 in
1628 5430 1845 5482 genera-

242 5503 384 5565 tione
406 5508 456 5557 et
470 5506 884 5575 generationem,
910 5502 970 5560 id
989 5505 1075 5560 est
1096 5503 1159 5565 in
1176 5504 1463 5560 aeternum
1494 5517 1845 5576 permansu~

1944 4352 2228 4407 terribiles
2258 4353 2316 4406 in
2349 4352 2608 4423 patentia
2636 4352 2911 4423 puniendi
2930 4354 3132 4423 malos,
3163 4352 3385 4407 meritis
3415 4369 3543 4407 ora-

1944 4439 2169 4494 tionum
2195 4456 2428 4494 suarum
2452 4458 2466 4507 ;
2494 4443 2692 4495 tamen
2725 4443 2810 4494 est
2839 4440 3118 4511 eismajor
3136 4444 3193 4496 et
3213 4440 3543 4498 terribilior.

1944 4527 2098 4583 Facit
2126 4530 2321 4582 autem
2381 4530 2792 4599 apostropham
2845 4529 2919 4583 ad
2972 4545 3107 4584 eum
3155 4547 3288 4585 cum
3331 4531 3541 4602 repeti-

1943 4616 2126 4683 tione,
2159 4619 2223 4671 ut
2255 4616 2431 4671 addat
2456 4634 2469 4671 :
2505 4616 2661 4684 Dico,
2690 4634 2723 4671 o
2751 4618 2902 4671 Deus
2927 4617 3054 4685 Fili,
3085 4621 3203 4690 quis
3233 4622 3288 4673 in
3316 4619 3542 4673 nubibus

1944 4707 2042 4759 erit
2070 4706 2261 4761 similis
2304 4706 2598 4765 Domino?
2638 4709 2695 4760 et
2735 4706 2887 4760 bene
2935 4706 3062 4761 dico
3097 4722 3110 4761 :
3164 4706 3473 4774 Quoniam,
3507 4725 3540 4762 o

1950 4792 2171 4847 Domine
2191 4793 2335 4848 Deus
2382 4797 2663 4863 virtutum,
2712 4813 2778 4851 ex
2819 4794 2957 4867 ipsis
3006 4795 3251 4851 nubibus
3280 4796 3397 4865 quis
3427 4796 3537 4850 erit

1938 4882 2127 4937 similis
2143 4883 2240 4936 tibi
2250 4882 2277 4936 ?
2294 4882 2510 4948 Nullus,
2530 4883 2670 4938 Cum
2698 4884 2854 4939 enim
2878 4883 2949 4937 sis
2968 4881 3244 4938 Dominus
3265 4881 3539 4936 virtutum

1940 4986 2342 5042 supernarum,
2377 4976 2433 5026 et
2462 4974 2631 5040 Deus,
2665 4973 2724 5027 id
2755 4976 2841 5027 est
2870 4975 3096 5026 creator
3125 4986 3325 5025 earum
3348 4974 3405 5025 et
3434 4971 3540 5041 ipsi

1939 5059 2205 5123 minime,
2247 5059 2548 5115 dissimiles
2577 5061 2679 5115 tibi
2712 5065 2862 5115 sunt.
2897 5061 2963 5113 Et
2990 5060 3047 5113 in
3079 5060 3187 5113 hoc
3213 5058 3386 5113 etiam
3410 5063 3542 5114 sunt

1920 5147 2243 5202 ‘dissimiles
2264 5149 2389 5216 tibi,
2423 5149 2558 5221 quia
2573 5156 2762 5220 potens
2791 5166 2863 5215 es,
2895 5148 2954 5202 id
2976 5150 3061 5203 est
3078 5148 3189 5202 eris
3208 5148 3278 5202 de
3309 5149 3407 5204 tali
3439 5165 3540 5220 po-

1939 5237 2123 5291 tentia
2153 5253 2266 5307 qua
2292 5236 2517 5307 penitus
2547 5237 2653 5307 ipsi
2697 5239 2915 5305 carent,
2949 5242 3008 5292 et
3050 5237 3110 5291 in
3159 5237 3268 5291 hoc
3316 5253 3544 5309 quoque

1942 5326 2076 5378 sunt
2104 5323 2426 5391 dissimiles,
2454 5324 2588 5394 quia
2611 5326 2808 5379 veritas
2835 5330 2928 5379 tua
2958 5325 3070 5382 erit
3098 5325 3153 5377 in
3173 5327 3399 5379 circuitu
3431 5331 3542 5394 tuo,

1944 5414 2002 5468 et
2030 5412 2088 5466 in
2107 5411 2349 5469 circuitu
2374 5427 2574 5468 eorum
2601 5411 2817 5479 non,id
2830 5417 2917 5468 est
2936 5413 3045 5488 ipsi
3068 5412 3166 5482 qui
3194 5428 3296 5483 per
3308 5411 3549 5485 empha-

1945 5501 2033 5560 sin
2065 5500 2276 5558 veritas
2304 5502 2695 5571 tuadicentur,
2720 5517 2789 5558 eo
2817 5504 2977 5576 quod
2992 5516 3099 5580 per
3110 5501 3410 5562 veritatem
3431 5516 3562 5558 san-
