3998 6026
432 236 575 313 i107

1032 233 1091 311 s.
1113 232 1457 310 BRUNONIS
1497 230 2128 310 CARTHUSIANORUM
2162 238 2631 311 INSTITUTORIS
2669 236 2825 311 opp.
2862 238 3061 310 PARS.
3103 238 3127 309 ι

3593 254 3737 310 “08

428 372 873 442 eti'efﬁcientur,
896 344 1067 430 erunt
1088 373 1146 428 in
1176 373 1457 428 famulatu
1492 375 1610 428 tuo.
1632 371 1775 435 Quia
1806 388 1937 427 vero
1960 370 2040 427 di-
2057 376 2110 435 Α
2133 371 2289 428 enim
2333 372 2634 444 aequaliter
2690 389 2893 429 omnes
2939 370 3134 427 circuli
3189 372 3384 442 partes
3432 387 3468 426 a
3511 374 3737 444 puncto

430 466 591 517 xerat
619 480 631 517 :
654 469 842 534 potens
873 480 942 530 es,
996 464 1165 529 Deus,
1200 462 1523 534 potentiam
1557 460 1727 515 istam
1755 459 2028 527 ostendit,

432 552 699 607 addendo
722 552 820 606 sic.

506 640 644 695 Dico
674 640 829 711 quod
850 645 1036 710 potens
1048 638 1181 706 eris,
1209 642 1267 694 et
1283 655 1412 696 ecce
1428 634 1772 709 potentiam,
1793 637 2027 705 scilicet,

434 734 491 781 tu
519 728 832 794 dominaris,
866 727 922 781 id
948 730 1033 781 est
1065 726 1456 781 dominaberis
1470 728 1725 797 potestati
1760 727 1944 792 maris,
1974 728 2031 779 et

433 814 673 885 ipsinon
694 832 708 883 ;
730 815 1187 869 scilicethabebis
1206 816 1263 868 in
1284 814 1541 870 dominio
1570 817 1914 886 potestatem
1942 813 2028 885 ip-

430 918 628 957 sorum
643 902 960 957 inﬁdelium
975 904 1413 958 amaricantium
1438 907 1491 957 te
1506 904 1660 957 mala
1676 903 1790 956 vita
1804 901 2033 969 sua,sci-

426 990 560 1045 licet
572 991 693 1062 ipsa
706 994 956 1062 potestas
973 1008 1146 1062 quam
1161 990 1458 1045 habebunt
1470 994 1596 1045 tuos
1609 990 2029 1062 persequendo,

428 1077 489 1131 in
514 1078 772 1132 dominio
805 1082 902 1134 tuo
930 1079 1058 1146 erit,
1088 1078 1299 1134 utnon
1320 1078 1490 1133 liceat
1510 1079 1589 1133 eis
1612 1079 1808 1133 saevire
1828 1082 1884 1133 et
1906 1094 2032 1149 per-

428 1166 614 1236 sequi,
650 1166 757 1221 nisi
786 1171 1067 1238 quantum
1103 1166 1185 1220 eis
1217 1166 1517 1236 permittes
1551 1182 1565 1220 :
1595 1170 1651 1221 et
1690 1184 1809 1222 non
1843 1167 2030 1222 solum

428 1253 668 1307 habebis
689 1254 745 1307 in
769 1254 1028 1310 dominio
1053 1254 1237 1325 ipsam
1259 1257 1604 1325 potestatem
1624 1257 1686 1308 ut
1703 1255 1881 1325 possis
1899 1271 2030 1309 eam

426 1356 792 1412 compescere
818 1358 830 1395 :
864 1341 1079 1396 Motum
1093 1349 1271 1396 autem
1283 1344 1548 1409 ﬂuctuum
1565 1342 1677 1412 ejus
1704 1347 1764 1397 tu
1795 1344 2026 1411 mitigas,

422 1426 483 1482 id
513 1432 598 1483 est
647 1430 747 1483 sed
801 1436 858 1482 tu
887 1430 1177 1501 mitigabis
1206 1438 1405 1484 motum
1435 1432 1701 1498 ﬂuctuum
1756 1432 1891 1501 ejus,
1924 1430 2029 1501 ipsi

424 1533 565 1584 non;
584 1516 642 1570 id
657 1520 741 1571 est
760 1517 1070 1588 aliquando
1085 1534 1303 1572 cessare
1322 1518 1495 1572 facies
1511 1522 1735 1573 motum
1748 1519 2029 1573 ﬂuctuum

427 1605 473 1674 ej
485 1622 548 1659 us
580 1605 776 1672 maris,
802 1605 859 1660 id
882 1610 967 1661 est
990 1606 1134 1661 iram
1154 1606 1632 1679 inﬁdelium,quas
1656 1608 1910 1662 movebit
1926 1608 2027 1661 ﬂu-

2135 461 2370 526 quodin
2389 461 2581 517 medio
2599 464 2703 529 est,
2719 460 2874 533 quod
2893 460 2952 516 in
2974 460 3098 515 aliis
3126 460 3332 532 ﬁgurts
3363 460 3605 515 minime
3630 476 3738 532 po-

2130 552 2241 603 test
2262 549 2528 607 inveniri.
2559 552 2639 604 Ex
2667 550 2829 620 cujus
2858 549 2943 603 rei
2968 548 3372 615 similitudine,
3406 548 3738 621 philosophi

2128 637 2401 707 leguntur
2414 636 2689 691 virtutum
2715 637 2794 691 sic
2813 636 3149 691 difﬁnivisse
3172 653 3184 689 :
3202 657 3230 686 ‹‹
3247 635 3434 690 Virtus
3449 640 3535 690 est
3549 653 3743 708 aequa-

2129 724 2258 778 litas
2278 724 2646 792 vitae,rationi
2663 724 2917 795 undique
2931 723 3569 779 convenientis.»Debet
3579 724 3741 778 enim

2129 813 2277 866 ratio
2321 829 2465 875 esse,
2507 813 2669 884 quasi
2702 812 2960 867 medium
3004 813 3078 867 ad
3115 812 3274 882 cuius
3300 811 3745 883 dispositionem

2132 915 2334 954 omnes
2353 901 2478 955 vitae
2501 903 2693 971 partes
2715 900 3013 971 asqualiter
3025 902 3082 954 et
3102 904 3431 955 mensurate
3444 899 3744 955 deducan-

2130 987 2394 1054 tur,sicut
2417 990 2696 1058 punctum
2714 988 2975 1043 medium
2991 990 3096 1055 est,
3124 987 3197 1041 ad
3224 988 3382 1059 cujus
3404 1003 3743 1042 mensuram

2133 1090 2337 1129 omnes
2364 1080 2556 1147 partes
2585 1075 2779 1131 circuli
2809 1075 3107 1147 (equaliter
3127 1074 3474 1146 diriguntur,
3506 1075 3594 1130 vel
3622 1075 3740 1130 sic:

2132 1163 2200 1217 Et
2228 1164 2351 1219 haec
2378 1165 2586 1219 veritas
2616 1168 2734 1231 tua,
2767 1163 2984 1218 scilicet
3013 1163 3168 1235 quod
3194 1166 3404 1234 potens
3433 1179 3514 1229 es,
3544 1162 3605 1218 in
3627 1162 3741 1217 cir-

2132 1252 2285 1308 cuitu
2303 1255 2402 1308 tuo
2436 1255 2542 1320 est,
2594 1252 2654 1307 id
2707 1256 2794 1307 est
2835 1251 2895 1307 in
2931 1251 3014 1306 eis
3055 1251 3151 1323 qui
3189 1255 3324 1306 sunt
3366 1251 3425 1305 in
3456 1251 3745 1307 famulatu

2131 1342 2253 1409 tuo,
2272 1340 2429 1412 quod
2447 1344 2534 1395 est
2551 1340 2765 1395 dicere.
2781 1340 2895 1394 Hoc
2909 1340 3189 1394 veraciter
3207 1340 3397 1394 sciunt
3410 1340 3745 1395 obeditores

2130 1427 2234 1493 tui,
2267 1428 2401 1499 quia
2424 1431 2630 1497 potens
2646 1444 2726 1490 es,
2747 1428 3071 1499 quicunque
3093 1426 3384 1498 ignorent.
3406 1427 3533 1482 Non
3545 1428 3742 1482 solum

2130 1517 2327 1570 autem
2357 1514 2609 1585 fundasti
2627 1515 2805 1569 orbem
2834 1520 2987 1569 terra
3016 1521 3065 1569 et
3082 1514 3467 1585 plenitudinem
3486 1516 3619 1586 ejus,
3649 1517 3744 1569 sed

2127 1610 2178 1657 et
2206 1611 2263 1656 tu
2287 1606 2479 1657 creasti
2504 1604 2891 1675 aquilonem,et
2904 1620 3071 1669 mare,
3104 1603 3159 1657 id
3176 1606 3261 1657 est
3287 1606 3349 1657 tu
3379 1604 3585 1658 creasti
3616 1604 3742 1658 dia-

421 1695 544 1747 ctus
576 1693 843 1748 adversus
872 1699 1120 1764 sanctos,
1153 1696 1601 1767 persecutiones,
1631 1697 1866 1763 scilicet,
1896 1714 2024 1769 quae
2049 1698 2099 1756 B
2126 1691 2346 1760 11010111,
2381 1693 2478 1763 qui
2497 1692 2739 1763 frigidos
2764 1692 2899 1747 ἲειοὶῐ
2925 1690 3066 1746 ίοῧά
3078 1691 3193 1745 8183
3219 1691 3291 1746 ab
3317 1692 3525 1747 ardore
3549 1692 3742 1747 Chari-

424 1797 522 1835 eos
538 1780 610 1836 ad
622 1782 862 1837 modum
878 1784 1153 1838 ﬂuctuum
1168 1784 1696 1854 opprimant.Quod
1710 1790 1797 1841 est
1811 1786 2019 1840 dicere:

419 1867 698 1940 Mitigabis
716 1871 1104 1942 quorumdam
1122 1871 1444 1926 inﬁdelium
1462 1873 1628 1941 iram,
1662 1878 1725 1929 ut
1746 1873 2022 1940 conversi,

2127 1779 2281 1848 tatis,
2313 1780 2389 1837 ad
2418 1779 2860 1835 similitudinem
2883 1778 3167 1850 aquilonis
3191 1778 3743 1849 frigidissimiventi,

2125 1872 2174 1920 et
2203 1884 2351 1921 mare
2377 1869 2586 1933 creasti,
2618 1866 2676 1920 id
2703 1865 2950 1936 estipsos
2970 1865 3230 1921 inﬁdeles
3256 1866 3643 1921 amaricantes
3660 1868 3746 1931 te,

422 1955 622 2012 ﬁdeles
652 1960 778 2012 tuos
809 1958 1078 2032 persequi
1108 1960 1403 2015 desistant.
1429 1961 1757 2016 Notandum
1785 1962 1941 2033 quod
1967 1967 2025 2014 tu
2125 1955 2280 2028 quod
2302 1958 2387 2009 est
2413 1955 2623 2010 dicere.
2648 1954 2772 2010 Non
2794 1954 3161 2010 solummodo
3176 1955 3381 2022 bonos,
3409 1954 3512 2010 sed
3539 1958 3597 2009 et
3619 1969 3745 2008 ma-

424 2045 594 2099 toties
622 2046 954 2116 repetitum,
985 2046 1058 2102 ad
1082 2047 1468 2103 differentiam
1497 2049 1753 2121 ponitur,
1781 2067 1844 2104 ac
1875 2049 1919 2103 si
1940 2049 2025 2104 di-

430 2136 587 2187 ceret
616 2150 628 2187 :
662 2134 744 2187 Tu
783 2135 893 2189 hoc
922 2134 1114 2203 facies,
1151 2138 1208 2189 et
1241 2135 1347 2207 ipsi
1383 2153 1524 2204 non,
1567 2141 1624 2193 et
1654 2155 1757 2210 per
1786 2139 1895 2193 hoc
1924 2137 2029 2193 tibi

430 2220 731 2276 dissimiles
744 2239 863 2276 esse
895 2224 1515 2294 comprobantur.Dico
1534 2227 1688 2297 quod
1715 2226 2030 2289 luctamina-

430 2309 503 2361 ris
521 2311 779 2378 potestati
800 2311 989 2379 maris,
1025 2315 1158 2380 etc.,
1183 2315 1241 2366 et
1280 2316 1342 2366 tu
1377 2313 1555 2367 etiam
1606 2314 1684 2369 sic
1715 2319 1919 2387 potens
1949 2333 2029 2383 es,

430 2396 585 2467 quod
618 2405 675 2451 tu
704 2397 1023 2465 humiliasti,
1042 2399 1101 2454 id
1118 2403 1203 2454 est
1217 2400 1548 2455 humiliabis
1563 2404 1849 2472 superbum
1865 2408 2029 2459 anto-

429 2484 748 2539 nomastice
776 2488 850 2540 sic
876 2488 1231 2554 vulneratum,
1256 2488 1315 2542 id
1339 2492 1423 2543 est
1436 2492 1635 2561 utpote
1654 2490 1809 2561 prius
1835 2495 2033 2547 vulne-

433 2574 648 2640 ratum,
677 2576 734 2627 et
755 2573 861 2646 ipsi
879 2591 1025 2643 non;
1046 2576 1201 2647 quod
1227 2580 1313 2631 est
1339 2576 1558 2631 dicere:
1589 2578 1750 2633 Prius
1774 2596 1907 2634 eum
1922 2582 2037 2635 vul-

430 2660 647 2715 nerabis
677 2664 867 2716 morte
906 2665 1026 2730 tua,
1052 2663 1369 2719 auferendo
1394 2664 1446 2719 ei
1467 2665 1562 2735 jus
1587 2667 1743 2737 quod
1771 2667 1948 2721 habet
1975 2667 2035 2722 in

433 2746 691 2803 humano
711 2754 1010 2820 genere,et
1023 2755 1223 2823 postea
1236 2770 1301 2807 ex
1316 2755 1439 2808 toto
1463 2770 1595 2807 eum
1619 2754 1949 2809 humiliabis
1967 2754 2037 2809 de
2066 2768 2081 2783 ‘

433 2852 614 2908 regno
644 2854 768 2906 suo,
788 2839 1020 2910 quando
1035 2843 1237 2911 gentes
1247 2856 1353 2912 per
1377 2842 1787 2913 praedicatores
1812 2843 1864 2897 ei
1886 2842 2040 2897 aufe-

432 2940 523 2979 res
549 2941 562 2978 :
587 2943 621 2980 a
645 2926 1020 2982 similitudine
1046 2928 1247 2995 hostis,
1286 2930 1381 3000 qui
1409 2930 1567 3001 prius
1598 2932 1949 2998 vulneratur,
1982 2933 2040 2985 et

2124 2043 2231 2106 los,
2251 2047 2309 2098 et
2323 2044 2616 2099 diabolum
2638 2048 2810 2116 caput
2825 2060 3028 2099 eorum
3051 2044 3400 2112 creasti,non
3422 2044 3747 2099 secundum

2130 2131 2287 2203 quod
2317 2132 2455 2186 mali
2476 2135 2630 2197 sunt,
2686 2131 2787 2186 sed
2823 2148 2957 2186 cum
2983 2131 3137 2204 ipsos
3159 2131 3345 2187 bonos
3372 2130 3656 2187 creaveris
3680 2132 3743 2187 in

2128 2220 2338 2287 Adam,
2358 2221 2495 2275 mali
2512 2219 2649 2275 facti
2680 2224 2813 2274 sunt
2834 2236 2940 2292 per
2960 2220 3136 2291 ipsius
3163 2220 3303 2275 Ades
3334 2223 3662 2293 peccatum,
3686 2223 3751 2274 et

2132 2324 2265 2362 eum
2293 2309 2591 2363 diabolum
2614 2309 2835 2363 bonum
2852 2308 3177 2363 etlucidum
3202 2308 3505 2375 creaveris,
3530 2324 3638 2378 per
3652 2326 3750 2363 su-

2133 2394 2397 2468 perbiam
2424 2397 2645 2451 malum
2675 2413 2734 2450 se
2767 2395 2928 2453 fecit.
2958 2397 3057 2451 Vel
3076 2396 3158 2451 sic
3182 2414 3195 2451 :
3234 2397 3319 2450 Tu
3332 2398 3544 2459 creasti,
3572 2395 3632 2451 id
3659 2401 3749 2452 est

2135 2485 2355 2541 creabis
2408 2486 2707 2558 aquilonem
2749 2494 2799 2541 et
2846 2504 3012 2554 mare,
3060 2486 3118 2541 id
3163 2490 3250 2541 est
3295 2489 3356 2540 tu
3388 2486 3659 2558 dispones
3687 2491 3749 2542 et

2136 2573 2430 2628 ordinabis
2477 2574 2775 2630 diabolum
2810 2579 2869 2630 et
2918 2574 3185 2630 membra
3222 2575 3363 2645 ejus.
3410 2576 3578 2630 Juxta
3601 2574 3745 2631 illud

2135 2661 2326 2717 Isaias:
2358 2685 2385 2713 ‹‹
2402 2663 2900 2736 Formanspaeem
2923 2667 2980 2718 et
2999 2680 3202 2733 creans
3229 2664 3448 2718 malum
3463 2662 3599 2735 (Isa.
3615 2681 3738 2732 ην,

2136 2754 2255 2815 7),»
2294 2766 2412 2805 non
2436 2750 2591 2821 quod
2620 2751 2739 2822 ipse
2767 2751 2844 2805 sic
2876 2753 3077 2805 auctor
3097 2751 3351 2817 malitiae,
3372 2767 3408 2805 a
3438 2767 3554 2823 quo
3581 2750 3745 2805 nefas

2138 2840 2223 2891 est
2255 2837 2466 2905 dicere,
2487 2838 2704 2909 aliquid
2724 2839 2864 2893 mali
2885 2839 3200 2909 procedere
3217 2855 3230 2892 :
3246 2838 3348 2893 sed
3368 2838 3488 2909 ipse
3518 2838 3746 2894 malum

2139 2930 2319 2995 creat,
2352 2927 2413 2981 id
2443 2930 2530 2982 est
2561 2927 2813 2995 ordinat,
2846 2931 3055 2983 utcum
3082 2926 3350 2982 videlicet
3378 2928 3503 2998 ipsa
3524 2926 3751 2981 malitia

436 3016 639 3084 postea
671 3015 954 3086 dejicitur,
978 3018 1065 3072 vel
1091 3019 1229 3071 sicut
1253 3018 1597 3073 vulneratum
1621 3018 1769 3074 bene
1783 3018 2040 3091 ponit,id
2062 3003 2110 3063 C
2141 3031 2175 3069 a
2205 3014 2432 3070 diabolo
2461 3018 2519 3070 et
2548 3016 2619 3070 ab
2643 3015 2836 3088 impiis
2874 3015 3168 3089 procedat,
3200 3015 3429 3071 ordinet
3457 3015 3559 3083 sic,
3588 3019 3652 3070 ut
3676 3013 3753 3070 ad

438 3105 525 3157 est
553 3103 801 3160 similem
837 3106 1292 3162 vulnerato.Non
1309 3106 1467 3161 enim
1490 3107 1598 3162 fuit
1611 3124 1807 3163 revera
1827 3111 1885 3162 et
1914 3123 2044 3179 pro-

438 3191 563 3262 prie
592 3193 933 3261 vulneratio,
973 3194 1073 3248 sed
1106 3194 1267 3265 quasi
1300 3196 1647 3263 vulneratio,
1683 3200 1742 3250 et
1767 3202 1823 3249 tu
1846 3196 2046 3266 disper-

439 3280 572 3346 sisti,
602 3279 659 3333 id
693 3283 777 3334 est
790 3281 1050 3351 disperges
1073 3284 1310 3336 inimicos
1332 3289 1447 3336 tuos
1469 3281 1699 3338 Iudaeos
1728 3300 1831 3354 per
1857 3287 2043 3339 totum

444 3367 730 3421 mundum
761 3370 816 3421 in
846 3369 1056 3423 brachio
1082 3372 1292 3423 virtutis
1324 3377 1448 3436 tua},
1469 3370 1527 3425 id
1546 3374 1629 3425 est
1644 3372 1706 3426 in
1722 3371 1931 3425 brachio
1947 3375 2046 3427 tuo

444 3454 1390 3524 virtuoso,ntitadicam,scilicetin
1411 3458 1821 3529 fortipotentia
1832 3461 2049 3514 virtutis

449 3544 669 3606 tux,vel
679 3542 957 3613 disperges,
972 3544 1031 3599 id
1042 3546 1430 3617 estseparabis
1443 3548 1689 3602 inimicos
1704 3553 2048 3614 tuos,omnes

446 3631 661 3685 scilicet
678 3632 736 3687 iu
751 3632 1007 3687 humano
1029 3634 1632 3705 genere,inimicantes
1650 3635 1754 3690 tibi
1770 3637 1921 3690 mala
1936 3636 2053 3691 vita

450 3736 570 3786 sua,
604 3722 666 3773 ut
685 3719 826 3774 alios
845 3721 919 3775 ad
946 3721 1121 3776 vitam
1136 3738 1410 3791 assumas,
1430 3723 1568 3778 alios
1585 3727 1778 3779 autem
1804 3724 1879 3778 ad
1892 3740 2051 3779 mor-

448 3810 571 3861 tem
604 3808 894 3880 relinquas
921 3825 933 3862 :
988 3812 1046 3863 et
1076 3811 1185 3864 hoc
1230 3811 1403 3866 facies
1447 3813 1502 3864 in
1532 3811 1762 3878 brachio,
1795 3811 1853 3866 id
1879 3815 1965 3867 est
1993 3812 2052 3866 in

447 3897 710 3967 potentia
739 3899 949 3951 virtutis
972 3905 1094 3952 tua».
1128 3900 1430 3954 Braehium
1452 3917 1556 3971 pro
1579 3901 1844 3971 potentia
1858 3901 2043 3972 ponit,

452 4001 521 4038 eo
539 3985 696 4055 quod
719 3986 1012 4055 potentius
1030 3987 1362 4041 membrum
1381 3989 1640 4058 corporis
1655 3988 1725 4042 sit
1745 3988 1803 4043 in
1821 3989 2051 4059 virtute,

453 4074 512 4125 et
551 4072 694 4127 adeo
737 4076 944 4141 potens
994 4091 1074 4136 es,
1107 4076 1264 4146 quod
1308 4077 1391 4129 tui
1424 4084 1556 4129 sunt
1583 4078 1714 4143 caeli,
1765 4082 1816 4132 et
1861 4085 1952 4133 tua
1981 4087 2055 4134 est

453 4164 616 4224 terra,
669 4161 727 4213 et
777 4159 1033 4230 ipsorum
1083 4163 1359 4216 caelorum
1392 4180 1510 4217 non
1545 4179 1558 4216 :
1607 4167 1665 4218 et
1694 4163 1753 4218 in
1781 4165 1890 4221 hoc
1922 4172 2054 4224 sunt

451 4247 936 4325 tibi_dissimiles,
995 4248 1211 4303 scilicet
1272 4250 1700 4321 praedicatores,
1763 4254 1859 4325 qui
1920 4259 2055 4312 sunt

671 4337 881 4404 coali,id
908 4339 995 4391 est
1015 4318 1291 4392 doctrina—
1308 4318 1726 4409 compluentes,
1757 4318 1842 4396 tui
1858 4348 2050 4412 erunt,

449 4425 509 4479 id
539 4429 623 4479 est
652 4442 757 4497 per
784 4428 842 4480 te
882 4426 1007 4482 coeli
1052 4430 1242 4494 erunt,
1275 4433 1325 4480 et
1354 4433 1499 4482 terra
1530 4435 1622 4482 tua
1652 4437 1746 4497 est,
1766 4429 1824 4485 id
1842 4435 1925 4486 est
1951 4434 2052 4488 Ec-

450 4513 621 4568 clesia
640 4530 674 4568 a
694 4514 1163 4585 praedicatoribus
1189 4518 1509 4587 compluta,
1543 4534 1671 4589 quas
1711 4518 1869 4589 prius
1893 4509 2077 4577 mare.

450 4602 696 4657 existens
717 4606 872 4657 terra
901 4603 1199 4659 fructifera
1230 4605 1290 4659 in
1321 4605 1489 4660 bonis
1520 4606 1792 4677 operibus
1822 4609 1953 4678 erit,
1986 4627 2053 4666 ex

449 4695 547 4746 tua
574 4690 761 4762 gratia
796 4690 1031 4745 habebit
1071 4692 1227 4764 quod
1287 4696 1447 4747 terra
1498 4693 1627 4748 erit.
1663 4694 1912 4766 Exponit
1950 4715 2051 4753 au-

446 4785 566 4836 tem
589 4778 881 4852 quomodo
908 4782 1125 4834 terram
1152 4780 1304 4836 dicat
1335 4798 1457 4837 esse
1485 4782 1829 4852 ipsius,cum
1859 4786 2046 4842 addit:

448 4870 589 4924 Vere
616 4870 714 4922 tua
732 4866 842 4921 erit
864 4869 1048 4936 terra;
1080 4884 1238 4936 nam,
1256 4876 1311 4922 tu
1322 4869 1585 4940 fundasti,
1612 4871 1668 4926 id
1696 4877 1781 4926 est
1805 4872 2052 4930 ﬁrmiter

445 4955 760 5011 constitues
785 4955 963 5009 orbem
994 4954 1168 5026 ipsius
1222 4963 1392 5020 terra,
1426 4957 1483 5012 id
1512 4962 1597 5013 est
1626 4959 2046 5029 perfectionem

443 5045 563 5115 ejus
593 5044 653 5098 in
679 5043 984 5098 virtutibus
1013 5046 1070 5097 et
1096 5044 1263 5099 bonis
1295 5046 1585 5116 operibus,
1619 5054 1669 5100 et
1689 5047 1954 5115 fundasti,
1988 5047 2047 5102 id

441 5135 526 5189 est
555 5132 777 5187 creabis
790 5132 981 5204 prima
993 5133 1286 5188 creatione
1296 5134 1685 5203 plenitudinem
1714 5135 1767 5203 ei
1771 5153 1830 5189 us
1850 5139 2041 5202 terrae,

435 5221 651 5276 scilicet
671 5221 841 5275 facies
863 5221 1017 5276 nasci
1047 5222 1258 5276 multas
1282 5226 1503 5292 gentes,
1531 5240 1598 5277 ex
1628 5224 1834 5295 quibus
1860 5224 2045 5279 Eccle-

438 5308 587 5365 siam
628 5309 961 5366 constitues.
996 5309 1209 5365 Orbem
1254 5325 1358 5379 pro
1401 5310 1758 5381 perfectione
1786 5327 2040 5384 congrue

431 5398 615 5472 penit,
649 5414 717 5452 eo
749 5399 903 5470 quod
921 5399 980 5453 in
998 5398 1227 5453 circulis
1243 5405 1408 5471 (quos
1433 5400 1605 5455 orbes
1619 5399 1880 5472 dicimus)
1916 5418 2043 5474 per-

423 5484 630 5548 fectior
656 5486 951 5564 aequalitas
984 5487 1077 5559 sit,
1105 5502 1285 5565 quam
1310 5486 1371 5548 iu
1399 5487 1527 5548 aliis
1556 5488 1776 5564 figuris.
1805 5488 2032 5554 Distant

2142 3103 2400 3174 aliquam
2442 3102 2752 3158 utilitatem
2782 3119 3024 3158 suorum
3055 3104 3240 3159 cedat.

2204 3190 2502 3263 .Quoniam
2538 3191 2710 3264 igitur
2736 3192 2991 3248 dixerat:
3026 3189 3160 3246 Cati
3176 3192 3565 3262 conﬁtebuntur
3587 3194 3757 3245 mira-

2147 3280 2270 3335 bilia
2300 3289 2413 3348 tua,
2445 3281 2564 3334 vult
2601 3297 2890 3354 exponere
2936 3281 3033 3353 qui
3078 3280 3205 3337 cceli
3239 3298 3372 3336 cum
3395 3281 3586 3336 addit:
3616 3280 3757 3336 Dico

2148 3369 2304 3441 quod
2334 3371 2417 3422 tui
2440 3372 2610 3424 erunt
2635 3370 2765 3437 caeli,
2799 3373 2857 3424 et
2885 3370 3042 3442 quod
3067 3369 3149 3425 tui
3180 3373 3353 3425 erunt
3380 3370 3488 3442 ipsi
3515 3371 3764 3425 existen-

2146 3460 2235 3511 tes
2248 3457 2461 3511 Tliabor
2472 3464 2521 3512 et
2536 3458 2803 3526 Hermon,
2823 3458 2882 3513 id
2902 3462 2988 3513 est
3007 3458 3317 3513 illuminati
3341 3462 3399 3513 et
3421 3458 3767 3513 anathema-

2146 3545 2430 3601 thizantes
2456 3546 2775 3614 diabolum,
2807 3546 3164 3614 exsultabant,
3190 3546 3249 3601 id
3275 3549 3362 3601 est
3391 3548 3760 3603 exsultanter

2153 3632 2663 3701 annuntiabunt,in
2678 3634 2895 3689 nomine
2912 3634 3087 3703 tuo,id
3103 3634 3256 3690 estin
3269 3634 3490 3689 honore
3504 3634 3766 3690 nominis

2153 3720 2257 3789 tui,
2292 3727 2447 3777 tuum
2472 3722 2762 3789 brachium,
2789 3721 2849 3776 id
2880 3725 2965 3777 est
2988 3727 3151 3777 tuam
3181 3721 3608 3790 fortitudinem,
3638 3739 3766 3777 cum

2143 3812 2406 3880 potentia,
2434 3809 2491 3864 id
2517 3813 2602 3864 est
2633 3826 2764 3865 cum
2800 3810 3075 3879 efﬁcacia,
3093 3810 3306 3866 scilicet
3327 3810 3765 3866 annuntiabunt

2155 3898 2310 3969 quod
2340 3902 2546 3970 potens
2567 3914 2647 3965 es,
2678 3901 2736 3952 et
2765 3898 2967 3953 efﬁcax
2992 3898 3053 3953 in
3086 3898 3411 3972 superando
3436 3897 3760 3955 diabolum.

2152 3985 2381 4041 Thabor
2412 3985 2645 4057 quidem
2668 3989 2727 4041 et
2756 3986 3008 4042 Hermon
3038 3986 3152 4042 duo
3167 3987 3277 4041 loci
3290 3990 3424 4042 sunt
3441 3986 3499 4041 in
3522 3986 3757 4055 Iudaea;

2154 4076 2213 4128 et
2234 4074 2462 4129 Thabor
2472 4077 2679 4130 veniens
2704 4074 2882 4130 lumen
2908 4075 3322 4147 interpretatur
3344 4093 3358 4143 ;
3390 4075 3645 4130 Hermon
3662 4091 3765 4129 au-

2151 4162 2275 4216 tem
2294 4162 2599 4217 anathema.
2634 4162 2798 4217 Unde
2815 4163 3155 4235 perThabor
3184 4166 3243 4218 et
3266 4163 3520 4218 Hermon
3551 4161 3766 4235 praedi-

2152 4254 2375 4306 catores
2403 4267 2471 4305 ex
2493 4250 2705 4306 Iudaeis
2733 4268 2989 4324 congrue
3022 4252 3393 4318 denotantur,
3412 4251 3485 4306 ad
3503 4266 3649 4323 quos
3660 4266 3759 4305 ve-

2151 4356 2283 4395 rum
2315 4340 2514 4394 lumen
2565 4338 2819 4395 Christus
2859 4339 3192 4408 adveniens,
3225 4356 3325 4395 eos
3368 4338 3666 4393 diabolum
3696 4341 3762 4393 et

2154 4430 2388 4500 peccata
2416 4444 2519 4483 sua
2567 4426 3124 4483 anathematizantes
3164 4426 3374 4495 effecit,
3402 4429 3460 4481 et
3506 4442 3612 4498 per
3641 4427 3758 4481 hoc

2154 4517 2291 4572 fecit
2310 4533 2407 4573 eos
2427 4515 2778 4571 fortitudinis
2792 4519 2854 4571 et
2871 4516 3146 4587 potentiae
3162 4532 3278 4571 sua;
3292 4515 3755 4573 annuntiatores.

2152 4607 2215 4660 In
2246 4621 2361 4678 quo
2387 4604 2566 4679 etiam
2596 4604 2648 4658 ei
2666 4604 3252 4675 comprobanturesse
3281 4603 3759 4667 dissimiles,culn

2150 4695 2272 4767 ipse
2298 4711 2416 4749 non
2445 4694 2619 4749 fuerit
2645 4709 2848 4749 eorum
2877 4692 3153 4764 potentiae
3183 4696 3243 4748 et
3269 4690 3623 4747 fortitubinis
3648 4707 3758 4747 an-

2151 4783 2466 4839 nuntiator.
2492 4782 2629 4837 Orat
2662 4782 2839 4837 etiam
2868 4797 2974 4852 pro
3006 4781 3088 4836 eis
3116 4781 3193 4835 sic
3225 4797 3238 4834 :
3271 4781 3408 4835 Dico
3454 4780 3613 4851 quod
3640 4779 3752 4851 ipsi

2150 4873 2500 4927 exsultanter
2528 4870 2989 4943 pronuntiabunt
3011 4870 3287 4925 brachium
3330 4874 3482 4922 tuum
3510 4884 3632 4922 cum
3644 4884 3753 4938 po-

2150 4962 2337 5026 tentia,
2369 4962 2428 5014 et
2450 4975 2520 5014 ne
2548 4959 2621 5014 ad
2648 4960 2760 5013 hoc
2781 4958 3075 5026 deﬁciant,
3095 4959 3341 5028 ﬁrmetur
3360 4957 3424 5011 in
3434 4958 3507 5012 eis
3531 4972 3750 5023 manus,

2144 5047 2205 5102 id
2266 5049 2353 5102 est
2395 5046 2640 5101 ﬁrmiter
2681 5049 2739 5101 et
2785 5044 3008 5101 assidue
3059 5061 3298 5116 operare
3343 5044 3403 5099 in
3446 5042 3550 5110 eis,
3592 5043 3752 5115 quod

2145 5137 2486 5206 operaturus
2527 5152 2607 5201 es,
2645 5133 2859 5189 scilicet
2881 5149 3120 5189 omnem
3142 5133 3415 5188 virtutum
3449 5130 3758 5203 perfectio-

2142 5241 2302 5280 nem.
2330 5222 2401 5277 Et
2425 5223 2691 5279 exaltatur
2720 5223 2779 5277 in
2813 5222 2893 5277 eis
2924 5222 3136 5278 dextera
3168 5228 3283 5291 tua,
3312 5220 3374 5277 id
3389 5216 3475 5275 est
3500 5224 3747 5288 crescat,

2141 5315 2200 5367 et
2228 5312 2642 5384 multiplicetur
2672 5313 2731 5366 in
2758 5311 2840 5367 eis
2860 5310 3048 5382 gratia
3070 5309 3447 5382 benignitatis
3469 5313 3605 5376 tuae,
3637 5308 3747 5364 sci-

2138 5401 2272 5456 licet
2299 5404 2362 5456 ut
2388 5401 2577 5473 major
2596 5400 2655 5455 in
2684 5400 2764 5455 eis
2789 5399 2862 5456 sit
2884 5400 2968 5455 vis
2987 5398 3188 5472 gratiae
3210 5402 3345 5467 tuas,
3378 5414 3507 5471 quae
3538 5412 3746 5471 opere-

2136 5491 2233 5555 tur
2258 5487 2506 5551 ﬁrmiter
2551 5488 2615 5549 in
2659 5488 2792 5569 ipsis
2830 5487 3252 5568 perfectionem
3290 5485 3589 5547 virtutum.
3633 5485 3748 5555 Per
