3998 6026
285 265 422 320 1109

1186 253 1542 327 EXPOSI’l‘lO
1581 274 1650 330 IN
1688 258 2021 334 PSALMOS.
2063 309 2132 320 —
2173 273 2367 337 PSAL.
2409 267 2693 338 LXXXVIII

3454 289 3590 348 litt)

276 390 578 483 dexteram
623 388 882 483 quidem,
924 407 1063 483 cum
1107 393 1288 483 soleat
1336 398 1686 468 prosperitas
1735 401 1879 456 desi-
1903 405 2775 466 Atumesseconﬁrmat.Velsic
2799 404 3585 483 adaptatur:Beatuspopulus,

275 481 464 551 gnari,
497 479 910 535 convenienter
922 480 1022 536 Dei
1050 481 1386 555 benignitas
1402 503 1505 557 per
1537 505 1665 542 eam
1684 489 1779 544 hic
1794 507 1884 546 ac-

273 569 504 639 cipitur.
539 570 684 624 Nam
707 585 836 639 qua:
867 571 1056 641 major
1085 575 1168 626 est
1207 575 1578 645 prosperitas,
1603 595 1777 648 quam
1802 579 1882 634 di-

272 656 421 712 vinae
453 657 834 729 benignitatis
860 659 1096 730 adipisci
1127 659 1429 717 favorem?
1460 666 1522 719 In
1551 665 1658 720 hoc
1683 669 1879 722 autem

272 748 428 817 quod
459 747 680 824 orandp
713 763 816 817 pro
837 748 1056 806 eis.llei
1086 749 1450 820 benignitate
1468 756 1524 806 et
1541 755 1878 824 operatione

263 852 441 906 egere
707 834 920 901 innuit,
953 836 1254 892 dissimiles
1285 839 1438 910 ipsos
1465 843 1877 909 ostendit,eum

266 923 388 995 ipse
421 941 625 979 eorum
671 923 1034 995 benignitate
1083 929 1141 980 et
1171 928 1510 997 operatione
1543 946 1656 984 non
1685 934 1874 1002 egeat.

342 1015 414 1068 Ut
441 1013 618 1084 igitur
647 1013 801 1084 quod
840 1018 972 1068 orat
1001 1015 1363 1085 perﬁciatur,
1427 1018 1680 1073 ostendit
1721 1020 1877 1090 quod

269 1103 648 1157 commodum
666 1101 1046 1174 contigerit,si
1066 1119 1305 1158 manum
1323 1123 1486 1160 suam
1503 1107 1560 1160 in
1588 1107 1673 1163 eis
1686 1109 1879 1162 ﬁrma-

269 1190 436 1258 verit,
469 1193 526 1246 et
556 1191 852 1246 dexteram
884 1191 1236 1247 exaltaverit.
1271 1193 1409 1248 Dico
1434 1195 1676 1263 ﬁrmetur
1701 1197 1760 1250 in
1792 1195 1876 1250 eis

268 1296 461 1334 manus
485 1286 598 1346 tua,
639 1287 686 1332 et
706 1278 966 1332 exaltetur
991 1278 1205 1334 dexlera
1238 1289 1330 1336 tua
1356 1299 1370 1349 ;
1402 1282 1556 1354 quod
1593 1285 1636 1338 si
1670 1284 1871 1351 fuerit,

255 1368 480 1440 justitia
510 1375 560 1422 et
595 1367 878 1438 judicium.
906 1367 1168 1438 ipsorum
1223 1370 1452 1425 Thabor
1502 1373 1561 1425 et
1618 1373 1872 1428 Hermon

267 1461 442 1510 erunt
459 1457 809 1527 preparatio,
835 1457 892 1510 id
922 1461 1009 1512 est
1035 1461 1207 1511 erunt
1233 1475 1402 1513 causa
1427 1458 1876 1532 praeparationis

262 1545 398 1600 sedis
427 1552 548 1610 tue,
580 1542 739 1616 quod
762 1548 846 1600 est
867 1545 1085 1600 dicere:
1118 1548 1226 1600 Per
1248 1547 1359 1602 hoc
1388 1549 1542 1618 quod
1568 1547 1626 1602 in
1656 1549 1875 1604 eisma-

267 1649 412 1689 num
447 1636 610 1686 tuam
654 1633 917 1687 ﬁrmabis
939 1635 998 1687 ct
1023 1633 1322 1688 dexteram
1343 1636 1639 1702 exaltabis,
1675 1637 1786 1690 erit
1815 1636 1873 1689 in

1981 494 2089 546 etc.
2121 493 2254 548 Dico
2285 495 2441 566 quod
2460 496 2682 565 justitia
2711 501 2760 550 el
2778 495 3047 566 judicium
3072 504 3242 554 erunt
3256 507 3587 572 preparatio

1978 580 2112 633 sedis
2144 589 2269 647 tue,
2303 585 2360 636 et
2404 585 2648 654 populus
2678 584 2771 638 ille
2803 586 2898 656 qui
2933 587 3115 640 factus
3142 589 3304 642 sedes
3329 605 3434 660 per
3461 607 3584 655 eos,

1980 668 2118 722 sciet
2125 669 2520 738 jubilationem,
2568 672 2626 725 id
2657 676 2742 726 est
2770 672 2910 726 sciet
2946 675 3064 728 Deo
3098 674 3384 744 jubilare;
3417 678 3492 732 sic
3522 681 3585 732 ut

1970 755 2179 826 jubilet
2204 759 2524 814 intentione
2555 776 2714 830 pura:
2729 761 3047 816 devotionis
3063 762 3262 816 beatus
3277 763 3404 831 erit,
3424 769 3481 818 et
3493 767 3581 819 hic

1978 848 2037 898 et
2067 845 2122 899 in
2155 846 2368 902 futuro.
2401 848 2468 901 Et
2488 865 2618 903 ecce
2650 849 2966 916 beatitudo,
2997 867 3173 921 quam
3199 850 3292 905 hic
3323 853 3580 920 habebit,

1978 932 2188 988 scilicet
2209 949 2238 988 ο
2258 935 2504 1003 Domine,
2538 938 2593 990 in
2619 937 2816 990 lumine
2835 938 3008 991 vultus
3035 941 3117 991 tui
3141 939 3446 994 existentes
3475 940 3580 1008 illi,

1979 1022 2076 1092 qui
2139 1021 2209 1076 de
2258 1022 2354 1078 illo
2403 1025 2615 1094 populo
2666 1028 2855 1092 erunt,
2905 1025 3117 1080 scilicet
3156 1026 3580 1082 illuminatione

1977 1109 2324 1180 cognitionis
2351 1115 2463 1165 tua;
2494 1128 2592 1166 eos
2644 1112 2882 1166 interius
2911 1113 3310 1181 illuminantis,
3342 1116 3581 1170 ambula,-

1979 1198 2126 1264 bunt,
2169 1198 2226 1252 id
2274 1201 2359 1253 est
2412 1200 2595 1270 magis
2649 1204 2708 1254 et
2760 1201 2946 1272 magis
2996 1203 3490 1272 promovebuntur
3519 1205 3576 1258 in

1977 1285 2072 1339 illo
2105 1286 2344 1353 lumine,
2377 1286 2591 1341 scilicet
2621 1291 2684 1341 ut
2704 1289 2828 1358 jam
2873 1289 3180 1343 illuminati
3214 1291 3339 1360 plus
3367 1291 3578 1346 illumi-

1977 1377 2189 1427 nentur
2212 1381 2262 1428 ct
2287 1374 2627 1428 exsultabant
2647 1375 2718 1430 de
2746 1375 3080 1430 innocentia
3112 1395 3214 1431 sua
3244 1384 3353 1431 tota
3383 1378 3489 1446 die,
3523 1383 3580 1433 et

1975 1462 2084 1516 hoc
2113 1461 2171 1516 in
2198 1465 2409 1516 nomine
2432 1479 2547 1530 suo,
2581 1463 2639 1517 id
2665 1467 2749 1518 est
2773 1463 2834 1517 in
2864 1465 3086 1519 honore
3111 1467 3232 1532 tuo,
3265 1469 3329 1519 ut
3355 1466 3463 1521 hoc
3496 1466 3577 1520 vi-

1977 1550 2181 1604 delicet
2205 1551 2306 1606 tibi
2337 1551 2644 1617 ascribant,
2677 1552 2834 1622 quod
2871 1552 3210 1608 innocentes
3258 1557 3429 1608 erunt
3460 1571 3577 1609 non

1976 1637 2080 1692 sibi
2106 1656 2119 1706 ;
2151 1646 2201 1692 et
2220 1639 2600 1692 eraltabuntur
2625 1641 2682 1692 in
2700 1639 2920 1709 juslilia
2942 1647 3055 1706 tua,
3088 1640 3146 1694 id
3176 1644 3260 1695 est
3290 1657 3323 1695 a
3345 1645 3398 1695 te
3421 1641 3575 1709 data,

263 1722 354 1776 eis
374 1721 667 1792 judicium,
695 1721 754 1775 id
781 1721 1222 1791 estjudicabunt
1245 1739 1304 1778 se
1336 1725 1689 1791 creaturam,
1726 1727 1787 1779 et
1819 1727 1875 1779 te
1898 1727 1949 1787 B
1975 1726 2185 1780 scilicet
2210 1729 2469 1781 crescent
2497 1727 2556 1780 in
2582 1727 2748 1798 justis
2780 1727 3050 1797 operibus
3073 1743 3178 1799 per
3197 1731 3276 1794 te,
3309 1729 3462 1799 quod
3492 1731 3578 1783 est

265 1808 622 1874 Creatorem,
655 1812 714 1863 et
736 1827 794 1864 se
827 1826 861 1862 a
893 1812 948 1863 te
979 1809 1194 1865 habere
1217 1809 1500 1882 quidquid
1525 1811 1664 1866 boni
1702 1813 1874 1866 habe-

263 1897 435 1964 bunt,
466 1897 527 1951 et
551 1913 654 1967 per
672 1896 956 1967 judicium
973 1897 1161 1952 eritin
1183 1898 1266 1953 eis
1268 1901 1508 1968 justitia,
1533 1898 1591 1954 id
1616 1903 1701 1954 est
1711 1900 1874 1970 justi-

1974 1813 2198 1868 dicere:
2226 1815 2380 1868 Hanc
2410 1813 2624 1868 trinam
2646 1814 3070 1869 beatitudinem
3098 1814 3577 1887 habebunt,quod

1972 1900 2277 1956 illuminati
2309 1903 2436 1973 plus
2488 1901 2990 1968 illuminabuntur,
3044 1917 3110 1956 ac
3141 1903 3211 1957 de
3238 1901 3574 1957 innocentia

263 1984 460 2040 ﬁcatio
489 1999 732 2057 operum
765 1985 1091 2054 bonorum;
1135 1989 1193 2041 et
1216 1987 1326 2041 hoc
1344 1987 1616 2056 judicium
1659 1987 1874 2043 scilicet
1971 2007 2073 2044 sua
2101 1989 2456 2061 gaudebunt,
2488 1993 2546 2044 et
2575 1989 2631 2044 in
2663 1989 2831 2044 bonis
2859 1989 3129 2060 operibus
3157 1989 3576 2061 promoveban-

271 2082 324 2128 et
342 2075 561 2144 justilia
592 2089 763 2128 causa
796 2077 967 2129 erunt
998 2092 1176 2147 quare
1217 2076 1375 2148 digni
1406 2076 1732 2132 habeantur
1766 2075 1870 2132 tibi
1972 2080 2084 2144 tur,
2119 2077 2251 2132 Dico
2279 2081 2335 2131 in
2370 2080 2590 2148 justitia
2621 2085 2734 2145 tua,
2774 2081 2833 2132 et
2865 2079 3012 2133 bene
3045 2079 3174 2133 dico
3225 2085 3338 2145 tua,
3377 2079 3572 2133 refun-

271 2163 472 2218 sedem
499 2163 554 2217 in
583 2163 706 2217 aliis
737 2163 1157 2234 preparare,id
1188 2168 1274 2218 est
1303 2164 1442 2219 tales
1469 2165 1569 2220 tibi
1601 2165 1872 2236 predica—
1971 2167 2163 2222 dendo
2196 2167 2253 2222 in
2285 2169 2338 2222 te
2365 2167 2642 2239 quidquid
2694 2168 2919 2223 virtutis
2947 2167 3004 2222 in
3034 2167 3115 2222 eis
3161 2168 3289 2234 erit,
3321 2170 3573 2239 quoniam

263 2251 426 2306 tione
456 2268 558 2304 sua
581 2254 640 2304 et
677 2252 940 2322 exemplo
980 2251 1303 2323 acquirent,
1352 2253 1409 2306 in
1437 2253 1643 2325 quibus
1671 2253 1871 2308 sedeas
1968 2256 2143 2326 gloria
2188 2256 2401 2309 virtutis
2439 2272 2617 2308 eorum
2643 2261 2726 2308 .tu
2778 2270 2851 2322 es,
2881 2258 2940 2309 et
2967 2254 3074 2325 ipsi
3106 2271 3245 2321 non,
3290 2258 3349 2309 et
3373 2255 3431 2308 in
3465 2255 3572 2309 hoc

261 2343 321 2394 et
346 2355 578 2411 regnes.
617 2339 798 2394 Aliter
827 2339 987 2393 enim
1022 2340 1121 2395 tibi
1158 2340 1361 2396 sedem
1390 2358 1716 2412 preparare
1747 2358 1864 2395 non
1967 2347 2101 2397 sunt
2129 2343 2208 2397 illi
2251 2343 2576 2412 dissimiles,
2607 2343 2822 2397 scilicet
2851 2345 2912 2396 tu
2945 2342 3058 2396 eris
3086 2341 3180 2396 ille
3212 2342 3270 2397 in
3301 2359 3414 2414 quo
3445 2343 3569 2414 glo-

258 2431 453 2483 essent
481 2428 664 2498 digni.
705 2430 814 2482 Per
849 2429 958 2484 hoc
989 2431 1164 2484 etiam
1205 2447 1304 2485 eos
1347 2430 1649 2485 dissimiles
1679 2432 1866 2484 osten-
1964 2429 2102 2485 riari
2151 2430 2443 2485 debebunt
2488 2429 2593 2501 ipsi
2644 2429 2715 2485 de
2747 2429 2911 2484 omni
2943 2431 3150 2484 virtute
3182 2445 3357 2501 quam
3389 2431 3572 2485 habe-

258 2517 368 2583 dit,
407 2516 543 2588 quia
596 2516 647 2570 ei
698 2516 894 2571 sedem
930 2517 1366 2588 preparabunt,
1398 2521 1460 2571 ut
1489 2517 1712 2583 famuli,
1742 2517 1860 2588 ipse
1963 2520 2126 2584 bunt,
2160 2521 2232 2573 et'
2255 2519 2326 2573 de
2356 2517 2779 2573 illuminatione
3031 2517 3292 2573 videlicet
3316 2522 3373 2573 et
3389 2518 3460 2572 de
3481 2519 3572 2573 in-

257 2608 456 2659 autem
486 2605 568 2659 eis
598 2621 738 2659 non.
771 2603 1034 2659 Ostendit
1082 2621 1220 2676 ergo
1254 2605 1549 2676 quomodo
1581 2605 1776 2660 sedem
1808 2604 1862 2658 ei
1965 2606 2250 2672 nocentia,
2284 2609 2342 2662 et
2373 2606 2443 2661 de
2465 2606 2713 2676 justitia,
2729 2609 2787 2660 et
2821 2606 2948 2660 ideo
2980 2606 3128 2661 bene
3160 2606 3286 2662 dico
3318 2614 3432 2660 tua.
3468 2607 3568 2662 Os-

256 2693 691 2765 praeparabunt,
721 2709 854 2746 cum
889 2692 1050 2747 addit
1079 2710 1092 2746 :
1142 2693 1276 2748 Dico
1309 2693 1464 2765 quod
1483 2693 1767 2762 judicium
1806 2696 1866 2747 et
1964 2695 2150 2749 tendit
2174 2695 2351 2765 igitur
2377 2711 2554 2766 quare
2584 2693 2704 2764 ipse
2727 2694 2836 2748 erit
2859 2694 3029 2762 gloria
3057 2695 3562 2766 virtutisipsorum,

249 2779 477 2851 justitia
507 2781 720 2834 Thabor
741 2786 789 2833 et
813 2779 1076 2846 Hermon,
1107 2785 1277 2835 erunt
1300 2797 1470 2835 causa
1501 2797 1678 2852 quare
1698 2781 1793 2835 sed
1806 2797 1864 2835 es
1966 2783 2338 2853 adjungendo
2369 2799 2429 2836 se
2461 2798 2706 2837 numero
2755 2798 2981 2849 eorum,
3043 2798 3110 2836 eo
3155 2782 3311 2853 quod
3344 2782 3418 2836 sit
3436 2783 3567 2852 jam

257 2869 364 2924 tibi
391 2873 901 2939 preparetur,quze
930 2868 1092 2922 sedes
1108 2869 1219 2922 hoc
1232 2869 1406 2923 modo
1422 2870 1860 2940 praeparabitur,
1966 2871 2079 2924 ﬁde
2110 2871 2194 2924 vir
2222 2870 2354 2925 novi
2386 2870 2739 2924 testamenti.
2776 2869 2909 2925 Dico
2940 2870 3094 2941 quod
3151 2877 3207 2924 tu
3249 2869 3360 2924 eris
3385 2871 3560 2940 glaria

256 2957 472 3012 scilicet
488 2957 731 3030 perhic,
759 2957 913 3028 quod
926 2957 1289 3012 misericordia
1303 2964 1351 3010 et
1371 2958 1864 3027 verilasprecedent
1899 2997 1939 3030 ρ
1965 2953 2198 3017 virtutis,
2221 2958 2270 3004 et
2301 2953 2410 3005 hoc
2440 2951 2592 3016 ideo,
2624 2951 2758 3022 quia
2807 2966 2924 3005 non
2984 2950 3043 3004 in
3097 2951 3278 3005 libero
3325 2950 3564 3006 arbitrio

257 3047 476 3116 faciem,
508 3045 568 3100 id
593 3049 680 3100 est
705 3044 1102 3117 cognitionem
1136 3047 1234 3098 tui.
1271 3044 1434 3108 Quod
1491 3049 1576 3099 est
1611 3045 1801 3100 dicere
1845 3063 1859 3101 :
1899 3037 1942 3062 υ
1964 3043 2184 3106 llOStl‘O,
2212 3039 2312 3092 sed
2342 3041 2398 3092 ιή
2422 3037 2734 3108 ὒθηθρίαείιο
2780 3045 2886 3104 ίαο,
2913 3038 2970 3093 id
2995 3041 3081 3093 est
3109 3055 3214 3109 per
3237 3039 3564 3111 beneplaci-

257 3134 601 3205 Priusquam
624 3134 695 3188 ab
723 3133 803 3187 eis
821 3132 1312 3204 cognoscaris,qui
1328 3131 1490 3186 sedes
1504 3136 1602 3186 tua
1614 3131 1865 3188 efﬁcien-

256 3226 354 3278 tur
380 3223 591 3277 Thabor
619 3228 669 3276 et
688 3222 954 3284 Her-mon,
977 3221 1072 3294 qui
1095 3239 1200 3293 per
1228 3220 1552 3292 emphasim
1569 3223 1863 3277 misericor-

255 3311 346 3364 dia
378 3318 427 3364 ετ
454 3313 650 3364 veritas
679 3314 777 3364 tua
807 3310 1094 3376 dicuntur,
1129 3327 1197 3364 eo
1221 3310 1375 3380 quod
1407 3326 1511 3381 per
1537 3309 1859 3364 misericor-

256 3400 414 3454 diam
448 3405 504 3455 et
534 3399 838 3454 veritatem
871 3403 1030 3453 tuam
1052 3399 1177 3454 caeli
1203 3398 1752 3469 afﬁcienturzipsam
1777 3398 1859 3453 tui

253 3489 651 3560 cognitionem
684 3486 1101 3559 praedicatione
1120 3487 1439 3556 precedent,
1465 3489 1528 3540 ut
1548 3486 1628 3540 eis
1647 3485 1861 3541 scilicet

254 3577 310 3632 iu
342 3577 544 3648 primis
579 3575 914 3649 prmdicent,
947 3578 1006 3629 et
1031 3576 1109 3630 sic
1137 3575 1210 3629 ad
1236 3573 1627 3646 cognitionem
1649 3574 1730 3628 tui
1757 3573 1858 3627 ad-

255 3666 548 3720 ducendos
574 3681 671 3718 eos
701 3663 897 3718 sedem
914 3667 1076 3718 tuam
1107 3662 1381 3728 efﬁciant,
1416 3679 1449 3716 a
1478 3661 1856 3717 similitudine

254 3759 625 3810 strenuorum
641 3752 1017 3816 famulorum,
1033 3749 1131 3822 qui
1152 3749 1362 3803 faciem
1385 3750 1613 3805 Domini
1629 3751 1858 3804 venien-

257 3843 324 3898 tis
353 3841 775 3913 precedunt,ut
800 3838 852 3892 ei
870 3840 1201 3909 praeparent
1227 3837 1558 3908 hospitium.
1578 3839 1642 3891 Et
1669 3837 1728 3891 in
1748 3839 1856 3892 hoc

256 3931 411 4003 quod
440 3930 563 4000 ejus
585 3930 781 3998 faciem
795 3925 1117 3997 precedent,
1148 3928 1320 3978 erunt
1350 3925 1401 3980 ei
1430 3925 1856 3997 dissimiles,qui

256 4035 459 4075 eorum
491 4017 696 4071 faciem
725 4031 841 4069 non
869 4013 1174 4085 precedet.
1205 4013 1589 4068 Misericordia
1619 4015 1855 4085 quidem

255 4105 488 4167 Domini
534 4104 740 4158 dicitur
766 4120 887 4157 esse
927 4102 986 4156 in
1023 4101 1511 4173 praedicatoribus,
1538 4104 1854 4158 secundum

253 4198 366 4252 hoc
395 4192 550 4266 quod
567 4191 648 4245 eis
669 4195 901 4263 peccata
925 4189 1193 4258 remitlit,
1209 4189 1337 4244 etin
1361 4189 1442 4244 eis
1463 4190 1854 4246 innocentiam

1963 3129 2085 3181 tum
2114 3126 2315 3199 gratia:
2357 3129 2468 3182 tum
2516 3125 2837 3180 exaltabilur
2874 3143 3038 3180 cornu
3070 3134 3334 3194 nostrum,
3375 3127 3434 3181 id
3482 3129 3568 3180 est

1961 3214 2362 3270 sublimabitur
2393 3217 2452 3269 et
2480 3215 2954 3286 augmentabitur
2987 3213 3166 3269 virtus
3195 3218 3415 3282 nostra,
3449 3233 3568 3286 que

1959 3321 2125 3359 cornu
2156 3303 2382 3373 dicitur,
2410 3320 2478 3358 eo
2510 3303 2664 3374 quod
2696 3303 2768 3357 ad
2797 3303 3037 3358 modum
3061 3319 3243 3358 cornu
3273 3303 3345 3358 sit
3372 3305 3562 3372 ﬁrma,

1960 3395 2018 3445 et
2046 3391 2104 3445 in
2137 3394 2314 3446 altum
2348 3407 2699 3450 excrescens.

2032 3479 2267 3534 Ostensa
2299 3478 2721 3546 benedictione,
2751 3496 2925 3551 quam
2957 3480 3193 3536 habebit
3215 3483 3460 3554 populus
3473 3480 3566 3552 ju-

1959 3568 2144 3622 bilans
2174 3568 2232 3622 in
2265 3567 2554 3638 praesenti,
2589 3568 2749 3621 illam
2781 3583 3011 3638 quoque
3039 3569 3108 3622 de
3135 3569 3328 3623 futuro
3359 3569 3438 3623 sic
3470 3586 3560 3624 os-

1959 3657 2164 3711 tendit.
2205 3655 2339 3710 Dico
2378 3655 2534 3726 quod
2555 3655 2735 3708 beat-us
2765 3655 2876 3709 erit
2902 3656 2958 3710 in
2991 3657 3184 3711 futuro
3205 3656 3435 3727 populus
3463 3658 3562 3728 qui

1956 3749 2052 3800 scil
2088 3745 2549 3815 jubilationem,et
2576 3759 2706 3796 vere
2735 3743 2890 3797 beati
2923 3743 3158 3810 erimus,
3192 3749 3249 3798 et
3279 3761 3383 3799 nos
3411 3745 3558 3799 scili-

1957 3838 2047 3888 cet
2075 3837 2235 3887 tanto
2263 3835 2401 3885 ante
2424 3835 2689 3901 tempore
2716 3830 3044 3897 existentes,
3060 3831 3184 3900 jam
3217 3835 3412 3886 tamen
3445 3832 3558 3886 ﬁde

1954 3923 2168 3995 populo
2202 3919 2282 3974 illi
2311 3919 2660 3985 conformes,
2685 3918 2906 3973 etidem
2928 3919 3170 3990 populus
3186 3919 3558 3991 futurus,quia

1955 4011 2242 4080 assumptio
2269 4015 2447 4062 nostra
2488 4015 2580 4073 est,
2618 4007 2677 4061 id
2708 4011 2794 4061 est
2824 4007 2933 4062 erit
2969 4007 3222 4076 Domini;
3270 4008 3426 4080 quod
3471 4011 3558 4063 est

1957 4100 2146 4154 dicere
2168 4117 2180 4152 :
2207 4096 2351 4161 Quia
2364 4096 2638 4151 Dominus
2654 4098 2906 4150 assumet
2922 4112 3027 4150 nos
3047 4096 3116 4150 de
3134 4096 3483 4152 mortalitate
3501 4099 3560 4152 et

1957 4186 2326 4258 passibilitate
2356 4184 2415 4239 iu
2445 4185 2711 4251 salutem,
2733 4191 2782 4237 et
2826 4185 2999 4240 sancti
3021 4182 3191 4237 Israel
3209 4186 3343 4254 regis
3367 4187 3557 4254 nostri,

257 4282 524 4346 restituit,
555 4281 764 4334 veritas
794 4283 988 4334 autem
1013 4294 1144 4332 cum
1174 4278 1326 4349 ipsos
1348 4277 1538 4347 justos
1569 4281 1753 4349 magis
1762 4281 1854 4351 ju-
1878 4273 1930 4332 D
1954 4275 2015 4331 id
2037 4279 2121 4330 est
2146 4275 2292 4328 illius
2314 4273 2547 4328 Domini
2575 4271 2684 4326 erit
2704 4271 3020 4343 assumptio
3050 4276 3271 4338 nostra,
3299 4273 3399 4344 qui
3430 4291 3559 4330 san-

255 4371 465 4427 stiﬁcat
493 4367 932 4438 sicutpromisit,
965 4365 1060 4419 vel
1089 4366 1192 4420 sic:
1228 4367 1466 4421 Justilia
1513 4374 1564 4420 et
1577 4368 1854 4438 judicium

257 4461 369 4516 erit
386 4459 711 4528 praeparatio
741 4454 879 4510 sedis
909 4463 1011 4508 tue
1037 4454 1096 4508 in
1129 4455 1264 4524 ipsis
1293 4455 1467 4522 cmlis,
1498 4455 1711 4510 scilicet
1753 4473 1858 4527 per

251 4546 535 4619 justitiam
563 4547 621 4598 et
644 4543 930 4615 judicium
952 4543 1166 4614 seipsos
1206 4543 1308 4598 tibi
1339 4543 1535 4599 sedem
1565 4559 1854 4615 praepara-

256 4637 487 4692 bunt.et
514 4634 705 4688 eidem
729 4632 853 4688 coeli
885 4632 1192 4686 existentes
1216 4633 1572 4687 misericordia
1597 4641 1645 4687 et
1667 4637 1858 4688 veritas

256 4741 360 4797 per
389 4721 732 4792 emphasim,
754 4721 1050 4790 precedent
1101 4721 1296 4790 faciem
1349 4729 1498 4775 tuam
1528 4721 1585 4776 in
1613 4722 1756 4790 aliis,
1797 4725 1860 4776 ut

256 4812 383 4867 illos
402 4810 597 4864 sedem
620 4813 778 4863 tuam
805 4808 1179 4863 faciant.Dico
1202 4810 1356 4881 quod
1373 4814 1458 4865 tot
1484 4807 1674 4865 modis
1689 4813 1860 4864 erunt

259 4898 362 4953 tibi
392 4897 697 4952 dissimiles
725 4896 871 4963 cali,
901 4897 1139 4962 Christe,
1175 4897 1231 4951 id
1263 4900 1346 4951 est
1364 4899 1540 4952 beatus
1558 4899 1666 4952 erit
1683 4915 1856 4970 papu-

261 4987 578 5058 lusquiscit,
609 4986 667 5040 id
700 4988 784 5040 est
814 4986 914 5056 qui
937 4985 1466 5054 scietjubilationem
1498 4987 1666 5058 hujus
1698 4987 1859 5041 dissi-

263 5073 625 5140 militudinis,
658 5073 872 5127 scilicet
903 5073 1001 5143 qui
1031 5071 1170 5125 sciet
1192 5072 1464 5142 jubilare,
1505 5077 1565 5127 et
1590 5074 1862 5145 jubilabit

262 5162 522 5216 interiori
534 5162 740 5232 jubilo,
757 5161 826 5215 de
848 5162 956 5215 hoc
977 5159 1132 5231 quod
1159 5163 1348 5214 tantus
1370 5160 1481 5215 eris
1497 5162 1650 5232 quod
1675 5163 1862 5216 nullus

263 5251 364 5304 tibi
395 5250 607 5322 poterit
635 5248 956 5304 assimilari.
981 5248 1096 5302 Hoc
1128 5251 1323 5302 autem
1343 5249 1491 5302 bene
1509 5249 1762 5320 pertinet
1790 5249 1863 5302 ad

266 5338 641 5412 principalem
669 5337 1076 5404 intentionem,
1095 5337 1308 5390 scilicet
1329 5335 1402 5390 ad
1424 5337 1522 5391 Dei
1543 5336 1864 5392 laudem.ln

267 5428 376 5482 hoc
401 5426 560 5480 enim
574 5442 707 5479 eum
723 5425 886 5479 valde
901 5421 1460 5494 commendat,quod
1469 5426 1748 5497 populum
1768 5425 1866 5497 qui

269 5515 338 5580 de
368 5515 490 5588 ejus
523 5512 962 5585 incomparabili
983 5511 1336 5569 sublimitate
1356 5512 1707 5585 jubilaverit,
1731 5513 1866 5569 bea-

1955 4367 2076 4419 ctus
2106 4358 2246 4428 erit,
2265 4362 2323 4416 id
2352 4366 2437 4415 est
2466 4360 2929 4415 antonomastice
2974 4363 3206 4414 sanctus
3252 4361 3404 4415 inter
3431 4361 3557 4418 illos

1956 4452 2051 4524 qui
2083 4453 2255 4505 erunt
2273 4451 2465 4516 Israel,
2491 4452 2549 4502 et
2567 4447 3018 4503 sanctiﬁcaturus
3043 4464 3140 4502 eos
3171 4448 3267 4519 qui
3299 4455 3470 4505 erunt
3488 4453 3560 4505 Is-

1956 4542 2096 4607 rael,
2126 4543 2182 4594 et
2207 4538 2312 4609 qui
2342 4553 2441 4591 rex
2473 4538 2668 4590 noster
2698 4535 2828 4602 erit,
2854 4552 2919 4590 ac
2948 4535 2994 4590 si
3025 4536 3560 4593 dicat:Potenserit

1957 4647 2062 4685 nos
2093 4644 2403 4694 assumere,
2454 4626 2591 4698 quia
2618 4627 2846 4680 sanctus
2875 4627 3047 4681 Israel
3081 4627 3192 4682 erit
3236 4631 3294 4682 et
3323 4645 3421 4682 rex
3453 4645 3556 4683 no-

1956 4721 2091 4774 ster.

2030 4809 2340 4877 Postquam
2388 4805 2673 4877 Propheta
2719 4822 2784 4863 ex
2815 4810 3058 4879 paterna
3087 4804 3423 4861 auctoritate
3453 4803 3561 4859 sibi

1959 4895 2198 4951 interius
2229 4897 2459 4964 agente,
2488 4895 2770 4950 beneﬁcia
2815 4913 2920 4966 per
2965 4894 3253 4949 Christum
3301 4893 3558 4947 humano

1961 4983 2159 5056 generi
2177 4983 2525 5037 conferenda
2541 4983 2790 5038 breviter
2809 4982 3077 5048 ostendit,
3093 4985 3149 5036 et
3172 4998 3238 5035 ea
3264 4980 3562 5035 occasione

1962 5072 2166 5127 eadem
2201 5071 2479 5126 beneﬁcia
2510 5070 2567 5124 in
2601 5088 2701 5125 sua
2732 5087 2980 5141 persona
3011 5069 3258 5140 agendo,
3292 5067 3564 5138 prolixius

1960 5160 2350 5233 pertractavit,
2376 5177 2447 5214 ne
2479 5160 2745 5212 ﬁctitium
2757 5157 3119 5228 judicaretur
3140 5155 3293 5228 quod
3309 5156 3430 5210 haec
3457 5157 3562 5210 Pa-

1962 5254 2111 5304 trem
2127 5249 2234 5304 sibi
2251 5248 2490 5304 interius
2511 5246 2667 5318 loqui
2685 5249 2824 5300 testu
2833 5249 2921 5300 tus
2935 5249 3041 5313 est,
3057 5245 3302 5300 aliorum
3316 5245 3424 5299 hoc
3439 5261 3568 5300 auc-

1964 5337 2194 5392 toritate
2214 5337 2570 5400 corroborat,
2587 5334 2782 5389 dicens
2799 5335 3029 5388 Patrem
3054 5334 3164 5388 hoc
3193 5333 3380 5404 ipsum
3413 5333 3569 5406 quod

1970 5425 2075 5480 sibi
2105 5425 2262 5492 dixit,
2296 5423 2416 5479 aliis
2446 5423 2623 5478 etiam
2657 5422 2864 5477 sanctis
2893 5422 2953 5476 in
3000 5421 3217 5477 visione
3249 5421 3474 5489 dixisse,
3514 5424 3573 5476 et

1973 5514 2083 5568 hoc
2107 5513 2280 5568 etiam
2332 5513 2392 5567 in
2424 5529 2525 5567 suo
2556 5515 2820 5584 tempore
2847 5515 2909 5567 ut
2931 5511 3116 5584 magis
3145 5511 3473 5580 auctorizet,
3499 5526 3575 5576 ne
