3998 6026
434 262 560 333 im

1024 257 1083 330 s.
1120 260 1461 331 BBUNONIS
1500 256 2132 330 CARTHUSIANORUM
2164 252 2633 325 insmuro‘ms
2678 264 2833 325 ore.
2873 248 3051 323 PARS
3088 252 3131 321 1.

3596 247 3739 318 me

432 395 623 452 caeteri
653 394 951 469 prophetae
977 394 1074 468 qui
1105 398 1233 467 post
1261 412 1394 452 eum
1413 395 1665 463 fuerunt,
1696 394 2031 450 viderentur
2052 394 2107 453 Α
2128 389 2336 446 dicitur
2360 389 2633 461 iniquitas
2662 406 2766 463 per
2793 387 3281 453 antonomasiam,
3301 401 3370 442 eo
3395 383 3551 457 quod
3567 384 3736 456 origo

431 484 583 540 istud
608 484 680 539 ab
708 484 830 557 ipso
858 484 1164 556 accepsise,
1187 487 1247 538 et
1272 501 1387 540 non
1405 484 1477 539 ab
1494 501 1561 539 eo
1583 483 1866 538 habuisse.
1896 481 2026 535 Plu-

433 591 523 629 res
535 573 693 628 enim
712 574 1008 644 prophetae
1032 575 1300 643 leguntur
1319 572 1377 627 in
1397 576 1660 643 tempore
1673 569 1848 626 David
1859 567 2029 623 fuisse

432 664 576 718 sicut
598 663 821 717 Nathan
845 665 903 716 et
932 660 1163 716 Samuel
1180 668 1238 715 et
1265 660 1477 716 caeteri.
1511 658 1827 714 Introducit
1852 658 2027 711 etiam

430 751 620 823 ipsum
651 750 880 805 Patrem
907 749 1039 821 ipsis
1068 750 1627 821 sanctisloquentem
1651 746 1922 802 eteadem
1936 746 2031 800 bc-

432 840 638 896 neficia
656 856 784 911 quin
804 837 912 893 sibi
936 838 1094 905 dixit,
1122 838 1200 892 eis
1215 837 1428 909 largius
1450 835 2031 907 expromentem.Hoc

431 944 565 982 vero
596 927 673 981 sic
703 927 1027 997 adaptatnr.
1062 926 1222 992 Dico,
1257 942 1289 979 o
1322 926 1469 979 Deus
1522 926 1711 989 Pater,
1752 921 2028 994 quoniam

431 1014 619 1069 dixisti
647 1013 789 1068 mihi
810 1013 1071 1079 interius,
1092 1013 1249 1085 quod
1265 1011 1622 1067 misericordia
1632 1010 2032 1079 azdiﬁcabuntur

432 1101 489 1154 in
515 1101 669 1168 ctrlis,
687 1103 794 1155 etc.
828 1100 895 1157 Et
909 1106 1033 1154 tunc
1056 1100 1286 1171 quando
1310 1099 1453 1154 mihi
1483 1098 1670 1154 dixisti
1702 1099 1811 1152 hoc
1833 1098 2031 1150 locutus

432 1204 482 1244 es
502 1188 678 1242 etiam
703 1190 897 1241 sanctis
928 1189 1031 1240 tuis
1048 1187 1364 1257 prophetis,
1390 1187 1602 1241 scilicet
1624 1188 2029 1257 contempora-

431 1275 555 1330 neis
579 1274 722 1330 meis
742 1277 797 1329 in
826 1277 1020 1329 visione
1049 1274 1332 1342 interiori,
1360 1274 1419 1329 id
1451 1277 1536 1329 est
1564 1273 1624 1328 in
1656 1276 1812 1328 certa
1841 1270 2034 1343 cogni-

429 1363 587 1419 tione
608 1362 999 1435 inspirationis
1027 1364 1139 1417 tuae
1165 1379 1179 1431 ;
1213 1379 1345 1417 cum
1372 1361 1505 1416 dicit
1535 1364 1592 1416 in
1611 1364 1805 1417 visione
1828 1375 2031 1415 eorum

430 1455 657 1525 partem
676 1451 971 1522 deprimit,
996 1451 1091 1522 qui
1108 1451 1419 1522 prophetas
1433 1451 1792 1505 mentiuntur
1806 1450 2036 1521 ignora-

431 1555 648 1610 re,quae
664 1554 768 1609 per
780 1538 1055 1611 Spiritum
1076 1540 1390 1610 loquuntur
1402 1538 1546 1594 sicut
1566 1536 2033 1608 daamoniaci,qui

432 1627 586 1699 quod
613 1626 811 1681 dicunt
857 1625 1138 1683 nesciunt.
1168 1626 1303 1680 Dico
1335 1627 1489 1697 quod
1512 1618 1733 1681 locutus
1762 1643 1812 1679 es
1839 1626 2033 1678 sanctis

2128 478 2199 534 sit
2221 479 2391 535 totius
2412 479 2863 551 iniquitatis,non
2877 483 3102 550 apponet
3117 492 3300 531 nocere
3314 476 3365 529 ei
3384 490 3472 543 ;ac
3490 473 3538 529 si
3560 473 3737 529 dicat:

2126 567 2496 623 Voluntatem
2511 567 2750 640 quidem
2769 567 3008 622 habebit
3037 563 3283 621 nocendi
3306 562 3358 618 ei
3374 561 3481 618 sibi
3510 562 3742 618 confor-

2129 657 2366 723 mando,
2401 657 2502 711 sed
2531 656 2811 710 voluntati
2842 670 2961 710 non
2993 655 3249 727 apponet
3274 654 3405 707 actu
3420 667 3635 706 nocere
3663 650 3737 704 ei.

2130 744 2374 815 Exponit
2395 761 2624 816 quoque
2641 742 2935 815 quomodo
2952 744 3001 797 ei
3030 740 3535 807 auxiliabitur,cum
3553 738 3739 793 addit:

2130 830 2269 887 Dico
2300 831 2458 902 quod
2492 848 2684 884 manus
2709 847 2827 884 mea
2851 829 3207 884 auxih'abitur
3240 829 3312 895 ei,
3340 830 3401 882 et
3423 828 3534 882 hoc
3560 824 3740 880 modo

2131 919 2365 991 quidem
2392 919 2443 974 ei
2460 935 2563 990 per
2577 935 2816 975 manum
2840 934 3033 972 meam
3046 914 3546 987 auxiliabor,quod
3561 916 3742 969 conci-

2129 1007 2274 1074 dam,
2306 1007 2366 1061 id
2391 1006 2555 1061 estin
2586 1007 2740 1061 bono
2768 1006 3063 1060 destruam
3096 1004 3336 1057 inimicos
3352 1004 3466 1073 eius
3486 1001 3739 1067 Judmos,

2130 1099 2358 1167 partem
2381 1094 2616 1161 scilicet,
2648 1095 3083 1165 persecuturum
3114 1092 3237 1163 ejus
3267 1091 3339 1146 de
3370 1089 3601 1145 malitia
3635 1089 3741 1144 de-

2132 1187 2370 1250 struam,
2403 1184 2462 1237 et
2489 1182 2563 1236 ad
2593 1198 2729 1236 eum
2758 1180 3014 1236 converti
3033 1179 3459 1247 faciam,etha:c
3486 1176 3743 1234 concisio

2130 1271 2501 1327 inimicorum
2544 1269 2850 1341 continget
2873 1286 2906 1322 a
2928 1269 3072 1339 facie
3117 1267 3175 1322 id
3205 1271 3293 1322 est
3325 1284 3361 1321 a
3398 1265 3743 1338 cognitione

2132 1359 2274 1431 ejus,
2305 1358 2520 1414 scilicet
2547 1374 2651 1430 per
2680 1358 2803 1428 ejus
2831 1357 3253 1429 cognitionem,
3282 1354 3353 1409 de
3393 1354 3619 1409 malitia
3637 1369 3746 1408 sua

2134 1447 2520 1513 destruantur,
2535 1448 2593 1501 et
2612 1444 2670 1500 in
2684 1446 2839 1500 bono
2860 1442 3397 1500 mdificabunturﬂt
3421 1458 3539 1497 non
3552 1442 3747 1497 solum

2116 1526 2524 1607 persecutores
2553 1533 2877 1600 concidam,
2894 1533 2994 1587 sed
3016 1532 3248 1587 odientes
3264 1530 3471 1598 eum,id
3498 1533 3587 1585 est
3612 1545 3748 1600 par-

2132 1626 2253 1676 tem
2282 1638 2484 1677 eorum
2516 1620 2613 1693 qui
2636 1637 2770 1676 eum
2794 1637 2913 1676 non
2939 1623 3358 1692 persequentur
3377 1617 3751 1686 actu,sedso-

434 1716 555 1781 tuis,
596 1716 654 1768 et
678 1714 786 1768 hoc
816 1713 1034 1769 scilicet
1058 1714 1257 1781 dixisti,
1301 1716 1461 1785 posui
1496 1714 1827 1784 adiutorium
1855 1715 1910 1766 in
1929 1729 2032 1783 ρο·
2060 1705 2111 1764 Β
2134 1711 2434 1767 lummodo
2466 1726 2599 1766 eum
2625 1710 2759 1764 odio
2789 1709 3112 1775 habebunt,
3136 1715 3444 1763 convertam
3475 1708 3749 1776 infugam

432 1807 587 1868 tenle,
621 1817 686 1856 ac
722 1801 770 1854 si
800 1801 1057 1857 diceret:
1092 1802 1210 1873 Ego
1240 1802 1564 1857 humanum
1596 1818 1777 1873 genus
1814 1800 2033 1855 insufﬁ-

430 1889 587 1944 ciens
614 1905 719 1960 per
747 1904 809 1944 se
829 1905 864 1943 a
893 1889 1270 1945 damnatione
1303 1889 1555 1957 liberari,
1588 1889 1870 1960 adjuvabo
1901 1889 2037 1944 libe—

429 1977 613 2031 rando
645 1977 808 2044 illud,
841 1979 898 2031 et
925 1978 1034 2032 hoc
1064 1977 1394 2047 adjutorium
1412 1979 1590 2047 posui,
1612 1976 1673 2031 id
1703 1979 1787 2030 est
1814 1991 2034 2046 ponam

433 2064 494 2118 in
526 2063 642 2118 filio
673 2080 826 2131 meo,
872 2064 1334 2120 antonomastice
1387 2068 1644 2136 potente,
1686 2064 1903 2119 scilicet
1930 2080 2036 2135 per

432 2150 827 2207 obedientiam
840 2152 1117 2223 passionis
1128 2153 1174 2222 ej
1184 2152 1416 2220 us,illud
1436 2152 1738 2223 adiuvabo.
1760 2150 1837 2205 Et
1851 2154 1912 2206 ut
1932 2167 2039 2222 po-

433 2242 562 2295 tens
591 2239 664 2294 sit
693 2240 767 2295 ad
794 2240 904 2295 hoc
933 2240 1287 2310 adiutorium
1334 2240 1751 2312 perficiendum
1783 2240 2034 2308 exaltavi,

429 2324 489 2382 id
506 2329 592 2381 est
604 2327 926 2382 sublimabo
946 2326 1005 2381 in
1022 2327 1183 2382 omni
1201 2328 1476 2381 virtutum
1496 2326 2041 2399 perfectione,illum

431 2414 649 2468 electum
672 2414 736 2467 de
750 2413 901 2483 plebe
927 2431 1065 2481 mea,
1088 2414 1150 2468 id
1192 2417 1277 2469 est
1296 2414 1459 2469 illum
1491 2431 1668 2486 quem
1696 2414 1769 2470 ad
1796 2415 1906 2470 hoc
1937 2412 2039 2470 eli-

439 2518 576 2577 gam
606 2500 677 2556 de
707 2501 869 2556 omni
886 2502 1253 2557 multitudine
1273 2506 1604 2558 sanctorum
1618 2505 2042 2559 meorum.Nul-

440 2590 530 2645 lus
560 2588 717 2644 enim
750 2589 958 2661 dignus
990 2590 1063 2644 ad
1094 2591 1203 2645 hoc
1234 2592 1663 2662 exsequendum
1693 2592 2036 2659 invenietur,

443 2676 1221 2750 prseteripsummSpeciosus
1232 2677 1722 2753 enimformaprae
1735 2679 1867 2736 filiis
1877 2679 2040 2736 homi

445 2764 791 2835 num.(Psal.
810 2782 954 2832 xmv,
985 2765 1058 2836 3).
1074 2786 1102 2816 »
1144 2766 1305 2821 Unde
1320 2766 1379 2821 in
1398 2768 1636 2823 canticis
1656 2769 1727 2823 de
1740 2785 1809 2823 eo
1830 2783 2040 2839 sponsa

438 2851 517 2908 sic
547 2852 712 2908 dicit:
744 2875 771 2903 «
791 2853 1037 2909 Dilectus
1054 2870 1218 2909 meus
1234 2853 1511 2910 candidus
1524 2859 1581 2910 et
1599 2856 2040 2922 rubicuudus,ex

2136 1798 2274 1866 odii,
2305 1798 2536 1865 scilicet,
2563 1797 2775 1852 faciam
2807 1799 2870 1851 ut
2895 1797 2968 1851 ab
2990 1796 3125 1852 odio
3153 1796 3403 1867 fugiant,
3431 1798 3490 1849 et
3516 1793 3591 1849 ad
3619 1793 3751 1863 ejus

2136 1886 2506 1942 dilectionem
2536 1886 2841 1941 accedant.

2205 1974 2282 2028 Et
2312 1977 2617 2046 postquam
2650 1973 2917 2028 inimicos
2956 1972 3251 2039 devicerit,
3294 1986 3415 2026 non
3447 1970 3749 2025 dimittam

2137 2079 2294 2131 eum,
2314 2063 2414 2117 sed
2434 2065 2631 2118 veritas
2666 2079 2808 2129 mea,
2834 2068 2882 2115 et
2908 2060 3266 2116 misericordia
3312 2076 3429 2114 mea
3481 2076 3604 2113 cum
3634 2060 3751 2129 ipso

2138 2151 2278 2218 erit;
2312 2150 2469 2221 quod
2497 2153 2583 2205 est
2608 2149 2832 2204 dicere:
2855 2148 3240 2220 Sempercum
3256 2148 3380 2220 ipso
3409 2154 3509 2203 ero
3539 2162 3751 2201 secun-

2139 2238 2278 2293 dum
2304 2238 2578 2293 auxilium
2596 2242 2654 2293 et
2668 2236 3260 2306 confirmationem,et
3268 2239 3506 2308 propter
3520 2233 3753 2289 miseri-

2139 2328 2396 2382 cordiam
2411 2330 2689 2395 meam,et
2706 2330 2945 2398 propter
2955 2326 3255 2381 veritatem
3273 2324 3633 2397 meam,quia
3646 2323 3758 2379 sci-

2138 2414 2272 2470 licet
2290 2416 2398 2471 hoc
2413 2415 2677 2486 promisi,
2697 2419 2755 2469 et
2769 2422 2888 2469 non
2902 2430 3138 2487 possum
3150 2430 3268 2469 non
3290 2411 3757 2484 complere,quia

2139 2519 2311 2558 verus
2331 2503 2529 2573 sumiin
2549 2501 2994 2574 natura.thuia
3011 2517 3142 2557 cum
3158 2501 3281 2573 ipso
3298 2500 3756 2570 ero,exaltabitur

2139 2608 2305 2647 cornu
2320 2591 2371 2662 ej
2375 2591 2519 2659 us,id
2535 2593 2621 2645 est
2637 2590 3040 2646 sublimabitur
3058 2589 3319 2660 potentia
3349 2588 3575 2644 virtutis
3600 2589 3749 2659 ejus,

2140 2680 2217 2735 sic
2247 2684 2310 2735 ut
2340 2682 2493 2734 totus
2516 2677 2827 2733 mundusei
2851 2678 3205 2749 subjiciatur,
3229 2681 3288 2733 et
3314 2677 3438 2732 haec
3475 2675 3751 2731 exaltatio

2141 2767 2253 2823 erit
2273 2769 2329 2821 in
2358 2768 2568 2821 nomine
2593 2782 2726 2832 meo,
2762 2766 2821 2821 id
2851 2769 2937 2821 est
2974 2766 3033 2819 in
3062 2766 3285 2821 honore
3314 2781 3469 2832 meo,
3500 2767 3565 2819 ut
3613 2763 3752 2818 inde

2140 2856 2352 2911 scilicet
2373 2854 2661 2926 glorificer
2679 2854 2750 2909 ab
2774 2853 3125 2909 hominibus.
3154 2853 3345 2909 Cornu
3365 2852 3603 2924 quidem
3616 2851 3756 2924 quia

332 3796 341 3809 Δ
446 3732 577 3797 cati,
610 3730 766 3802 quod
779 3734 866 3786 est
881 3730 1105 3786 dicere:
1141 3733 1298 3787 Dabo
1317 3733 1369 3788 ei
1401 3733 1835 3790 immunitatem
1861 3752 1895 3791 a
1923 3752 2052 3807 pec-

439 2941 692 2997 millibus
711 2942 923 2996 electus
938 2939 1118 3013 (Cant.
1135 2959 1187 3009 v,
1206 2942 1315 3015 l0).
1342 2964 1370 2992 »
1401 2943 1684 3016 Adiungit
1701 2947 1896 2999 autem
1914 2960 2043 2998 cau-
2064 2975 2111 3036 ο
2141 2944 2291 2999 forte
2318 2945 2422 3009 est,
2437 2948 2495 2997 et
2522 2941 2581 2996 in
2610 2959 2678 2997 eo
2704 2942 2770 2996 fit
2791 2941 3053 3012 potentia
3067 2940 3340 3007 bellandi,
3362 2956 3468 3011 pro
3488 2938 3755 3010 potentia

396 3062 399 3065 -
441 3046 549 3097 sas,
593 3045 696 3085 cur
734 3045 868 3085 eum
917 3030 1205 3097 exaltabit,
1245 3031 1353 3086 sic:
1408 3031 1546 3087 Dico
1594 3033 1751 3103 quod
1779 3032 2042 3088 exaltabo
2071 3027 2111 3036 “”
2143 3032 2400 3102 ponitur.
2433 3031 2531 3084 Vel
2559 3029 2669 3085 sic:
2700 3030 2835 3086 Dico
2857 3030 3011 3101 quod
3057 3027 3329 3083 concidam
3377 3029 3639 3094 inimicos,
3668 3029 3755 3081 ’et

441 3119 680 3185 electum,
716 3115 1007 3173 Christum
1055 3118 1268 3173 scilicet
1296 3135 1498 3174 verum
1548 3119 1746 3175 David.
1799 3121 1868 3173 Et
1913 3119 2043 3174 ideo
2142 3136 2248 3191 per
2275 3119 2383 3174 hoc
2408 3117 2707 3185 concidam,
2740 3118 2897 3189 quod
2933 3119 3130 3173 veritas
3151 3134 3268 3172 mea
3295 3123 3343 3171 et
3372 3113 3752 3172 misericordia

441 3206 723 3272 exaltabo,
756 3205 892 3276 quia
922 3207 1116 3273 inveni,
1134 3205 1193 3260 id
1272 3210 1327 3261 st
1346 3206 1637 3261 inveniam
1665 3207 1791 3279 ipsa
1834 3208 1919 3262 rei
1948 3223 2042 3261 ex-
2143 3225 2259 3261 mea
2287 3206 2397 3261 erit
2420 3225 2543 3261 cum
2562 3209 2692 3278 ipso,
2724 3205 2783 3261 id
2809 3208 2894 3261 est
2928 3222 3035 3277 ego
3065 3222 3199 3260 cum
3228 3205 3349 3278 ipso
3379 3221 3479 3261 ero
3511 3208 3758 3278 propter

440 3291 721 3363 perientia
747 3291 927 3345 David
954 3309 1074 3347 esse
1103 3309 1312 3349 servum
1339 3309 1536 3360 meum,
1565 3294 1625 3348 id
1653 3298 1739 3349 est
1786 3294 2048 3366 experiar
2147 3294 2605 3351 misericordiam
2632 3297 2690 3350 et
2716 3294 3021 3350 veritatem
3050 3310 3245 3349 meam
3266 3296 3326 3349 et
3349 3294 3485 3366 quia
3505 3295 3759 3365 eumipsa

443 3395 579 3433 eum
601 3395 722 3433 esse
747 3396 977 3433 servum
1007 3396 1206 3435 meum
1232 3381 1292 3435 in
1334 3381 1605 3436 omnibus
1652 3382 2045 3452 obedientem,
2148 3400 2269 3446 ero,
2296 3383 2619 3437 exaltabitur
2647 3400 2833 3451 cornu,
2862 3382 2923 3438 id
2952 3386 3039 3437 est
3066 3382 3387 3438 sublimitas
3417 3383 3541 3454 ejus
3570 3385 3630 3437 in
3656 3400 3760 3439 no-

444 3470 502 3522 ct
516 3466 576 3522 in
590 3468 747 3522 nullo
764 3468 1162 3523 resultantem.
1186 3470 1253 3524 Et
1271 3469 1408 3540 quia
1435 3470 1602 3526 illum
1641 3472 1906 3542 experiar
1926 3489 2048 3527 esse
2146 3474 2288 3526 mine
2302 3470 2497 3536 meo,id
2513 3469 2672 3525 estin
2696 3469 3164 3542 magniﬁcatione
3185 3470 3439 3526 nominis
3455 3471 3761 3544 mei,quod

445 3571 670 3610 servum
698 3571 918 3623 meum,
947 3558 1095 3624 amri,
1124 3556 1183 3611 id
1211 3560 1299 3612 est
1328 3574 1544 3630 ungam
1565 3559 1756 3614 eumin
1774 3576 1976 3632 regem
1993 3563 2051 3615 et
2150 3563 2236 3615 est
2258 3558 2476 3614 dicere:
2514 3558 2659 3614 Cum
2679 3558 2800 3631 ipse
2842 3558 3105 3613 sublimis
3123 3559 3347 3616 futurus
3365 3558 3508 3613 sitin
3529 3558 3760 3630 justitia

444 3639 804 3698 sacerdotem
828 3642 937 3697 oleo
967 3650 1145 3697 sancto
1172 3661 1308 3711 meo,
1336 3644 1396 3700 id
1422 3648 1509 3699 est
1529 3646 2049 3718 immunitatepee-
2150 3650 2210 3701 et
2236 3645 2589 3713 innocentia,
2640 3645 2826 3717 magis
2868 3646 3171 3718 magisque
3215 3646 3344 3702 ideo
3390 3645 3757 3715 excitabitur,

2151 3734 2285 3807 quia
2310 3750 2528 3791 nomen
2545 3749 2743 3789 meum
2765 3735 3016 3789 exaltare
3028 3734 3436 3791 studebit.Non
3459 3735 3649 3790 solum
3666 3751 3764 3791 au-

445 3824 595 3886 cato,
629 3822 695 3875 ut
723 3836 827 3891 per
854 3821 964 3877 hoc
996 3821 1204 3893 dignus
1225 3821 1300 3876 sit
1321 3821 1443 3876 fieri
1469 3839 1568 3877 rex
1596 3827 1653 3877 et
1683 3841 1942 3879 summus
1966 3841 2051 3879 sa—
2146 3825 2269 3877 tem
2309 3822 2583 3878 concidam
2601 3823 2839 3877 inimicos
2884 3822 2997 3893 ejus
3020 3823 3269 3892 Judaeos,
3293 3826 3352 3879 et
3374 3823 3608 3878 odientes
3635 3841 3761 3879 eum

446 3910 668 3976 cerdos,
692 3926 726 3964 a
745 3908 1127 3966 similitudine
1152 3910 1302 3966 illius
1332 3911 1431 3982 qui
1456 3912 1527 3966 ab
1549 3913 1658 3967 hoc
1676 3914 1802 3968 oleo
1825 3913 2052 3985 inungi-
2147 3911 2373 3967 Iudaeos
2395 3913 2450 3966 in
2460 3911 2653 3982 fugam
2665 3913 3100 3979 convertam,sed
3115 3919 3601 3984 etponammanum
3618 3913 3757 3983 ejus,

445 3998 561 4062 tur,
592 3998 656 4050 ut
678 3997 945 4052 sacerdos
971 3999 1059 4052 vel
1084 4014 1185 4053 rex
1210 3998 1525 4054 efficiatur.
1788 4069 1793 4074 _
2148 3999 2209 4054 id
2222 3999 2719 4071 estoperationem
2733 3999 2926 4070 ejusin
2944 4002 3105 4068 mari,
3134 4000 3192 4055 id
3209 4001 3365 4056 estin
3378 4002 3593 4073 populo
3612 4016 3759 4074 gen-

521 4083 781 4138 Ostendit
809 4086 1003 4138 autem
1032 4101 1136 4155 per
1172 4086 1312 4156 quid
1349 4086 1460 4141 erit
1485 4090 1713 4158 potens,
1747 4089 1824 4144 sic
1858 4106 1871 4143 :
1915 4089 2050 4145 Dico
2148 4086 2294 4141 tium
2307 4086 2831 4159 amaricanti,quod
2848 4087 3157 4144 estdicere:
3186 4088 3417 4144 Faciam
3450 4092 3758 4161 utpartem

448 4185 665 4242 ponam
694 4169 1029 4240 adjutorium
1050 4174 1106 4224 in
1125 4179 1342 4243 potente
1367 4174 1570 4242 David,
1601 4178 1660 4230 et
1684 4192 1816 4231 vere
1846 4181 2053 4249 potens
2075 4243 2117 4250 _
2150 4174 2411 4248 gentium
2424 4174 2498 4229 ad
2511 4175 2688 4230 fidem
2721 4179 3019 4232 convertat
3049 4177 3383 4250 Operatione
3397 4176 3763 4249 praedicatio-

452 4257 584 4312 erit:
616 4255 816 4312 Manus
834 4275 974 4313 enim
996 4275 1134 4325 mea,
1163 4259 1222 4315 id
1250 4263 1337 4315 est
1352 4263 1593 4316 verbum
1620 4280 1817 4319 meum
1840 4265 1946 4337 ipsi
1963 4282 2049 4321 se-
2075 4243 2129 4304 Ῑ)
2149 4263 2239 4318 nis
2268 4262 2680 4334 discipulorum
2694 4265 3081 4320 suorum.Non
3102 4266 3290 4320 solum
3309 4269 3505 4321 autem
3524 4265 3588 4321 in
3614 4281 3759 4338 pau-

452 4345 709 4400 cundum
736 4347 892 4417 quod
917 4347 1095 4404 homo
1126 4348 1512 4420 personaliter
1542 4350 1864 4407 uniendum
1894 4356 2049 4409 auxi—
2150 4351 2383 4424 peribus
2411 4354 2469 4406 et
2490 4350 2759 4422 subjectis
2771 4352 2842 4407 de
2868 4351 3036 4420 mari,
3046 4368 3252 4424 ponam
3274 4371 3495 4408 manum
3510 4351 3759 4424 ejus,sed

454 4431 670 4485 liabitur
697 4436 763 4501 ei,
813 4433 1181 4514 adAinimicos
1213 4436 1618 4506 devincendos,
1672 4446 1723 4493 et
1782 4441 2053 4497 brachium
2151 4446 2201 4494 et
2229 4442 2286 4494 in
2312 4440 2649 4510 fluminibus.
2682 4438 2742 4494 id
2780 4444 2865 4495 est
2895 4440 2954 4495 in
2980 4441 3357 4514 principibus,
3384 4458 3634 4514 quorum
3664 4457 3761 4496 cu—

450 4518 734 4586 meum,‘id
764 4506 1073 4592 est
1095 4523 1247 4579 idem
1274 4526 1515 4581 verbum
1545 4528 1882 4597 conﬁrmabit
1909 4547 2048 4600 eum,
2149 4545 2218 4583 ra
2245 4506 2495 4584 decurrit
2525 4527 2586 4582 in
2606 4528 2895 4583 subditam
2921 4506 3157 4601 plebem
3171 4506 3260 4586 .ad
3281 4506 3525 4586 modum
3556 4528 3758 4585 flumi-

450 4606 510 4661 id
538 4609 624 4661 est
648 4610 1013 4664 constantem
1044 4611 1238 4680 faciet,
1270 4630 1344 4669 ne
1375 4613 1622 4669 inimicis
1649 4617 1837 4672 cedat.
1857 4618 2052 4674 Manus
2150 4634 2291 4672 num
2320 4617 2381 4672 in
2420 4633 2580 4672 mare
2612 4617 3071 4674 decurrentium.
3107 4620 3327 4676 Ponam
3370 4619 3667 4686 dexteram,
3694 4618 3759 4674 id

449 4697 509 4748 et
528 4694 829 4749 brachium
857 4697 1099 4752 verbum
1120 4700 1219 4753 Dei
1249 4716 1507 4772 congrue
1535 4702 1762 4771 dicitur,
1795 4722 1862 4760 eo
1895 4706 2052 4777 quod
2150 4708 2235 4761 est
2261 4704 2662 4778 operationem
2688 4705 2820 4776 ejus,
2846 4706 3060 4763 scilicet
3095 4707 3330 4776 faciam,
3370 4711 3435 4762 ut
3463 4707 3756 4780 quosdam

448 4798 552 4854 per
565 4782 754 4854 ipsum
772 4784 920 4838 Deus
942 4786 1110 4839 Pater
1140 4787 1340 4842 omnia
1370 4788 1639 4860 disponat
1670 4795 1728 4846 et
1757 4796 2046 4865 operetur,
2150 4809 2218 4848 ex
2241 4792 2592 4864 principibus
2605 4796 2906 4850 convertat
2926 4795 3267 4867 operatione
3278 4796 3755 4868 praedicaturum,

448 4870 593 4926 sicut
613 4887 718 4939 nos
752 4888 932 4927 manu
961 4876 1017 4928 et
1056 4874 1294 4930 brachio
1336 4891 1669 4946 Operamur,
1703 4881 1864 4935 Unde
1892 4883 2046 4937 Psal-
2150 4897 2277 4952 quae
2306 4882 2454 4937 bene
2465 4898 2584 4958 per
2612 4882 2916 4939 dexteram
2948 4883 3295 4956 intelligitur
3325 4902 3393 4945 eo
3422 4885 3582 4958 quod
3612 4884 3752 4940 dex-

445 4958 616 5013 mista
639 4958 776 5014 alibi
794 4976 847 5013 :«
877 4960 1061 5016 Verbo
1080 4961 1315 5016 Domini
1345 4963 1471 5019 caeli
1494 4964 1711 5021 firmati
1740 4968 2043 5041 sunt(Psal.
2146 4973 2273 5025 tera
2302 4986 2631 5041 operamur.

445 5048 725 5112 xxxn,6).»
754 5046 1001 5118 Exponit
1024 5048 1202 5119 igitur
1229 5052 1524 5122 quomodo
1542 5053 2043 5125 confirmabit,sic:
2218 5058 2287 5112 Et
2314 5058 2424 5114 hoc
2446 5058 2681 5130 quidem
2706 5059 2915 5117 merito
2942 5060 2993 5116 ei
3016 5060 3246 5118 faciam.
3273 5061 3395 5134 Ipse
3417 5061 3578 5118 enim
3606 5062 3753 5118 ὑιυο-

442 5134 579 5190 Dico
605 5135 762 5206 quod
791 5136 1241 5206 conﬁrmabit,et
1258 5139 1369 5195 hoc
1382 5141 1558 5196 modo
1576 5143 1811 5214 quidem
1842 5146 2049 5200 confir-

442 5222 646 5288 mabit,
678 5223 834 5294 quod
877 5226 1124 5280 inimicus
1153 5227 1423 5300 antiquus
1444 5229 1705 5286 diabolus
1722 5233 1864 5286 nihil
1876 5235 2047 5304 pro/i-
2144 5234 2268 5288 tum
2298 5237 2357 5289 et
2380 5234 2686 5303 excelsum,
2711 5240 2768 5292 et
2797 5241 2861 5293 ut
2907 5253 3132 5293 servem
3178 5237 3263 5293 illi
3290 5222 3749 5296 misericordiam

439 5314 537 5367 ciet
564 5313 622 5364 in
650 5327 730 5378 eo,
756 5312 1224 5382 suggestionibus
1252 5316 1387 5383 suis,
1423 5334 1613 5389 neque
1641 5319 2040 5393 criminaliter,
2144 5337 2339 5377 meam
2370 5321 2565 5378 dicens
2588 5340 2601 5378 :
2632 5324 2797 5393 Deus,
2830 5326 2889 5381 id
2934 5330 3020 5381 est
3046 5330 3274 5383 creator
3299 5345 3448 5384 meus
3475 5346 3527 5383 es
3550 5336 3632 5396 tu,
3662 5344 3748 5383 se-

440 5415 631 5499 rieque
654 5398 1608 5499 venialiter',‘etJu‘daicuspopulus,
1634 5408 1779 5476 ﬁlius
1795 5408 2041 5466 existens
2142 5415 2395 5471 cundum
2417 5417 2573 5489 quod
2606 5418 2783 5474 homo
2812 5427 3028 5489 sum,et
3053 5419 3222 5478 Pater
3248 5439 3394 5478 meus
3422 5422 3743 5480 secundum

438 5487 819 5573 iniquitatisdd
847 5488 1096 5551 esttilius
1108 5489 1324 5552 diaboli
1347 5508 1455 5567 per
1488 5494 1904 5571 obedientiam,
1932 5500 2035 5577 qui
2139 5503 2296 5583 quod
2325 5487 2494 5578 Deus,
2519 5512 2571 5565 et
2594 5512 2874 5584 susceptor,
2901 5487 2962 5567 id
2990 5511 3078 5569 est
3101 5510 3358 5571 medicus
3386 5513 3447 5569 et
3460 5512 3743 5588 patronus

2145 5147 2304 5212 cavit,
2336 5145 2396 5201 id
2419 5149 2504 5201 est
2524 5148 2711 5203 orabit
2728 5165 2844 5217 me,
2878 5153 2943 5205 ut
2967 5166 3182 5222 ponam
3204 5149 3366 5206 illum
3388 5150 3750 5223 primogeni-
