3998 6026
283 271 417 336 ms

1187 243 1542 338 siposmo
1581 279 1652 337 IN
1688 265 2024 338 PSALMOS.
2063 307 2132 319 —
2169 276 2363 335 PSAL.
2406 265 2691 333 Lxxxvm

3466 271 3603 335 1114

278 401 599 460 secundum
627 401 783 475 quod
825 402 1003 460 homo
1017 407 1289 476 operator
1315 405 1509 460 salutis
1535 421 1704 472 meae,
1739 405 1795 460 id
1810 408 1896 459 est
1926 409 1977 466 Α
2007 402 2094 458 cia
2122 417 2262 474 erga
2292 400 2570 467 subditos,
2606 399 2748 454 sicut
2800 415 2907 471 ego
2951 399 3240 455 constitui.
3290 398 3364 454 Et
3421 399 3466 455 si
3511 399 3610 456 ﬁ1ii

280 491 628 547 constantia:
655 494 714 547 et
745 493 1182 548 resurrectionis
1199 511 1366 561 meae,
1385 494 1471 548 vel
1490 500 1752 564 susceptor
1763 493 1905 547 salu-

280 583 349 636 tis
359 580 568 643 meze,id
585 583 670 634 est
682 580 952 636 defensor
966 585 1024 635 et
1040 585 1407 652 conservator
1419 581 1746 636 salvationis
1759 598 1905 635 mea:

285 685 360 723 ne
375 667 622 722 deﬁciat.
652 669 982 723 Notandum
1020 670 1174 741 quod
1216 686 1346 724 cum
1380 671 1678 742 ponithazc
1694 669 1906 724 blanda

289 756 487 823 verba,
513 773 638 828 quia
664 757 916 812 Christus
937 758 1223 829 legiturin
1243 758 1599 813 orationibus
1628 758 1902 829 posuisse,

287 844 503 898 scilicet
519 844 694 899 Pater
720 848 778 899 et
801 845 945 900 Deus
963 849 1310 917 etsusceptor,
1345 847 1529 918 ipsum
1549 846 1703 918 quod
1719 845 1906 900 orabit

289 949 411 987 non
444 933 630 1004 ponit,
657 933 757 987 sed
778 951 844 988 ex
863 935 1232 1006 sequentibus
1264 935 1434 989 datur
1464 934 1728 1005 intelligi,
1773 950 1903 988 cum

291 1020 472 1093 ponit?
507 1022 616 1076 hoc
668 1022 1066 1092 promittendo
1135 1022 1292 1093 quod
1337 1022 1497 1078 dabit
1525 1040 1655 1076 cum
1700 1022 1901 1076 addit:

519 1108 652 1163 Dico
683 1110 836 1180 quod
859 1112 963 1180 ipse
1003 1092 1267 1164 invocabit
1297 1128 1396 1178 me,
1421 1118 1471 1164 et
1498 1128 1590 1181 ego
1611 1127 1784 1182 quem
1806 1111 1909 1180 ipse

293 1197 586 1260 invocabit,
614 1203 664 1251 et
693 1197 790 1269 qui
832 1200 1039 1270 potens
1069 1216 1194 1254 sum
1229 1199 1366 1255 dare
1397 1200 1550 1272 quod
1577 1198 1789 1265 orabit;
1805 1215 1907 1268 po-

290 1301 443 1351 nam,
473 1284 530 1338 id
559 1287 644 1339 est
673 1284 882 1339 faciam
910 1285 1060 1339 illum
1078 1289 1498 1357 primogenitum
1519 1290 1906 1353 mortuorum,

293 1371 355 1428 id
375 1377 461 1428 est
479 1373 690 1428 faciam
713 1378 774 1428 ut
807 1373 1027 1446 primus
1051 1379 1364 1446 generetur
1391 1376 1450 1430 in
1498 1374 1906 1431 immortalita-

293 1465 416 1516 tem
440 1465 497 1516 et
517 1461 1060 1532 impassibilitatem,
1085 1467 1141 1518 et
1169 1465 1246 1518 sic
1264 1482 1366 1536 per
1391 1482 1522 1519 eum
1539 1463 1726 1520 cuncti
1757 1480 1911 1518 mor-

294 1549 375 1604 tui
407 1550 661 1605 salvandi
691 1555 1046 1623 generentur
1077 1552 1136 1606 in
1156 1553 1370 1609 futuro.
1405 1553 1564 1608 Unde
1589 1551 1909 1608 Joannesin

289 1639 668 1710 Apocalypsi:
700 1661 727 1690 «
753 1640 1180 1712 Primogenitus
1220 1644 1586 1697 mortuorum
1621 1641 1828 1713 '(Apoc.
1867 1657 1907 1709 ι,

2008 493 2128 562 ejus
2158 490 2368 546 subditi
2389 490 2811 561 profanaverint
2830 489 3070 559 justitias
3087 506 3250 555 meas,
3276 489 3333 543 id
3363 493 3447 544 est
3476 504 3610 559 pro-

2005 579 2142 634 fana
2173 581 2231 634 et
2272 579 2487 649 injusta
2519 595 2638 633 esse
2691 576 3088 648 reputaverint
3128 577 3284 646 justa
3325 579 3616 648 prmcepta

2007 684 2167 734 mea;
2198 684 2301 722 ceu
2324 667 2492 720 multi
2523 665 2848 720 sacerdotes
2879 664 3086 736 quibus
3116 663 3392 734 injustum
3425 668 3483 719 et
3512 665 3610 718 de-

2004 755 2269 811 testabile
2301 755 2525 809 videtur
2550 754 2704 825 quod
2726 754 2786 807 in
2802 753 3119 808 canonibus
3138 752 3511 808 constitutum
3529 755 3613 807 est
3651 757 3654 760 λ

2006 859 2124 898 non
2156 843 2327 898 licere
2355 841 2702 914 presbyteris
2733 858 2938 896 uxores
2968 842 3204 908 habere,
3237 841 3615 895 ecclesiastica

2006 948 2222 1000 emere,
2259 935 2317 988 et
2347 935 2556 986 cmtera
2586 930 2723 985 talia
2751 931 2974 998 facere;
3008 933 3084 998 et,
3114 933 3176 984 ut
3211 929 3614 984 universaliter

2008 1020 2218 1088 dicam,
2250 1023 2299 1074 si
2328 1020 2588 1074 mandata
2619 1036 2733 1073 mea
2765 1035 2869 1072 non
2901 1019 3242 1074 custodierint
3276 1018 3377 1072 filii
3415 1018 3536 1089 ejus
3555 1021 3614 1072 et

2007 1110 2230 1181 praelati
2264 1113 2321 1164 et
2342 1109 2553 1165 subditi
2583 1109 2763 1180 (quod
2779 1111 2976 1163 tamen
3007 1108 3360 1162 tolerabilius
3373 1111 3456 1162 est
3473 1106 3616 1161 scili-

2009 1200 2099 1252 cet
2122 1199 2532 1252 tantummodo
2564 1213 2682 1252 non
2722 1197 3026 1263 custodire,
3066 1212 3242 1268 quam
3274 1212 3390 1250 non
3431 1199 3615 1250 custo-

2009 1285 2220 1340 diendo
2249 1285 2612 1356 profanare);
2632 1283 2852 1338 visitabo
2874 1287 2928 1337 in
2942 1287 3111 1353 virga,
3135 1284 3196 1337 id
3221 1286 3306 1338 est
3325 1282 3614 1353 corrigam

2008 1372 2066 1426 in
2101 1372 2315 1428 minori
2344 1374 2580 1428 verbere
2613 1375 2939 1444 iniquitates,
2968 1372 3026 1426 id
3056 1375 3142 1426 est
3171 1371 3614 1425 minoresoﬁ'en-

2008 1477 2097 1516 sas
2125 1477 2330 1516 eorum
2361 1461 2459 1532 qui
2488 1461 2765 1515 mandata
2797 1475 2929 1514 mea
2969 1476 3087 1514 non
3126 1459 3501 1513 custodierint
3528 1473 3542 1512 :
3567 1460 3615 1512 A

2011 1549 2386 1604 similitudine
2442 1565 2756 1620 puerorum
2803 1550 2996 1604 minus
3042 1547 3482 1613 oﬁ'endentium,
3521 1545 3619 1617 qui

2009 1637 2184 1710 virgae
2215 1638 2584 1708 percussione
2617 1637 3008 1709 corriguntur.
3041 1636 3118 1690 Et
3149 1635 3409 1701 visitabo,
3452 1634 3513 1687 id
3538 1639 3622 1689 est

293 1727 346 1798 5)
378 1743 392 1781 :
419 1747 448 1776 »
481 1728 548 1781 Et
575 1729 880 1798 Apostolus
903 1746 916 1784 :
938 1749 970 1781 «
1001 1729 1428 1801 Primogenitus
1495 1730 1646 1785 inter
1700 1731 1913 1784 multos
1934 1725 1984 1784 B
2012 1727 2302 1798 corrigam
2325 1729 2380 1780 in
2403 1727 2722 1794 verberibus,
2759 1726 2816 1780 id
2847 1730 2932 1781 est
2963 1726 3021 1780 in
3053 1724 3281 1797 magnis
3311 1722 3623 1777 correctio-

292 1815 501 1870 fratres
525 1815 707 1888 (Rom.
736 1833 856 1884 Vill,
889 1821 977 1884 29)
1001 1835 1018 1870 :
1037 1837 1070 1870 »
1095 1819 1162 1872 Et
1211 1836 1329 1873 non
1379 1819 1563 1873 solum
1579 1819 1910 1888 primogeni-

292 1908 410 1959 tum
425 1920 628 1974 ponam
656 1904 841 1971 illum,
873 1906 974 1960 sed
1001 1909 1058 1960 et
1083 1907 1342 1962 excelsum
1372 1906 1430 1960 in
1468 1905 1906 1977 glorificatione,

289 2009 406 2064 prae
442 1992 655 2061 regibus
685 2000 858 2062 terrae,
891 1994 949 2048 id
966 1998 1051 2048 est
1083 2011 1202 2066 prie
1235 1995 1509 2050 omnibus
1529 1994 1791 2049 ﬁdelibus
1819 2011 1910 2048 re-

295 2081 564 2151 gentibus
594 2081 742 2136 bene
776 2082 835 2136 in
865 2099 924 2137 se
955 2083 1377 2150 terrenitatem,
1397 2083 1608 2137 scilicet
1637 2082 1911 2138 sensuali-

295 2172 501 2233 tatem,
521 2187 593 2225 ne
620 2171 1516 2244 repugnetnimisspiritualitati;
1552 2172 1803 2243 quodest
1834 2171 1914 2226 di-

295 2273 458 2312 cere:
481 2257 624 2314 Cum
655 2259 1040 2315 ﬁdelesfuturi
1057 2261 1171 2314 sint
1200 2261 1472 2316 excelsiet
1505 2261 1759 2331 gloriosi,
1792 2259 1910 2332 ipse

297 2349 495 2401 tamen
522 2349 773 2402 excelsus
826 2347 936 2402 erit
974 2364 1094 2419 prae
1148 2349 1418 2403 omnibus
1444 2347 1569 2403 illis.
1603 2349 1701 2402 Vel
1732 2347 1809 2402 sic
1838 2348 1911 2402 ad

297 2435 554 2491 litteram
580 2453 594 2490 :
607 2454 811 2507 ponam
841 2437 992 2491 illum
1016 2437 1270 2491 excelsum
1317 2455 1437 2508 pra,
1482 2438 1688 2508 regibus
1737 2444 1909 2504 terrae,

297 2523 513 2578 scilicet
539 2527 602 2578 ut
630 2525 797 2580 multi
811 2543 976 2598 reges
993 2528 1164 2582 terrae
1181 2527 1232 2581 ei
1255 2544 1312 2582 se
1343 2528 1665 2598 subjiciant,
1700 2530 1756 2581 et
1777 2543 1910 2582 eum

301 2611 557 2667 excelsum
588 2629 707 2668 esse
730 2618 1101 2685 cognoscant,
1137 2618 1196 2670 et
1225 2617 1280 2669 in
1295 2622 1553 2670 aeternum
1572 2616 1787 2670 servabo
1806 2617 1912 2669 mi-

297 2700 637 2754 sericordiam
668 2700 765 2769 illi,
799 2705 857 2756 et
882 2703 953 2756 ad
985 2720 1127 2774 opus
1159 2704 1301 2774 ejus,
1335 2707 1392 2758 et
1422 2705 1495 2758 ad
1530 2721 1673 2775 opus
1721 2720 1910 2758 mem-

298 2787 538 2844 brorum
570 2789 749 2857 illius;
775 2791 931 2861 quod
964 2795 1048 2846 est
1075 2792 1378 2847 dicerezln
1424 2796 1707 2847 aeternum
1740 2793 1911 2847 mise-

301 2876 478 2932 rebor
508 2881 567 2932 et
585 2878 726 2949 ejus,
759 2881 818 2933 et
854 2880 1256 2936 membrorum
1287 2882 1429 2952 ejus,
1464 2884 1526 2936 ut
1563 2897 1790 2953 semper
1819 2897 1916 2937 eos

303 2968 634 3020 constantes
650 2966 880 3024 faciam.

369 3052 446 3106 Et
473 3057 547 3108 sic
586 3062 973 3125 testamentum,
1006 3056 1067 3112 id
1105 3060 1192 3113 est
1215 3061 1450 3131 pactum
1498 3075 1673 3113 meum
1698 3058 1914 3112 factum

300 3141 424 3212 ipsi,
453 3141 562 3196 erit
589 3144 760 3212 ﬁdele,
789 3144 849 3200 id
898 3159 984 3200 est
1026 3161 1223 3214 verax;
1252 3146 1407 3218 quod
1469 3150 1553 3202 est
1582 3146 1770 3202 dicere
1805 3163 1817 3200 :
1849 3147 1916 3200 Et

300 3229 436 3301 quia
462 3232 676 3285 servabo
690 3232 772 3286 illi
819 3235 1270 3303 misericordiam,
1305 3249 1505 3290 verum
1553 3235 1661 3290 erit
1681 3237 1913 3307 pactum

301 3318 457 3390 quod
484 3319 615 3387 feci,
637 3319 693 3374 id
724 3323 809 3375 est
835 3321 1045 3377 faciam
1089 3323 1481 3394 promittendo
1513 3324 1667 3396 quod
1699 3323 1781 3377 illi
1805 3341 1913 3378 ser-

301 3407 436 3460 vabo
464 3408 898 3478 misericordiam,
927 3411 972 3464 si
997 3410 1322 3466 mihifuerit
1339 3406 1630 3477 obedie'ns,
1659 3418 1914 3483 etponam

303 3495 361 3548 in
387 3496 635 3550 arculum
660 3498 842 3552 saeculi
867 3515 1040 3553 semen
1058 3499 1263 3570 eius,id
1295 3503 1378 3554 est
1398 3517 1613 3571 ponam
1645 3517 1915 3572 sequaces

304 3582 427 3653 ejus
452 3583 510 3638 in
537 3588 841 3654 aeternum,
873 3587 1088 3641 scilicet
1143 3587 1354 3642 faciam
1385 3605 1483 3643 eos
1512 3587 1573 3642 in
1631 3592 1915 3643 asternum

303 3669 514 3739 vivere,
542 3679 592 3726 et
620 3689 837 3744 ponam
866 3675 1114 3730 thronum
1144 3675 1276 3745 ejus,
1308 3675 1371 3730 id
1421 3679 1506 3729 est
1535 3675 1685 3747 ipsos
1714 3693 1916 3748 sequa-

305 3775 399 3815 ces
419 3759 516 3832 qui
547 3765 716 3817 erunt
734 3762 896 3818 sedes
916 3763 1056 3834 ejus,
1080 3763 1287 3818 faciam
1319 3765 1502 3820 claros
1531 3763 1588 3818 in
1619 3765 1919 3835 perfectio-

302 3865 379 3902 ne
408 3849 570 3904 illum
597 3850 849 3906 nationis
880 3851 1199 3920 interioris;
1228 3855 1364 3907 sicut
1391 3853 1499 3907 dies
1547 3853 1676 3921 caeli,
1706 3853 1918 3910 scilicet

300 3937 606 4008 splendida
651 3939 760 3994 erit
809 3957 1010 3996 eorum
1041 3941 1288 4010 claritas,
1321 3941 1464 3996 sicut
1493 3943 1795 4014 splendida
1831 3945 1917 3997 est

302 4023 514 4079 claritis
567 4027 884 4082 caelestium
938 4029 1265 4102 spirituum.
1301 4029 1407 4094 Qui
1440 4033 1632 4085 autem
1690 4034 1914 4086 tantam

299 4112 748 4183 promissionem
784 4118 1187 4173 membrorum
1213 4119 1448 4188 fecerat,
1481 4119 1722 4175 dicendo
1743 4137 1916 4174 semen

301 4200 414 4271 ejus
428 4219 631 4272 ponam
658 4206 713 4258 in
739 4205 994 4260 sa’culum
1035 4207 1231 4275 saeculi,
1288 4210 1422 4275 etc.,
1459 4225 1531 4262 ne
1583 4209 1916 4264 viderentur

1942 3005 1990 3066 C

2013 1817 2178 1871 nibus
2211 1819 2268 1871 et
2291 1816 2506 1887 asperis
2527 1822 2770 1887 peccata,
2805 1816 2862 1870 id
2908 1819 2993 1870 est
3043 1815 3292 1883 majores
3321 1814 3516 1883 culpas
3546 1828 3629 1865 eo-

2010 1924 2131 1960 rum
2162 1906 2258 1978 qui
2296 1904 2733 1978 profanaverint
2757 1904 3006 1974 justitias
3054 1920 3241 1972 meas;
3273 1920 3306 1957 a
3355 1901 3619 1956 similitu-

2012 1997 2145 2052 dine
2169 1997 2452 2065 juvenum
2484 1994 2670 2066 magis
2687 1992 3134 2060 offendentium,
3162 1993 3258 2064 qui
3280 1992 3617 2046 baculorum

2011 2085 2341 2142 verberibus
2391 2085 2816 2156 corripiuntur;
2851 2101 2915 2138 ac
2947 2085 2991 2138 si
3027 2084 3179 2138 dicat
3213 2099 3226 2137 :
3261 2081 3319 2136 Si
3361 2080 3464 2135 ﬁlii
3496 2080 3617 2150 ejus

2011 2173 2380 2243 offenderint,
2414 2174 2705 2245 castigabo
2738 2189 2836 2227 eos
2865 2189 2970 2244 per
3011 2171 3395 2236 inﬁrmitates,
3429 2172 3487 2224 et
3516 2184 3619 2239 per

2010 2263 2150 2317 alias
2180 2278 2320 2333 quas
2353 2261 2434 2316 eis
2453 2261 2701 2316 inferam
2718 2261 3030 2316 anxietates
3053 2277 3065 2314 :
3089 2276 3216 2332 quae
3237 2258 3434 2314 omnia
3450 2258 3621 2312 erunt

2011 2350 2090 2404 eis
2112 2350 2370 2422 piissime
2398 2352 2457 2405 et
2476 2350 2857 2405 saluberrima
2885 2349 3152 2404 visitatio.

2081 2439 2480 2493 Etnotandum
2507 2438 2663 2509 quod
2680 2438 2830 2492 hanc
2856 2437 3303 2510 promissionem
3318 2435 3620 2507 correctio-

2012 2524 2100 2578 nis
2131 2528 2188 2578 et
2235 2524 2644 2580 misericordia:
2695 2525 2830 2581 facit
2858 2526 2927 2580 de
2971 2525 3082 2580 illis
3106 2525 3237 2580 ﬁliis
3265 2527 3493 2580 tantum
3521 2525 3619 2596 qui

2011 2612 2267 2667 salvandi
2290 2616 2442 2668 sunt.
2461 2615 2672 2685 Legem
2701 2617 2920 2681 autem,
2949 2614 3009 2668 id
3034 2613 3491 2684 estdisciplinam
3513 2629 3616 2684 po-

2014 2702 2118 2769 nit,
2144 2719 2211 2756 eo
2243 2703 2399 2774 quod
2415 2703 2654 2758 validius
2667 2703 2935 2758 dicuntur
2948 2703 3392 2773 leges,instituta
3409 2702 3506 2756 illa
3521 2701 3618 2755 ubi

2014 2789 2085 2862 de
2107 2790 2362 2862 vindicta
2377 2806 2610 2845 reorum
2633 2790 2841 2862 agitur,
2866 2807 3041 2862 quam
3059 2789 3154 2844 ubi
3178 2791 3376 2860 regula
3393 2787 3619 2843 vivendi

2015 2861 2714 2949 360disponitur.Dico
2733 2861 3010 2951 quoniam
3032 2878 3253 2932 visitabo
3277 2894 3374 2932 eos
3390 2879 3445 2931 in
3465 2878 3616 2945 virga

2015 2973 2065 3022 et
2091 2969 2153 3022 in
2182 2967 2494 3024 verberibus.
2527 2967 2955 3022 Misericordiam
2985 2975 3163 3021 autem
3196 2984 3367 3021 meam
3396 2982 3503 3021 non
3533 2965 3616 3018 di-

2013 3072 2257 3127 spergam
2313 3055 2380 3108 ab
2428 3072 2507 3124 eo,
2557 3055 2617 3110 id
2645 3059 2730 3110 est
2760 3056 2859 3110 sed
2893 3055 3176 3110 beneficia
3206 3052 3616 3108 misericordiae

2014 3161 2161 3198 mea:
2192 3160 2311 3199 non
2351 3159 2418 3198 ex
2470 3146 2591 3199 toto
2641 3144 2899 3198 auferam
2924 3161 2957 3198 a
2994 3143 3124 3198 filiis
3163 3143 3284 3214 ejus
3314 3140 3616 3206 salvandis,

2013 3249 2156 3305 quos
2186 3233 2427 3300 visitabo,
2451 3231 2665 3286 scilicet
2687 3249 2803 3288 non
2819 3234 2896 3289 eis
2917 3233 3177 3288 auferam
3207 3231 3382 3286 ﬁdem
3417 3232 3474 3285 et
3501 3227 3617 3284 mei

2013 3321 2431 3393 cognitionem,
2447 3323 2504 3375 et
2519 3325 2728 3376 caetera
2745 3321 3023 3376 beneﬁcia
3037 3337 3163 3393 quia
3178 3337 3282 3392 per
3295 3318 3618 3374 misericor—
3673 3317 3678 3322 “

2015 3409 2170 3464 diam
2199 3425 2394 3464 meam
2415 3409 2498 3464 eis
2517 3409 2812 3464 conferam
2836 3426 2848 3463 :
2866 3426 3031 3482 neque
3048 3409 3238 3464 nocebo
3255 3409 3334 3463 eis
3349 3408 3408 3461 in
3425 3407 3618 3461 futuro

2015 3501 2077 3552 ut
2108 3513 2203 3552 eos
2235 3498 2510 3552 damnem
2535 3515 2551 3550 :
2595 3501 2650 3551 et
2679 3499 2789 3552 hoc
2813 3502 2898 3552 est
2926 3502 3148 3553 certum
3181 3501 3238 3552 et
3266 3497 3527 3562 ﬁrmum,
3563 3495 3619 3548 in

2013 3587 2234 3640 veritate
2263 3602 2397 3652 mea,
2430 3601 2494 3640 ac
2524 3585 2568 3639 si
2599 3585 2786 3640 dicat:
2825 3586 2966 3641 Cﬁm
2993 3603 3159 3641 verus
3187 3585 3296 3640 sim
3327 3589 3391 3638 ut
3416 3583 3617 3638 fallere

2015 3690 2325 3744 nequeam,
2358 3673 2481 3744 ipsa
2512 3689 2644 3728 mea
2673 3674 2881 3729 veritas
2909 3675 3084 3730 habet
3113 3677 3175 3728 ut
3204 3673 3360 3746 quod
3379 3669 3617 3744 promisi

2015 3763 2342 3834 compleam
2370 3779 2382 3816 :
2419 3761 2632 3816 scilicet
2657 3779 2730 3816 ne
2761 3762 3174 3817 misericordiam
3193 3761 3613 3832 dispergamme-

2017 3867 2126 3922 que
2178 3866 2444 3920 noceam,
2476 3868 2641 3922 neque
2655 3851 2964 3921 profanabo
2995 3855 3367 3905 testamentum
3416 3863 3614 3912 meum,

2016 3937 2226 3993 scilicet
2245 3955 2362 3993 non
2380 3938 2587 3993 faciam
2606 3939 3000 4010 profanum,id
3022 3942 3106 3994 est
3127 3937 3376 3993 mendax
3387 3937 3618 4007 pactum

2014 4043 2234 4095 meum,
2268 4028 2422 4099 quod
2452 4028 2696 4082 ﬁrmabo
2725 4045 2856 4082 cum
2884 4029 3061 4083 David
3089 4027 3206 4082 ﬁlio
3221 4042 3352 4080 meo
3373 4022 3618 4096 promit-

2014 4117 2190 4172 tendo
2212 4117 2368 4188 quod
2385 4108 2502 4173 non
2526 4118 2743 4172 nocebo
2762 4117 2892 4172 ﬁliis
2921 4118 3044 4190 ejus
3065 4135 3079 4186 ;
3103 4124 3151 4171 et
3164 4134 3268 4171 non
3280 4116 3488 4188 faciam
3500 4114 3621 4167 irri-

2017 4210 2092 4272 ta,
2119 4204 2179 4258 id
2205 4208 2294 4259 est
2345 4222 2492 4260 vana
2537 4210 2594 4261 et
2634 4208 2793 4261 nulla
2823 4206 3070 4261 utilitate
3101 4205 3363 4279 prmdita,
3397 4221 3466 4258 ea
3501 4215 3619 4275 quas

301 4290 408 4362 ipsi
439 4309 707 4364 sequaces
749 4312 866 4351 non
895 4296 1135 4351 ulterius
1163 4297 1472 4368 peccaturi,
1498 4299 1586 4352 vel
1616 4298 1661 4352 si
1707 4314 1911 4370 pecca-
1935 4290 1988 4349 D
2002 4293 2299 4364 procedunt
2326 4295 2389 4349 de
2419 4295 2570 4349 labiis
2599 4298 2746 4362 meis,
2776 4295 2835 4350 id
2867 4299 2952 4350 est
2977 4313 3045 4350 ea
3074 4293 3356 4350 beneﬁcia
3392 4308 3518 4364 quas
3547 4291 3617 4345 de

301 4384 561 4436 rentnon
578 4384 994 4454 recuperaturi,
1012 4384 1202 4439 innuit
1228 4402 1325 4440 eos
1348 4388 1701 4457 peccaturos,
1722 4388 1910 4442 etesse

304 4469 695 4541 corrigendos,
729 4476 787 4527 et
813 4473 912 4527 Dei
946 4474 1404 4529 misericordiam
1434 4492 1551 4530 non
1580 4475 1909 4543 amissuros,

303 4556 380 4612 sic
411 4574 422 4612 :
457 4558 590 4614 Dico
620 4561 775 4631 quod
794 4577 997 4630 ponam
1019 4578 1192 4618 semen
1217 4562 1330 4633 ejus
1355 4564 1409 4616 in
1433 4562 1680 4617 saeculum
1709 4565 1908 4632 saeculi,

303 4648 412 4700 etc.
443 4646 512 4700 Si
538 4654 714 4702 autem
740 4647 797 4702 id
827 4653 912 4703 est
927 4650 1027 4704 sed
1050 4650 1093 4704 si
1123 4650 1232 4718 ﬁlii
1260 4651 1393 4721 ejus,
1426 4651 1486 4706 id
1525 4655 1611 4706 est
1641 4668 1911 4725 sequaces

303 4733 443 4804 ejus,
464 4736 686 4806 praelati
737 4736 970 4800 scilicet,
1023 4737 1394 4812 dereliquerint
1420 4741 1585 4809 legem
1627 4757 1818 4808 meam,
1853 4740 1912 4796 id

302 4825 386 4877 est
411 4822 770 4894 disciplinam
793 4841 921 4897 quae
942 4826 1000 4880 in
1025 4827 1151 4899 lege
1181 4845 1312 4883 mea
1333 4828 1682 4900 praecipitur,
1697 4830 1911 4884 scilicet

300 4909 347 4964 si
367 4926 484 4966 non
515 4913 823 4968 correxerit
851 4914 1107 4971 subditos
1123 4917 1440 4972 secundum
1472 4917 1829 4990 disciplinam
1849 4918 1908 4974 in

299 4998 429 5069 lege
460 5015 592 5055 mea
619 5002 1016 5071 constitutam,
1052 5005 1152 5059 sed
1176 5006 1263 5059 vel
1302 5005 1476 5060 nimis
1499 5005 1721 5061 intense
1742 5007 1816 5061 ad
1840 5006 1908 5060 li-

298 5086 485 5142 bitum
515 5106 681 5144 suum
714 5091 984 5164 corriget,
1012 5093 1252 5148 modum
1270 5095 1597 5149 exeedendo
1617 5112 1720 5166 per
1737 5096 1907 5165 iram,

297 5176 386 5230 vel
417 5176 590 5232 nimis
604 5179 843 5234 remisse
875 5196 1081 5250 parum
1117 5181 1382 5237 faciendo
1403 5185 1644 5255 propter
1672 5183 1912 5254 alicujus

300 5264 671 5335 gratiam:Et
715 5266 760 5320 si
809 5266 908 5320 ﬁlii
959 5268 1080 5338 ejus
1125 5268 1347 5340 praelati
1371 5287 1478 5324 non
1525 5271 1912 5326 ambulaverint

299 5352 355 5404 in
374 5351 595 5421 judiciis
625 5356 772 5422 meis,
803 5354 864 5409 id
890 5357 1116 5410 estnon
1164 5358 1656 5427 perseveraverint
1683 5357 1741 5412 in
1751 5359 1909 5430 judi-

299 5441 442 5495 ciisa
471 5456 566 5496 me
591 5442 930 5510 constitutis,
954 5443 1165 5503 scilicet
1193 5443 1260 5510 si,
1293 5461 1398 5516 pro
1428 5461 1629 5502 amore
1672 5447 1911 5520 alicujus

301 5529 397 5587 aut
413 5528 546 5586 odio
574 5529 717 5588 falso
733 5531 1077 5606 judicantes,
1109 5551 1231 5592 non
1256 5534 1565 5592 habuerint
1583 5538 1742 5593 recta
1753 5535 1776 5609 j
1787 5537 1909 5593 udi-

2013 4382 2143 4437 ﬁliis
2175 4383 2297 4454 ejus
2327 4384 2649 4454 praedicunt
2675 4385 2974 4456 propheta:
2992 4384 3108 4439 mei
3139 4382 3274 4437 dicti
3299 4381 3452 4438 labia
3465 4397 3617 4448 mea,

2014 4486 2082 4526 eo
2109 4472 2263 4544 quod
2293 4489 2398 4544 per
2425 4489 2521 4526 eos
2550 4472 2743 4526 futura
2772 4474 3136 4545 praeloquar;
3170 4488 3236 4526 ac
3273 4471 3319 4525 si
3344 4471 3497 4526 dicat
3526 4468 3620 4524 :Si

2013 4560 2428 4616 misericordiam
2451 4577 2622 4615 meam
2651 4561 2718 4614 ab
2742 4564 2813 4615 eis
2840 4561 3255 4634 dispergerem,
3284 4561 3512 4616 mendax
3538 4576 3620 4614 es-

2013 4655 2099 4707 set
2155 4654 2388 4722 pactum
2429 4665 2648 4718 meum,
2698 4651 2853 4722 quod
2902 4667 3034 4706 cum
3067 4651 3243 4706 David
3270 4650 3499 4717 faciam,
3532 4650 3616 4704 lo-

2013 4742 2242 4812 quendo
2266 4740 2369 4812 ipsi
2401 4739 2660 4806 interius,
2691 4740 2846 4810 quod
2857 4742 3154 4812 pro/anum
3184 4740 3420 4813 quidem
3451 4739 3620 4793 estet

2012 4830 2364 4902 impossibile
2393 4832 2457 4884 ut
2481 4831 2752 4897 mentiar,
2780 4847 2911 4884 cum
2937 4829 3044 4883 sim
3076 4832 3244 4894 Deus,
3300 4829 3359 4881 et
3396 4843 3463 4880 ea
3488 4842 3615 4897 quae

2013 4919 2310 4994 propheta:
2324 4919 2671 4974 annuntiant
2686 4919 2755 4972 de
2767 4919 2946 4972 salute
2960 4921 3179 4971 aeterna
3194 4914 3444 4969 ﬁliorum
3457 4913 3617 4968 irrita

2013 5010 2220 5074 essent,
2253 5010 2311 5062 et
2346 5007 2468 5062 sine
2495 5008 2739 5062 utilitate
2772 5005 2923 5060 dicta
2953 5021 2967 5072 ;
3001 5004 3154 5075 quod
3194 5005 3501 5074 utrumque
3541 5019 3614 5058 ne

2012 5100 2305 5169 sequatur,
2350 5113 2469 5151 non
2522 5097 2818 5166 dispergam
2870 5093 3282 5147 misericordiam
3325 5109 3491 5164 neque
3516 5109 3611 5147 no-

2011 5186 2150 5253 cebo,
2184 5189 2242 5239 et
2267 5201 2396 5238 vere
2429 5200 2546 5238 non
2581 5183 2948 5253 dispergam:
2981 5195 3119 5235 nam
3149 5179 3306 5233 semel
3320 5179 3527 5250 iuravi,
3555 5179 3615 5236 id

2012 5271 2550 5329 estimmutabiliter
2570 5273 2627 5325 et
2647 5269 2894 5324 ﬁrmiter
2910 5267 3614 5340 disposui,a'similitudine

2010 5361 2242 5417 illorum
2291 5361 2389 5432 qui
2428 5358 2644 5431 aliquid
2703 5356 2950 5412 ﬁrmiter
2990 5361 3048 5411 et
3077 5373 3207 5410 cum
3231 5356 3612 5428 jurejurando

2011 5451 2349 5522 disponunt,
2378 5449 2562 5503 ethoc
2591 5445 2763 5514 semel,
2796 5445 2855 5500 id
2885 5448 2970 5500 est
2998 5444 3076 5500 sic
3123 5444 3530 5501 inviolabiliter
3552 5449 3617 5502 ut

2011 5555 2131 5596 non
2175 5537 2249 5594 sit
2292 5554 2436 5612 opus
2470 5536 2734 5611 repetere
2764 5535 2955 5610 ipsum
2991 5532 3424 5608 jusjurandum.
3477 5536 3611 5594 Dico
