4008 6040
445 265 577 319 1115
1043 258 1101 316 S.
1144 255 1490 317 BRUNONIS
1527 248 2160 316 CARTHUSIANORUM
2197 251 2665 316 INSTITUTORIS
2706 259 2861 317 OPP.
2894 257 3083 343 -PARS
3122 261 3144 317 Ι
3615 267 3757 323 1116

437 384 591 457 quod
608 386 803 456 juravi
841 383 1016 447 semel,
1043 387 1102 439 et
1130 385 1238 440 hoc
1264 387 1320 438 in
1347 390 1527 441 sancto
1565 400 1698 450 meo,
1730 383 1788 437 id
1843 385 1929 436 est
1977 381 2037 436 in
2060 384 2117 444 Α
2137 381 2599 454 idestpermittes
2622 385 2831 456 impios
2847 386 3111 458 persequi
3137 386 3333 443 ﬁdeles
3358 404 3522 445 more
3555 389 3760 460 profa~

435 478 630 530 scncta
655 473 1026 547 dispositione
1045 490 1211 537 mea;
1237 490 1301 528 ac
1321 473 1364 526 si
1379 473 1561 527 dicat:
1587 472 1729 528 Cum
1744 471 2037 543 dispositio
2139 487 2369 539 norum,
2388 472 2641 544 quandiu
2660 476 2829 528 erunt
2849 476 2905 527 in
2925 482 3089 543 terra,
3123 477 3221 548 qui
3242 481 3439 532 tamen
3461 483 3594 534 sunt
3623 497 3756 533 san-

434 577 568 618 mei
599 571 794 620 sancta
818 563 908 629 sit,
940 562 1290 635 impossibile
1318 565 1402 616 est
1434 561 1588 632 quod
1635 559 1878 630 dispono
1921 575 2037 613 non

437 651 794 723 contingere.
831 653 966 706 Dico
981 652 1192 722 juravi,
1213 653 1270 705 et
1289 651 1398 705 hoc
1426 649 1638 703 scilicet
1659 647 1866 720 juravi,
1885 648 2038 719 quod

435 755 631 793 semen
683 739 805 810 ejus
851 739 908 793 in
949 743 1230 793 aeternum
1263 738 1539 803 manebit,
1570 737 1626 791 id
1662 740 1747 791 est
1771 753 2039 807 sequaces

439 827 561 897 ejus
582 828 784 883 aeterni
819 831 1005 882 erunt.
1037 829 1104 882 Et
1130 830 1178 880 si
1206 843 1313 898 ego
1345 826 1523 880 David
1544 828 1792 891 mentiar,
1827 825 2041 878 scilicet

436 915 554 971 ﬁlio
585 933 716 972 meo
749 933 866 971 non
897 917 1194 986 complens
1209 915 1507 987 quodcum
1534 931 1602 969 eo
1625 914 2038 984 paciscar,tunc

435 1023 554 1062 non
586 1025 712 1063 sum
745 1009 912 1075 Deus,
946 1008 1031 1061 vel
1064 1005 1240 1061 David
1269 1006 1573 1077 prepheta,
1616 1005 1703 1058 cui
1735 1005 1841 1058 hoc
1881 1020 2034 1074 prte-

433 1093 569 1150 dixi.

507 1186 574 1238 Et
605 1201 720 1239 non
743 1183 1108 1238 solummodo
1125 1200 1302 1240 semen
1319 1183 1430 1253 ejus
1462 1185 1517 1236 in
1533 1188 1788 1236 aeternum
1814 1179 2036 1246 erit,sed

432 1279 482 1326 et
508 1273 724 1327 thronus
744 1273 877 1342 ejus,
906 1271 964 1326 id
991 1274 1075 1325 est
1107 1272 1295 1342 ipsum
1327 1270 1724 1342 semen,quod
1747 1269 1855 1325 erit
1874 1267 2036 1323 sedes

435 1361 700 1431 ejus,non
745 1360 938 1415 localis
968 1360 1068 1414 sed
1093 1359 1364 1430 spiritalis
1395 1359 1453 1413 in
1484 1359 1674 1412 futuro
1712 1350 1960 1412 existens’
1983 1359 2038 1408 in

430 1456 701 1518 conspectu
725 1465 858 1515 meo,
882 1447 940 1501 id
965 1451 1050 1502 est
1073 1448 1128 1502 in
1151 1451 1350 1519 aperta
1371 1445 1864 1518 contemplatione
1896 1445 2034 1506 mei,

431 1537 528 1608 qui
551 1538 640 1591 hic
659 1552 761 1606 per
784 1539 1076 1607 speculum
1101 1535 1746 1602 videbunt,eritlucidus
1764 1533 1822 1588 in
1843 1533 2039 1587 anima

427 1626 564 1678 sicut
587 1625 684 1688 sol,
708 1625 764 1677 id
797 1628 881 1678 est
913 1624 984 1678 ad
1013 1624 1251 1678 modum
1303 1624 1456 1678 solis.
1487 1625 1652 1677 Juxta
1680 1622 1820 1676 illud
1863 1623 1992 1676 Jesu
2018 1636 2032 1674 :

2137 562 2403 616 ctuarium
2430 565 2615 630 tuum,
2647 563 2704 616 id
2727 565 2811 616 est
2839 567 3100 618 sanctum
3128 567 3412 637 templum
3439 566 3572 636 eius.
3595 568 3763 622 Post-

2139 664 2312 718 quam
2343 655 2537 705 autem
2569 652 2638 706 de
2653 652 2758 706 hac
2789 652 2903 706 vita
2930 654 3222 720 recedent,
3243 670 3341 708 eos
3362 656 3758 727 persequendi

2138 753 2255 790 non
2286 739 2581 794 habebunt
2611 740 2962 794 facultatem.
3015 743 3082 794 Et
3106 743 3215 796 hoc
3240 742 3416 797 modo
3450 745 3759 814 permittes

2135 825 2432 895 profanari
2477 831 2860 890 sanctuarium,
2918 829 3131 883 scilicet
3207 828 3515 884 destruristi
3571 848 3758 885 omnes

2135 929 2274 983 sepes
2303 915 2415 984 ejus
2445 917 2772 982 sanctuarii,
2806 917 2862 970 id
2875 920 2960 970 est
2985 917 3283 987 permittes
3304 918 3518 973 destrui
3539 936 3753 991 corpo-

2135 1017 2235 1056 rea
2249 1001 2644 1058 interfectione
2657 1005 2923 1074 praelatos
2933 1005 3755 1079 Ecclesiae,munientesipsam

2137 1090 2445 1146 Ecclesiam
2478 1093 2808 1148 doctrinaet
2827 1096 3091 1167 exemplo
3121 1112 3246 1163 suo,
3275 1097 3349 1150 ad
3372 1096 3618 1151 modum
3660 1112 3754 1151 se-

2134 1178 2293 1250 pium
2317 1180 2541 1235 vineam
2559 1181 3193 1247 circummunientium,
3214 1187 3271 1238 et
3284 1185 3498 1240 destrui
3515 1185 3763 1255 permit-

2137 1269 2310 1323 tendo
2330 1271 2576 1340 posuisti,
2624 1271 2683 1325 id
2709 1275 2791 1326 est
2829 1288 3009 1342 pones
3049 1274 3447 1342 ﬁrmamentum
3475 1276 3596 1343 ejus
3622 1289 3759 1327 san-

2135 1357 2338 1410 ctuarii
2364 1358 2726 1427 formidinem,
2760 1359 2818 1413 id
2831 1364 2916 1414 est
2943 1377 3140 1416 causas
3159 1361 3508 1428 formidinis,
3535 1360 3759 1416 scilicet

2135 1461 2239 1515 per
2269 1445 2721 1502 destructionem
2743 1448 2987 1520 sepium,
3019 1449 3193 1504 facies
3225 1453 3285 1504 ut
3312 1451 3598 1520 sepesitlaa,
3622 1465 3756 1521 quae

2134 1531 2375 1588 vivendo
2426 1538 2597 1589 erunt
2624 1535 2704 1589 eis
2749 1537 3146 1604 ﬁrmamentum
3197 1541 3255 1591 et
3293 1537 3752 1605 munimentum,

2135 1622 2510 1691 corporaliter
2533 1623 2853 1692 destructas,
2879 1624 2993 1679 sint
3013 1625 3094 1680 eis
3123 1642 3293 1680 causa
3337 1643 3513 1698 quare
3542 1628 3751 1682 formi-

432 1713 488 1766 «.l
497 1712 601 1766 usti
617 1712 920 1783 fulgebunt
936 1712 1078 1766 sicut
1098 1713 1180 1766 sol
1199 1712 1256 1766 in
1280 1728 1462 1782 regno
1482 1709 1792 1765 Patrismei
1812 1708 2033 1775 (Matth.
2059 1697 2111 1758 B
2136 1709 2304 1764 denti
2312 1709 2394 1780 psi
2431 1711 2686 1775 minores
2715 1712 2925 1767 destrui
2959 1729 2970 1766 :
3002 1717 3058 1767 et
3080 1697 3551 1785 diripuerunteum
3568 1716 3757 1771 David

427 1817 524 1865 xu,
556 1802 712 1866 43).»
736 1803 793 1854 et
822 1800 976 1854 idem
1010 1801 1253 1854 thronus
1291 1799 1401 1854 erit
1437 1799 1497 1853 in
1526 1815 1766 1871 corpore
1793 1797 2039 1868 splendi-

429 1890 533 1944 dus
560 1889 618 1944 in
635 1893 942 1959 internum,
971 1894 1104 1946 sicut
1135 1891 1260 1943 luna
1300 1891 1545 1961 per/ecta
1594 1888 1898 1960 splendida
1929 1889 2032 1941 est.

429 1979 757 2034 Notandum
797 1980 954 2033 enim
986 1980 1141 2051 quod
1171 1979 1440 2034 clariores
1461 1978 1704 2033 eruntin
1732 1977 2036 2031 animabus

431 2084 606 2140 quam
638 2069 696 2122 in
711 2069 1204 2141 corporibus,cum
1225 2068 1456 2140 dignior
1471 2069 1541 2122 sit
1556 2068 1756 2122 anima
1771 2081 2032 2136 corpore.

367 2228 370 2231 _
429 2154 759 2212 Notandum
795 2172 1022 2228 quoque
1057 2156 1212 2228 quod
1247 2156 1379 2210 licet
1405 2173 1608 2210 omnes
1637 2154 1736 2210 Dei
1767 2169 2036 2225 sequaces

430 2245 651 2317 possint
681 2246 899 2300 thronus
925 2246 1040 2316 ejus
1081 2244 1214 2312 dici,
1248 2244 1542 2316 digniores
1579 2247 1776 2298 tamen
1807 2247 1865 2296 et
1897 2259 2028 2296 san-

430 2333 637 2388 ctiores
649 2334 900 2405 quadam
922 2332 1315 2404 prmcipuitate
1330 2333 1605 2387 thronum
1624 2331 1734 2386 dici
1746 2331 1796 2401 ej
1805 2330 2034 2391 us,sicut

431 2421 667 2493 quidam
688 2423 830 2476 ordo
843 2420 1146 2493 spirituum
1160 2437 1279 2491 prae
1297 2421 1574 2492 dignitate
1588 2436 1690 2474 sua
1707 2421 1921 2472 thronus
1942 2434 2033 2472 vo-

429 2511 612 2563 catur.
639 2508 715 2562 Et
745 2509 915 2579 hujus
948 2508 1345 2581 promissionis
1374 2509 1628 2563 ﬁliorum
1667 2507 1777 2562 erit
1806 2509 1945 2560 testis
1975 2507 2030 2558 in

429 2596 572 2664 calo,
591 2596 968 2652 scilicetJesus
979 2599 1150 2668 caput
1171 2613 1396 2664 eorum,
1424 2597 1520 2668 qui
1543 2597 1601 2650 in
1616 2597 1785 2650 caalos
1810 2611 2028 2648 assum-

428 2689 560 2756 ptus
571 2684 905 2756 splendidus
927 2685 1221 2752 erit,testis
1243 2687 1352 2740 erit
1369 2689 1425 2740 et
1441 2685 1652 2757 pignus
1673 2685 1827 2756 quod
1842 2701 2028 2739 mem-

2135 1797 2194 1852 in
2221 1799 2518 1865 membris,
2546 1799 2605 1853 id
2632 1803 2717 1854 est
2774 1801 3138 1856 dilaniabnnt
3168 1803 3481 1858 maximam
3514 1807 3749 1874 partem

2137 1888 2539 1942 membrorum
2594 1889 2716 1958 ejus
2765 1888 3188 1958 interﬁciendo,
3218 1892 3306 1945 vel
3337 1891 3612 1962 diripient
3640 1893 3754 1947 sibi

2137 1974 2402 2044 quaedam
2417 1975 2628 2029 debilia
2641 1977 2906 2030 membra
2918 1977 2965 2048 ej
2977 1995 3040 2031 us
3051 1977 3473 2050 incorporando
3486 1981 3610 2035 sibi.
3623 1981 3763 2036 0m-

2134 2077 2237 2116 nes
2249 2061 2574 2117 deserentes
2588 2064 2738 2118 viam
2752 2068 2905 2120 recte
2923 2065 3146 2121 vivendi
3159 2069 3278 2122 tam
3296 2068 3542 2138 gentiles
3565 2086 3752 2141 quam

2132 2150 2767 2220 Judaeiethaeretici,vel
2785 2160 3115 2211 transeuntes
3144 2157 3309 2222 viam,
3354 2156 3412 2210 id
3442 2161 3527 2211 est
3556 2157 3760 2228 negli-

2133 2243 2336 2308 gentes
2367 2240 2676 2308 Christum,
2705 2242 2801 2314 qui
2831 2245 2920 2296 via
2946 2247 3031 2298 est
3058 2246 3251 2299 veritas
3279 2251 3330 2298 et
3341 2248 3470 2312 vita,
3488 2245 3645 2317 quod
3662 2250 3756 2300 est

2134 2327 2704 2385 dicerezFormidine
2755 2331 3156 2387 destructionis
3195 2336 3590 2405 prtelatorum,
3625 2334 3756 2406 qui-

2131 2415 2264 2470 dam
2281 2417 2494 2472 debiles
2506 2435 2570 2472 ex
2585 2418 2852 2489 subjectis
2864 2419 3190 2476 inﬁdelibus
3201 2422 3756 2480 conformabuntur.

2129 2504 2197 2556 Et
2221 2504 2354 2575 quia
2379 2505 2653 2577 diripient
2668 2507 2846 2576 factus
2873 2517 2967 2574 est,
2990 2508 3049 2562 id
3078 2512 3162 2564 est
3178 2510 3277 2564 ﬁet
3301 2510 3422 2581 ipse
3460 2509 3643 2565 David
3665 2527 3758 2565 se-

2128 2593 2381 2648 cundum
2399 2596 2760 2650 remanentia
2774 2597 3401 2669 membra,opprobrium
3412 2601 3751 2665 vicinissuis,

2131 2682 2286 2752 quod
2315 2685 2399 2736 est
2429 2682 2616 2737 dicere
2644 2701 2657 2738 :
2693 2685 2776 2738 llli
2809 2685 2904 2757 qui
2936 2702 3055 2740 non
3078 2686 3426 2757 diripientur
3454 2692 3629 2742 erunt
3648 2705 3750 2758 op-

427 2775 535 2829 bra
555 2773 856 2845 splendida
871 2778 1058 2840 erunt,
1083 2777 1141 2829 et
1163 2775 1289 2828 talis
1310 2776 1450 2828 testis
1471 2775 1572 2846 qui
1603 2774 1713 2829 erit
1749 2773 1938 2843 ﬁdelis,
1970 2773 2029 2827 id
2117 2771 2398 2841 probrium
2429 2773 2614 2826 vicinis
2641 2775 2766 2840 suis,
2818 2773 2877 2827 id
2918 2777 3002 2829 est
3037 2777 3207 2828 erunt
3257 2791 3426 2830 causa
3447 2775 3751 2847 opprobrii

425 2865 511 2917 est
534 2862 661 2916 talis
687 2863 773 2917 cui
805 2863 947 2917 ﬁdes
975 2863 1304 2918 adhibenda
1332 2863 1584 2917 eritcum
1607 2864 1755 2917 Deus
1776 2866 1832 2916 et
1850 2863 2026 2917 homo

2128 2857 2254 2925 illis,
2279 2859 2376 2930 qui
2393 2859 2518 2930 jam
2546 2860 2710 2914 vicini
2734 2865 2924 2930 erunt,
2958 2864 3215 2918 volentes
3244 2863 3318 2917 ad
3348 2863 3526 2918 ﬁdem
3549 2864 3749 2917 Eccle-

425 2950 518 3018 sit,
548 2952 634 3005 vel
662 2951 828 3020 ﬁdelis
855 2951 951 3023 qui
981 2951 1157 3006 ﬁdem
1189 2951 1379 3006 faciet.
1417 2951 1804 3007 Promissione
1837 2955 2026 3023 pater-
2054 2975 2102 3035 ο
2129 2945 2225 3000 sia:
2247 2949 2509 3016 exemplo
2541 2964 2742 3003 eorum
2773 2950 3047 3016 converti,
3081 2949 3291 3004 scilicet
3319 2951 3425 3020 ipsi
3456 2950 3625 3005 vicini
3655 2967 3753 3006 ve-

427 3057 518 3094 nae
544 3040 900 3096 auctoritatis
929 3041 1214 3112 apposita.
1243 3042 1534 3111 Propheta
1570 3041 1627 3094 in
1651 3057 1753 3096 sua
1781 3057 2030 3112 persona

425 3144 624 3199 agens,
656 3129 896 3201 Opponit
913 3129 1053 3183 illud
1071 3129 1271 3200 quoda
1299 3130 1494 3184 multis
1509 3128 1725 3200 opponi
1751 3130 2030 3200 posset,ut

425 3218 640 3272 solvat:
673 3216 936 3271 videlicet
964 3233 1162 3288 quare,
1197 3233 1327 3271 cum
1359 3219 1508 3272 Deus
1537 3219 1706 3272 Pater
1736 3219 1896 3271 tanta
1926 3218 2025 3271 be-

423 3305 630 3359 neﬁcia
655 3304 877 3359 Christo
909 3309 966 3360 et
995 3306 1273 3360 membris
1299 3305 1652 3376 promiserit,
1675 3308 1761 3360 tot
1789 3321 1886 3360 eos
1905 3322 2030 3378 per-

420 3394 614 3448 mittat
634 3393 1012 3448 anxietatibus
1029 3395 1232 3466 afﬁigi.
1267 3396 1332 3448 Et
1361 3396 1470 3450 hoc
1498 3395 1577 3450 sic
1601 3395 1768 3450 dicit:
1805 3395 1848 3449 Ο
1879 3397 2027 3450 Deus

421 3482 593 3536 Pater
617 3481 930 3552 promisisti
951 3481 1182 3536 Christo
1199 3482 1354 3552 quod
1381 3482 1440 3536 in
1473 3487 1757 3538 aeternum
1780 3482 2028 3536 servabis

421 3567 503 3623 illi
530 3569 1008 3637 misericordiam,
1045 3572 1102 3624 et
1128 3570 1284 3642 quod
1332 3572 1572 3626 thronus
1603 3571 1723 3642 ejus
1745 3571 1856 3625 erit
1883 3571 2029 3624 sicut

425 3657 528 3725 sol,
562 3661 620 3712 et
643 3661 852 3713 caetera
875 3658 1124 3714 talia.Tu
1151 3676 1270 3713 vero
1297 3677 1363 3714 ex
1380 3659 1675 3732 proposito
1709 3659 2028 3730 repulisti,id

422 3751 510 3802 est
537 3745 819 3802 videberis
869 3748 1151 3819 repellere
1204 3748 1277 3802 ab
1331 3748 1490 3804 omni
1525 3747 1710 3818 gloria
1739 3747 2027 3802 Christum

422 3839 610 3903 tuum,
642 3853 818 3908 quem
875 3837 1124 3909 turpiter
1153 3837 1455 3907 permittes
1489 3835 1748 3903 tractari;
1781 3843 1831 3890 et
1859 3835 2030 3906 despe-

420 3924 566 3989 xisti,
612 3921 670 3976 id
700 3926 786 3977 est
834 3922 1120 3977 videberis
1165 3923 1461 3995 despicere
1491 3923 1706 3977 scilicet
1763 3923 1917 3994 quod
1949 3922 2026 3976 sic

424 4010 735 4082 afﬂigetur,
768 4027 900 4064 cum
924 4015 983 4064 tu
1012 4028 1144 4065 eum
1170 4011 1486 4083 gloriosum
1505 4029 1625 4066 esse
1641 4013 1900 4067 futurum
1924 4027 2030 4082 per

423 4099 736 4170 prophetas
764 4099 1133 4170 praedixeris:
1167 4100 1454 4155 videbitur
1490 4101 1755 4156 nondum
1785 4101 2028 4169 venisse,

2127 3035 2596 3090 recundabuntur
2621 3051 2678 3092 se
2706 3055 2962 3109 unquam
2988 3037 3230 3092 voluisse
3258 3038 3346 3092 his
3370 3039 3629 3093 credere.

2200 3123 2436 3179 Ostensa
2447 3125 2704 3180 ﬁdelium
2722 3126 3110 3198 depressione,
3126 3126 3578 3198 deprimentium
3594 3127 3752 3182 exal-

2127 3212 2406 3268 tationem
2439 3215 2710 3282 ostendit,
2767 3215 2844 3270 sic
2873 3232 2886 3270 :
2921 3215 3057 3270 Dico
3115 3216 3271 3287 quod
3321 3217 3587 3271 membra
3617 3218 3746 3287 ejus

2127 3301 2302 3358 David
2332 3304 2632 3372 permittes
2643 3303 2722 3358 sic
2735 3304 3002 3376 deprimi,
3038 3308 3101 3359 ut
3113 3321 3274 3376 sepes
3287 3306 3749 3373 destruantur,et

2127 3389 2362 3461 quidam
2384 3407 2449 3444 ex
2473 3391 2607 3461 ipsis
2633 3391 2995 3462 diripiantur.
3032 3395 3099 3448 Et
3125 3410 3191 3448 ex
3205 3394 3462 3465 opposito
3493 3395 3754 3448 exaltain

2127 3478 2393 3533 dexteram
2417 3479 2836 3550 depaimentium
2873 3498 3012 3547 eum,
3042 3482 3221 3537 David
3246 3482 3305 3536 in
3337 3483 3637 3549 membris,
3681 3483 3748 3537 id

2128 3569 2211 3622 est
2227 3568 2528 3638 permittes
2557 3569 2795 3623 exaltari
2826 3573 2884 3623 et
2914 3570 3277 3641 augmentari
3330 3569 3746 3624 fortitudinem

2129 3659 2582 3728 persecutorum,
2616 3658 2712 3728 qui
2743 3658 3010 3712 membra
3030 3659 3152 3729 ejus
3168 3658 3495 3731 deprimere
3514 3659 3746 3714 labora-

2127 3744 2292 3798 bunt.
2316 3743 2480 3807 Quod
2517 3748 2602 3799 est
2629 3744 2846 3800 dicere:
2870 3746 3040 3800 Dabis
3069 3746 3150 3800 eis
3187 3748 3442 3818 amplam
3483 3749 3746 3816 potesta-

2130 3835 2245 3886 tem
2275 3832 2864 3904 ﬁdelesdeprimendi.
2890 3835 2956 3888 Et
2967 3850 3071 3904 per
3109 3834 3219 3888 hoc
3239 3834 3539 3907 letiﬁcasli,
3563 3835 3624 3889 id
3653 3838 3747 3889 est

2127 3921 2427 3991 permittes
2455 3922 2616 3976 laatos
2642 3921 2766 3976 ﬁeri
2785 3939 2962 3976 omnes
2989 3923 3230 3978 inimicos
3259 3924 3392 3993 ejus,
3422 3922 3621 3990 David,
3644 3922 3747 3976 de-

2129 4025 2417 4080 pressores
2440 4009 2652 4064 scilicet
2672 4011 3072 4065 membrorum
3132 4010 3421 4080 ipsiuszac
3451 4011 3499 4064 si
3529 4011 3687 4066 dicat
3723 4031 3743 4065 :

2128 4097 2285 4152 Adeo
2299 4113 2501 4151 eorum
2519 4097 2921 4153 fortitudinem
2941 4099 3175 4153 exaltari
3195 4099 3586 4169 permittes,ut
3602 4099 3742 4154 inde

425 4187 526 4242 sed
556 4187 741 4240 adhuc
772 4185 1009 4242 diﬁ‘erri.
1038 4187 1201 4241 Unde
1230 4188 1413 4243 Judmi
1441 4188 1724 4253 infideles,
1770 4189 2030 4245 Messiam
2050 4249 2096 4259 _
2131 4185 2294 4239 valde
2311 4185 2690 4241 lastiﬁcentur.
2707 4187 2867 4241 Unde
2893 4187 3740 4259 quidampersecutoresinloco

425 4275 612 4330 adhuc
640 4278 947 4330 venturum
986 4275 1317 4348 opinantur.

497 4365 565 4418 Et
589 4381 708 4418 non
737 4365 923 4419 solum
946 4364 1121 4420 modo
1143 4365 1332 4436 ipsum
1351 4369 1522 4438 caput
1551 4366 1830 4422 videberis
1853 4367 2032 4437 repel-

424 4451 545 4506 lere
577 4453 634 4506 et
665 4452 976 4523 despicere,
999 4454 1100 4508 sed
1129 4455 1378 4520 evertisti,
1415 4455 1475 4509 id
1503 4458 1589 4509 est
1618 4454 1901 4510 videberis
1931 4455 2029 4508 de-

426 4543 645 4594 struere
664 4547 1033 4595 testamentum
1056 4545 1194 4596 servi
1217 4542 1387 4607 tui,id
1409 4545 1495 4597 est
1517 4546 1745 4615 pactum
1768 4542 1926 4614 quod
1943 4543 2028 4596 fa-

427 4628 541 4702 cies
557 4627 779 4702 Christo
802 4646 962 4684 servo
976 4631 1494 4702 tuo,promittendo
1507 4631 1648 4702 quod
1673 4631 1889 4684 thronus
1917 4631 2030 4701 ejus

649 4715 758 4770 erit
783 4716 928 4772 sicut
969 4719 1073 4785 sol,
1103 4700 1235 4787 etc.,
1267 4700 1551 4774 videberis
1585 4723 1862 4788 evertere,
1896 4700 2031 4791 quia

414 4805 750 4878 pro/anasti,
781 4805 840 4860 id
860 4810 944 4860 est
969 4807 1268 4878 permittes
1300 4824 1334 4861 a
1362 4809 1819 4877 persecutoribus
1842 4808 2032 4879 profa-

424 4894 575 4962 nari,
625 4894 685 4948 id
723 4896 807 4949 est
858 4894 1169 4966 profanum
1221 4895 1476 4965 reputari
1521 4899 1881 4950 sanctuarium
1917 4898 2030 4968 eius

428 4981 587 5055 quod
617 4986 704 5037 est
731 4983 794 5038 in
822 4989 985 5052 terra,
1014 4983 1228 5039 scilicet
1247 4985 1546 5057 permittes
1558 4991 1622 5041 ut
1644 4987 1749 5059 ipsi
1771 5003 2030 5058 persecu-

427 5074 580 5126 tores
621 5075 903 5144 martyres
940 5088 1070 5128 suos
1124 5074 1384 5144 abigant,
1420 5077 1478 5129 et
1502 5077 1929 5147 persequantur
1967 5079 2030 5130 ut

425 5160 724 5232 profanos,
750 5160 848 5232 qui
877 5164 1075 5215 tamen
1097 5163 1229 5216 sunt
1256 5166 1645 5230 sanctuarium,
1683 5163 1741 5217 id
1780 5167 1866 5217 est
1897 5180 2028 5218 san-

426 5251 585 5304 ctum
615 5248 899 5320 templum
932 5249 1108 5307 tuum,
1125 5248 1186 5303 in
1206 5252 1359 5305 terra
1382 5267 1645 5306 manens.
1667 5250 1736 5306 In
1763 5258 1906 5306 terra
1929 5268 2031 5324 po-

429 5336 516 5391 nit
543 5336 616 5391 ad
629 5335 1016 5392 differentiam
1039 5337 1246 5394 civium
1268 5339 1779 5412 supernorum,qui
1799 5339 2035 5394 cumDei

426 5425 819 5481 sanctuarium
843 5425 1061 5495 sint,ab
1076 5427 1270 5502 impiis
1294 5431 1588 5501 nequeunt
1603 5427 1919 5500 profanari,
1949 5429 2037 5484 vel

433 5510 550 5585 sic:
582 5513 884 5569 Profanari
898 5515 1198 5588 permittes
1218 5517 1275 5572 in
1304 5523 1445 5574 terra
1469 5519 1832 5574 sanctuarium
1854 5523 2025 5590 tuum,

2050 4249 2105 4310 D
2129 4273 2545 4329 interfectionis
2583 4277 2932 4346 martyrum,
2966 4275 3234 4330 dicuntur
3267 4275 3522 4330 convivia
3543 4275 3745 4348 parari

2128 4362 2348 4429 fecisse,
2377 4367 2434 4417 et
2463 4363 2626 4418 ludos
2654 4363 2984 4418 instituisse.
3011 4364 3142 4418 Dico
3158 4364 3315 4435 quod
3341 4368 3745 4434 persecutores

2130 4451 2422 4507 exaltabis.
2441 4452 2507 4505 Et
2537 4451 2860 4507 econtrario
2890 4454 3152 4519 avertisti,
3185 4451 3242 4507 id
3275 4456 3359 4507 est
3383 4458 3608 4508 avertas
3638 4453 3744 4506 ad-

2120 4540 2389 4611 jutorium
2406 4539 2578 4609 gladii
2596 4540 2837 4595 rationis
2867 4543 3003 4612 ejus,
3031 4539 3230 4607 David,
3262 4540 3321 4595 id
3351 4543 3435 4595 est
3464 4558 3748 4613 quorum-

2134 4628 2268 4684 dam
2289 4629 2690 4684 membrorum
2723 4629 2864 4700 ejus,
2896 4629 3110 4685 scilicet
3138 4646 3268 4684 cum
3300 4629 3404 4701 ipsi
3429 4630 3748 4686 habuerint

2130 4718 2418 4773 rationem
2437 4735 2552 4790 qua
2576 4735 2634 4773 se
2658 4735 2822 4773 more
2835 4719 3012 4790 gladii
3029 4718 3360 4785 defendant,
3376 4719 3746 4775 ostendendo

2130 4823 2189 4861 se
2219 4810 2372 4861 recte
2393 4806 2647 4874 credere,
2671 4823 2857 4878 neque
2889 4824 2948 4861 se
2963 4807 3168 4878 dignos
3185 4823 3305 4862 esse
3317 4809 3748 4878 persecutione,

2129 4900 2349 4952 avertes
2378 4897 2449 4950 ab
2467 4895 2832 4950 eisauxilium
2861 4895 3119 4963 rationis,
3147 4911 3273 4967 quae
3300 4896 3520 4970 gladius
3537 4913 3751 4952 eorum

2130 4985 2258 5052 erit,
2291 4983 2558 5038 videlicet
2585 4984 2757 5038 facies
2784 4985 2846 5037 ut
2875 4999 3080 5038 eorum
3108 4983 3257 5038 ratio
3288 4987 3538 5054 nequeat
3581 5001 3683 5038 eos
3713 5003 3752 5041 a

2129 5073 2524 5144 persecutione
2541 5076 2598 5127 et
2612 5075 2803 5127 morte
2831 5071 3140 5126 defendere
3161 5088 3225 5126 :a
3238 5071 3618 5127 similitudine
3630 5073 3751 5127 mi-

2130 5161 2262 5227 litis,
2296 5159 2393 5232 qui
2424 5177 2540 5215 non
2565 5163 2753 5233 potest
2767 5160 2943 5231 gladii
2969 5160 3256 5231 adjutorio
3271 5160 3342 5214 ab
3358 5160 3522 5215 hoste
3538 5160 3751 5216 defen-

2135 5250 2212 5306 di.
2238 5250 2316 5305 Et
2339 5267 2444 5304 non
2473 5256 2546 5304 est
2590 5249 2880 5304 auxiliatus
2909 5251 2975 5317 ei,
2990 5249 3202 5304 scilicet
3232 5265 3347 5302 non
3377 5247 3753 5305 auxiliabitnr

2135 5338 2477 5410 quibusdam
2491 5338 2768 5393 membris
2787 5338 2908 5408 ejus
2921 5337 3015 5391 ille
3029 5336 3250 5408 gladius
3266 5335 3504 5391 rationis
3519 5337 3576 5389 in
3592 5335 3750 5403 bello,

2140 5427 2294 5499 quod
2318 5442 2450 5481 cum
2471 5426 2799 5482 inﬁdelibus
2819 5426 3189 5502 exercebunt.
3220 5423 3384 5489 Quod
3413 5428 3499 5479 est
3511 5423 3746 5480 dicere:

2141 5517 2284 5573 Cum
2296 5516 2565 5575 adversus
2574 5515 2784 5590 impios
2795 5515 3031 5588 quidam
3065 5514 3505 5574 rationabilibus
3519 5517 3753 5578 senten-
