3998 6026
299 267 438 330 1117

1196 265 1551 329 EXPOSITIO
1589 268 1660 327 IN
1699 264 2033 329 PSALMOS.
2064 300 2136 313 —
2172 267 2366 358 rSAL.
2408 265 2695 330 Lxxvvm

3463 271 3598 328 1118

288 393 382 449 tiis
401 393 720 460 bellabunt,
750 408 868 449 non
899 395 1174 466 poterunt
1202 409 1298 449 eos
1345 395 1676 448 convertere
1709 409 1722 447 :
1756 408 1790 446 a
1815 390 1889 446 si-
1916 396 1971 454 Α
2001 407 2115 445 mea
2133 392 2450 457 substantia,
2469 390 2683 446 scilicet
2705 391 2963 445 humana
2993 395 3219 459 natura,
3257 407 3433 463 quam
3471 407 3600 447 ver-

285 481 617 537 militudine
639 481 836 536 militis
855 482 1015 552 cujus
1033 481 1256 554 gladius
1277 481 1540 536 inefﬁcax
1564 484 1649 536 est
1669 481 1893 535 hostem

285 587 579 642 superare.
605 572 672 624 Et
687 571 990 625 destruxiin
1009 588 1149 636 eum,
1169 571 1226 624 id
1249 574 1333 625 est
1349 570 1648 642 permittes
1680 566 1895 622 destrui

285 661 497 726 morte,
525 658 792 730 quadam
815 659 937 729 ejus
962 659 1400 730 membra:quaa
1424 655 1734 713 destructio
1757 672 1894 710 con-

283 743 472 816 tinget
493 747 559 799 ab
574 745 947 800 emundatione
967 745 1223 816 ipsorum
1245 747 1668 808 membrorum,
1685 742 1896 797 scilicet

284 831 415 886 ideo
445 833 829 900 destruentur,
855 834 989 905 quia
1012 833 1214 888 mundi
1237 837 1294 888 et
1313 835 1492 888 sancti
1726 832 1896 885 erunt

283 919 342 974 in
374 920 488 974 fide
516 925 573 976 et
604 922 894 992 operibus,
915 925 974 976 et
991 921 1155 994 impii
1178 938 1379 976 eorum
1403 921 1750 975 munditiam
1775 919 1892 990 pati

283 1008 789 1079 nequibunt,quod
810 1009 1129 1064 mirabilius
1145 1009 1380 1080 quidem
1395 1009 1703 1080 erit,quam
1722 1008 1768 1061 si
1789 1022 1893 1078 per

283 1094 718 1150 immunditiam
743 1096 1198 1152 destruerentur.
1225 1097 1321 1151 Vel
1352 1113 1555 1151 eorum
1581 1094 1890 1172 destructio

282 1182 584 1254 continget
599 1184 665 1238 ab
680 1185 1074 1252 emundatione,
1093 1185 1153 1239 id
1175 1188 1260 1240 est
1276 1189 1513 1256 propter
1534 1184 1894 1239 emundatio-

282 1287 442 1325 nem.
471 1270 634 1335 Quod
664 1275 750 1327 est
779 1272 967 1327 dicere
993 1290 1006 1327 :
1030 1273 1163 1327 Ideo
1185 1273 1256 1327 ab
1284 1273 1476 1344 impiis
1503 1273 1889 1337 destruentur,

283 1358 417 1429 quia
439 1359 667 1430 profani
689 1362 1132 1431 reputabuntur,
1147 1364 1205 1415 et
1217 1378 1320 1432 per
1336 1377 1539 1416 eorum
1562 1359 1895 1415 destructio-

283 1464 408 1514 nes,
428 1448 682 1503 civitates
694 1449 846 1504 unde
859 1449 1214 1516 auferentur,
1229 1449 1534 1504 emundari
1549 1449 1893 1502 videbuntur

281 1551 388 1605 per
399 1539 650 1591 mortem
669 1538 979 1593 eorum.Ne
991 1554 1125 1592 vero
1145 1542 1487 1610 putarentur
1499 1541 1556 1592 et
1575 1537 1630 1591 in
1650 1551 1890 1608 corpore

281 1626 340 1677 et
369 1623 430 1677 in
462 1624 659 1679 anima
685 1643 806 1680 esse
837 1627 1192 1693 destruendi,
1225 1625 1574 1682 determinat
1595 1625 1671 1679 sic
1695 1642 1707 1678 :

2001 479 2140 534 bum
2165 481 2326 533 tuum
2343 480 2412 534 de
2425 479 2644 534 semine
2669 495 2799 533 meo
2815 481 3163 545 assumet,ut
3179 496 3281 551 per
3309 479 3484 550 ipsius
3517 479 3602 534 di-

1996 566 2230 637 gnitatis
2255 568 2524 622 meritum
2559 567 2890 622 hominibus
2920 567 3260 622 miserearis.
3286 569 3352 621 Et
3374 583 3603 622 necesse

1997 659 2083 709 est
2107 658 2169 710 ut
2203 656 2565 710 memoreris.
2586 656 2852 727 Nunquid
2874 657 3014 708 enim
3048 672 3213 721 vane,
3248 655 3305 708 id
3348 659 3434 709 est
3478 655 3602 710 sine

2005 744 2250 798 utilitate
2267 745 2678 812 constituisti,id
2703 747 2788 799 est
2807 745 3011 799 creasti
3038 761 3243 798 omner
3268 744 3407 811 ﬁlios
3436 744 3602 797 homi-

1997 850 2149 901 num,
2175 833 2232 888 id
2259 837 2344 888 est
2369 851 2571 889 omnes
2585 834 2853 888 homines
2875 834 2902 887 ‘?
2931 833 3110 887 Absit.
3136 831 3305 896 Quasi
3337 832 3550 886 diceret
3583 848 3596 886 :

1996 921 2128 976 ldeo
2153 939 2482 978 memorare
2509 922 2804 994 dignitatis
2829 921 3056 989 Christi,
3073 925 3135 976 ut
3153 938 3257 992 per
3277 937 3405 975 eam
3418 918 3604 974 homi-

1995 1010 2162 1065 nibus
2180 1011 2524 1078 miserearis,
2555 1011 2689 1082 quia
2718 1011 2764 1064 si
2795 1011 2918 1081 ejus
2941 1027 3057 1064 non
3083 1007 3512 1076 memorareris,
3546 1010 3604 1062 et

1992 1098 2325 1154 hominibus
2340 1117 2458 1154 non
2472 1099 2848 1161 miserereris,
2870 1099 2993 1153 sine
3012 1098 3254 1154 utilitate
3272 1114 3370 1153 eos
3381 1113 3600 1152 creasse

1992 1185 2285 1253 videreris,
2311 1204 2441 1242 cum
2473 1187 2546 1242 ad
2576 1189 2684 1242 hoc
2709 1204 2828 1242 esse
2859 1187 3033 1242 creati
3076 1187 3400 1248 videantur,
3440 1187 3504 1239 ut
3531 1200 3598 1239 ex

1994 1273 2074 1328 eis
2107 1275 2362 1330 decimus
2389 1276 2552 1342 ordo,
2601 1276 2699 1347 qui
2743 1275 2933 1346 periit,
2974 1277 3324 1346 suppleatur.
3358 1276 3425 1328 Et
3450 1273 3598 1327 bene

2006 1361 2134 1416 dico
2165 1380 2456 1417 memorare
2485 1381 2603 1435 quae
2648 1381 2764 1418 mea
2810 1364 3124 1418 substantia.
3159 1362 3303 1416 Nam
3347 1361 3468 1432 quis
3525 1364 3599 1414 est

1992 1451 2166 1518 homo,
2201 1451 2258 1505 id
2292 1455 2378 1506 est
2408 1455 2656 1523 quantus
2684 1455 2742 1505 et
2771 1467 2946 1522 quam
2974 1450 3256 1521 gloriosus
3284 1449 3393 1503 erit
3420 1449 3597 1502 homo

1993 1537 2086 1592 ille
2111 1556 2176 1593 ex
2191 1539 2410 1594 semine
2435 1557 2565 1594 meo
2581 1539 2927 1594 nasciturus?
2941 1540 3007 1592 Et
3021 1555 3148 1592 vere
3166 1553 3429 1608 magnus.
3455 1536 3599 1590 Nam

1993 1626 2126 1681 talis
2151 1628 2261 1682 erit
2282 1630 2378 1700 qui
2397 1631 2553 1696 vivet,
2590 1635 2639 1682 et
2668 1628 2746 1682 sic
2782 1628 2936 1699 quod
2975 1644 3082 1681 non
3123 1627 3316 1680 videbit
3353 1629 3596 1680 mortem.

352 1712 490 1767 Dico
512 1713 666 1784 quod
681 1714 894 1769 destrui
913 1715 1213 1784 permittes
1225 1716 1347 1786 ejus
1362 1715 1627 1769 membra
1650 1731 1663 1768 :
1690 1717 1748 1766 et
1765 1713 1890 1766 haec
1912 1721 1962 1780 Β
1996 1715 2076 1770 Ne
2094 1733 2226 1771 vero
2240 1720 2541 1788 putaretur
2556 1733 2854 1788 nunquam
2874 1733 2993 1771 esse
3025 1717 3359 1781 moriturus,
3391 1715 3499 1768 hoc
3521 1713 3600 1767 sic

284 1799 597 1856 destructio
631 1819 749 1857 non
779 1803 889 1857 erit
908 1807 965 1857 et
994 1803 1053 1856 in
1085 1819 1325 1874 corpore
1358 1807 1415 1858 et
1440 1803 1498 1857 in
1531 1801 1728 1857 anima
1753 1819 1766 1857 :
1787 1803 1888 1856 sed

279 1890 339 1943 in
366 1896 585 1957 terram,
618 1891 678 1945 id
709 1895 794 1946 est
836 1891 895 1944 in
941 1908 1201 1962 corpore,
1250 1892 1404 1963 quod
1450 1895 1748 1946 terrenum
1780 1893 1887 1957 est,

281 1977 536 2046 coltzszsti,
569 1979 627 2033 id
658 1982 744 2034 est
772 1979 1078 2050 permittes
1107 1980 1298 2034 collidi
1327 1980 1500 2034 sedem
1547 1980 1682 2050 ejus,
1710 1978 1890 2034 David

277 2066 903 2137 membraejusscilicet
919 2068 976 2121 in
1001 2068 1208 2139 quibus
1225 2068 1464 2122 sedebit.
1489 2067 1653 2131 Quod
1689 2070 1773 2122 est
1802 2065 1887 2120 di-

278 2155 742 2210 cere:Permittes
764 2172 862 2210 eos
878 2155 1093 2210 destrui
1110 2155 1167 2209 in
1181 2171 1569 2227 corpore,non
1591 2155 1650 2209 in
1668 2155 1883 2209 anima.

280 2241 444 2296 Unde
459 2242 736 2297 Dominus
755 2242 811 2296 in
826 2243 1136 2314 Evangelia
1162 2261 1176 2297 :
1203 2262 1234 2296 ‹‹
1254 2243 1439 2298 Nolite
1455 2243 1661 2298 timere
1675 2259 1772 2298 eos
1789 2243 1885 2314 qui

281 2331 550 2389 occidunt
578 2332 1074 2403 corpus,animam
1101 2335 1295 2386 autem
1318 2349 1435 2387 non
1467 2335 1706 2403 possunt
1735 2331 1883 2386 occi-

285 2417 422 2474 dere
447 2419 734 2490 (Matth.x,
756 2421 866 2491 28).
893 2442 920 2469 »
940 2421 1007 2474 Et
1045 2422 1352 2487 minorasti,
1368 2421 1424 2476 id
1451 2425 1537 2476 est
1570 2419 1885 2476 minorabis

284 2509 393 2562 dies
419 2511 660 2581 temporis
692 2509 825 2579 ejus,
854 2508 913 2562 id
939 2511 1024 2563 est
1059 2509 1459 2564 membrorum
1497 2509 1882 2581 quorumdam

283 2596 426 2667 ejus,
449 2595 626 2650 David
641 2597 854 2650 scilicet
879 2613 1011 2651 cum
1037 2597 1302 2668 quaedam
1331 2598 1598 2651 membra
1628 2597 1882 2659 habebit,

276 2687 364 2740 vel
388 2685 654 2757 praelatos
679 2685 912 2752 scilicet,
936 2686 1021 2739 vel
1048 2685 1119 2739 ad
1151 2685 1325 2740 ﬁdem
1353 2686 1577 2740 noviter
1606 2679 1882 2741 acceden-

278 2777 398 2830 tes:
423 2774 492 2828 de
517 2772 727 2845 quibus
757 2773 852 2827 alii
876 2774 1158 2844 optabunt
1181 2777 1244 2827 ut
1269 2774 1365 2828 diu
1384 2773 1592 2843 vivant,
1611 2777 1674 2827 tu
1699 2775 1886 2829 mino-

277 2861 432 2916 rabis
459 2861 573 2917 dies
596 2863 846 2932 temporis
874 2877 1101 2927 eorum,
1135 2861 1194 2915 id
1220 2864 1306 2915 est
1335 2861 1526 2914 minus
1557 2878 1655 2916 eos
1694 2861 1882 2917 vivere

278 2949 577 3020 permittes
599 2967 775 3022 quam
797 2952 1018 3021 optent.
1035 2950 1102 3003 Et
1128 2966 1267 3016 eum,
1295 2949 1354 3003 id
1378 2951 1463 3003 est
1487 2951 1667 3004 multa
1697 2966 1882 3004 mem-

1996 1803 2369 1860 determinat.
2396 1807 2463 1858 Et
2479 1809 2697 1876 postea,
2713 1804 2923 1858 scilicet
2943 1821 3058 1859 non
3085 1803 3298 1857 videbit
3322 1805 3597 1867 mortem,

1997 1895 2304 1964 postquam
2323 1899 2468 1946 eruet
2489 1895 2724 1947 animam
2740 1909 2888 1946 suam
2908 1892 2970 1945 de
2986 1909 3171 1957 manu,
3201 1890 3258 1944 id
3286 1893 3372 1944 est
3396 1890 3466 1944 de
3497 1905 3600 1959 po-

2000 1982 2202 2035 testate
2221 1982 2447 2051 inferni.
2478 1999 2511 2032 ‹‹
2543 1980 2794 2036 Christus
2814 1980 2971 2034 enim
3001 1977 3604 2049 resurgensamortuis

1981 2069 2110 2138 jam
2141 2086 2258 2125 non
2293 2069 2542 2126 moritur
2571 2070 2745 2134 (Rom.
2784 2087 2858 2136 v1,
2906 2067 2980 2138 9).
3018 2090 3045 2117 ››
3074 2069 3141 2122 Et
3183 2084 3314 2122 vere
3355 2082 3604 2138 magnus

1986 2156 2162 2211 homo
2177 2157 2290 2212 ille.
2305 2158 2410 2214 Ubi
2419 2159 2627 2224 sunt,id
2641 2162 2725 2213 est
2737 2158 2795 2212 in
2809 2173 2922 2228 quo
2940 2160 3164 2222 erunt,o
3180 2155 3602 2223 DominePater,

1990 2247 2368 2300 misericordiae
2399 2249 2768 2318 tuaantiqua’,
2785 2246 2842 2300 id
2863 2248 2949 2299 est
2967 2244 3248 2299 beneficia
3277 2241 3602 2298 misericor-

1988 2331 2096 2386 diae
2134 2335 2246 2386 tuae
2259 2334 2331 2386 ab
2345 2335 2581 2405 antiquo
2595 2331 2954 2405 disposita,id
2978 2334 3063 2386 est
3087 2332 3158 2385 ab
3184 2333 3422 2386 aeterno.
3441 2328 3607 2393 Quod

1996 2419 2413 2476 estdicere.Per
2424 2422 2584 2492 cujus
2596 2419 3247 2476 obedientiamhumano
3261 2416 3458 2490 generi
3472 2432 3606 2472 con-

1995 2512 2258 2562 terentur
2277 2509 2556 2564 beneficia
2573 2510 2950 2563 misericordiae
2964 2508 3165 2574 tuae,ab
3183 2510 3400 2562 aeterno
3419 2505 3606 2575 dispo-

1989 2581 2672 2668 sita,363sicutjurasti
2685 2597 2867 2653 David
2874 2597 2950 2663 ,id
2965 2600 3049 2651 est
3059 2596 3201 2650 sicut
3213 2594 3458 2648 firmiter
3473 2608 3608 2665 pro-

1997 2685 2192 2740 mittes
2209 2685 2267 2740 in
2287 2687 2547 2742 interiori
2565 2686 2670 2757 ipsi
2683 2686 2928 2754 homini,
2943 2686 3251 2758 quirevera
3272 2683 3382 2738 erit
3402 2681 3602 2737 David.

1960 2831 1964 2835 _
1989 2775 2058 2828 Et
2076 2776 2183 2830 hoc
2199 2778 2253 2828 in
2268 2779 2486 2830 veritate
2503 2783 2616 2842 tua,
2639 2776 2697 2830 id
2720 2781 2804 2830 est
2825 2776 2883 2829 in
2902 2774 3200 2830 verissima
3218 2771 3602 2844 promissione

1987 2865 2107 2916 tua.
2132 2861 2268 2917 Dico
2281 2880 2612 2919 memorare
2626 2880 2753 2935 quae
2777 2879 2908 2928 mea
2925 2862 3263 2916 substantia.
3287 2860 3398 2915 Oro
3422 2858 3600 2912 etiam

1987 2967 2188 3004 memor
2213 2958 2320 3005 esto
2340 2952 2614 3021 approbri'i
2625 2968 2908 3006 servorum
2943 2958 3173 3016 tuorum,
3198 2947 3602 3003 membrorum

278 3036 385 3092 bra
413 3037 534 3108 ejus
551 3038 853 3092 existentia
872 3037 933 3092 in
956 3038 1284 3108 confusione,
1305 3037 1366 3092 id
1385 3039 1470 3092 est
1485 3037 1680 3092 multis
1695 3038 1884 3092 anxie-
1909 3019 1955 3078 Ο
1996 3038 2170 3111 ipsius
2202 3039 2399 3106 David,
2423 3043 2486 3094 ut
2505 3038 3186 3110 ipsisremunerationem
3205 3037 3340 3090 inde
3358 3034 3598 3088 tribuas.

281 3125 494 3180 tatibus
514 3143 642 3198 quae
666 3143 837 3182 causa
883 3125 1235 3181 confusionis
1283 3129 1453 3180 erunt
1482 3127 1791 3198 per/adisti,
1825 3127 1886 3183 id
1991 3128 2278 3198 Opprobrii
2326 3129 2452 3184 dico
2501 3129 2795 3182 multarum
2837 3129 3096 3197 gentium,
3137 3125 3194 3180 id
3237 3128 3323 3179 est
3361 3122 3517 3195 quod
3567 3138 3602 3176 a

280 3215 366 3267 est
393 3214 664 3284 perfundi
695 3217 753 3269 et
777 3214 1196 3269 circumvallari
1222 3215 1522 3286 permittes
1546 3215 1667 3286 ipsa
1695 3215 1884 3285 con/u-
1989 3215 2186 3271 multis
2204 3216 2472 3288 gentibus
2492 3215 2791 3285 inferetur;
2817 3219 2875 3270 et
2895 3215 3024 3269 ideo
3047 3212 3273 3286 gravius
3296 3210 3406 3267 erit
3422 3224 3598 3282 quam

276 3304 442 3370 sione,
474 3302 534 3356 id
565 3305 649 3357 est
698 3303 1098 3368 anxietatibus,
1149 3320 1275 3375 qua:
1322 3320 1491 3358 causa
1535 3302 1886 3359 confusionis
1988 3303 2034 3358 si
2066 3321 2100 3358 a
2124 3305 2342 3376 paucis.
2375 3304 2530 3370 Quod
2553 3304 2932 3376 opprobrium
2961 3319 3078 3357 non
3106 3301 3417 3356 detestatus
3433 3313 3598 3365 sum;

280 3390 711 3446 erunt.Dictum
733 3394 819 3446 est
847 3392 958 3445 hoc
988 3407 1091 3462 per
1115 3391 1436 3462 emphasim
1453 3408 1487 3446 a
1513 3391 1885 3447 similitudine
1989 3407 2096 3446 nec
2129 3393 2357 3464 despexi
2389 3393 2488 3448 sed
2510 3395 2770 3460 continui,
2794 3393 2851 3447 id
2889 3396 2974 3446 cst
2993 3407 3124 3446 cum
3146 3388 3450 3444 dilectione
3472 3402 3599 3440 am-

278 3476 534 3546 illorum,
558 3478 656 3550 qui
674 3478 733 3532 in
753 3495 904 3550 aqua
923 3479 1250 3546 existentes,
1279 3480 1350 3534 ab
1385 3479 1509 3550 ipsa
1548 3480 1883 3535 circumval-
1986 3481 2383 3550 plexatussum
2398 3484 2453 3535 in
2471 3481 2795 3545 sinumeo,id
2810 3473 3601 3536 estininterioriconscientia

279 3566 493 3621 lantur.
524 3567 593 3621 Et
648 3583 780 3621 cum
826 3566 905 3621 sic
949 3567 1248 3637 permittes
1292 3569 1557 3640 persequi
1602 3569 1779 3624 David
1827 3572 1884 3622 et

283 3655 551 3709 membra
574 3655 716 3726 ejus,
739 3672 1028 3726 usquequo,
1051 3655 1108 3710 id
1129 3659 1213 3710 est
1244 3673 1419 3727 usque
1451 3657 1523 3711 ad
1556 3673 1731 3728 quem
1759 3673 1884 3711 mo-

285 3743 447 3805 dum,
475 3760 503 3797 ο
533 3743 763 3798 Domine
783 3745 972 3810 Pater,
995 3751 1213 3810 avertes,
1239 3743 1297 3797 id
1319 3746 1404 3798 est
1422 3745 1708 3799 videberis
1733 3763 1890 3801 aver-

285 3834 408 3885 tere
436 3830 890 3887 misericordiam
912 3835 1073 3886 tuam
1097 3833 1168 3886 ab
1191 3832 1312 3902 ipso
1337 3832 1510 3886 David
1537 3836 1593 3886 et
1615 3833 1891 3888 membris

287 3919 447 3990 ejus?
470 3921 704 3975 Avertes
723 3923 778 3974 in
797 3921 974 3990 ﬁnem,
1006 3920 1066 3974 id
1096 3923 1180 3974 est
1197 3937 1262 3974 ex
1291 3923 1432 3974 toto.
1471 3920 1568 3974 Vel
1599 3920 1659 3976 in
1686 3923 1888 3989 finem,

289 4007 349 4062 id
376 4011 462 4062 est
485 4009 543 4063 in
566 4009 1017 4064 destructionem
1046 4009 1145 4076 sic,
1178 4007 1391 4064 scilicet
1411 4012 1475 4064 ut
1504 4026 1602 4065 eos
1633 4011 1893 4067 destruas

289 4113 358 4150 ex
409 4097 569 4152 toto?
603 4098 998 4170 Nequaquam.
1035 4096 1146 4152 Sed
1187 4099 1288 4163 ira,
1315 4096 1374 4151 id
1403 4099 1489 4152 est
1520 4098 1770 4154 vindicta
1799 4105 1892 4153 tua

289 4185 607 4251 exardescet,
629 4185 686 4240 id
707 4190 792 4240 est
813 4184 1243 4256 exasperabitur
1269 4184 1329 4239 in
1356 4185 1436 4240 eis
1473 4186 1617 4240 velut
1646 4190 1801 4257 ignis,
1835 4187 1893 4242 id

1991 3583 2144 3635 mea,
2175 3585 2304 3639 quas
2326 3585 2430 3640 per
2459 3569 2649 3624 sinum
2681 3568 3017 3639 designatur
3049 3581 3409 3638 congrue,eo
3441 3562 3598 3635 quod

1989 3655 2146 3711 sinus
2176 3657 2362 3710 latens
2391 3674 2483 3712 res
2511 3661 2596 3712 est
2617 3661 2674 3711 et
2699 3660 2938 3711 secreta.
2966 3658 3028 3709 In
3053 3657 3161 3710 hoc
3189 3653 3344 3726 quod
3370 3651 3509 3706 dicit
3535 3667 3598 3705 se

1989 3744 2227 3815 diligere
2254 3746 2630 3816 opprobrium
2661 3745 2820 3810 illud,
2853 3744 3009 3815 quod
3033 3744 3228 3798 salutis
3249 3741 3358 3796 erit
3373 3738 3594 3795 occasio

1989 3833 2516 3906 patientibus,ipsos
2535 3835 2820 3905 patientes
2841 3833 2915 3887 ad
2936 3834 3044 3886 hoc
3055 3831 3395 3902 patiendum
3408 3843 3600 3882 corro-

2005 3921 2356 3988 borat.Quod
2375 3922 2842 3993 exprobrauerunt,
2867 3921 2924 3975 id
2941 3923 3028 3974 est
3048 3919 3204 3991 quod
3221 3915 3598 3990 opprobrium

1995 4010 2672 4082 exprobrandoinferent
2716 4009 2891 4064 servis
2937 4008 3068 4076 tuis,
3102 4008 3309 4062 inimici
3353 4005 3436 4060 tui
3466 4002 3599 4058 inﬁ-

1995 4099 2170 4166 deles,
2203 4116 2232 4154 o
2275 4099 2504 4154 Domine
2537 4101 2724 4153 Pater.
2773 4097 3002 4169 Repetit
3049 4099 3265 4162 autem,
3307 4097 3370 4148 ut
3407 4093 3598 4165 ipsum

1996 4189 2375 4259 opprobrium
2390 4188 2544 4260 quod
2564 4187 2948 4256 sit,ostendat.
2984 4185 3139 4252 Quod
3157 4183 3595 4255 exprobaverunt,

289 4274 376 4325 est
406 4272 472 4327 ad
503 4273 997 4343 comparationem
1020 4271 1188 4344 ignis.
1213 4271 1368 4327 Sicut
1387 4272 1545 4327 enim
1565 4273 1714 4345 ignis
1731 4270 1966 4330 vehe-D
1994 4275 2252 4348 inquam,
2286 4277 2346 4331 id
2377 4279 2463 4332 est
2501 4275 2872 4347 exprobando
2903 4275 3096 4329 dicent
3123 4273 3336 4327 scilicet
3363 4285 3600 4327 com-mu-
3628 4313 3648 4335 ,

288 4363 520 4415 menter
534 4377 805 4415 accensus
820 4376 1026 4414 aurum
1048 4359 1440 4431 purgat,ligna
1454 4374 1588 4415 vero
1605 4363 1895 4420 consumit
1995 4368 2247 4420 tationem
2293 4363 2496 4420 Christi
2524 4365 2625 4419 filii
2657 4366 2738 4418 tui
2779 4363 2861 4417 eis
2894 4361 3393 4433 improperabunt,
3415 4358 3475 4413 id
3513 4359 3600 4413 est

288 4450 346 4502 et
362 4447 666 4514 incinerat,
681 4448 759 4502 sic
781 4452 838 4502 et
857 4449 1173 4519 persecutio
1193 4449 1400 4503 Christi
1419 4452 1477 4504 et
1491 4451 1892 4507 membrorum

286 4537 430 4608 ejus,
458 4537 594 4607 ipsis
606 4537 885 4592 membris
921 4537 1030 4591 erit
1060 4536 1329 4608 expiatio,
1355 4541 1413 4592 et
1443 4537 1766 4594 inﬁdelibus
1795 4557 1893 4596 eos

285 4626 762 4697 persequentibus
779 4627 1162 4697 consumptio.
1187 4627 1328 4682 Cum
1357 4626 1531 4698 igitur
1559 4628 1724 4700 ponit
1737 4646 1890 4683 exar-

284 4711 453 4768 descet
468 4715 605 4766 sicut
620 4715 854 4783 ignisira
877 4721 991 4777 tua,
1015 4714 1266 4768 breviter
1293 4715 1458 4770 solvit
1493 4715 1774 4788 quidquid
1820 4719 1892 4772 de

283 4801 775 4880 persecutionibus
792 4805 850 4858 et
862 4802 1277 4874 dejectionibus
1299 4803 1504 4858 Christi
1525 4807 1584 4858 et
1604 4805 1894 4860 membro-

284 4903 417 4942 rum
438 4889 561 4959 ejus
590 4894 956 4962 opposuerat,
989 4890 1061 4945 ab
1099 4891 1196 4946 illo
1236 4892 1362 4947 loco
1395 4892 1493 4947 ubi
1527 4893 1782 4949 dixerat:
1807 4894 1891 4948 Tu

283 4994 425 5045 vero,
449 4981 556 5033 etc.
582 4978 724 5033 Cum
739 4997 872 5035 vero
893 4980 1051 5048 dicit,
1085 4997 1397 5050 memorare,
1427 4986 1560 5051 etc.,
1579 5000 1683 5055 pro
1706 4986 1889 5039 salute

283 5066 684 5122 membrorum
703 5068 1122 5136 orat,videlicet
1134 5073 1196 5124 ut
1209 5072 1356 5126 Deus
1375 5074 1545 5126 Pater
1556 5089 1888 5128 memoran-

283 5153 614 5226 do,quantaz
628 5157 885 5212 futurum
895 5158 967 5212 sit
978 5158 1032 5213 di
1039 5159 1484 5230 gnitatisChristi
1499 5163 1770 5217 meritum
1785 5177 1890 5233 per

283 5255 417 5296 eum
445 5243 581 5314 ipsis
612 5246 890 5300 membris
918 5247 1283 5303 misereatur.
1313 5249 1429 5303 Hoc
1458 5254 1653 5305 autem
1679 5250 1756 5305 sic
1795 5251 1891 5305 ad-

280 5334 525 5402 aptatur.
536 5332 670 5388 Dico
685 5338 968 5406 quatenus
984 5335 1072 5391 ira
1085 5338 1182 5392 tua
1195 5353 1312 5392 non
1332 5339 1388 5391 in
1402 5338 1560 5406 ﬁnem
1573 5339 1884 5407 exardescet,

277 5417 516 5475 sedsit-ut
544 5423 700 5493 ignis.
737 5424 804 5478 Et
835 5427 897 5478 ut
922 5440 1039 5480 non
1069 5424 1128 5480 in
1156 5425 1332 5480 ﬁnem
1369 5426 1698 5480 exardescat
1730 5425 1885 5480 :Me-

277 5525 508 5582 morare,
529 5511 678 5572 Deus
706 5513 894 5583 Pater,
927 5530 1066 5589 quae,
1103 5512 1166 5572 id
1195 5515 1282 5574 est
1329 5529 1506 5590 quam
1550 5514 1727 5590 digna
1774 5513 1886 5582 erit

1992 4455 2102 4508 hoc
2133 4455 2289 4526 quod
2322 4452 2577 4508 Christus
2605 4450 3060 4507 commutabitur
3085 4451 3155 4505 de
3187 4449 3303 4504 vita
3332 4447 3406 4502 ad
3435 4462 3600 4501 mor-

1997 4545 2135 4610 tem,
2163 4543 2419 4596 dicentes
2451 4557 2549 4596 eos
2578 4540 2812 4595 insanos
2835 4556 2978 4607 esse,
3012 4539 3146 4612 quia
3167 4539 3404 4592 credent
3423 4536 3480 4590 in
3499 4536 3601 4591 ho-

1993 4631 2214 4686 minem
2240 4635 2554 4686 mortuum.
2578 4631 2646 4684 Et
2662 4633 2858 4684 tamen
2879 4628 3140 4701 quamvis
3158 4627 3410 4684 Christus
3426 4626 3504 4681 sic
3524 4625 3596 4680 sit

1992 4718 2565 4789 commutandus,per
2576 4717 2726 4773 hanc
2747 4717 3268 4772 commutationem
3293 4713 3594 4787 apparebit

1989 4808 2254 4863 Dominus
2297 4806 2560 4860 omnium
2623 4806 2938 4871 benedictus,
2985 4805 3044 4859 id
3089 4808 3175 4860 est
3220 4803 3498 4857 exaltatus
3542 4802 3599 4852 in

1989 4903 2249 4958 aeternum
2280 4895 2338 4950 in
2370 4895 2613 4966 perenni
2635 4895 2842 4967 gloria.
2865 4894 3026 4948 Unde
3046 4892 3349 4963 Apostolus
3373 4905 3386 4945 :
3409 4908 3441 4941 «
3459 4891 3598 4943 Pro-

1990 4989 2120 5057 pter
2151 4985 2306 5056 quod
2335 4987 2393 5038 et
2421 4985 2570 5038 Deus
2616 4982 2882 5038 exaltavit
2911 4982 3094 5047 illum,
3145 4983 3203 5034 et
3241 4978 3476 5033 donavit
3515 4975 3599 5031 illi

1995 5073 2399 5144 nomen,quod
2421 5075 2506 5126 est
2524 5088 2695 5143 super
2711 5087 2885 5126 omne
2902 5085 3116 5124 nomen
3135 5067 3357 5140 (Philip.
3372 5084 3432 5135 ιι,
3462 5069 3536 5132 9).
3562 5086 3592 5115 »

1990 5163 2058 5217 Et
2081 5161 2140 5216 in
2167 5160 2473 5232 Evangelio
2496 5176 2508 5213 :
2529 5179 2561 5211 «
2577 5157 3017 5228 Oportebatpati
3032 5155 3318 5210 Christum
3332 5159 3390 5209 et
3409 5171 3595 5210 resur-

1989 5267 2148 5322 gere,
2179 5253 2234 5303 et
2251 5250 2330 5303 ita
2352 5248 2567 5302 intrare
2589 5247 2648 5300 in
2667 5245 2912 5317 gloriam
2926 5260 3090 5298 suam
3106 5243 3264 5315 (Luc.
3282 5259 3428 5311 xxrv,
3441 5241 3586 5314 46).»

1987 5338 2124 5394 Dico
2147 5337 2300 5410 quod
2330 5335 2611 5392 Dominus
2633 5333 3114 5400 eritbenedictus,
3145 5336 3205 5387 et
3244 5333 3355 5386 hoc
3381 5332 3499 5401 ﬁat,
3528 5333 3593 5386 ut

1984 5427 2058 5482 sit
2086 5426 2422 5482 benedictus
2447 5424 2506 5478 in
2537 5421 2786 5478 Ecclesia
2811 5421 2881 5476 de
2909 5421 3150 5488 Iudaeis;
3197 5423 3256 5475 et
3282 5419 3382 5493 ﬁat
3411 5419 3588 5474 bene-

1985 5515 2168 5574 dictus
2194 5515 2255 5572 in
2284 5511 2531 5570 Ecclesia
2555 5512 2626 5569 de
2647 5510 2932 5588 gentibus.
2953 5511 3062 5567 Per
3080 5510 3192 5569 hoc
3217 5513 3412 5571 autem
3432 5507 3590 5583 quod
