3998 6026
399 322 534 386 H23

394 451 494 512 sed
507 469 633 529 quae
648 450 720 511 ad
735 449 1013 510 futuram.
1031 453 1098 508 Et
1113 451 1341 525 amplius
1369 469 1552 508 eorum
1578 451 1874 525 octoginta
1895 468 2001 506 an-

393 561 603 600 norum
626 547 896 619 appetero
931 545 1015 597 est
1054 542 1201 596 labor
1227 549 1274 597 et
1301 543 1472 608 dolor,
1496 543 1556 596 id
1588 546 1674 598 est
1705 558 1885 596 causas
1916 541 1998 594 la-

395 633 620 692 boriset
641 631 874 687 doloris.
910 630 1053 694 Quia
1092 631 1312 685 dixerat
1332 633 1385 683 in
1395 632 1780 701 potentatibus,
1811 632 2001 702 posset

391 721 737 796 quaariunde
753 720 971 774 habent
994 719 1104 772 hoc
1140 718 1396 790 quidam,
1418 721 1479 772 ut
1505 719 1618 773 sint
1649 718 1705 772 in
1738 721 1999 790 potenta-

387 812 559 878 tibus;
579 809 653 864 ad
670 809 825 880 quod
855 807 933 862 sic
961 807 1275 877 respondet
1300 807 1469 861 :Inde
1504 808 1611 861 hoc
1638 807 1804 878 pauci
1824 805 1998 861 habe-

390 916 538 966 mus,
559 899 812 970 quoniam
837 898 1152 966 supervenit,
1190 894 1249 949 id
1291 898 1376 949 est
1405 912 1473 949 ex
1512 894 1792 965 superiori
1815 894 1995 949 Patris

389 990 523 1046 sede
553 987 743 1043 veniet
785 986 950 1041 nobis
1001 984 1368 1050 mansuetudo,
1420 984 1478 1039 id
1523 989 1609 1038 est
1660 985 1828 1038 Filius
1870 985 1991 1053 Dei,

385 1078 544 1149 cujus
564 1076 675 1130 fide
707 1073 929 1128 venturi
949 1073 1073 1144 jam
1100 1089 1297 1127 sumus
1325 1072 1382 1127 in
1411 1073 1805 1142 potentatibus
1837 1089 1850 1126 :
1886 1072 1991 1137 Qui

384 1183 490 1239 per
518 1163 840 1234 emphasim
874 1161 1085 1215 dicitur
1110 1161 1494 1215 mansuetudo
1518 1161 1722 1227 Patris,
1748 1178 1814 1215 eo
1839 1161 1993 1233 quod

384 1271 488 1328 per
517 1268 652 1307 eum
682 1250 846 1306 nobis
870 1250 955 1304 ira
976 1249 1075 1304 Dei
1095 1249 1491 1303 mansuefacta
1520 1252 1624 1303 est.
1643 1249 1721 1302 Ne
1739 1265 1870 1302 vero
1903 1249 1990 1303 in-

361 1341 745 1412 ,telligeretur
781 1339 935 1410 quod
974 1338 1054 1391 ita
1092 1340 1240 1392 esset
1269 1337 1650 1392 mansuetudo
1681 1341 1896 1403 nostra,
1930 1340 1992 1391 ut

383 1434 690 1504 postquam
721 1425 1385 1482 advenissetnullatenus
1413 1425 1651 1480 ulterius
1681 1423 1992 1494 corripere-

385 1535 539 1585 mur,
568 1517 748 1578 addit,
769 1522 821 1569 et
854 1518 1050 1570 tamen
1085 1514 1456 1585 corripiemur,
1480 1512 1540 1567 id
1569 1516 1656 1567 est
1685 1512 1989 1583 castigabi-

384 1623 516 1662 mur
533 1603 885 1659 mortalitate
901 1604 957 1655 et
974 1602 1370 1672 passibilitate,
1395 1606 1702 1674 postquam
1728 1619 1990 1658 mansue-

382 1695 522 1750 tudo
537 1691 913 1764 superveniet.
933 1690 988 1745 Si
1009 1707 1140 1745 vero
1167 1691 1289 1745 haec
1311 1691 1595 1745 sententia
1613 1693 1858 1762 legatur,
1880 1691 1989 1744 hoc

1002 317 1062 384 8.
1103 322 1449 384 BRUNONIS
1487 319 2121 383 CARTHUSIANORUM
2155 319 2624 383 INSTITUTORIS
2663 320 2818 382 OPP.
2858 319 3036 383 PARS
3073 319 3098 382 Ῑ

3563 316 3710 384 1124

2099 448 2432 508 facultatem
2461 449 2822 524 intelligendi
2854 452 3034 507 recte.
3068 449 3136 506 Et
3173 450 3306 524 quia
3335 466 3454 507 non
3493 449 3710 508 sufﬁcit

2098 544 2253 596 recte
2277 540 2599 613 intelligere
2621 541 2740 596 sine
2758 541 2912 597 bona
2933 539 3382 612 operatione,fac
3399 539 3574 596 etiam
3598 557 3710 596 nos

2097 630 2326 683 eruditos
2356 632 2411 683 in
2438 631 2723 701 sapientia,
2756 630 2812 684 id
2843 632 2926 684 est
2973 629 3030 684 in
3082 629 3382 684 virtutibus
3433 632 3492 683 et
3533 629 3707 684 bonis

2097 717 2385 789 operibus,
2421 735 2548 789 qua:
2580 717 2861 789 sapientia
2893 718 3180 785 dicuntur,
3214 734 3281 772 eo
3321 717 3476 789 quod
3512 734 3576 772 ex
3610 734 3702 772 sa-

2095 805 2313 876 pientia
2333 806 2849 878 procedunt.Quod
2863 810 2948 861 est
2971 806 3159 860 dicere
3183 823 3195 860 :
3217 807 3297 861 Da
3328 805 3492 860 nobis
3517 805 3703 860 scien-

2095 893 2235 948 tiam
2256 895 2404 949 bene
2419 895 2718 965 operandi,
2740 898 2797 950 et
2807 894 3041 950 virtutes
3059 893 3445 966 amplexandi.
3460 893 3558 947 Vel
3589 893 3702 949 hoc

2094 982 2434 1037 admirative
2458 983 2571 1054 legi
2605 984 2812 1053 potest,
2843 981 2921 1036 sic
2946 998 2958 1035 :
2986 981 3120 1036 Dico
3145 982 3302 1055 quod
3329 983 3702 1054 corripiemur,

2093 1073 2152 1123 et
2180 1071 2525 1141 corripimur
2556 1087 2659 1144 per
2686 1069 3000 1124 vindictam
3042 1073 3223 1124 tuam.
3258 1071 3324 1124 Et
3353 1072 3470 1143 quis
3499 1074 3603 1137 est,
3644 1069 3705 1126 id

2093 1162 2177 1212 est
2202 1162 2449 1230 quantas
2480 1163 2537 1214 et
2559 1176 2733 1232 quam
2764 1158 2896 1213 felix
2925 1162 3011 1213 est
3041 1158 3136 1213 ille
3179 1159 3275 1232 qui
3301 1162 3445 1213 novit
3463 1165 3705 1229 potesta-

2091 1253 2193 1301 tem
2220 1250 2315 1302 iraD
2351 1255 2474 1315 tua",
2520 1251 2576 1301 et
2615 1247 2713 1320 qui
2759 1249 2902 1302 no'vit
2948 1249 3084 1300 iram
3141 1254 3289 1301 tuam
3341 1247 3705 1311 dinumerare,

2079 1353 2198 1406 pra?
2227 1339 2412 1391 timore
2439 1345 2548 1399 tuo,
2580 1337 2639 1392 id
2671 1341 2755 1392 est
2789 1338 2861 1393 ad
2892 1337 3000 1392 hoc
3032 1339 3093 1391 ut
3116 1340 3170 1392 te
3202 1337 3435 1392 timeat?
3452 1337 3698 1408 Exposi-

2089 1425 2168 1481 tio
2197 1444 2313 1482 non
2338 1430 2613 1482 mutatur.
2650 1427 2788 1482 Orat
2817 1426 2992 1482 etiam
3020 1427 3098 1482 sic
3143 1443 3154 1482 :
3200 1428 3333 1483 Dico
3371 1429 3486 1499 quis
3526 1430 3699 1495 novit,

2089 1517 2270 1572 ethoc
2301 1517 2537 1589 quidem
2563 1517 2726 1588 pauci
2743 1520 3005 1585 noscunt;
3031 1520 3088 1572 et
3103 1516 3238 1590 quia
3263 1533 3582 1588 paucorum
3609 1520 3702 1571 est

2090 1621 2346 1672 noscere,
2379 1609 2436 1660 et
2464 1605 2657 1661 felices
2684 1607 2816 1659 sunt
2841 1605 2937 1676 qui
2963 1608 3230 1668 noscunt,
3263 1621 3387 1671 oro,
3421 1605 3692 1672 Domine,

2086 1694 2179 1763 fac
2209 1694 2373 1749 nobis
2401 1701 2586 1749 notam
2622 1693 2680 1747 in
2713 1694 2905 1749 futuro
2945 1693 3235 1761 dexteram,
3268 1693 3328 1749 id
3357 1698 3442 1749 est
3467 1693 3696 1748 miseri-

384 1783 539 1857 quod
569 1782 626 1836 in
660 1779 943 1852 principio
979 1779 1187 1850 psalmi
1227 1779 1454 1846 dicitur,
1481 1778 1710 1834 Domine
1737 1779 1988 1833 Verbum
2010 1787 2060 1844 Β
2087 1782 2345 1837 cordiam
2365 1782 2628 1849 tuam,sic
2656 1785 2717 1836 ut
2738 1781 2895 1853 prius
2913 1798 3218 1837 noscamus
3235 1787 3576 1854 postestatem
3597 1785 3699 1838 ira!

382 1874 628 1930 existens
657 1870 932 1941 refugium
984 1871 1047 1923 tu
1074 1869 1258 1938 factus
1286 1885 1357 1931 es,
1397 1868 1454 1924 id
1489 1873 1574 1924 est
1599 1873 1860 1925 creatura
1888 1869 1988 1923 fies

381 1963 454 2018 de
487 1964 655 2016 Patre
673 1960 752 2014 sic
775 1961 1127 2030 exponetur:
1148 1957 1392 2012 Domine
1405 1958 1593 2026 Pater,
1627 1962 1690 2013 tu
1718 1958 1898 2012 factus
1928 1973 1986 2010 es

379 2050 546 2107 nobis
575 2049 872 2118 refugi-um,
905 2045 957 2099 id
1006 2049 1092 2099 est
1126 2047 1398 2101 securitas
1416 2046 1698 2101 evadendi
1721 2045 1988 2116 dejectio-

381 2157 542 2206 nem,
574 2138 635 2192 in
667 2152 842 2208 quam
865 2133 1204 2189 devenimus
1221 2152 1323 2207 per
1349 2135 1562 2189 Adam.
1595 2135 1814 2191 Cmtera
1852 2150 1986 2188 vero

382 2245 501 2284 non
541 2229 625 2281 est
671 2221 881 2280 mutari
923 2238 1170 2276 necesse.
1209 2222 1535 2278 Secundum
1568 2239 1703 2277 vero
1734 2222 1987 2293 priorem

382 2314 731 2372 sententiam
767 2312 827 2366 in
874 2327 987 2383 qua
1019 2311 1382 2382 exposuimus
1413 2312 1533 2366 dies
1563 2327 1851 2366 annorum
1883 2325 1986 2364 no-

385 2408 637 2459 strorum
662 2401 719 2455 in
738 2399 872 2471 ipsis
893 2399 1262 2469 septuaginta
1282 2399 1450 2453 annis
1470 2400 1543 2453 ad
1572 2399 1849 2466 litteram,
1869 2415 1990 2452 ver-

390 2509 484 2547 sus
515 2489 612 2562 qui
651 2486 929 2559 Sequitur,
961 2485 1176 2540 scilicet
1218 2488 1473 2557 quoniam
1508 2489 1826 2557 supervenit,
1854 2489 1987 2552 etc.,

385 2579 463 2636 sic
495 2575 802 2649 exponitur
835 2590 847 2628 :
879 2573 1014 2627 Dico
1045 2573 1203 2643 quod
1233 2573 1584 2629 defectibiles
1603 2573 1736 2628 facti
1767 2591 1986 2640 sumus,

383 2669 528 2724 adeo
544 2664 700 2740 quod
717 2661 963 2734 amplius
977 2662 1271 2732 octoginta
1287 2662 1453 2716 annis
1467 2679 1583 2716 non
1602 2662 1860 2728 vivimus,
1880 2661 1989 2716 nisi

388 2757 446 2813 in
479 2756 678 2810 labore
700 2754 757 2806 et
773 2750 993 2804 dolore.
1018 2749 1086 2802 Et
1108 2749 1216 2803 hoc
1238 2749 1391 2816 ideo,
1409 2750 1686 2822 quoniam
1718 2767 1789 2805 ne
1812 2751 1988 2805 simus

383 2845 556 2902 nimis
580 2844 800 2898 feroces
839 2840 897 2891 et
921 2836 1166 2892 etfrenes
1181 2842 1382 2893 contra
1424 2841 1627 2906 Deum,
1661 2838 1990 2910 supervenit

384 2933 549 2990 nobis
576 2925 982 2992 mansuetudo,
1001 2924 1058 2979 id
1085 2929 1172 2980 est
1200 2943 1266 2980 ex
1298 2926 1576 2998 superiori
1611 2927 1711 2981 Dei
1745 2927 1984 2998 disposi-

382 3019 539 3076 tione
560 3016 715 3072 venit
737 3015 794 3070 in
819 3030 922 3068 nos
937 3013 1215 3080 domatio,
1234 3031 1360 3085 quae
1377 3014 1512 3070 facit
1534 3032 1636 3070 nos
1654 3019 1986 3071 mansuetos

382 3126 522 3180 erga
558 3109 740 3162 Deum
759 3106 816 3158 et
849 3100 1115 3167 humiles,
1148 3103 1468 3157 mortalitas
1495 3103 1707 3158 scilicet
1731 3107 1789 3158 et
1817 3104 1988 3173 passi-

380 3199 589 3256 bilitas.
641 3194 716 3248 Et
764 3207 869 3263 per
915 3205 1046 3244 eam
1088 3189 1486 3248 domationem
1527 3192 1987 3246 mansuetudinis

383 3287 749 3356 corripiemur,
783 3277 1039 3350 quandiu
1070 3275 1130 3332 in
1165 3279 1271 3332 hac
1301 3281 1416 3335 vita
1446 3280 1680 3345 erimus,
1713 3296 1786 3334 ne
1814 3280 1988 3334 nimis

386 3382 654 3440 adversus
683 3372 866 3425 Deum
891 3364 1320 3420 insolescamus.
1344 3368 1389 3420 Α
1412 3367 1785 3422 similitudine
1819 3368 1984 3422 effre-

384 3471 470 3526 nis
501 3462 653 3537 equi,
679 3456 774 3530 qui
794 3451 1032 3524 flagellis
1063 3453 1390 3526 corripitur,
1421 3458 1482 3510 ut
1511 3458 1847 3510 mansuetus
1868 3455 1988 3509 effi-

383 3558 584 3615 ciatur.

453 3645 588 3702 Dico
612 3637 769 3714 quod
792 3637 1085 3707 supervenit
1108 3632 1273 3688 nobis
1299 3633 1647 3686 mansuetudo
1672 3648 1773 3702 per
1805 3648 1982 3703 quam

381 3731 782 3804 eorripiamur,
820 3731 869 3779 et
906 3726 1278 3795 corripiemur.
1313 3721 1379 3775 Et
1407 3720 1540 3774 licet
1584 3720 1921 3791 frequenter
1950 3737 1984 3774 a

379 3828 437 3879 te
468 3817 873 3890 corripiamur,
892 3817 1088 3868 tamen
1107 3813 1224 3883 quis
1249 3809 1554 3890 hqmirym
1591 3811 1739 3862 novit
1747 3814 1982 3880 potesta-

380 3921 483 3968 tem
501 3913 592 3964 ira:
613 3881 737 3970 tua,
766 3902 826 3956 id
852 3905 937 3956 est
967 3881 1266 3971 potentem
1525 3895 1840 3950 efﬁcaciam
1866 3895 1983 3949 vin-

383 3999 548 4054 dicta:
581 3997 694 4047 tua;
726 4004 902 4060 quam
943 3988 1001 4042 in
1048 3985 1218 4040 nobis
1248 3983 1526 4038 exerces?
1565 3990 1614 4036 et
1657 3982 1782 4054 quis
1826 3981 1984 4037 novit

381 4087 718 4140 dinumerare
760 4077 893 4128 iram
932 4079 1105 4139 tuam,
1133 4072 1190 4126 id
1219 4074 1303 4126 est
1354 4069 1840 4140 multiplicitatem
1867 4069 1984 4123 vin-

381 4172 546 4229 dicta:
570 4170 705 4230 tute,
731 4179 867 4234 pre,
896 4160 955 4214 id
981 4163 1066 4214 est
1097 4175 1224 4229 pro,
1258 4160 1443 4229 timore
1469 4164 1578 4221 tuo,
1612 4156 1822 4210 scilicet
1848 4160 1909 4210 ut
1927 4160 1981 4212 te

381 4257 629 4318 timeant
655 4252 917 4322 respectu
943 4246 1220 4319 potentiae
1266 4248 1324 4299 et
1366 4243 1803 4315 multiplicitatis
1834 4244 1980 4299 illius

2089 1876 2213 1936 tuae,
2237 1876 2286 1926 et
2323 1871 2656 1925 dinumerare
2686 1872 2824 1924 iram
2863 1878 3012 1924 tuam
3041 1889 3159 1942 prce
3202 1873 3390 1926 timore
3433 1880 3542 1929 tuo.
3578 1869 3700 1926 Nisi

2089 1959 2244 2014 enim
2273 1959 2612 2015 timeremus
2642 1958 2735 2014 hic
2766 1958 2944 2030 prius,
2969 1975 3086 2014 non
3105 1959 3300 2031 utique
3318 1959 3484 2014 nobis
3513 1959 3573 2014 in
3603 1959 3699 2014 fu-

2087 2052 2217 2104 turo
2264 2048 2660 2104 misericordia
2691 2048 3104 2104 notiﬂcaretur.
3147 2049 3215 2103 Et
3261 2051 3324 2103 ut
3368 2050 3506 2102 iram
3552 2049 3699 2104 scia-

2088 2154 2216 2192 mus
2241 2137 2582 2190 dinumerare
2594 2154 2709 2207 pra:
2741 2138 2951 2204 timore,
2987 2137 3080 2206 fac
3121 2153 3225 2192 nos
3255 2137 3482 2192 eruditos
3519 2136 3697 2205 corde,

2088 2224 2148 2278 id
2179 2227 2262 2279 est
2291 2224 2605 2279 intellectu.
2635 2225 2703 2278 Et
2724 2224 2858 2296 quia
2875 2225 3023 2279 bene
3054 2224 3376 2295 intelligere
3403 2241 3522 2280 non
3543 2224 3704 2278 suffi-

2089 2317 2264 2380 ceret,
2304 2315 2395 2384 fac
2427 2330 2532 2368 nos
2560 2313 2791 2367 eruditos
2831 2315 2885 2366 in
2915 2314 3200 2383 sapientia,
3233 2313 3289 2366 id
3321 2316 3407 2368 est
3429 2313 3488 2367 in
3518 2312 3700 2367 virtu-

2089 2401 2240 2455 tibus
2271 2405 2328 2456 et
2367 2401 2533 2457 bonis
2560 2401 2848 2473 operibus.
2884 2401 3045 2468 Dico,
3078 2408 3257 2456 notam
3283 2402 3377 2470 fac
3404 2401 3700 2467 dexteram,

2091 2492 2148 2543 et
2171 2493 2233 2544 ut
2254 2493 2394 2544 nota
2420 2491 2521 2543 fiat
2546 2496 2864 2556 convertere,
2894 2489 3220 2556 Domine,ab
3249 2489 3335 2543 ira
3363 2489 3435 2543 ad
3478 2487 3707 2542 miseri-

2091 2579 2349 2633 cordiam
2372 2596 2657 2651 usquequo,
2675 2579 2732 2634 id
2754 2583 2838 2634 est
2860 2579 3110 2650 usquein
3137 2582 3419 2651 quantum
3444 2569 3543 2634 tibi
3574 2579 3702 2650 pla-

2089 2670 2198 2720 cet.
2217 2667 2461 2738 Exponit
2488 2666 2663 2738 igitur
2689 2667 2877 2739 ipsum
2909 2684 3196 2738 usquequo,
3224 2683 3356 2720 cum
3384 2665 3651 2736 adjungit
3684 2682 3699 2720 :

2088 2762 2157 2822 et,
2189 2755 2249 2809 id
2281 2757 2364 2809 est
2394 2755 2610 2809 scilicet
2639 2762 2745 2808 esto
2774 2755 3136 2826 deprecabilis,
3165 2754 3224 2809 id
3255 2757 3340 2809 est
3389 2754 3700 2808 exorabilis

2084 2861 2240 2914 super
2258 2860 2428 2897 servos
2454 2850 2588 2909 tuos,
2619 2842 2677 2896 id
2708 2845 2792 2898 est
2823 2842 2881 2896 in
2921 2843 3096 2898 servis
3127 2842 3256 2897 tuis.
3291 2842 3455 2906 Quod
3494 2845 3579 2896 est
3609 2842 3698 2896 di-

2085 2947 2214 2986 cere
2249 2948 2260 2985 :
2293 2932 2358 2984 Et
2403 2931 2448 2985 si
2497 2948 2614 2985 non
2654 2930 2734 2984 vis
2786 2931 3043 2986 converti
3088 2931 3161 2984 ad
3208 2929 3695 2997 misericordiam,

2086 3023 2368 3090 quantum
2389 3019 2461 3073 ad
2482 3019 2829 3090 perdendos;
2849 3020 3182 3073 convertere
3196 3021 3392 3072 tamen
3410 3021 3699 3089 quantum

2087 3107 2159 3161 ad
2183 3123 2281 3160 eos
2305 3106 2401 3178 qui
2437 3107 2543 3160 tibi
2571 3105 2826 3161 serviunt
2853 3110 2913 3160 ut
2941 3106 3022 3162 eis
3062 3104 3389 3160 miserearis
3419 3105 3558 3176 quia
3584 3105 3696 3160 tibi

2085 3194 2360 3249 serviunt.
2398 3195 2538 3249 Cum
2574 3194 2709 3249 dicit
2735 3211 2891 3264 super
2912 3211 3102 3260 servos,
3135 3192 3293 3248 idem
3323 3195 3409 3247 est
3438 3209 3505 3247 ac
3540 3193 3585 3247 si
3613 3193 3700 3248 di-

2085 3286 2241 3337 ceret
2269 3299 2281 3337 :
2318 3283 2390 3337 Ut
2420 3299 2485 3336 ex
2517 3281 2797 3352 superiori
2830 3282 3202 3354 dispositione
3231 3282 3340 3336 hoc
3372 3281 3696 3353 contingat,

2087 3375 2150 3425 ut
2178 3371 2353 3426 servis
2385 3370 2746 3425 misereatur.
2780 3370 3166 3440 Deprecabilis
3193 3368 3423 3441 proprie
3463 3369 3696 3438 dicitur,

2086 3459 2182 3529 qui
2215 3458 2353 3512 illud
2381 3459 2499 3524 dat,
2529 3459 2684 3530 quod
2716 3459 2785 3513 ab
2823 3475 2890 3513 eo
2924 3457 3182 3514 oratione
3211 3459 3549 3530 postulatur.

2157 3545 2431 3600 Enuntiat
2457 3562 2594 3616 ergo
2620 3545 3074 3601 misericordiam
3096 3546 3350 3600 futuram
3372 3562 3546 3617 quam
3570 3562 3701 3599 ora-

2083 3634 2186 3700 vit,
2219 3634 2291 3688 ad
2320 3633 2777 3688 consolationem
2795 3633 3074 3699 fidelium,
3109 3633 3186 3688 sic
3214 3632 3412 3689 :Oravi
3427 3636 3488 3686 ut
3509 3641 3699 3687 notam

2082 3721 2256 3777 facias
2279 3722 2570 3788 dexteram,
2596 3721 2654 3775 id
2673 3724 2756 3776 est
2782 3721 3239 3776 misericordiam
3260 3725 3440 3775 tuam.
3467 3722 3534 3775 Et
3560 3737 3698 3775 vere

2083 3811 2248 3866 nobis
2269 3811 2390 3881 ipsa
2410 3809 2493 3863 rei
2516 3809 2868 3880 experientia
2889 3809 3299 3865 notificabitur.
3331 3810 3475 3864 Nam
3511 3809 3701 3880 repleti

2080 3915 2282 3963 sumus,
2307 3897 2363 3951 id
2395 3899 2478 3951 est
2509 3897 2862 3967 replebimur
2892 3897 3248 3950 misericordia
3277 3905 3369 3976 tua
3390 3913 3517 3968 quas
3535 3914 3696 3951 mane

2081 3985 2382 4056 continget
2410 3985 2468 4039 in
2502 3985 2828 4051 te,Christe,
2853 3984 2912 4039 id
2943 3989 3027 4039 est
3055 3984 3486 4040 resurrectionis
3510 3984 3692 4039 bene-

2083 4073 2210 4128 ficio
2244 4088 2346 4143 per
2367 4071 2819 4126 misericordiam
2842 4075 3002 4125 tuam
3020 4071 3185 4126 nobis
3207 4071 3506 4138 donando;
3532 4071 3690 4142 quod

2080 4161 2236 4234 prius
2269 4159 2325 4212 in
2356 4162 2412 4212 te
2445 4159 2743 4229 continget
2772 4159 2830 4213 in
2863 4176 3034 4213 mane
3061 4160 3241 4214 tertia:
3273 4159 3579 4223 diei.Quod
3602 4163 3689 4214 est

2082 4249 2268 4303 dicere
2305 4264 2316 4302 :
2351 4247 2545 4302 Facies
2591 4264 2696 4302 nos
2739 4246 3186 4302 misericorditer
3233 4263 3533 4318 resurgere
3591 4247 3687 4302 die

378 4339 684 4404 vindictas?
719 4337 910 4394 Pauci.
949 4337 1029 4389 Ac
1067 4333 1112 4388 si
1156 4333 1309 4388 dicat
1338 4349 1350 4386 :
1383 4331 1631 4385 Tametsi
1671 4331 1893 4402 potenti
1925 4334 1983 4386 et
2006 4353 2057 4410 D
2080 4339 2279 4390 octava
2309 4335 2452 4389 sicut
2481 4335 2638 4406 prius
2664 4351 2834 4389 mane
2865 4335 3085 4405 primus
3105 4352 3388 4406 resurges,
3403 4335 3495 4389 die
3517 4351 3688 4405 apas-

381 4427 682 4502 multiplici
703 4425 954 4480 vindicta
982 4426 1080 4477 tua
1110 4420 1331 4476 assidue
1361 4419 1692 4491 puniamur.
1714 4418 1877 4489 pauci
1897 4421 1980 4472 ta-

382 4538 518 4579 men
535 4534 602 4571 ex
613 4513 779 4569 nobis
790 4508 1110 4583 potentiam
1140 4512 1197 4563 et
1220 4506 1707 4578 multiplicitatem
1721 4506 1982 4560 vindicta:

377 4615 493 4665 tua:
525 4600 974 4664 considerantes,
1003 4597 1154 4651 illius
1184 4599 1448 4666 respectu
1485 4595 1696 4649 timent
1724 4597 1802 4661 te,
1829 4595 1983 4665 quod

379 4695 615 4772 quidem
645 4689 959 4760 oporteret.
1003 4686 1118 4739 Hoc
1163 4685 1358 4772 itaque
1383 4683 1549 4772 ponit
1578 4683 1652 4737 ad
1682 4683 1985 4737 correctio-

378 4771 515 4845 nem
542 4795 660 4836 non
684 4772 1040 4837 timentium,
1076 4774 1141 4825 ut
1169 4771 1374 4825 timere
1409 4771 1650 4825 discant.

450 4872 591 4929 Orat
620 4864 795 4920 etiam
819 4877 924 4932 pro
948 4857 1313 4920 timentibus,
1343 4856 1454 4911 sic:
1476 4856 1612 4911 Dico
1632 4857 1786 4928 quod
1815 4857 1980 4929 pauci

375 4976 571 5020 sumus
602 4953 699 5026 qui
727 4950 1015 5004 timemus.
1034 4947 1182 5017 Ergo
1203 4947 1298 5011 sic,
1330 4943 1536 4998 merito
1566 4944 1737 5014 ipsius
1759 4945 1981 5000 timoris

377 5062 552 5124 quem
585 5041 884 5104 habemus,
912 5035 1006 5105 fac
1040 5032 1206 5088 nobis
1237 5038 1418 5086 notam
1445 5031 1504 5086 in
1536 5031 1728 5086 futuro
1760 5049 1865 5102 pro
1895 5031 1979 5086 rei

375 5118 730 5208 e—xperientia
775 5123 1046 5177 dexteram
1088 5127 1258 5186 tuam,
1293 5119 1351 5174 id
1399 5122 1484 5173 est
1524 5118 1978 5173 misericordiam

371 5205 706 5279 salvationis
729 5215 861 5266 tute.
882 5208 1047 5273 Quod
1067 5211 1154 5262 est
1181 5206 1369 5260 dicere
1395 5223 1407 5259 :
1426 5205 1568 5269 Quia
1583 5205 1675 5259 hic
1703 5209 1756 5259 te
1776 5209 1886 5259 mei
1901 5206 1977 5258 ui-

373 5327 522 5374 mus,
551 5306 625 5360 da
650 5299 816 5356 nobis
846 5297 906 5352 in
935 5297 1129 5350 futuro
1168 5294 1568 5359 salvationem,
1610 5309 1714 5364 per
1752 5292 1974 5347 miseri-

369 5396 628 5456 cordiam
650 5395 830 5444 tuam.
851 5387 918 5440 Et
931 5385 1064 5456 quia
1091 5382 1257 5437 aliter
1269 5383 1341 5437 ad
1357 5382 1504 5435 hanc
1519 5381 1973 5435 misericordiam

369 5473 669 5560 pervenire
692 5493 807 5531 non
827 5489 1144 5546 possemus,
1166 5470 1260 5524 hic
1285 5468 1518 5523 interim
1547 5469 1635 5522 fac
1659 5486 1762 5523 nos
1793 5470 1970 5522 eradi-

372 5555 447 5630 tos
468 5566 642 5632 corde,
669 5563 726 5618 id
757 5563 843 5617 est
878 5559 1174 5615 intellectu
1201 5555 1390 5617 cordis
1421 5555 1666 5625 scilicet;
1702 5557 1776 5611 da
1805 5557 1971 5616 nobis

2080 4423 2240 4477 sione
2271 4421 2461 4476 tertia.
2489 4423 2553 4475 Et
2583 4421 2765 4491 repleii
2789 4422 3190 4485 exsultavimus,
3222 4422 3281 4476 id
3322 4425 3407 4476 est
3445 4423 3688 4476 exsulta-

2081 4509 2270 4564 bimus
2309 4511 2366 4564 in
2416 4509 2670 4579 corporis
2709 4509 3050 4579 splendore;
3105 4518 3155 4564 et
3189 4510 3429 4563 delectati
3473 4525 3684 4576 sumus,

2083 4597 2140 4651 id
2170 4601 2254 4652 est
2281 4597 2695 4652 delectabimur
2724 4597 2783 4649 in
2811 4597 3020 4650 anima:
3042 4596 3537 4651 benedictione.Et
3565 4613 3684 4651 non

2080 4684 2329 4750 horarie,
2367 4683 2464 4738 sed
2492 4683 2552 4737 in
2578 4685 2820 4737 omnibus
2855 4685 3035 4738 diebus
3081 4687 3272 4738 nostris
3302 4683 3552 4750 internis,
3586 4685 3686 4755 qui

2081 4773 2271 4843 plures
2301 4771 2567 4825 dicuntur
2613 4775 2850 4842 propter
2875 4772 2971 4825 diu
2998 4772 3336 4826 turnitatem
3367 4788 3498 4826 cum
3539 4788 3686 4826 unus

2081 4862 2139 4913 et
2186 4858 2490 4928 contiguus
2535 4857 2666 4912 sint.
2725 4861 2792 4912 Et
2848 4860 2995 4913 bene
3051 4859 3318 4914 dicuntur
3375 4860 3560 4924 nostri,
3625 4859 3684 4913 id

2081 4950 2166 5001 est
2185 4945 2350 5000 nobis
2373 4946 2536 4999 utiles
2549 4949 2605 5000 et
2621 4946 3173 5016 necessarii.Hepetit
3190 4950 3383 5001 autem
3403 4946 3552 5016 aequi
3565 4946 3686 5018 pol-

2080 5033 2222 5087 lenti
2245 5049 2378 5087 vuce
2398 5049 2531 5094 una,
2550 5034 2705 5103 quod
2723 5033 2884 5100 dixit,
2903 5033 3278 5089 exsultabimus
3320 5040 3369 5086 et
3407 5033 3684 5087 delectabi-

2079 5138 2220 5187 mur,
2244 5123 2307 5174 ut
2329 5120 2506 5175 addat
2527 5120 2603 5174 sic
2631 5137 2643 5174 :
2672 5120 2871 5174 [θείαίί
2893 5121 3368 5192 sumus,inquam,
3392 5121 3450 5174 id
3476 5124 3561 5174 est
3583 5122 3682 5174 la:-

2075 5207 2330 5262 tabimur
2354 5207 2414 5260 in
2447 5207 2645 5262 anima
2665 5212 2722 5261 et
2752 5208 2810 5262 in
2844 5225 3104 5280 corpore,
3139 5211 3196 5262 et
3221 5209 3328 5262 hoc
3355 5225 3458 5278 pro
3477 5207 3679 5274 diebus,

2073 5294 2134 5350 id
2161 5299 2244 5349 est
2262 5294 2320 5348 in
2345 5296 2469 5349 loco
2492 5295 2716 5349 dierum
2728 5296 3122 5366 praesentium,
3145 5296 3204 5350 in
3225 5297 3414 5368 quibus
3443 5313 3546 5349 non
3577 5296 3679 5348 liu-

2074 5383 2312 5449 miliasti,
2345 5381 2403 5435 id
2427 5385 2510 5436 est
2535 5382 2826 5438 humiliari
2847 5383 3179 5454 promisisti,
3203 5383 3261 5437 in
3296 5382 3677 5437 anxietatibus

2071 5469 2451 5542 plurimarum
2475 5470 2824 5539 passionum.
2844 5470 2987 5534 Quia
3009 5487 3140 5524 vero
3163 5473 3450 5543 posuerat,
3467 5471 3670 5537 diebus,

2072 5573 2144 5613 ne
2170 5572 2373 5629 parum
2391 5555 2531 5628 quid
2551 5555 2753 5612 dixisse
2783 5556 3088 5626 videretur,
3117 5557 3298 5614 addit.
3331 5559 3439 5612 Pro
3487 5561 3663 5628 armis,
