3998 6026
245 357 389 430 “23

1271 353 1628 424 EXPOSITIO
1665 361 1736 421 ΙΝ
1773 356 2108 420 PSALMOS.
2141 393 2210 406 -
2239 361 2434 424 PSAL.
2472 361 2560 422 XC

3417 366 3553 447 ms

247 489 470 547 scilicet
487 488 835 559 iactabimur,
853 482 914 546 in
948 483 1138 562 quibus
1160 487 1390 544 videmus
1407 484 1492 543 rei
1504 483 1856 560 experientia
1876 487 1932 546 Α
1955 483 2415 554 immorari,cum
2433 486 2577 543 adeo
2591 489 2795 559 potens
2815 485 2886 545 sit
2905 486 3059 562 quod
3073 461 3227 548 Deus
3248 493 3331 548 est
3347 492 3554 551 civium

241 581 415 647 mala,
439 564 713 652 id
741 583 826 636 est
854 581 1238 651 congruentes
1253 576 1671 632 tribulationes.
1689 574 1854 639 Quod

247 675 340 728 est
368 673 558 728 dicere
594 688 606 724 :
638 671 781 735 Quia
800 670 891 724 hic
922 686 1026 742 pro
1066 671 1182 724 Deo
1215 667 1674 739 persecutionem
1708 663 1852 735 pali-

241 777 400 828 mur,
426 761 484 816 in
515 761 705 816 futuro
736 758 1258 814 laetabimurJuxta
1277 755 1416 810 illud
1449 753 1849 809 Dominicum:

245 872 277 901 ‹‹
310 849 467 905 Beati
493 850 590 922 qui
618 865 770 903 nunc
797 848 965 914 ﬂetis,
985 848 1120 919 quia
1140 845 1398 901 ridebitis
1421 844 1578 910 (Luc.
1604 842 1844 912 v1,2l).»

322 939 488 1004 Quod
519 942 714 994 autem
746 938 1006 1010 superius
1033 934 1280 991 breviter
1331 933 1532 999 oravit,
1567 931 1661 986 ubi
1693 930 1854 999 dixit,

244 1027 480 1083 eruditos
508 1026 660 1081 corde
699 1028 755 1079 in
783 1027 1073 1096 sapientia,
1116 1023 1207 1078 hic
1251 1021 1472 1077 orando
1525 1020 1753 1092 repetit,
1795 1022 1858 1073 ut

247 1116 500 1188 amplius
530 1115 702 1181 dicat,
733 1113 810 1168 sic
841 1131 852 1168 :
885 1115 1018 1169 Dico
1037 1112 1268 1185 quodin
1290 1111 1482 1164 futuro
1509 1109 1852 1164 laetabimur.

246 1207 320 1262 Et
351 1209 413 1261 ut
443 1205 515 1259 ad
543 1205 690 1258 hanc
709 1203 967 1259 laetitiam
990 1200 1292 1274 pervenire
1309 1198 1592 1270 possimus
1615 1191 1859 1268 :Respice

247 1293 664 1351 misericordiae
695 1295 956 1365 respectu
988 1294 1043 1346 in
1071 1308 1242 1346 servos
1270 1297 1411 1357 tuos,
1444 1289 1505 1343 id
1532 1292 1615 1343 est
1645 1289 1703 1344 in
1733 1287 1859 1342 illos

248 1384 352 1457 qui
374 1383 477 1437 tibi
503 1383 778 1445 serviunt,
805 1382 946 1436 alios
967 1380 1074 1436 sibi
1098 1379 1549 1452 incorporando,
1566 1384 1615 1432 et
1631 1380 1684 1431 in
1697 1393 1858 1449 opera

251 1480 368 1539 tua,
387 1471 601 1527 scilicet
626 1471 684 1525 in
715 1487 813 1525 eos
843 1469 962 1541 qui,
992 1469 1147 1541 quod
1178 1468 1315 1523 boni
1347 1470 1500 1534 sunt,
1525 1483 1628 1538 per
1655 1482 1856 1537 opera-

250 1561 476 1617 tionem
509 1559 914 1614 misericordias
942 1561 1057 1613 tua:
1112 1561 1262 1612 sunt.
1315 1557 1458 1612 Cum
1501 1555 1638 1611 dicit
1665 1571 1856 1621 servos,

251 1649 531 1705 meritum
561 1665 765 1704 eorum
792 1647 1002 1714 innuit,
1038 1663 1170 1701 cum
1191 1662 1324 1701 vero
1346 1662 1500 1715 opera
1523 1644 1622 1699 Dei
1646 1642 1861 1698 miseri-

251 1737 514 1794 cordiam
548 1754 561 1790 :
592 1739 669 1792 Ac
692 1737 738 1791 si
767 1737 982 1792 diceret
1010 1752 1022 1790 :
1053 1737 1120 1790 Et
1147 1734 1278 1789 ideo
1309 1734 1366 1789 in
1387 1750 1484 1788 eos
1501 1735 1710 1804 respice,
1727 1731 1862 1803 quia

249 1826 358 1882 tibi
389 1826 662 1894 serviunt,
689 1825 830 1881 alios
849 1824 1207 1880 instruendo.
1240 1824 1310 1876 Et
1335 1821 1520 1876 adhuc
1550 1821 1678 1875 ideo
1707 1820 1861 1891 quod
1883 1804 1934 1864 Β

252 1915 413 1971 enim
432 1919 585 1981 sunt,
609 1914 945 1988 operatione
965 1919 1061 1969 tua
1083 1917 1234 1969 sunt.
1272 1914 1346 1969 Et
1373 1911 1547 1966 etiam
1587 1911 1756 1980 dirige
1788 1909 1860 1962 ad

255 2004 409 2059 bene
441 2003 801 2076 operandum
830 2003 986 2072 ﬁlios,
1019 2003 1078 2056 id
1110 2005 1194 2056 est
1222 2017 1491 2073 sequaces
1519 2015 1721 2054 eorum.
1757 1999 1860 2050 Ex-

255 2091 422 2164 ponit
452 2091 645 2163 itaque
678 2091 972 2163 quomodo
1009 2092 1192 2145 Deum
1237 2093 1362 2145 oret
1391 2088 1696 2160 respicere.
1726 2086 1861 2142 Dico

252 2183 465 2253 respice,
499 2185 547 2235 et
578 2182 684 2235 hoc
712 2181 886 2236 modo
915 2182 1124 2250 respice,
1154 2183 1216 2234 ut
1233 2181 1302 2233 sit
1327 2177 1568 2249 splendor
1587 2177 1862 2230 virtutum

256 2273 316 2325 et
345 2270 694 2325 innocentiae
723 2269 952 2326 Domini
973 2271 1142 2323 nostri
1165 2270 1296 2322 Jesu
1327 2267 1532 2322 Christi
1562 2284 1716 2338 super
1745 2283 1860 2332 nos,

254 2358 315 2414 id
337 2362 422 2413 est
455 2359 514 2413 in
543 2357 822 2429 superiori
852 2362 909 2413 et
940 2356 1187 2429 digniori
1218 2360 1380 2427 parte
1411 2355 1613 2422 nostri,
1647 2355 1706 2409 in
1739 2354 1862 2409 ani-

256 2463 355 2502 ma
384 2445 615 2503 scilicet.
669 2446 834 2510 Quod
869 2449 954 2501 est
999 2445 1187 2500 dicere
1220 2459 1234 2499 :
1267 2443 1390 2498 Fiat
1434 2443 1632 2498 anima
1670 2447 1866 2499 nostra

257 2537 544 2607 particeps
574 2534 895 2605 splendoris
914 2534 1056 2604 ejus,
1087 2533 1433 2604 inquantum
1463 2535 1545 2586 est
1573 2531 1860 2602 possibile.

257 2624 336 2680 Et
363 2623 538 2694 dirige
565 2639 717 2693 super
742 2638 858 2689 nos,
891 2621 948 2675 id
965 2625 1050 2676 est
1071 2621 1143 2675 ad
1170 2623 1497 2692 respectum
1525 2624 1755 2674 aeternae
1783 2619 1862 2673 vi-

257 2715 355 2781 ιω,
387 2729 514 2786 qua:
545 2716 630 2768 est
655 2729 808 2786 super
828 2728 941 2778 nos,
974 2727 1128 2780 opera
1158 2727 1417 2763 manuum
1445 2716 1768 2774 nostrarum,
1808 2709 1865 2764 id

260 2805 346 2858 est
368 2803 524 2858 bona
545 2817 724 2873 opera
755 2817 883 2873 quae
922 2799 1268 2870 contingunt
1299 2816 1367 2853 ex
1401 2797 1567 2853 bonis
1610 2797 1864 2852 affectio-

259 2891 428 2948 nibus
459 2890 688 2952 nostris,
738 2906 865 2960 qua:
896 2891 1028 2942 sunt
1067 2904 1274 2942 manus
1315 2903 1418 2957 per
1457 2903 1600 2958 quas
1641 2886 1866 2939 animus

263 2979 570 3052 cogitando
599 2981 892 3050 operatur.
927 2976 1090 3041 Quod
1118 2979 1203 3032 est
1235 2975 1425 3030 dicere
1460 2990 1473 3028 :
1507 2975 1613 3028 Fac
1643 2990 1748 3028 nos
1778 2972 1861 3028 fa-

1956 590 2358 644 supernorum.
2387 576 2541 632 Dicet
2571 580 2628 632 et
2652 576 2842 632 verbis
2871 581 2928 633 et
2954 581 3394 650 cogitationibus
3442 583 3555 638 Do-

1956 665 2120 729 mino,
2143 670 2409 734 susceptor
2433 683 2594 730 meus,
2618 669 2723 720 etc.
2757 665 2918 730 Quod
2949 671 3034 721 est
3064 668 3252 724 dicere
3285 687 3297 725 :
3327 671 3553 725 Nullum

1957 751 2132 805 alium
2147 757 2581 822 perseveranter
2592 754 2680 823 adj
2693 758 2822 808 uvat
2834 756 2982 809 Deus
2995 756 3066 810 ad
3080 757 3227 812 bene
3241 761 3528 829 agendum
3539 797 3553 825 ,

1957 857 2144 910 neque
2176 842 2427 912 protegit
2457 841 2514 896 in
2546 841 2865 910 virtutibus,
2901 860 2972 898 ne
3007 845 3252 912 deficiat,
3273 846 3379 900 nisi
3397 847 3557 900 illum

1958 927 2055 999 qui
2083 928 2282 983 omnia
2311 929 2466 983 bona
2495 947 2622 1001 quae
2650 931 2844 998 habet,
2879 948 2995 987 non
3029 933 3133 988 sibi
3167 935 3267 989 sed
3310 935 3556 992 Domino

1959 1017 2264 1083 ascribens,
2296 1017 2430 1071 dicet
2458 1018 2688 1073 Domino
2709 1036 2839 1073 cum
2866 1021 3184 1092 gratiarum
3211 1023 3434 1078 actione
3468 1040 3480 1078 :
3513 1023 3557 1079 Ο

1958 1105 2224 1172 Domine,
2258 1109 2320 1159 tu
2351 1123 2409 1160 es
2438 1115 2718 1178 susceptor,
2753 1107 2812 1162 id
2843 1112 2929 1162 est
2962 1113 3238 1182 patronus
3266 1129 3428 1179 meus,
3461 1111 3560 1184 qui

1961 1210 2056 1248 me
2087 1194 2343 1265 protegis
2368 1211 2440 1248 ne
2492 1195 2786 1265 deﬁciam;
2818 1199 2875 1250 et
2910 1197 3036 1251 talis
3073 1207 3334 1270 susceptor
3377 1201 3473 1272 qui
3499 1217 3559 1256 es

1961 1284 2230 1354 refugium
2253 1284 2511 1352 meum,id
2523 1287 2607 1338 est
2625 1285 2896 1339 securitas
2919 1301 3068 1352 mea,
3097 1287 3430 1343 utvidelicet
3443 1305 3561 1344 non

1958 1373 2199 1427 timeam
2228 1374 2326 1426 tuo
2357 1372 2603 1426 conﬁsus
2622 1373 2962 1443 patrocinio,
2982 1377 3041 1428 et
3065 1378 3127 1428 tu
3139 1392 3197 1429 es
3222 1375 3364 1431 Deus
3377 1394 3558 1446 meus,

1961 1460 2019 1514 id
2051 1464 2135 1515 est
2159 1463 2468 1527 recreator,
2503 1461 2598 1532 qui
2641 1478 2735 1515 me
2755 1477 2914 1516 creas
2937 1461 2994 1515 in
3021 1462 3175 1518 bona
3205 1465 3560 1533 operatione,

1961 1551 2174 1604 scilicet
2193 1550 2290 1622 qui
2315 1566 2407 1604 me
2424 1549 2658 1620 adjuvas
2680 1550 2751 1604 ad
2764 1548 2912 1603 bene
2931 1550 3312 1620 operandum.
3339 1553 3405 1605 Et
3427 1547 3564 1624 quia

1962 1656 2080 1694 non
2112 1638 2320 1693 sufﬁcit
2343 1639 2450 1693 hoc
2483 1638 2671 1692 dicere
2705 1637 2973 1705 Domino,
3008 1638 3114 1692 nisi
3136 1640 3311 1693 etiam
3342 1641 3566 1713 satagat

1966 1728 2035 1782 de
2066 1727 2308 1798 proximi
2341 1725 2737 1791 instructione,
2772 1726 2922 1780 dicet
2967 1726 3142 1781 etiam
3178 1728 3453 1798 proximis
3491 1728 3564 1784 ad

1964 1815 2424 1870 instructionem.
2455 1814 2692 1886 Speraba
2724 1815 2780 1867 in
2811 1831 2887 1881 eo,
2913 1813 2970 1868 id
3001 1818 3087 1868 est
3117 1831 3224 1887 ego
3255 1817 3472 1871 nullam
3504 1815 3564 1872 in

1965 1921 2059 1959 me
2090 1920 2252 1974 spem
2282 1903 2489 1970 habeo,
2535 1919 2568 1956 ο
2620 1902 2933 1969 auditores,
2969 1902 3070 1957 sed
3113 1903 3171 1957 in
3215 1903 3462 1958 Domino
3495 1920 3564 1958 eo

1964 2009 2129 2065 spero
2162 1992 2474 2062 etsperabo,
2502 1990 2560 2044 id
2581 1994 2666 2044 est
2695 2007 2861 2062 spem
2906 2006 3147 2061 ponam,
3180 1992 3266 2046 vel
3297 1993 3563 2064 sperabo,

1965 2098 2058 2136 me
2085 2080 2416 2150 relinquens
2446 2081 2503 2133 et
2537 2077 2596 2132 in
2637 2094 2772 2133 eum
2821 2079 3084 2146 tendens,
3118 2083 3179 2134 ut
3208 2079 3267 2135 in
3305 2097 3372 2135 eo
3402 2097 3566 2153 spem

1966 2186 2201 2242 ponam.
2233 2166 2532 2222 Sententia
2563 2167 2767 2222 eadem
2804 2170 2908 2235 est,
2957 2184 3087 2222 cum
3128 2168 3370 2242 dicimus
3402 2171 3458 2223 in
3485 2187 3566 2238 eo,

1967 2241 2023 2314 et
2053 2262 2107 2313 in
2138 2276 2276 2312 eum.
2312 2256 2446 2312 Dico
2480 2257 2633 2328 quod
2661 2259 2715 2309 in
2744 2274 2800 2311 eo
2824 2257 3040 2328 sperabo
3070 2275 3086 2310 :
3359 2258 3564 2326 ethoc,

1969 2346 2180 2402 scilicet
2210 2347 2476 2418 sperabo.
2528 2344 2793 2412 Quoniam
2824 2348 2930 2416 ipse
2983 2345 3079 2416 qui
3127 2350 3331 2417 potens
3361 2349 3447 2402 est
3494 2345 3567 2400 ad

1967 2453 2061 2492 me
2110 2433 2497 2501 liberandum,
2543 2434 2782 2487 liberabit
2813 2450 2894 2488 me
2921 2433 2984 2487 de
3014 2433 3198 2504 laqueo
3237 2436 3564 2501 venantium,

1969 2542 2040 2580 ne
2068 2524 2124 2577 in
2152 2540 2218 2578 eo
2251 2522 2465 2594 capiar.
2495 2522 2809 2575 Venatores
2838 2538 2942 2592 per
2973 2521 3411 2576 similitudinem
3444 2538 3567 2576 ma-

1967 2613 2152 2684 lignos
2178 2611 2409 2682 spiritus
2440 2613 2638 2664 vocat:
2676 2609 2812 2680 quia
2837 2609 2982 2664 sicut
3030 2609 3164 2664 feris
3209 2609 3451 2664 incautis
3479 2626 3571 2664 ve-

1965 2703 2196 2756 natores
2217 2701 2452 2771 laqueos
2472 2699 2738 2764 tendunt,
2763 2697 2985 2768 quibus,
3014 2714 3108 2752 eas
3139 2697 3460 2769 decipiunt;
3490 2696 3571 2752 ita

1967 2788 2074 2859 ipsi
2103 2787 2366 2842 ﬁdelibus
2395 2788 2654 2858 laqueos,
2690 2786 2893 2857 quibus
2939 2802 3036 2840 eos
3079 2785 3393 2856 illaqueent
3426 2802 3570 2859 prie-

1967 2879 2192 2947 parant.
2223 2875 2482 2946 Laqueus
2509 2873 2684 2945 igitur
2713 2889 2918 2927 eorum
2950 2875 3034 2928 est
3060 2889 3265 2928 aurum
3286 2876 3344 2928 et
3361 2890 3567 2944 argen-

1970 2968 2115 3030 tum,
2153 2966 2285 3030 etc.,
2315 2980 2442 3034 quin
2495 2964 2736 3034 possunt
2765 2977 2886 3016 esse
2914 2961 3158 3015 materia
3187 2962 3479 3032 peccandi,
3513 2964 3571 3016 et

263 3085 392 3124 cere
422 3084 599 3139 opera
625 3049 781 3122 bona
811 3068 1071 3136 respectu
1114 3065 1402 3118 bonorum
1452 3077 1856 3134 supernorum,
1880 3073 1927 3136 α
1973 3053 2206 3124 insuper
2230 3052 2384 3106 vitia.
2433 3051 2512 3104 Et
2558 3049 2825 3104 liberabit
2874 3066 2967 3103 me
3009 3068 3041 3103 a
3072 3051 3224 3104 verbo
3264 3066 3463 3121 aspero,
3498 3067 3570 3105 ne

263 3175 382 3213 non
409 3160 670 3229 respectu
698 3153 906 3211 favoris
934 3152 1262 3208 hominum.
1297 3153 1364 3206 Et
1391 3151 1559 3220 dirige
1586 3151 1645 3204 in
1665 3165 1858 3222 perse-

263 3245 582 3301 verantiam
593 3244 670 3312 ,id
685 3247 770 3298 est
781 3257 1144 3316 perseverare
1158 3241 1244 3296 fac
1261 3258 1388 3311 opus
1400 3257 1657 3294 manuum
1670 3243 1871 3295 nostra-

266 3351 412 3399 rum,
433 3334 491 3388 id
515 3335 599 3388 est
620 3333 774 3387 bona
796 3348 971 3403 Opera
987 3329 1361 3385 afi‘ectionum
1386 3332 1870 3398 nostrarum,quaa

266 3421 634 3494 singulariter
659 3438 801 3493 opus
832 3420 1100 3475 dicuntur
1129 3436 1196 3474 eo
1224 3418 1400 3489 quod,
1433 3434 1564 3471 cum
1595 3415 1872 3471 charitate

267 3511 439 3577 facta,
474 3527 589 3566 non
620 3509 904 3565 discordia
933 3510 1085 3572 sunt,
1117 3507 1216 3560 sed
1244 3524 1358 3560 una
1389 3522 1593 3559 massa.

791 3598 858 3651 ΙΝ
893 3595 1214 3651 PSALMUM
1244 3594 1349 3648 XC.

340 3687 554 3743 Titulus
583 3683 965 3756 nonagesimi.
990 3684 1132 3737 Laus
1161 3683 1354 3738 cantici
1385 3680 1585 3733 David.
1615 3679 1781 3742 Quod
1799 3678 1875 3732 sic

275 3778 610 3849 exponitur:
643 3775 894 3830 Psalmus
926 3773 1031 3828 iste
1061 3775 1146 3826 est
1170 3771 1304 3836 laus,
1339 3769 1396 3823 id
1433 3770 1518 3823 est
1549 3767 1620 3821 ad
1647 3765 1876 3820 laudem

276 3865 376 3922 Dei
403 3864 778 3936 compositus;
812 3864 871 3916 et
901 3863 986 3916 est
1017 3861 1132 3915 laus
1168 3859 1385 3924 cantici,
1418 3856 1476 3911 id
1529 3859 1614 3909 est
1639 3856 1760 3909 laus
1785 3854 1876 3924 jo-

277 3955 604 4020 cunditatis,
639 3953 697 4008 id
729 3953 814 4007 est
844 3949 1237 4021 lausjocunda
1260 3965 1271 4002 :
1293 3951 1350 4001 et
1379 3949 1464 4001 est
1492 3947 1615 3999 laus
1639 3944 1744 3997 ista
1768 3941 1881 3995 Da-

276 4045 385 4112 vid,
433 4043 492 4097 id
547 4044 631 4096 est
669 4041 944 4110 cujusque
987 4037 1190 4098 ﬁdelis,
1233 4035 1329 4107 qui
1363 4035 1420 4089 in
1452 4033 1563 4087 hoc
1592 4033 1814 4103 psalmo
1847 4045 1881 4082 a

1972 3141 2114 3197 mihi
2143 3142 2470 3214 praevaleat,
2503 3139 2562 3194 id
2592 3141 2678 3193 est
2706 3139 2777 3193 ab
2808 3139 3028 3192 occulta
3054 3138 3421 3209 suggestione
3442 3155 3571 3211 quae

1969 3230 2209 3284 verbum
2236 3245 2505 3301 asperum
2543 3227 2770 3294 dicitur,
2803 3242 2870 3281 eo
2922 3226 3077 3297 quod
3120 3226 3401 3298 inquietat
3445 3225 3570 3281 ani-

1973 3335 2158 3385 mum,
2180 3335 2214 3372 a
2242 3315 2618 3371 similitudine
2633 3314 2819 3387 asperi
2843 3313 3024 3382 verbi,
3051 3314 3137 3368 vel
3167 3333 3198 3368 a
3218 3315 3371 3369 verbo
3393 3331 3573 3386 aspero

1972 3407 2378 3462 haereticorum
2411 3408 2469 3459 et
2498 3402 2929 3469 inﬁdelium,ne
2955 3407 3059 3476 pro
3090 3419 3293 3458 eorum
3313 3401 3576 3458 conviciis

1975 3493 2325 3565 asperrimis,
2360 3510 2393 3546 a
2438 3495 2592 3546 recto
2630 3491 2922 3563 proposito
2951 3490 3085 3545 ﬁdei
3111 3508 3258 3546 meae
3291 3490 3573 3545 deﬁciam.

1976 3583 2111 3638 Dico
2135 3581 2292 3652 quod
2310 3580 2728 3635 dicetDomino:
2752 3579 3036 3649 Susceptor
3061 3596 3224 3646 meus,
3245 3581 3378 3646 etc.,
3403 3581 3462 3632 et
3491 3578 3575 3634 di-

1977 3673 2068 3724 cet
2088 3667 2365 3742 proximis
2391 3684 2404 3722 :
2426 3667 2663 3737 Sperabo
2683 3667 2746 3720 in
2765 3682 2858 3732 eo,
2881 3669 3013 3732 etc.,
3036 3667 3093 3718 et
3113 3666 3234 3719 hinc
3255 3665 3428 3720 etiam
3451 3683 3578 3738 quae

1977 3760 2313 3829 sequuntur,
2347 3755 2497 3808 dicet
2527 3753 2634 3808 sibi
2676 3753 2781 3824 ipsi
2831 3749 2904 3806 ad
2944 3752 3373 3818 exaltationem,
3405 3756 3463 3806 et
3506 3752 3580 3806 ad

1979 3844 2270 3916 agendum
2294 3844 2407 3896 Deo
2423 3839 2737 3912 gratiarum
2755 3839 3063 3893 actionem.
3089 3839 3132 3894 Ο
3149 3843 3207 3892 tu
3222 3838 3416 3894 anima
3429 3856 3578 3905 mea,

1979 3948 2141 4005 spem
2164 3932 2395 3985 ﬁrmam
2411 3929 2558 3983 habe
2589 3927 2647 3981 in
2667 3928 2934 3982 Domino.
2961 3928 3104 3982 Nam
3125 3926 3359 3996 tibijam
3381 3927 3582 3981 delatas

1981 4022 2055 4076 ad
2085 4021 2276 4075 caulas
2305 4017 2463 4084 ﬁdei,
2493 4017 2722 4088 scapulis
2749 4019 2880 4084 suis,
2910 4017 2969 4071 id
3000 4019 3084 4071 est
3113 4033 3216 4088 per
3263 4016 3584 4071 doctrinam

279 4103 570 4204 Propheta
593 4103 904 4184 indu-citur.
937 4126 1228 4196 Propheta
1249 4103 1410 4177 enim
1431 4121 1490 4175 in
1513 4119 1700 4191 primo
1719 4133 1882 4172 versu
1982 4108 2447 4204 praedicatorum,
2483 4104 2580 4176 qui
2613 4104 2712 4159 Dei
2743 4103 3320 4204 spapulceudicuntur,’
3337 4120 3404 4159 eo
3431 4103 3585 4175 quod

281 4191 507 4292 psal‘mi,
537 4220 595 4274 in
629 4233 877 4291 persona
908 4231 1009 4269 sua
1043 4191 1240 4286 agens,
1287 4210 1589 4266 ostendere
1638 4205 1884 4261 intendit
1985 4213 2188 4252 eorum
2208 4194 2470 4250 doctrina
2491 4209 2622 4248 oves
2640 4191 3141 4264 perditas,scilicet
3162 4192 3587 4248 bominesDeus

282 4282 407 4382 quis
439 4282 511 4364 sit
537 4282 812 4363 dicendus
843 4321 962 4360 esse
992 4282 1259 4357 habitans
1299 4301 1354 4353 in
1399 4297 1672 4368 adjutorio
1717 4294 1885 4350 Altis-
1910 4319 1961 4378 D
1988 4286 2060 4341 ad
2080 4285 2213 4382 ﬁdei
2238 4284 2410 4350 viam,
2437 4283 2580 4382 etad
2606 4282 2854 4382 paladisi
2885 4283 3031 4382 ovile
3056 4284 3336 4353 reportat,
3359 4298 3471 4353 quo
3486 4297 3589 4382 per

283 4368 426 4463 simi,
446 4403 496 4450 et
518 4398 574 4450 in
588 4395 913 4466 proiectione
941 4390 1048 4444 Dei
1078 4388 1208 4442 caeli.
1235 4387 1418 4450 Quem
1463 4383 1886 4440 inbabitantem
1911 4368 1954 4378 ”
1988 4391 2047 4430 se
2069 4373 2257 4428 redire
2280 4374 2575 4444 nequeunt
2599 4388 2610 4425 :
2637 4371 2781 4425 sicut
2800 4373 2996 4443 pastor
3017 4387 3183 4426 ovem
3213 4387 3385 4441 quam
3402 4368 3592 4442 perdi-

281 4502 386 4558 per
415 4457 666 4556 reliquos
695 4497 887 4536 versus
917 4477 1122 4551 psalmi
1151 4473 1370 4530 inducit
1403 4476 1700 4544 agentem,
1736 4473 1794 4524 et
1815 4469 1888 4523 ad
1991 4464 2155 4518 derat
2185 4462 2500 4527 inventam,
2525 4477 2652 4531 quin
2675 4476 2793 4532 prae
2807 4459 2892 4513 sui
2922 4457 3218 4514 debilitate
3248 4457 3330 4511 ire
3359 4474 3476 4513 non
3495 4473 3594 4530 po-

282 4545 516 4630 laudem
538 4545 648 4627 Dei
673 4545 951 4625 beneﬁcia
976 4583 1010 4620 a
1035 4568 1149 4620 Deo
1179 4562 1474 4628 donanda,
1505 4577 1622 4614 non
1653 4557 1759 4614 sibi
1790 4557 1890 4611 sed
1991 4555 2125 4614 test,
2154 4551 2227 4604 ad
2256 4551 2445 4604 caulas
2464 4549 2624 4602 ovilis
2647 4547 2753 4620 piis
2769 4546 3025 4600 humeris
3046 4549 3310 4618 reportat
3327 4545 3480 4612 (Luc.
3504 4563 3592 4614 xv,

285 4662 534 4720 Domino
568 4658 984 4724 ascribentem;
1013 4657 1070 4708 et
1100 4655 1276 4707 etiam
1323 4650 1446 4722 ipsa
1488 4645 1772 4704 beneﬁcia
1820 4644 1892 4699 ad

286 4750 747 4810 exhortationem
777 4763 940 4802 suam
966 4745 1360 4798 enarrantem.
1385 4741 1451 4795 Et
1473 4755 1576 4812 per
1599 4738 1709 4792 hoc
1755 4733 1894 4790 alios

286 4840 537 4908 instruit,
569 4835 850 4911 quidquid
880 4833 1019 4890 boni
1048 4833 1266 4888 habent
1286 4830 1343 4884 in
1358 4827 1669 4885 Dominum
1695 4823 1892 4878 refun-

289 4931 546 4987 dendum
577 4944 718 4995 esse,
752 4929 816 4982 ut
864 4927 922 4980 et
976 4921 1182 4979 eadem
1236 4918 1342 4990 ipsi
1393 4915 1674 4973 beneﬁcia
1701 4927 1896 4967 conse-

289 5023 562 5093 quantur.

362 5108 469 5175 Qui
501 5106 705 5160 habitat
751 5103 804 5158 in
842 5101 1108 5173 adjutorio
1132 5096 1422 5160 Altissimi,
1455 5093 1513 5147 id
1542 5094 1626 5146 est
1674 5089 1768 5144 ille
1799 5086 1896 5160 qui

294 5213 411 5252 non
441 5198 526 5250 est
543 5191 825 5259 horarius,
852 5189 952 5244 sed
978 5187 1264 5252 habitans,
1289 5183 1348 5237 id
1365 5185 1448 5236 est
1463 5180 1714 5251 perfecte
1735 5193 1894 5231 com-

293 5300 529 5341 morans
557 5284 612 5336 in
633 5281 900 5352 adjutorio
924 5277 1024 5332 Dei
1043 5293 1059 5340 ;
1078 5275 1139 5328 in
1167 5273 1327 5342 cujus
1357 5267 1643 5339 adjutorio
1676 5267 1896 5318 bonum

295 5377 380 5430 est
412 5351 734 5438 immorari,
765 5384 894 5423 cum
919 5367 1039 5438 ipse
1059 5362 1129 5418 sit
1157 5358 1498 5424 Altissimus,
1522 5355 1581 5410 id
1601 5357 1684 5409 est
1699 5351 1895 5408 Omni-

294 5463 530 5536 potens;
564 5462 622 5514 et
647 5459 740 5514 ille
772 5456 867 5530 qui
898 5450 1288 5514 immorabitur,
1319 5445 1376 5501 id
1403 5447 1487 5500 est
1526 5457 1896 5516 perseveran-

296 5529 385 5604 ter
407 5546 689 5603 habitabit
709 5547 766 5598 in
785 5529 1108 5616 protectione
1138 5536 1238 5591 Dei
1267 5533 1396 5601 cali,
1435 5532 1494 5586 id
1525 5533 1611 5584 est
1655 5529 1755 5584 Dei
1787 5544 1897 5584 cm-

1994 4643 2068 4711 5),
2083 4637 2437 4702 obumbrabit,
2462 4635 2520 4689 id
2541 4638 2624 4689 est
2643 4634 3148 4689 obumbrationem
3176 4634 3461 4706 refrigerii
3479 4651 3595 4690 sua:

1995 4723 2370 4800 protectionis
2410 4723 2588 4777 dabit.
2624 4722 2788 4786 Quod
2829 4726 2914 4777 est
2945 4722 3135 4778 dicere
3171 4740 3183 4779 :
3216 4722 3600 4795 Refrigerabit

1993 4818 2050 4869 te
2072 4811 2429 4885 protectione
2446 4826 2548 4864 sua
2569 4810 2640 4865 ab
2663 4810 2963 4866 incentivis
2991 4811 3280 4876 vitiorum,
3310 4827 3382 4865 ne
3414 4809 3595 4865 nimio

1997 4905 2138 4958 azstu
2155 4915 2358 4954 eorum
2374 4898 2802 4964 deﬁcias.Quod
2817 4899 3228 4972 praesignatum
3241 4901 3326 4952 est
3337 4896 3599 4970 perﬁlios

1997 4989 2189 5056 Israel,
2212 4986 2306 5059 qui
2323 5002 2428 5056 per
2445 4986 2737 5042 desertum
2755 4988 3111 5052 incedentes,
3127 4986 3277 5040 nube
3291 4984 3601 5040 obumbra-

1996 5080 2207 5134 bantur
2223 5090 2296 5129 ne
2311 5074 2383 5128 ab
2407 5077 2547 5128 zestu
2563 5075 2744 5130 nimio
2765 5075 3133 5130 lmderentur.
3149 5073 3216 5125 Et
3232 5076 3316 5126 est
3333 5071 3549 5125 dictum
3563 5089 3598 5127 a

1995 5163 2368 5223 similitudine
2382 5163 2600 5217 strenui
2618 5162 2894 5232 ducis,qui
2913 5160 3186 5215 militibus
3204 5159 3314 5214 suis
3329 5159 3597 5230 praelian-

1999 5256 2146 5310 tibus
2158 5252 2426 5307 umbram
2450 5251 2732 5323 providet,
2751 5267 2822 5305 ne
2834 5251 3071 5322 propter
3087 5250 3289 5306 aestum
3304 5247 3594 5304 deﬁciant.

2068 5343 2204 5400 Dico
2228 5339 2383 5414 quod
2402 5338 3023 5394 tibiobumbrationem
3039 5337 3209 5392 faciet
3238 5339 3295 5389 et
3325 5338 3385 5389 tu
3410 5335 3597 5406 posita

1997 5434 2092 5491 sub
2121 5435 2313 5506 pennis
2337 5433 2470 5504 ejus,
2510 5427 2569 5482 id
2622 5430 2706 5481 est
2736 5427 2838 5481 sub
2885 5424 3184 5496 refrigerio
3227 5424 3596 5495 protectionis

2001 5525 2123 5596 ejus
2149 5522 2400 5594 sperabis.
2438 5521 2649 5574 Pennae
2681 5532 2782 5589 per
2810 5513 3246 5569 similitudinem
3264 5527 3366 5582 pro
3398 5518 3590 5584 prote-

298 5636 530 5694 lestium
553 5599 887 5708 spirituu‘m;
927 5629 985 5686 in
1017 5627 1177 5700 cujus
1208 5599 1565 5697 protectionc
1593 5620 1784 5674 tutum
1817 5619 1904 5673 est
2002 5612 2192 5668 ctione
2205 5610 2602 5682 ponuntur,eo
2615 5603 2770 5677 quod
2784 5599 3221 5674 voluerispullos
3237 5614 3366 5655 suos
3386 5601 3592 5672 pennis
