4008 6040
436 286 570 348 1127
1044 275 1103 337 S.
1141 272 1487 334 BRUNONIS
1527 265 2159 332 CARTHUSIANORUM
2195 267 2666 330 INSTITUTORIS
2705 265 2862 328 OPP.
2899 265 3079 326 PARS
3115 265 3140 326 Ι
3607 265 3762 331 H28

435 427 469 468 a
493 405 792 483 rapacibus
813 401 1008 461 avibus
1036 397 1310 475 protegit,
1337 399 1394 454 et
1417 396 1488 452 ab
1531 397 1671 453 aestu
1701 393 2025 483 refrigerat.
2055 390 2112 455 Α
2135 393 2376 483 tristuis,
2401 390 2535 483 quia
2558 390 2722 483 ponit
2754 389 2986 483 dextris,
3010 387 3169 483 unde
3219 388 3361 448 solet
3390 390 3765 483 prosperitas

434 479 579 559 Dico
599 496 754 571 quod
789 491 1035 568 sperabis,
1066 491 1122 546 et
1153 504 1282 546 ecce
1314 486 1453 559 quid
1486 483 1903 557 sperabiszlloc
1934 479 2034 536 sci-
2133 480 2444 571 designari,
2479 481 2736 571 innuitur
2759 480 2914 553 quod
2937 479 3533 571 debeamussupplere
3558 482 3769 538 alate-

433 591 567 648 licet
594 569 820 660 sperabis
839 581 992 657 quod
1023 584 1166 634 scuto
1187 574 1557 636 circumdabit,
1585 573 1644 627 id
1681 576 1763 626 est
1790 571 2032 626 circum-
2133 586 2195 624 rc
2215 570 2582 626 sinistro.Per
2594 569 2883 624 sinistram
2906 569 3063 624 enim
3085 569 3395 625 adversitas
3412 570 3766 643 frequenter

423 658 660 751 quaque
693 671 917 728 muniet
945 677 990 723 te
1021 668 1239 732 veritas,
1269 664 1326 718 id
1356 666 1439 716 est
1465 678 1598 716 vera
1623 661 1763 751 fides
1793 661 1925 731 ejus.
1957 661 2035 716 Ac
2136 659 2427 751 accipitur.
2448 659 2781 751 Notandum
2803 662 2996 751 autem
3015 658 3174 731 quod
3202 659 3483 751 adcxtris,
3525 660 3584 751 id
3603 663 3697 716 est
3725 676 3762 716 a

433 746 476 821 si
506 746 656 820 dicat
686 779 699 817 :
735 762 876 816 Cum
933 754 1188 812 haeretici
1237 751 1496 808 nitentur
1538 753 1592 804 te
1649 749 1722 803 ad
1777 763 2036 802 errorem
2135 746 2890 822 prosperitate,dicitvenire
2909 747 3109 802 decem
3136 747 3319 803 millia
3335 748 3758 816 tentationum,

433 872 600 910 suum
615 852 846 908 ﬂectere
868 847 980 902 suis
1000 843 1155 900 falsis
1188 839 1807 914 argumentationibus,
1832 837 2039 892 veritas
2139 837 2239 909 qui
2268 853 2543 892 numerus
2571 836 2807 908 quidem
2830 836 3020 906 major
3036 839 3122 890 est
3139 853 3313 907 quam
3344 837 3504 891 mille
3525 837 3760 909 simpli-

434 942 702 1014 fideizejus
723 935 1033 994 immobilis
1074 932 1320 986 existens
1365 929 1422 983 in
1450 930 1526 994 te,
1571 925 2036 988 circummuniet,
2140 926 2302 992 citer,
2325 942 2392 980 eo
2417 925 2573 998 quod
2613 924 2849 980 uberior
2876 923 3272 980 tentationum
3305 925 3474 997 copia
3502 924 3563 980 in
3586 942 3755 998 pros.

432 1032 492 1089 id
524 1012 624 1086 est,
658 1031 858 1084 contra
897 1039 1099 1079 omnes
1129 1021 1376 1074 haereses
1427 1016 1650 1072 muniet
1681 1019 1737 1069 te
1768 1018 1947 1081 scuto,
1980 1013 2039 1068 id
2140 1013 2657 1087 pcritate.quamin
2671 1012 3374 1076 adversitatesuboriatur.
3395 1013 3761 1071 Litteravero

436 1123 521 1175 est
552 1117 906 1191 protectione
940 1107 1413 1180 invincibili,qua2
1447 1105 1554 1159 erit
1579 1105 1681 1159 tibi
1703 1108 1762 1158 ut
1790 1106 2034 1170 scutum,

438 1210 496 1266 id
513 1213 596 1264 est
621 1204 887 1276 rejiciens
911 1201 1015 1258 tibi
1034 1199 1232 1256 omnia
1264 1200 1380 1252 tela
1405 1211 1711 1268 pravarum
1739 1192 2040 1265 cogitatio-

439 1314 599 1367 num,
617 1311 743 1368 quae
761 1309 794 1346 a
808 1291 1034 1348 diabolo
1051 1285 1538 1342 immittuntur.Et
1551 1283 1684 1355 quia
1695 1281 2039 1335 circumdabit

438 1397 485 1441 te
503 1386 692 1440 veritas
718 1382 972 1452 ejus,non
997 1376 1218 1440 timebis,
1236 1375 1293 1429 id
1311 1375 1528 1428 estnon
1562 1369 1850 1442 oportebit
1879 1373 1934 1423 te
1967 1368 2039 1423 ti-

437 1489 664 1530 morem
679 1470 892 1524 habere
903 1467 998 1538 qui
1022 1464 1323 1533 contingat
1340 1481 1370 1515 a
1392 1466 1653 1516 nocturno
1673 1457 1946 1524 timore,id
1959 1461 2042 1512 est

436 1581 469 1619 a
487 1560 686 1618 fraude
701 1555 1264 1623 bereticorum,quae
1284 1550 1457 1604 timor
1471 1547 1676 1602 dicitur
1693 1563 1782 1601 em
1792 1547 2039 1617 phatice,

2138 1104 2216 1159 sic
2247 1103 2558 1176 adaptatur
2589 1119 2601 1158 :
2638 1103 2752 1157 Hoc
2775 1101 2951 1156 etiam
2972 1101 3220 1174 sperabis,
3251 1105 3313 1156 tu
3345 1119 3378 1157 o
3412 1105 3630 1171 anima,
3654 1118 3764 1174 per

2137 1190 2504 1247 securitatem
2528 1189 2729 1245 divinae
2751 1188 3146 1262 protectionis,
3174 1190 3328 1262 quod
3361 1190 3521 1246 mille
3559 1191 3764 1247 hostes

2140 1279 2467 1345 interiores,
2503 1278 2868 1334 suborientes
2896 1296 2929 1332 a
2961 1278 3122 1334 latere
3156 1286 3245 1333 tuo
3286 1277 3546 1346 sinistro,
3577 1280 3639 1336 id
3674 1281 3766 1335 est

2140 1369 2298 1424 mille
2322 1369 2558 1423 occultae
2575 1367 2927 1423 tentationes
2945 1367 3351 1439 contingentes
3369 1368 3442 1424 ab
3463 1368 3768 1423 diversita-

2142 1461 2197 1512 te
2225 1460 2322 1511 tua
2351 1457 2559 1524 cadent,
2602 1456 2659 1511 id
2703 1459 2786 1510 est
2821 1455 3200 1511 devincentur
3244 1457 3505 1512 oratione
3536 1460 3659 1512 tua.
3697 1457 3768 1512 Et

2142 1544 2276 1616 quia
2297 1544 2459 1598 multi
2474 1545 2667 1598 hostes
2681 1546 2882 1614 postea
2901 1543 3232 1616 cadent,qui
3249 1543 3408 1616 prius
3431 1544 3765 1616 aliquantu-

435 1668 502 1706 eo
532 1647 685 1722 quod
707 1645 980 1701 timorem
1009 1640 1234 1706 incutit,
1270 1642 1326 1693 et
1370 1639 1743 1702 nocturnum,
1777 1650 1845 1688 eo
1886 1633 2042 1705 quod
2065 1705 2114 1722 ἢ
2143 1633 2262 1686 lum
2313 1633 2739 1722 praevaluerunt
2774 1631 2977 1687 addit:
3011 1632 3146 1686 Dico
3177 1632 3384 1700 cadent,
3419 1636 3481 1722 et
3519 1649 3642 1722 non
3673 1634 3765 1687 ut-

437 1705 676 1795 obscura
698 1738 800 1790 est.
833 1734 879 1785 Α
906 1728 1277 1785 similitudine
1298 1727 1502 1790 noctis,
1523 1728 1580 1778 et
1601 1725 1785 1778 latens
1807 1726 1864 1776 et
1884 1722 2044 1778 deee-
2064 1705 2116 1765 Β
2144 1737 2368 1792 cunque
2393 1720 2602 1784 cadent,
2618 1720 2690 1773 ad
2707 1726 2755 1774 te
2769 1727 2948 1775 autem
2965 1737 3070 1775 non
3095 1720 3559 1793 approPinquabit,
3586 1719 3646 1774 id
3674 1721 3765 1774 est

435 1826 644 1900 ptoria,
672 1839 803 1878 cum
824 1820 1091 1894 quaedam
1111 1833 1246 1870 vera
1270 1813 1384 1869 suis
1405 1812 1560 1868 falsis
1583 1810 2040 1882 argumentatio-

437 1899 604 1971 nibus
625 1909 1073 1973 admisceant,ut
1101 1904 1265 1959 citius
1286 1903 1509 1957 fallant.
1533 1900 1696 1965 Quod
1711 1903 1796 1953 est
1812 1899 2002 1952 dicere
2024 1915 2036 1954 :

435 2005 559 2058 Non
579 1997 867 2074 oportebit
884 2000 939 2051 te
961 1995 1233 2048 timorem
1256 1992 1606 2052 habere,uta
1622 1987 1824 2043 latenti
1839 1987 2042 2042 fraude

435 2089 843 2147 hereticorum
870 2081 1192 2155 decipiaris.
1228 2081 1296 2134 Et
1325 2097 1430 2134 non
1460 2078 1715 2133 timebisa
1741 2079 1934 2146 sagitta
1956 2092 2042 2129 υο-

439 2181 578 2235 lante
606 2179 666 2233 in
695 2177 797 2242 die,
827 2174 884 2229 id
915 2176 1000 2229 est
1031 2172 1100 2226 ab
1137 2170 1343 2225 eadem
1373 2167 1577 2222 fraude
1607 2163 2039 2229 haereticorum,

438 2283 565 2340 qua:
595 2268 748 2321 recte
779 2259 1306 2334 sagittadicitur,eo
1333 2255 1488 2328 quod
1518 2255 1768 2308 latenter
1784 2253 2046 2340 vulneret

438 2339 513 2412 ad
533 2355 774 2410 modum
795 2351 1039 2422 sagitta},
1065 2351 1123 2403 et
1146 2364 1272 2419 qua:
1298 2345 1452 2399 volat
1482 2346 1536 2397 in
1561 2343 1665 2409 die,
1686 2341 1742 2395 id
1760 2344 1845 2396 est
1869 2339 2040 2394 subli-

437 2443 689 2498 mabitur
701 2441 759 2494 in
773 2436 1052 2509 sapientia
1067 2437 1479 2503 humana,qua3
1494 2431 1720 2485 videtur
1735 2428 1938 2493 dies,id
1959 2429 2044 2482 est

437 2533 591 2587 clara
621 2533 678 2583 et
706 2525 1024 2599 splendida,
1044 2523 1114 2577 ad
1148 2521 1389 2576 modum
1421 2519 1554 2574 diei.
1589 2519 1655 2572 Et
1674 2518 1808 2589 quia
1825 2516 2045 2571 dixerat

439 2638 568 2677 eam
601 2619 793 2673 volare
823 2618 879 2669 in
905 2614 1008 2680 die,
1045 2611 1180 2684 quia
1209 2611 1330 2665 dies
1359 2609 1420 2662 in
1451 2607 1606 2662 bona
1621 2605 2042 2678 significatione

437 2707 615 2780 accipi
641 2707 804 2771 solet,
838 2701 996 2758 addit
1025 2717 1038 2755 :
1071 2707 1120 2754 et
1150 2716 1253 2752 non
1280 2696 1488 2751 timebis
1519 2711 1553 2750 α
1581 2697 1788 2764 negotio
1825 2711 2041 2764 pera-m-

442 2798 654 2851 bulantc
679 2796 733 2848 in
755 2791 996 2855 tenebris,
1016 2788 1072 2843 id
1089 2789 1172 2842 est
1194 2788 1266 2840 ab
1294 2785 1496 2840 eadem
1519 2783 1722 2838 fraude
1744 2781 2043 2836 haeretico-

438 2902 591 2950 rum,
623 2898 749 2954 quas
778 2882 934 2936 recte
963 2877 1166 2932 dicitur
1191 2873 1512 2945 negotium.
1543 2871 1850 2942 Negotium
1882 2866 2040 2923 enim

2141 1809 2240 1863 sed
2263 1809 2339 1862 sic
2356 1809 2726 1880 cadcnt,quod
2743 1809 2900 1863 nulla
2917 1809 3146 1864 illarum
3160 1809 3316 1864 mille
3335 1807 3762 1881 cogitationum

2143 1897 2585 1970 appropinquabit
2615 1897 2684 1951 ad
2716 1904 2784 1964 te,
2816 1897 3033 1952 scilicet
3058 1898 3114 1953 in
3147 1914 3514 1965 consensum,
3548 1900 3609 1952 ut
3651 1897 3755 1952 ali-

2143 2002 2255 2056 quo
2289 1986 2463 2041 modo
2495 1985 2597 2042 tibi
2622 1987 2951 2056 praevaleat.
2992 1986 3372 2042 Verumtamen
3399 1989 3646 2059 quamvis
3676 1986 3753 2041 ad

2142 2078 2198 2129 te
2217 2075 2369 2128 nulla
2385 2074 2455 2128 sit
2477 2074 3031 2148 appropinquatura,
3061 2075 3223 2130 oculis
3244 2078 3348 2130 tuis
3374 2075 3758 2132 interioribus

2143 2163 2515 2231 considerabis,
2550 2163 2730 2218 oculis
2757 2163 2972 2218 scilicet
3014 2164 3252 2219 rationis
3301 2165 3532 2220 subtilia
3563 2164 3757 2220 consi-

2144 2251 2418 2306 derantis.
2447 2253 2525 2306 Ac
2556 2251 2601 2306 si
2630 2252 2782 2306 dicat
2812 2270 2830 2308 :
2857 2253 2972 2307 Hoc
3002 2253 3157 2324 quod
3182 2253 3328 2308 solet
3373 2253 3576 2325 aliquis
3605 2253 3670 2308 in
3701 2269 3763 2308 se

2143 2356 2260 2394 non
2289 2339 2554 2411 experiri,
2589 2357 2706 2396 non
2735 2341 2879 2395 adeo
2927 2341 3073 2396 solet
3114 2357 3460 2412 cognoscere
3488 2341 3629 2414 quid
3662 2341 3758 2408 sit,

2144 2445 2316 2499 quam
2341 2445 2471 2482 cum
2493 2429 2537 2482 si
2559 2428 2616 2482 in
2635 2445 2702 2484 eo
2716 2433 2882 2484 esset.
2903 2431 3315 2485 Verumtamen
3339 2430 3600 2502 quamvis
3615 2430 3681 2485 in
3703 2433 3762 2486 te

2145 2533 2262 2570 non
2290 2517 2403 2571 sint
2433 2521 2671 2588 peccata
2700 2517 3442 2584 tentationum,secundum
3464 2519 3758 2590 operatio-

2145 2623 2280 2660 nem
2312 2609 2410 2661 aut
2438 2623 2806 2673 consensum,
2829 2605 2970 2660 scies
2999 2607 3197 2661 tamen
3217 2622 3284 2661 ex
3304 2605 3546 2661 rationis
3569 2605 3759 2661 consi-

2145 2694 2913 2768 derationejudicare,quam
2926 2695 3144 2750 foedum
3167 2711 3233 2750 ac
3257 2694 3363 2749 vile
3385 2694 3602 2766 aliquid
3617 2694 3754 2748 sint.

2141 2781 2216 2838 Et
2243 2783 2441 2838 videbis
2471 2783 2714 2837 rationis
2770 2783 3050 2849 contuitu,
3083 2781 3482 2836 retributionem
3503 2789 3754 2853 peccato-

2143 2871 2349 2936 rum,id
2367 2874 2451 2925 cst
2474 2873 2761 2926 malarum
2776 2871 3181 2943 operationum
3201 2874 3257 2926 et
3271 2871 3604 2926 illicitorum
3620 2887 3758 2926 con-

437 2949 594 3028 actus
631 2949 834 3042 aliquis
874 2967 1101 3032 dicitur,
1138 2964 1235 3037 qui
1282 2979 1414 3018 cum
1469 2977 1698 3017 summo
1748 2957 1938 3013 studio
1985 2949 2114 3013 etC
2143 2975 2436 3026 sensuum,
2471 2959 2530 3013 in
2560 2960 2757 3014 futuro
2790 2977 2824 3014 a
2852 2961 2967 3014 Deo
3003 2959 3386 3016 reddendam.
3408 2959 3524 3015 Hcc
3555 2963 3754 3013 autem

437 3063 633 3117 labore
663 3056 984 3130 perficitur:
1005 3053 1157 3108 unde
1184 3051 1391 3107 dicitur
1420 3049 1718 3121 negotium
1749 3046 1911 3118 quasi
1940 3062 2041 3101 ne-

438 3167 580 3223 gans
612 3147 814 3202 otium.
843 3143 1060 3198 Dicitur
1089 3157 1226 3212 ergo
1251 3138 1655 3194 haereticorum
1679 3134 2044 3223 fraudulenta

436 3222 722 3292 sententia
747 3232 1068 3303 negotium,
1097 3245 1165 3283 eo
1197 3226 1432 3299 quodin
1460 3226 1565 3279 hac
1595 3224 1757 3278 valde
1773 3222 2042 3277 studeant

439 3329 496 3380 et
520 3319 987 3384 laborent.Quod
1015 3315 1312 3387 negotium
1341 3313 1600 3385 quamvis
1627 3311 1888 3366 videatur
1920 3325 2041 3364 esse

437 3413 494 3467 in
527 3411 640 3476 die,
669 3413 863 3463 tamen
897 3405 1086 3461 existit
1109 3404 1166 3457 in
1181 3401 1434 3456 tenebris
1449 3399 1780 3454 stultitiaazu
1801 3397 2039 3469 Sapien-

439 3500 518 3555 tia
544 3497 700 3552 enim
722 3495 890 3566 hujus
925 3491 1150 3557 mundi,
1176 3488 1416 3544 stultitia
1437 3490 1522 3542 est
1548 3487 1702 3559 apud
1729 3486 2042 3542 Dominum

440 3588 496 3661 (Ι
520 3586 648 3643 Cor.
680 3601 762 3651 ιιι,
807 3583 914 3654 t9),
949 3603 976 3630 »
1020 3582 1078 3635 et
1102 3579 1160 3633 in
1190 3577 1338 3648 ipsas
1371 3577 1604 3631 tenebras
1625 3574 2042 3661 peramlﬁlaAbit,

439 3647 497 3733 id
539 3679 625 3730 est
666 3647 909 3729 omnino
939 3647 1392 3740 promovebitur,
1443 3668 1504 3718 ut
1548 3663 1733 3736 magis
1987 3669 2045 3722 et

441 3763 624 3836 magis
640 3763 712 3818 ad
729 3758 1028 3816 stultitiam
1058 3756 1415 3811 devolvatur.
1444 3754 1510 3807 Et
1527 3769 1633 3806 non
1659 3753 1858 3807 timebis
1885 3753 1948 3807 ab
1966 3755 2045 3807 in-

439 3871 595 3910 cursu
617 3852 869 3923 ipsorum
894 3845 1320 3909 hmreticorum,
1351 3841 1408 3896 id
1434 3844 1517 3896 est
1546 3857 1579 3894 a
1610 3840 1792 3895 nimio
1821 3840 2042 3913 impetu

441 3940 720 3996 facundia:
746 3937 1002 4008 ipsorum
1035 3930 1464 3995 haereticorum,
1515 3944 1618 4002 per
1649 3945 1822 3999 quem
1848 3929 2039 3984 incur-

439 4032 573 4083 runt
601 4025 882 4081 fidelibus.
910 4021 1070 4075 Unde
1087 4019 1145 4073 in
1168 4018 1412 4073 Canticis
1430 4033 1668 4087 sponsus
1691 4033 1704 4070 :
1730 4036 1759 4068 ‹‹
1781 4016 2042 4072 Cincinni

440 4116 556 4172 mei
578 4112 729 4185 pleni
753 4113 885 4165 sunt
912 4107 1086 4179 guttis
1117 4106 1369 4160 noctium
1389 4104 1575 4172 (Cant.
1596 4120 1647 4169 v,
1677 4107 1749 4167 2).
1774 4125 1802 4152 »
1834 4106 1900 4159 Et
1921 4123 2039 4160 non

2143 3048 2275 3102 satis
2288 3047 2359 3102 ad
2376 3047 2757 3103 intentionem
2772 3047 3054 3102 laudisDei
3070 3050 3330 3119 spectare
3343 3047 3759 3118 videtur,quod

2143 3153 2271 3191 suos
2288 3136 2576 3191 intentum
2600 3135 2907 3204 illuminat,
2927 3139 2988 3191 ut
3001 3136 3370 3192 considerent
3381 3138 3758 3207 peccatorum

2142 3223 2420 3280 vilitatem
2448 3229 2503 3280 et
2530 3225 2873 3292 fdaditatcm,
2907 3227 2963 3280 et
2977 3242 3083 3296 pro
3108 3225 3188 3280 eis
3207 3223 3652 3279 retributionem
3694 3225 3757 3279 in

2141 3313 2334 3368 futuro
2363 3314 2744 3381 reddendam,
2782 3317 2840 3368 et
2869 3331 2972 3385 per
2997 3315 3106 3369 hoc
3119 3330 3356 3386 peccare
3374 3313 3748 3369 exhorreant.

2144 3403 2279 3458 Dico
2297 3403 2451 3474 quod
2472 3403 2659 3456 cadent
2686 3403 2858 3467 mille;
2887 3403 3067 3458 ethoc
3091 3419 3208 3457 non
3234 3403 3343 3458 erit
3356 3402 3570 3457 viribus
3583 3403 3752 3458 meis.

2216 3491 2328 3546 Sed
2359 3490 2486 3544 ideo
2520 3493 2771 3562 quoniam
2799 3497 2856 3544 tu
2881 3508 2952 3558 es,
2984 3491 3235 3553 Domine,
3264 3508 3374 3561 spes
3400 3508 3537 3557 mea,
3581 3490 3640 3544 id
3671 3495 3760 3546 est

2142 3578 2252 3632 hoc
2279 3577 2451 3632 facies
2481 3582 2543 3632 ut
2571 3579 2781 3632 cadant
2801 3577 2952 3640 ideo,
2977 3579 3111 3650 quia
3129 3581 3189 3633 tu
3207 3596 3268 3634 es
3281 3596 3406 3651 spes
3431 3579 3650 3644 mea,id
3671 3583 3759 3634 est

2144 3665 2278 3738 quia
2302 3668 2486 3720 totam
2517 3682 2680 3737 spem
2708 3665 2765 3720 in
2790 3669 2842 3720 te
2874 3682 3048 3737 pono,
3079 3672 3137 3721 et
3175 3668 3309 3739 quia
3340 3671 3402 3721 tu
3417 3669 3672 3739 posuisti,
3697 3667 3758 3722 id

2144 3757 2226 3807 est
2251 3771 2430 3824 pones
2457 3755 2724 3823 refugium
2756 3771 2953 3808 meum
2981 3754 3317 3822 altissimum,
3353 3756 3410 3810 id
3441 3759 3526 3811 est
3558 3755 3750 3810 invin-

2142 3840 2327 3896 cibile.
2361 3843 2407 3895 Α
2443 3842 2821 3910 similitudine
2849 3842 3020 3897 turris
3052 3843 3110 3898 in
3142 3842 3426 3900 altissimo
3449 3845 3576 3900 loco
3602 3844 3750 3911 sitae,

2141 3946 2269 4000 qua:
2284 3933 2366 3984 est
2391 3930 2777 3985 munitissima
2799 3935 2858 3988 et
2883 3931 3366 4004 inexpugnabilis.
3389 3931 3559 3996 Quod
3570 3935 3658 3986 est
3671 3932 3751 3986 di-

2140 4033 2300 4072 cere:
2339 4017 2529 4073 Facies
2553 4019 2798 4090 teipsum
2825 4021 3114 4090 refugium,
3131 4019 3189 4074 id
3214 4023 3303 4074 est
3319 4020 3748 4093 protectionem

2142 4121 2334 4160 meam
2353 4106 3056 4180 n1unitissiman1.Repetit
3072 4110 3268 4162 autem
3283 4108 3743 4181 aequipollenter,

437 4201 669 4258 timebis
691 4199 993 4253 admnonio
1014 4192 1394 4259 meridiano,id
1417 4195 1500 4246 est
1519 4208 1551 4246 a
1576 4192 1912 4248 collectione
1928 4194 2041 4248 hee-
2063 4219 2117 4279 D
2143 4196 2205 4246 ut
2230 4193 2404 4247 addat
2447 4194 2526 4249 sic
2547 4211 2558 4248 :
2586 4195 2729 4259 Quia
2759 4195 2872 4250 dixi
2893 4195 3079 4249 cadent
3108 4214 3140 4249 a
3172 4195 3354 4263 latere,
3387 4198 3496 4251 etc.
3519 4197 3678 4262 Dico,
3711 4211 3743 4250 0

439 4291 773 4355 reticorum,
794 4285 889 4360 qui
910 4285 968 4339 in
995 4282 1316 4338 meridiano
1334 4281 1601 4335 videntur
1625 4298 1765 4348 esse,
1789 4281 1846 4334 id
1863 4285 1947 4336 est
1968 4284 2041 4338 ad

441 4380 680 4435 modum
698 4373 960 4432 meridiei
985 4373 1269 4427 ferventes
1292 4369 1351 4424 in
1373 4370 1526 4424 bona
1546 4368 2040 4440 operatione,cum

441 4468 706 4542 quaedam
729 4460 1088 4519 simulatoria
1115 4459 1270 4514 bona
1296 4474 1474 4530 opera
1498 4456 1731 4524 faciant,
1748 4461 1804 4512 et
1820 4459 1957 4512 clari
1985 4464 2042 4516 et

440 4553 724 4628 splendidi
755 4553 814 4606 in
857 4547 1128 4605 humanis
1179 4549 1238 4601 et
1277 4546 1574 4601 subtilibus
1605 4545 1902 4601 sententiis
1928 4547 2041 4602 suis

437 4641 778 4707 falsissimis,
799 4643 855 4695 et
877 4642 1075 4693 tamen
1101 4635 1457 4691 daimonium
1481 4637 1632 4701 sunt,
1661 4634 1815 4688 idest
1837 4637 2043 4692 umbra

437 4729 738 4789 daemonii.
776 4725 936 4781 Unde
966 4724 1270 4794 Apostolus
1302 4739 1364 4776 :«
1403 4721 1644 4776 Satanas
1668 4724 2042 4796 transfigurat

437 4838 496 4876 se
529 4821 584 4876 in
618 4816 891 4888 angelum
925 4811 1066 4866 lucis
1095 4809 1184 4881 (II
1211 4807 1334 4864 Cor.
1371 4809 1446 4875 xi,
1484 4809 1592 4880 14),
1617 4831 1644 4858 ››

508 4905 838 4964 Notandum
865 4899 1026 4973 quod
1039 4915 1169 4952 cum
1187 4897 1391 4951 eadem
1404 4898 1727 4962 res,scilicet
1747 4899 2042 4956 ethmi'eti-

439 5011 640 5052 eorum
667 4990 1036 5047 fraudulenta
1066 4983 1373 5050 sententia,
1395 5001 1498 5055 per
1510 4989 1856 5041 nocturnum
1875 4986 2044 5043 timo-

435 5101 586 5149 rem,
611 5083 667 5136 et
687 5095 790 5152 per
819 5076 1089 5148 sagittam
1117 5073 1174 5127 in
1207 5071 1298 5127 die
1324 5073 1636 5138 volantem,
1660 5076 1716 5126 et
1741 5091 1842 5145 per
1861 5091 2037 5146 nego-

436 5173 607 5237 tium,
641 5172 699 5223 et
723 5182 826 5239 per
850 5165 1144 5219 incursum
1172 5159 1522 5231 accipiatur;
1564 5160 1784 5215 diversa
1817 5164 2035 5231 tamen,

438 5263 501 5315 ut
531 5259 828 5313 ostensum
859 5255 965 5318 est,
996 5248 1338 5322 eXponenda
1367 5247 1436 5301 de
1468 5247 1672 5301 eadem
1703 5264 1785 5312 re,
1817 5265 1921 5320 per
1935 5249 2036 5304 has

437 5363 604 5403 voces
625 5343 994 5398 denotantur.
1032 5338 1154 5393 Non
1185 5336 1371 5390 solum
1399 5337 1592 5388 autem
1621 5335 1850 5405 sperabis
1883 5336 2037 5407 quod

439 5444 584 5490 scuto
616 5429 966 5488 circumdabit
1001 5435 1046 5480 te
1069 5428 1258 5480 veritas
1288 5425 1429 5494 ejus,
1463 5423 1560 5478 sed
1587 5423 1758 5478 etiam
1779 5426 2035 5495 sperabis

447 5520 601 5594 quod
631 5518 813 5573 cadent
843 5535 875 5570 a
907 5516 1065 5570 latere
1092 5521 1179 5569 tuo
1209 5513 1372 5576 mille,
1391 5520 1441 5568 et
1461 5511 1634 5568 decem
1661 5511 1828 5566 millia
1850 5531 1883 5567 α
1913 5513 2035 5569 dea:-

2142 4281 2358 4348 anima,
2394 4282 2670 4337 Dominus
2718 4286 2804 4337 est
2831 4301 2942 4354 spes
2972 4300 3085 4338 mea
3130 4286 3190 4338 et
3235 4285 3502 4354 refugium
3524 4300 3745 4338 meum.

2140 4369 2386 4441 Ideoque
2403 4371 2723 4425 nonaccedet
2737 4371 2806 4424 ad
2833 4379 2880 4426 te
2909 4388 3016 4443 per
3034 4388 3398 4435 censensum,
3426 4372 3654 4438 malum,
3689 4371 3746 4425 id

2141 4461 2226 4513 est
2257 4459 2482 4514 occulta
2531 4459 2795 4527 tentatio,
2828 4463 2886 4514 et
2914 4460 2972 4514 in
2999 4460 3191 4516 futuro
3225 4461 3543 4533 ﬂagellum,
3573 4460 3630 4515 id
3664 4464 3750 4516 est

2139 4547 2392 4602 vindicta
2419 4546 2588 4618 hujus
2618 4547 2777 4614 mali,
2803 4564 2906 4602 non
2939 4549 3381 4621 appropinquabit
3409 4535 3750 4603 tabernaculo

2142 4643 2251 4702 tuo,
2283 4634 2341 4689 id
2377 4638 2461 4688 est
2490 4635 2592 4689 tibi
2627 4634 2899 4690 militanti
2924 4635 3016 4690 hic
3036 4626 3172 4691 D'eo.
3212 4636 3377 4700 Quod
3403 4639 3488 4690 est
3512 4635 3746 4691 dicere:

2141 4724 2253 4778 Nec
2284 4722 2374 4777 hic
2405 4723 2476 4778 ab
2509 4724 2732 4778 occulta
2761 4723 3080 4779 tentatione
3112 4723 3373 4791 vinceris,
3415 4740 3521 4779 nec
3559 4722 3618 4778 in
3659 4724 3750 4779 fu-

2139 4814 2269 4866 turo
2303 4809 2603 4866 occasione
2633 4811 2740 4864 hac
2767 4810 3041 4882 punieris.
3073 4813 3139 4865 Et
3172 4810 3305 4867 inde
3332 4811 3500 4883 hujus
3530 4810 3614 4868 rei
3661 4829 3751 4866 se-

2140 4899 2448 4956 curitatem
2504 4897 2712 4965 habeo,
2748 4901 3001 4970 quoniam
3036 4901 3184 4954 Deus
3217 4916 3344 4972 spes
3369 4903 3426 4954 et
3455 4899 3754 4972 refugium

2142 5003 2340 5042 meum
2372 4986 2619 5041 existens
2676 4987 2950 5041 mandavit
3003 4986 3202 5056 angelis
3230 4988 3336 5041 suis
3365 4987 3531 5043 bonis
3563 4987 3634 5042 de
3668 4992 3748 5055 te,

2141 5092 2259 5130 non
2277 5074 2587 5140 verbis,sed
2612 5075 2833 5129 occulta
2855 5075 3130 5146 potentiae
3151 5077 3265 5130 sua:
3280 5074 3753 5147 inSpiratione,ut

2139 5162 2433 5217 custodiant
2464 5169 2530 5229 te,
2561 5179 2634 5217 ne
2669 5161 2897 5217 delicias
2943 5165 2997 5216 in
3039 5163 3278 5218 omnibus
3302 5165 3398 5217 viis
3416 5165 3542 5230 tuis,
3571 5163 3629 5218 id
3665 5167 3752 5218 est

2349 5249 2406 5304 in
2439 5250 2741 5305 virtutibus
2771 5253 2828 5303 et
2857 5249 3023 5305 bonis
3052 5251 3340 5322 operibus,
3359 5267 3486 5323 quae
3513 5251 3615 5306 vim
3641 5251 3750 5307 tibi

2138 5341 2270 5393 sunt
2283 5339 2355 5393 ad
2369 5337 3102 5411 vitam.Leguntur,quippe
3120 5339 3310 5410 angeli
3323 5338 3458 5395 boni
3475 5338 3608 5393 viris
3619 5356 3750 5395 san-

2136 5428 2239 5482 etis
2261 5444 2294 5481 a
2320 5429 2434 5483 Deo
2467 5427 2525 5482 in
2551 5427 2872 5483 custodiam
2895 5429 2952 5481 et
2971 5427 3394 5499 protectionem
3409 5427 3582 5483 fuisse
3599 5427 3747 5482 dati.

2133 5516 2299 5571 Juxta
2310 5515 2451 5572 illud
2465 5515 3005 5588 Apostoli:«0mnes
3023 5514 3356 5587 angelisuut
3372 5513 3747 5573 administra-
