3998 6026
200 349 354 446 tiae

1217 380 1574 447 EXPOSl'l‘lO
1608 384 1681 446 IN
1716 383 2055 450 PSALMOS.
2102 418 2176 436 -—
2212 388 2408 450 PSAL.
2448 387 2561 451 XCI

3400 388 3538 456 H30

202 510 353 569 torii
381 508 632 586 spiritus,
659 508 718 569 in
741 506 1133 572 ministerium
1157 512 1336 583 missi,
1354 516 1593 589 propter
1610 531 1711 572 eos
1724 514 1826 589 qui
1846 520 1904 582 Α
1932 514 2147 574 vatioui
2199 517 2585 589 conformem,
2636 515 2717 589 ut,
2754 513 2901 577 sicut
2929 530 3038 593 ego
3064 510 3301 589 surrexi,
3334 518 3394 577 et
3428 518 3542 579 im-

200 600 618 659 haereditatem
652 601 887 675 capiunt
915 603 1114 660 salutis
1147 604 1343 677 (Hebr.
1390 621 1430 672 1,
1487 605 1595 677 14).
1631 625 1661 655 ››
1692 606 1827 662 Dico

202 692 470 764 quoniam
515 691 718 762 angelis
757 693 1063 749 mandahit
1086 694 1150 748 de
1174 700 1243 761 te,
1277 693 1374 765 qui
1405 693 1595 765 angeli
1628 695 1684 748 in
1707 711 1825 749 ma-

202 779 369 833 nibus
384 780 680 851 portabunt
710 787 778 849 te,
808 781 867 837 id
902 785 988 837 est
1008 781 1067 837 in
1099 782 1491 838 sublevatione
1521 782 1711 836 auxilii
1740 782 1827 837 sui

200 869 267 922 te
301 867 518 924 facient
545 870 895 940 promoveri.
912 871 1108 926 Manus
1126 887 1233 944 pro
1259 869 1466 926 auxilio
1488 869 1824 940 ponitur,eo

204 956 369 1031 quod
399 974 680 1013 manuum
704 958 1822 1015 sublevationelabentibusauxiliamur:

204 1049 269 1101 et
300 1045 433 1102 ideo
455 1048 753 1119 portabunt
775 1066 841 1103 ne
869 1048 1032 1119 forte,
1065 1048 1126 1103 id
1174 1051 1260 1103 est
1296 1064 1370 1102 ne
1401 1047 1592 1120 aliquo
1626 1049 1823 1118 modo,

204 1135 452 1207 offendas
498 1136 689 1207 pedem
749 1144 920 1206 tuum,
979 1137 1040 1193 id
1099 1138 1186 1193 est
1237 1136 1603 1193 affectionem
1663 1140 1825 1192 tuam

206 1224 285 1279 ad
309 1224 539 1296 lapidem
580 1225 919 1282 offensionis
947 1226 1256 1283 Christum.
1293 1226 1545 1283 Christus
1570 1242 1825 1298 congrue

202 1312 357 1385 lapis
386 1312 612 1381 dicitur,
644 1330 715 1370 eo
757 1315 912 1387 quod
960 1315 1034 1371 ad
1087 1316 1331 1372 modum
1378 1314 1585 1388 lapidis
1621 1314 1694 1370 sit
1730 1314 1827 1370 ﬂr-

204 1401 456 1456 missum
512 1402 648 1459 fidei
706 1406 919 1459 nostra:
975 1404 1447 1460 fundamentum.
1506 1403 1595 1459 Ad
1647 1421 1823 1477 quem

204 1489 469 1561 lapidem
498 1490 648 1563 pede
693 1491 883 1546 cordis
914 1492 1177 1556 offendit,
1209 1492 1468 1566 quisquis
1518 1491 1579 1547 in
1624 1494 1823 1548 mente

207 1576 284 1632 de
330 1593 398 1633 eo
450 1595 718 1650 perverse
770 1579 964 1635 sentit.
1016 1581 1178 1637 Unde
1208 1598 1313 1653 per
1342 1581 1689 1653 prophetam
1734 1580 1820 1636 di-

209 1664 468 1720 cituru
522 1667 662 1723 Ecce
718 1683 874 1739 pono
932 1668 989 1723 in
1051 1668 1189 1724 Sion
1245 1669 1500 1740 lapidem
1553 1667 1820 1723 oﬂ‘ensio-

210 1753 304 1809 nis
335 1756 392 1809 et
416 1757 643 1826 petram
670 1757 943 1825 scandali,
970 1759 1029 1811 et
1059 1757 1407 1830 quicumque
1438 1755 1709 1812 ceciderit
1728 1773 1819 1810 su-

1928 607 2189 663 mortalis
2215 611 2273 663 et
2299 607 2673 680 impassibilis
2697 608 2802 677 fui,
2838 609 2920 665 sic
2965 612 3024 664 et
3070 610 3179 681 ipsi
3211 613 3538 683 resurgant,

1928 697 1987 750 et
2018 695 2377 751 immortales
2406 700 2464 752 et
2492 697 2876 769 impassibiles
2906 696 3173 753 existant.
3205 698 3539 757 Notandum

1928 781 2083 854 quod
2095 782 2395 837 ostendam
2409 784 2490 839 illi
2500 786 2732 840 salutare
2743 785 3100 852 meum,idem
3114 788 3199 841 est
3210 787 3364 856 quod
3375 804 3538 859 supe~

1926 868 2045 924 rius
2058 870 2267 941 posuit,
2283 872 2523 941 gloriabo
2536 889 2676 940 eum,
2696 872 2803 927 nisi
2826 873 2961 945 quia
2980 872 3070 927 hic
3092 873 3533 932 determinatur.

1996 960 2119 1014 Duo
2151 976 2344 1021 versus
2388 961 2557 1031 hujus
2600 962 2827 1032 psalmi,
2857 962 3090 1029 scilicet,
3135 968 3280 1017 scuto
3305 964 3536 1019 circum-

1925 1046 2074 1121 dabit
2102 1053 2171 1115 te,
2195 1052 2328 1116 etc.,
2351 1050 2409 1102 et
2428 1066 2460 1102 a
2489 1051 2704 1120 sagitta,
2729 1053 2865 1119 etc.,
2896 1049 3062 1105 aliter
3076 1066 3251 1122 quam
3273 1052 3535 1122 superius

1926 1135 2255 1205 dixerimus,
2314 1138 2587 1209 leguntur
2634 1139 2800 1210 juxta
2845 1139 3254 1210 Augustinum,
3308 1143 3372 1195 ut
3421 1140 3535 1197 tria

1924 1240 2140 1295 genera
2163 1225 2552 1281 tentationum
2584 1227 2933 1282 denotentur
2951 1227 3030 1281 sic
3053 1243 3065 1283 :
3089 1227 3225 1282 Dico
3253 1228 3407 1299 quod
3423 1245 3534 1301 spe-

1923 1312 2065 1367 rabis
2087 1313 2185 1367 sub
2217 1316 2410 1384 pennis
2437 1315 2570 1385 ejus,
2609 1318 2666 1370 et
2702 1316 2813 1370 hoc
2854 1314 3067 1371 scilicet
3101 1315 3347 1386 sperabis,
3375 1317 3535 1388 quod

1921 1403 2134 1469 veritas,
2166 1400 2226 1457 id
2255 1405 2341 1456 est
2363 1419 2498 1458 vera
2532 1402 2842 1474 promissio
2898 1405 3010 1475 ejus
3062 1404 3436 1472 circumdabit,
3468 1405 3531 1461 id

1923 1493 2009 1545 est
2036 1489 2482 1545 circummuniet
2512 1497 2560 1546 te
2586 1498 2754 1559 scuto,
2785 1490 2845 1546 id
2870 1495 2956 1546 est
2978 1491 3356 1563 protectione,
3380 1496 3437 1547 et
3451 1492 3531 1551 sic

1923 1578 2079 1649 quod
2100 1595 2217 1633 non
2236 1578 2470 1633 timebis
2492 1596 2524 1632 a
2563 1586 2819 1634 nocturno
2851 1581 3057 1643 timore,
3085 1579 3139 1634 id
3175 1583 3262 1635 est
3291 1581 3532 1637 obscura

1923 1671 1981 1721 et
2013 1667 2215 1722 latenti
2266 1667 2376 1722 levi
2425 1667 2773 1735 tentatione,
2819 1684 2949 1739 quae
2995 1667 3201 1723 dicitur
3228 1669 3426 1737 timor,
3459 1686 3528 1725 eo

1924 1754 2079 1827 quod
2106 1770 2223 1810 non
2247 1755 2391 1810 adeo
2419 1756 2608 1827 gravis
2635 1758 2724 1810 est
2750 1759 2815 1811 ut
2845 1772 3062 1829 magna
3086 1757 3361 1825 tentatio;
3385 1759 3530 1815 sicut

207 1858 320 1914 per
342 1842 593 1913 lapidem
612 1844 1256 1916 istum,confringetur;
1281 1862 1452 1917 super
1481 1862 1655 1917 quem
1683 1860 1818 1900 vero
1843 1854 1896 1914 Β
1922 1843 2099 1898 timor
2129 1846 2214 1898 est
2241 1844 2463 1911 minor,
2493 1860 2670 1917 quam
2702 1844 3022 1916 periculum
3049 1845 3202 1900 unde
3229 1847 3406 1902 timor
3430 1848 3530 1904 ha-

209 1929 502 1998 ceciderit,
536 1935 796 1987 conteret
825 1949 958 1988 cum
999 1932 1128 2004 (Isa.
1179 1950 1299 2001 vm,
1336 1935 1429 2001 14;
1459 1931 1663 1988 Matth.
1692 1948 1816 2002 xxx;

208 2017 373 2073 Rom.
396 2021 593 2089 1x,33;
626 2019 659 2074 Ι
685 2021 864 2084 Petr.,
893 2021 1259 2088 8).?)Aﬂ‘eetio
1292 2020 1526 2094 quidem
1548 2037 1822 2094 pesmen-

212 2106 286 2162 tis
312 2106 539 2174 dicitur,
575 2124 643 2164 eo
671 2110 827 2181 quod
852 2126 957 2182 per
987 2127 1117 2166 eam
1146 2109 1271 2181 ipsa
1313 2126 1479 2165 mens
1507 2110 1817 2181 cogitando

212 2195 534 2269 gradiatur.
564 2197 633 2252 Et
651 2198 860 2254 auxilio
886 2198 1146 2271 ipsorum
1172 2198 1516 2269 angelorum
1538 2201 1819 2269 portatus,

211 2301 371 2356 super
396 2285 634 2357 aspidem
662 2292 713 2341 et
745 2287 1041 2342 basiliscum
1069 2287 1392 2355 ambulabis,
1433 2286 1491 2342 id
1522 2291 1608 2342 est
1646 2288 1825 2343 calca-

219 2372 309 2428 bis
338 2376 396 2428 et
424 2374 723 2445 superabis
766 2374 1051 2448 aspidem,
1083 2375 1142 2430 id
1173 2378 1259 2430 est
1297 2374 1591 2430 diabolum
1619 2375 1718 2448 qui
1748 2377 1826 2430 la-

215 2464 411 2516 tenter
437 2462 668 2518 mordet
709 2463 1170 2536 suggestionibus
1208 2462 1452 2518 illicitis:
1484 2464 1556 2518 ad
1583 2464 1824 2519 modum

218 2549 432 2623 aspidis
447 2551 751 2622 serpentis,
775 2552 995 2607 occulte
1027 2551 1375 2619 mordentis;
1408 2558 1458 2605 et
1481 2551 1707 2606 calcabis
1721 2550 1824 2607 sub

220 2637 623 2694 affectionibus
668 2638 782 2694 tuis
830 2639 1147 2707 basiliscum,
1184 2639 1242 2694 id
1293 2642 1379 2695 est
1424 2639 1826 2695 collectionem

221 2744 395 2801 prave
427 2727 818 2801 cperantium,
851 2729 949 2801 qui
975 2729 1239 2800 exemplo
1266 2727 1447 2783 fetido
1473 2744 1663 2800 pravae
1688 2745 1825 2800 ope-

217 2814 462 2871 rationis
475 2832 612 2884 suas;
628 2816 770 2872 alios
790 2817 863 2871 ad
880 2820 1129 2887 mortem
1146 2817 1299 2872 male
1311 2816 1541 2887 operari
1562 2817 1827 2874 faciendo

217 2903 476 2973 trahunt;
494 2920 658 2960 more
679 2905 960 2977 serpentis
974 2904 1539 2977 basilisci,quifetore
1558 2905 1642 2959 sui
1655 2907 1830 2962 anhe-

218 2991 350 3047 litus
363 2992 632 3048 homines
642 2992 979 3064 perimit.Et
991 2994 1323 3050 conculbabis
1339 2993 1417 3047 sic
1434 2996 1496 3047 ut
1510 3009 1626 3048 non
1640 2994 1829 3063 cedas,

1920 1931 2109 1986 betur.
2158 1931 2323 1996 Quod
2355 1934 2441 1987 est
2472 1932 2665 1988 dicere
2709 1948 2723 1987 :
2754 1933 2912 1989 Adeo
2933 1936 3305 2010 te_securum
3333 1935 3526 2010 faciet,

1919 2023 1983 2075 ut
2010 2036 2129 2075 non
2158 2020 2365 2076 timeas
2392 2022 2576 2076 levem
2589 2022 2892 2077 obscuram
3142 2006 3530 2080 tentationem

1922 2125 2051 2180 quae
2082 2107 2378 2163 interdum
2399 2109 2655 2181 aliquem
2673 2109 2966 2165 incautum
2985 2111 3058 2166 ad
3079 2127 3422 2167 consensum
3450 2116 3534 2169 at-

1926 2196 2123 2252 trahit.
2152 2198 2221 2251 Et
2251 2197 2427 2252 etiam
2464 2215 2573 2253 non
2601 2200 2818 2255 timebis
2847 2218 2879 2253 a
2903 2200 3128 2271 sagitta,
3157 2200 3217 2255 id
3245 2204 3329 2256 est
3359 2218 3394 2257 a
3422 2201 3533 2257 levi

1926 2283 2236 2340 manifesta
2264 2285 2609 2354 tentatione,
2639 2304 2767 2358 quae
2793 2290 2991 2358 sagitta
3018 2287 3248 2356 dicitur,
3278 2305 3346 2344 eo
3376 2290 3535 2362 quod

1925 2373 2102 2428 levius
2130 2374 2393 2428 vulneret
2422 2390 2598 2445 quam
2629 2391 2847 2446 magna
2888 2376 3155 2443 tentatio,
3186 2376 3262 2431 ad
3290 2377 3533 2434 modum

1925 2462 2170 2535 sagittae,
2198 2480 2325 2534 quae
2355 2462 2531 2519 levius
2565 2464 2831 2519 vulnerat
2873 2480 3047 2536 quam
3080 2465 3299 2533 lancea,
3339 2470 3537 2537 sagitta

1927 2550 2054 2606 dico
2081 2551 2293 2606 volante
2321 2552 2395 2607 ad
2422 2554 2480 2607 te
2512 2554 2568 2606 in
2592 2551 2703 2620 die,
2741 2552 2801 2607 id
2845 2556 2931 2607 est
2977 2552 3311 2609 incurrente
3341 2554 3445 2609 tibi
3477 2554 3539 2612 in

1927 2639 2186 2695 claritate
2211 2639 2581 2712 cognitionis.
2606 2639 2771 2705 Quod
2801 2644 2891 2695 est
2923 2640 3146 2696 dicere:
3173 2640 3306 2697 Non
3336 2644 3541 2699 timebis

1929 2729 2305 2784 succumbere
2331 2728 2441 2783 levi
2473 2729 2796 2784 manifestae
2822 2729 3150 2785 tentationi.
3174 2731 3242 2785 Et
3261 2748 3366 2785 non
3396 2735 3544 2788 time-

1933 2817 2007 2871 bis
2037 2834 2069 2869 a
2100 2819 2327 2886 negotio,
2360 2816 2419 2871 id
2448 2819 2535 2871 est
2565 2833 2598 2871 a
2629 2816 2883 2871 maxima
2912 2820 2970 2870 et
2999 2818 3157 2888 gravi
3198 2819 3539 2888 tentatione,

1933 2921 2061 2977 quia
2087 2904 2298 2959 dicitur
2326 2905 2629 2976 negotium
2656 2922 2776 2977 pra:
2808 2905 3212 2976 magnitudine
3248 2908 3545 2978 gravitatis

1934 3009 2071 3047 suae.
2101 2992 2407 3063 Negotium
2441 2991 2599 3046 enim
2638 2992 2710 3045 de
2740 3009 2917 3064 parva
2940 3009 3001 3047 re
3034 2992 3145 3047 dici
3186 3009 3303 3048 non
3334 2998 3542 3067 potest.

219 3080 437 3148 leonem,
459 3080 517 3135 id
538 3084 623 3135 est
642 3085 1038 3154 persecutores
1066 3081 1371 3136 manifeste
1402 3080 1739 3137 infestantes
1760 3082 1833 3137 ad
1855 3128 1901 3154 η
1934 3080 2172 3151 Negotia
2203 3080 2328 3135 dico
2345 3079 2747 3151 perambulante
2777 3081 2832 3133 in
2861 3080 3179 3148 tenebris,id
3208 3086 3294 3137 est
3318 3099 3549 3139 conver-

1853 3128 1902 3189 C

219 3169 459 3225 modum
474 3169 660 3224 leonis
675 3173 871 3240 aperte
895 3169 1181 3238 instantis,
1206 3177 1256 3224 et
1281 3170 1835 3226 conculcabisdraco-
1855 3168 1902 3189 υ
1936 3174 2120 3236 sante,
2153 3171 2211 3223 et
2237 3171 2619 3240 promovente
2652 3168 2711 3223 in
2749 3168 3116 3224 obscuritate.
3152 3169 3318 3235 Quod
3349 3174 3434 3227 est
3458 3172 3546 3228 di-

219 3273 359 3325 nem,
378 3256 438 3313 id
457 3261 543 3312 est
563 3257 889 3320 haereticos,
915 3258 1012 3330 qui
1033 3256 1363 3329 priusfalsis
1381 3258 1703 3313 rationibus
1721 3258 1836 3314 suis
1936 3274 2065 3313 cere
2100 3275 2113 3311 :
2152 3256 2283 3313 Non
2326 3256 2532 3311 timebis
2575 3257 2949 3312 succumbere
3002 3273 3233 3329 magnae
3282 3264 3338 3314 et
3388 3260 3548 3332 gravi

218 3343 478 3400 incautos
504 3344 710 3417 ligant,
741 3348 799 3400 et
832 3345 937 3401 sibi
971 3346 1290 3413 attrahunt,
1307 3348 1366 3400 et
1388 3348 1592 3418 postea
1612 3346 1717 3401 sibi
1737 3363 1837 3402 eos
1937 3347 2194 3402 obscurae
2212 3344 2544 3411 tentationi,
2571 3348 2629 3399 et
2655 3361 2763 3399 non
2795 3345 2999 3400 timebis
3028 3346 3095 3400 ab
3126 3348 3342 3403 incursu
3365 3356 3414 3402 et
3443 3348 3549 3404 das-

219 3432 621 3488 conﬁrmando
655 3433 956 3501 devorant,
991 3435 1145 3489 velut
1176 3432 1349 3488 draco
1380 3432 1478 3505 qui
1516 3433 1671 3504 prius
1710 3435 1834 3490 ani-

219 3520 334 3575 mal
353 3520 589 3594 aliquod
609 3521 793 3577 cauda
817 3522 982 3594 ligat,
1007 3524 1064 3577 et
1085 3524 1287 3594 postea
1307 3521 1551 3593 ligatum
1575 3513 1832 3579 devorat.

1935 3437 2113 3489 monia
2152 3434 2465 3500 meridiano,
2510 3432 2569 3488 id
2606 3436 2694 3488 est
2736 3434 2808 3488 ab
2847 3434 3178 3490 incurrente
3221 3436 3547 3493 meridiano

1937 3523 2251 3579 daemonio.
2278 3522 2443 3587 Quod
2458 3524 2543 3577 est
2563 3522 2784 3577 dicere:
2806 3521 2936 3577 Non
2956 3524 3161 3578 timebis
3174 3527 3549 3582 succumbere

287 3611 609 3666 Introducit
634 3611 811 3666 etiam
844 3611 1033 3683 ipsum
1056 3610 1371 3667 Dominum
1400 3612 1837 3684 loquentem,et
1936 3612 2096 3683 gravi
2146 3611 2474 3677 tentationi,
2512 3614 2571 3664 et
2599 3610 2907 3665 manifeste
2955 3627 2989 3665 a
3028 3611 3321 3668 daemonio
3351 3613 3546 3684 illatae,

217 3699 325 3754 hoc
352 3698 492 3754 facit
522 3698 595 3753 ad
622 3700 971 3771 ampliorem
1004 3699 1325 3772 gratiarum
1352 3699 1739 3767 actionem,et
1763 3701 1835 3756 ad
1936 3716 2065 3770 quas
2086 3698 2294 3754 dicitur
2309 3698 2587 3766 incursus,
2604 3715 2672 3754 eo
2692 3698 2847 3770 quod
2864 3698 3052 3769 gravis
3071 3703 3155 3755 est
3172 3703 3231 3754 et
3260 3701 3542 3759 maxima:

223 3788 507 3860 majorem
535 3787 867 3842 auditorum
885 3788 1367 3855 exhortationem,
1391 3788 1497 3843 sic:
1522 3789 1657 3843 Dico
1679 3789 1835 3861 quod
1935 3791 1994 3841 et
2015 3787 2222 3842 dicitur
2240 3787 2583 3852 meridiana,
2601 3802 2668 3841 eo
2691 3786 2845 3857 quod
2864 3790 3063 3858 aperta
3074 3790 3157 3842 est
3171 3791 3228 3842 et
3242 3789 3548 3846 manifesta

224 3873 498 3929 Dominus
510 3873 792 3929 mandarit
817 3874 1041 3945 angelis,
1067 3874 1261 3930 dicens
1282 3875 1417 3947 ipsis
1436 3875 1683 3947 angelis:
1704 3875 1836 3931 Dili-

222 3965 427 4035 genter
448 3978 584 4018 eum
608 3963 914 4030 custodite,
929 3965 1183 4035 quoniam
1202 3965 1254 4016 in
1282 3979 1366 4017 me
1390 3964 1642 4034 speravit,
1670 3962 1729 4017 id
1750 3966 1835 4018 est

224 4067 461 4109 omnem
486 4067 649 4122 spem
670 4068 784 4106 sure
800 4051 1128 4106 salvationis
1153 4051 1211 4106 in
1237 4067 1331 4105 me
1357 4050 1559 4123 posuit.
1581 4050 1832 4124 Ideoque

224 4141 449 4196 liberabo
480 4158 601 4196 cum
638 4142 710 4197 ab
747 4141 909 4196 omni
938 4140 1214 4196 instantia
1247 4139 1615 4195 inimicorum
1655 4142 1712 4195 et
1742 4140 1831 4196 in-

224 4228 501 4284 teriorum
524 4232 584 4285 et
595 4229 1046 4293 exteriorum,ne
1067 4228 1173 4301 ipsi
1186 4227 1833 4300 praevaleant,protegam

223 4333 343 4372 eum
362 4315 421 4371 in
434 4316 739 4373 virtutibus
768 4316 882 4373 suis
913 4321 969 4371 et
985 4317 1152 4373 bonis
1175 4316 1464 4389 operibus,
1486 4334 1559 4370 ne
1581 4316 1828 4374 deﬁciat.

1935 3874 2609 3931 sicutmeridies.Csetera
2621 3874 2826 3945 psalmi
2841 3874 3051 3929 mutari
3065 3890 3181 3930 non
3194 3878 3280 3931 est
3292 3893 3541 3934 necesse.

2448 3959 2515 4013 ΙΝ
2548 3958 2872 4015 PSALMUM
2900 3960 3030 4015 XCI.

2001 4051 2220 4105 Titulus
2264 4047 2629 4119 nonagesimi
2668 4047 2864 4119 primi.
2912 4048 3165 4104 Psalmus
3212 4051 3430 4119 cantici,
3481 4055 3540 4109 in

1932 4139 2016 4194 die
2040 4139 2286 4196 Sabbati.
2321 4136 2487 4200 Quod
2534 4136 2614 4190 sic
2652 4136 2980 4207 exponitur.
3028 4139 3093 4192 In
3139 4139 3246 4193 hoc
3292 4142 3543 4197 tractatu

1931 4228 2260 4283 continetur
2309 4224 2583 4297 psalmus,
2637 4224 2695 4278 id
2756 4228 2843 4279 est
2898 4226 3055 4281 bona
3109 4228 3389 4298 operatio,
3443 4230 3541 4302 qui

1932 4318 2187 4387 psalmus
2211 4318 2296 4369 est
2313 4313 2532 4369 occasio
2555 4315 2767 4378 cantici,
2791 4313 2850 4368 id
2872 4317 2957 4367 est
2969 4314 3243 4384 jucunda:
3266 4334 3538 4373 remune—

223 4404 292 4459 Et
320 4405 429 4459 hoc
458 4404 588 4459 ideo
621 4406 877 4477 quoniam
906 4408 1148 4475 cognovit
1174 4404 1269 4460 illo
1301 4420 1435 4459 vero
1481 4420 1830 4475 cognoscere
1852 4401 1906 4460 D
1930 4403 2190 4471 rationis,
2205 4402 2412 4457 dandae
2442 4419 2476 4456 a
2498 4402 2612 4456 Deo
2639 4403 2696 4454 in
2725 4400 2810 4455 die
2836 4400 3080 4469 Sabbati,
3104 4402 3163 4457 id
3191 4407 3276 4459 est
3300 4406 3358 4459 in
3380 4407 3542 4464 clari-

222 4507 410 4545 nomen
439 4508 636 4559 meum,
663 4491 819 4563 quod
850 4493 935 4546 est
964 4492 1261 4547 Dominus.
1292 4490 1457 4554 Quod
1479 4493 1563 4545 est
1594 4491 1782 4546 dicere
1813 4508 1828 4547 :

224 4578 503 4651 Cognovit
535 4596 628 4635 me
660 4596 781 4635 esse
811 4580 1143 4649 Dominum,
1173 4582 1231 4634 et
1272 4596 1331 4633 se
1366 4594 1617 4646 servum,
1660 4579 1738 4633 sic
1769 4582 1833 4634 ut

222 4668 524 4740 praeceptis
553 4668 700 4724 meis
729 4668 965 4724 obedire
995 4684 1114 4723 non
1136 4668 1476 4739 negligcret.
1494 4667 1831 4724 Etclamavit

223 4755 294 4811 ad
338 4773 422 4811 me
463 4756 794 4812 intensione
841 4755 992 4811 vocis
1020 4758 1077 4811 et
1106 4755 1447 4823 devotionis,
1475 4762 1525 4810 et
1548 4756 1831 4811 exaudiam

222 4860 361 4898 eum.
388 4843 503 4899 Hoc
521 4844 698 4899 modo
723 4844 877 4917 quod
899 4861 1019 4899 cum
1046 4845 1152 4915 ipso
1168 4860 1288 4898 sum
1308 4844 1371 4898 in
1398 4844 1758 4910 tribulatione,
1773 4847 1831 4898 et

223 4948 320 4987 ero
352 4932 671 4987 secundum
696 4930 1111 4987 auxiliatricem
1144 4931 1415 5003 gratiam.
1437 4930 1602 4995 Quod
1624 4934 1710 4986 est
1740 4931 1824 4986 di-

223 5035 350 5074 cere
379 5036 392 5073 :
431 5019 761 5074 Custodiam
802 5037 935 5075 eum
963 5018 1022 5074 in
1055 5018 1447 5087 tribulatione,
1478 5036 1552 5074 ne
1579 5020 1827 5074 deﬁciat.

224 5107 289 5161 Et
312 5106 550 5161 tandem
584 5105 645 5162 in
674 5110 861 5163 morte
893 5106 1078 5162 carnis
1115 5107 1338 5177 eripiam
1377 5123 1497 5160 eum
1527 5123 1561 5161 a
1589 5107 1827 5162 tribula-

221 5193 401 5261 tione,
452 5196 510 5249 et
544 5194 606 5249 in
653 5194 846 5250 futuro
886 5195 1194 5266 gloriﬁcabo
1226 5212 1343 5249 eum
1387 5194 1571 5266 gloria
1598 5194 1830 5250 benedi-

224 5282 425 5337 ctionis
455 5285 706 5338 aeternas.
745 5284 813 5337 Et
842 5299 946 5354 pro
983 5283 1089 5336 hac
1115 5281 1230 5337 vita
1269 5281 1622 5345 transitoria,
1652 5299 1829 5354 quam

224 5370 591 5440 contempsit,
620 5369 947 5440 longitudine
975 5371 1201 5436 dierum,
1235 5369 1295 5424 id
1337 5373 1421 5423 est
1445 5372 1663 5423 aeterna
1692 5371 1825 5424 vita.

225 5457 428 5529 replebo
459 5474 602 5511 eum.
634 5457 861 5529 Replebo
901 5474 1058 5525 vero,
1084 5474 1189 5530 per
1218 5455 1543 5529 emphasim
1574 5456 1730 5512 dicit.
1765 5459 1832 5512 Et

1932 4496 2049 4547 tate
2082 4490 2290 4562 quietis
2321 4493 2571 4545 (sternte.
2593 4488 2913 4543 Sabbatum
2945 4489 3157 4561 quippe
3184 4494 3327 4562 quies
3360 4493 3538 4550 inter-

1932 4582 2213 4651 pretatur.
2243 4576 2409 4641 Quod
2434 4580 2519 4631 est
2547 4575 2772 4631 dicere:
2801 4575 2985 4639 Quam
3002 4580 3538 4638 remunerationem

1931 4667 2091 4723 dabit
2120 4668 2269 4721 Deus
2309 4664 2573 4718 ﬁdelibus
2601 4662 2715 4717 suis
2743 4662 2803 4718 in
2838 4667 3037 4719 octava
3075 4665 3186 4734 die,
3219 4684 3346 4740 quae
3372 4674 3537 4726 ante-

1931 4754 2249 4810 nomastice
2279 4752 2401 4807 dies
2430 4751 2639 4806 dicitur
2667 4768 2771 4823 pro
2819 4770 2921 4808 sua
2966 4751 3147 4809 nimia
3173 4756 3450 4825 claritate,
3479 4761 3538 4814 et

1931 4843 2052 4899 dies
2091 4838 2347 4908 Sabbati,
2388 4837 2448 4893 id
2481 4841 2568 4892 est
2609 4837 2814 4911 quietis
2844 4842 3098 4895 aeternas.
3131 4841 3229 4896 Vel
3260 4842 3337 4896 sic
3371 4860 3384 4897 :
3429 4847 3537 4900 lste

1920 4930 2160 5003 psalmus
2207 4928 2422 4994 cantici,
2451 4926 2511 4981 id
2547 4930 2633 4981 est
2671 4926 2777 4981 iste
2822 4930 3098 4982 tractatus
3136 4928 3533 5001 jucunditatis,

1932 5020 1993 5074 in
2019 5034 2133 5089 quo
2164 5016 2329 5071 valde
2375 5015 2776 5085 jucundantur
2814 5015 3036 5080 fideles,
3081 5016 3177 5085 qui
3216 5015 3308 5070 hic
3336 5024 3535 5089 agunt,

1931 5111 2017 5164 est
2045 5106 2274 5161 illorum
2304 5103 2400 5175 qui
2425 5103 2550 5174 jam
2576 5101 2889 5173 suntpositi
2922 5103 2977 5153 in
3006 5101 3090 5154 die
3117 5101 3435 5173 Sabbati,id
3459 5112 3541 5163 est

1930 5213 1989 5266 in
2043 5192 2303 5249 claritate
2340 5190 2568 5261 quietis,
2615 5188 2830 5243 scilicet
2871 5188 2969 5257 qui
3010 5190 3130 5243 tam
3183 5191 3400 5246 claram
3448 5195 3545 5250 ha-

1928 5284 2071 5339 bent
2097 5278 2514 5336 conscientiam
2554 5280 2614 5330 ut
2647 5275 2823 5340 diem,
2858 5276 2915 5327 et
2950 5275 3021 5329 ab
3057 5276 3217 5331 omni
3242 5294 3419 5349 prava
3448 5300 3543 5338 co-

1930 5366 2405 5443 gitationeferian
2415 5368 2688 5436 tem,quaa
2702 5362 2973 5432 ideojure
2991 5364 3293 5421 sabbatum
3315 5369 3544 5439 dicitur,

1932 5458 1992 5513 id
2022 5461 2107 5512 est
2135 5454 2387 5526 requies.
2422 5453 2489 5506 Et
2518 5456 2601 5506 est
2644 5451 2702 5505 in
2744 5450 2854 5505 hoc
2885 5452 3108 5521 psalmo
3141 5470 3243 5508 vox
3274 5456 3548 5530 cujusque

227 5546 361 5619 quia
386 5544 482 5600 hic
509 5562 629 5600 non
656 5546 873 5601 curavit
894 5548 1137 5601 salutem
1167 5545 1375 5613 carnis,
1400 5547 1535 5599 tunc
1563 5545 1835 5600 ostendam
1941 5545 2201 5619 perfecti,
2239 5541 2464 5613 agentis
2509 5540 2583 5594 ad
2630 5539 3069 5594 instructionem
3112 5542 3433 5614 minorum,
3477 5547 3548 5602 de

227 5632 306 5689 illi
328 5632 561 5690 salutare
604 5650 802 5703 meum,
840 5633 902 5689 id
951 5637 1039 5688 est
1086 5634 1482 5704 salvationem,
1529 5650 1673 5691 mese
1722 5635 1830 5690 sal-

746 5732 983 5791 ΡΑτιιοι..
1016 5730 1170 5789 CLII.

1944 5635 2097 5689 bona
2130 5628 2490 5702 operatione,
2510 5626 2645 5705 quia
2668 5627 2823 5687 bona
2852 5631 2939 5684 est
2968 5644 3097 5686 cum
3128 5630 3349 5688 cantico
3377 5633 3547 5705 facta,

3198 5731 3263 5787 36
