3998 6026
430 260 560 325 H31

1030 255 1093 320 s.
1130 244 1477 319 BRUNoms
1515 249 2152 315 CARTHUSIANORUM
2186 249 2652 313 lNS‘l‘l‘l‘U’l‘ORlS
2692 249 2846 314 opp.
2888 250 3065 310 rans
3101 252 3125 310 ι

3594 249 3767 312 1132

427 389 487 446 et
512 386 569 443 in
594 385 836 456 cithara,
849 383 909 442 et
927 381 999 441 de
1014 378 1252 438 interitu
1267 378 1589 436 nolentium
1604 376 1761 433 bona
1777 371 2025 448 operari,
2049 380 2104 440 Α
2143 374 2326 445 vatur,
2364 372 2616 429 ostendit
2642 372 2752 429 hoc
2772 371 3076 430 insolubile
3104 387 3247 443 esse,
3271 387 3404 432 cum
3431 369 3510 431 sic
3538 370 3715 430 addit
3745 384 3766 429 :

426 480 486 537 et
505 475 577 535 de
597 474 979 534 retributione
1005 472 1177 527 bona
1197 466 1549 542 operationis
1576 466 1637 521 in
1667 464 1881 519 futuro.

500 567 720 623 Bonum
762 571 835 620 est
864 562 1105 632 conﬁteri
1139 558 1391 624 Domino,
1432 555 1491 611 id
1530 557 1616 609 est
1652 553 1790 608 utile
1821 554 1879 607 et
1904 552 2029 606 lau-

427 659 566 714 dare
587 658 640 711 te
662 650 1043 711 Dominumin
1057 647 1305 720 puritate
1327 642 1666 708 devotionis,
1687 659 1817 696 cum
1834 639 2028 696 Domi-

426 763 557 808 nus,
580 741 845 799 omnium
882 739 954 794 sis
976 755 989 793 :
1009 741 1067 792 et
1095 737 1315 791 bonum
1337 736 1422 789 est
1440 731 1664 803 psallere
1688 731 1893 784 nomini
1919 736 2028 795 tuo,

424 834 719 898 Altissime,
753 829 811 885 id
837 831 922 884 est
961 825 1098 882 utile
1124 826 1210 880 est
1238 824 1387 879 bene
1413 819 1661 892 operari,
1693 835 1810 874 non
1842 817 1914 872 ad
1944 816 2030 871 fa-

424 937 626 977 vorem
676 918 1005 982 hominum,
1040 913 1141 969 sed
1189 912 1261 967 ad
1304 912 1588 967 honorem
1640 905 1895 963 nominis
1924 904 2027 972 tui,

426 1025 562 1066 cum
618 1006 924 1064 altissimus
970 1003 1065 1070 sis,
1124 1001 1182 1056 id
1232 1001 1317 1055 est
1364 997 1753 1071 omnipotens,
1786 994 2029 1065 ideoque

426 1111 801 1155 remunerare
814 1092 1102 1149 sufﬁciens
1119 1088 1460 1146 confitentes
1484 1089 1543 1141 et
1566 1085 1874 1156 psallentes
1904 1081 2026 1136 tibi.

428 1186 564 1243 Dico
588 1184 743 1256 quod
768 1182 959 1237 bonum
988 1185 1063 1234 est
1092 1177 1333 1246 conﬁteri
1357 1180 1405 1229 et
1424 1173 1669 1245 psallere,
1704 1170 1894 1227 eundo
1925 1169 2030 1223 sci-

426 1274 560 1331 licet
591 1273 661 1328 de
693 1269 1048 1327 confessione
1095 1269 1152 1321 et
1190 1265 1411 1337 psalmo
1476 1262 1547 1317 ad
1603 1258 2033 1315 annuntiandum

429 1362 556 1419 aliis
586 1377 706 1417 esse
733 1360 793 1415 in
822 1374 1000 1425 mane,
1032 1356 1091 1411 id
1121 1357 1206 1411 est
1247 1353 1307 1407 in
1334 1349 1714 1423 prosperitate
1743 1349 2034 1401 miscricor-

430 1452 579 1506 diam
606 1456 775 1504 tuam.
810 1446 974 1512 Quod
1005 1448 1089 1500 est
1115 1442 1303 1498 dicere
1339 1456 1351 1494 :
1382 1441 1694 1510 Postquam
1725 1436 1784 1490 in
1814 1452 1873 1490 se
1904 1451 2036 1490 con-

430 1540 627 1596 fitetur
656 1539 715 1593 et
750 1534 960 1607 psallit,
997 1533 1219 1588 bonum
1258 1533 1344 1583 est
1377 1530 1443 1581 ut
1486 1525 1688 1597 aliquis
1732 1522 2039 1579 annuntiet

2128 460 2263 518 Dico
2286 461 2640 535 quodbonum
2660 467 2733 517 est
2754 461 2895 518 mihi
2928 463 3170 532 conﬁteri
3183 468 3234 518 et
3241 462 3485 535 psallere,
3526 464 3585 518 et
3612 462 3766 518 hac

2128 567 2287 622 opera
2305 552 2657 622 magni/irata
2677 558 2798 604 sunt
2814 550 2871 605 in
2893 567 3009 618 me,
3051 554 3109 606 et
3143 552 3231 607 ha
3271 554 3611 622 cogitationes
3631 558 3765 606 tua

2131 641 2293 695 nimis
2322 649 2443 694 sunt
2480 640 2793 711 pro/unda,
2839 639 2897 694 id
2937 643 3022 694 est
3062 640 3153 695 ha
3193 640 3591 713 dispositiones
3620 643 3757 696 tua

2132 726 2597 800 profundissima
2624 731 2758 783 sunt
2782 730 2839 781 et
2864 728 3309 800 investigabiles,
3325 729 3479 801 quod
3504 743 3598 783 me
3627 727 3755 783 sci-

2128 816 2262 871 licet
2290 817 2363 872 ad
2393 816 2785 872 conﬁtendum
2804 817 3237 889 etpsallendum
3252 817 3504 889 adjuvas,
3521 820 3577 872 et
3592 816 3756 873 alios

2130 906 2425 977 reprobas.
2449 904 2593 969 Quia
2621 922 2754 961 vero
2785 905 2830 960 si
2863 905 3135 977 ignorare
3164 905 3455 974 innuerat,
3488 923 3599 978 qua
3620 906 3750 961 dis-

2131 993 2413 1065 positione
2432 1010 2466 1048 a
2485 995 2600 1049 Deo
2623 994 3010 1065 adjuvaretur,
3026 1011 3158 1050 cum
3175 995 3341 1050 multi
3360 996 3757 1066 reprobaren-

2129 1083 2243 1144 tur,
2276 1098 2349 1137 ne
2378 1081 2642 1137 similiter
2668 1081 2937 1153 ignorare
2958 1086 3276 1157 putaretur,
3308 1085 3381 1140 ad
3408 1084 3545 1156 quid
3562 1087 3753 1139 essset

2132 1171 2419 1225 malorum
2452 1171 2803 1243 prosperitas
2834 1172 3167 1240 deventura,
3200 1172 3496 1228 interitum
3532 1189 3751 1228 eorum

2133 1257 2404 1325 ostendit,
2438 1275 2614 1331 quem
2643 1276 2740 1315 eos
2768 1260 3038 1331 ignorare
3083 1260 3238 1316 dicit.
3272 1261 3339 1315 Et
3360 1262 3469 1316 hoc
3499 1261 3634 1316 fecit
3663 1262 3751 1317 ad

2133 1346 2461 1402 auditorum
2485 1347 3057 1421 instructionem,ipsi
3078 1355 3141 1406 ut
3161 1350 3268 1405 sibi
3284 1354 3522 1407 caveant
3538 1369 3611 1406 ne
3632 1367 3751 1423 per

2133 1435 2547 1508 ignorantiam,
2581 1438 2655 1493 ad
2692 1438 2965 1493 eumdem
2994 1438 3296 1494 interitum
3332 1439 3588 1494 veniant.
3622 1440 3750 1495 Hoc

2134 1525 2328 1597 itaque
2346 1524 2423 1580 sic
2442 1526 2770 1597 adaptatur,
2800 1531 2863 1582 ut
2894 1527 3314 1599 aliquantulum
3340 1530 3499 1582 extra
3524 1528 3745 1583 librum

430 1626 556 1683 aliis
598 1624 695 1698 qui
739 1623 925 1679 adhuc
970 1620 1165 1675 idiota
1196 1619 1348 1683 sunt,
1389 1618 1447 1670 et
1475 1614 1572 1687 qui
1598 1612 1703 1669 sibi
1728 1613 1799 1669 ob
1830 1612 2039 1667 merita
2066 1677 2112 1698 ἡ
2137 1613 2489 1683 suppleatur.
2519 1613 2654 1669 Dico
2704 1615 2861 1687 quod
2910 1616 3033 1671 ista
3062 1618 3402 1686 cogitationes
3445 1622 3552 1670 tua
3583 1619 3749 1671 nimis

431 1677 828 1787 sua‘pdtanta
852 1712 970 1766 Deo
1000 1708 1058 1763 in
1091 1677 1532 1778 prosperitatem
1560 1702 1713 1758 dari:
1749 1702 1857 1756 hoc
1884 1698 2039 1772 quod
2066 1677 2114 1736 Β
2136 1677 2271 1755 sunt
2287 1702 2595 1772 pro/undae,
2618 1677 2862 1775 ideoque
2881 1677 3392 1775 ameigriorantur.
3415 1704 3529 1760 Hoc
3546 1712 3752 1760 autem

428 1805 495 1861 in
533 1800 852 1877 prosperite
897 1799 1030 1852 sunt
1076 1810 1181 1868 per
1237 1793 1338 1850 Dei
1384 1790 1840 1847 misericordiam
1894 1804 2038 1856 esse,

435 1896 494 1951 et
521 1891 712 1949 eundo
740 1889 815 1945 ad
844 1883 1307 1943 adnuntiandum
1335 1898 1456 1937 esse
1482 1884 1757 1938 veritatem
1788 1885 1933 1933 tuam
1943 1894 2044 1949 per

434 1987 659 2047 noctem,
686 1978 746 2034 id
775 1980 861 2034 est
889 1991 1008 2031 esse
1037 1989 1235 2029 verum
1250 1973 1308 2027 et
1327 1971 1550 2043 justum
1574 1968 1857 2040 judicium
1880 1969 2044 2021 tuum

436 2088 543 2143 per
580 2066 1007 2125 adversitatem.
1042 2061 1212 2127 Quod
1241 2062 1327 2115 est
1349 2059 1539 2114 dicere
1573 2075 1586 2113 :
1620 2058 1688 2111 Et
1725 2057 1835 2111 hoc
1872 2053 2045 2143 debet

437 2141 630 2215 idiotis
655 2151 989 2211 annuntiari
1021 2167 1056 2205 a
1085 2148 1399 2205 confitente
1436 2150 1495 2202 et
1530 2145 1833 2217 psallente,
1856 2141 1954 2215 qui
1983 2156 2043 2196 se

436 2250 646 2321 putant
670 2244 878 2316 injuste
899 2242 1134 2297 adversa
1156 2237 1298 2311 pati,
1329 2235 1481 2309 quod
1504 2252 1609 2308 per
1637 2237 1819 2289 totam
1840 2246 2043 2286 eorum

440 2334 849 2392 adversitatem
877 2345 976 2385 eos
1003 2328 1228 2400 justum
1261 2324 1361 2381 Dei
1386 2323 1671 2396 judicium
1712 2323 2043 2390 comitatur,

440 2423 656 2479 scilicet
678 2419 834 2493 quod
863 2415 1053 2473 omnis
1071 2429 1274 2470 eorum
1301 2411 1630 2479 adversitas,
1645 2412 1803 2483 justo
1824 2410 2044 2483 judicio

2140 1788 2479 1860 nonignoro
2501 1790 2654 1861 quod
2677 1791 2926 1862 insipiens
2953 1799 3001 1846 et
3028 1793 3217 1846 stultus
3237 1792 3559 1848 interibunt
3579 1796 3752 1847 insa-

2141 1878 2316 1932 culum
2344 1878 2538 1946 saeculi,
2571 1878 2629 1933 id
2655 1880 2740 1933 est
2768 1878 2825 1933 in
2849 1881 3157 1947 aternum,
3190 1897 3323 1935 cum
3346 1881 3457 1936 hoc
3487 1880 3559 1934 sit
3588 1880 3754 1952 quod

2140 1965 2232 2022 hic
2256 1966 2504 2022 ﬂoreant
2528 1967 2784 2023 breviter
2798 1970 2856 2022 et
2880 1968 3231 2037 transitorie,
3256 1968 3330 2024 ad
3361 1969 3600 2024 modum
3625 1968 3752 2024 feni

2142 2056 2301 2126 cujus
2327 2056 2433 2110 flos
2450 2055 2561 2110 cito
2584 2055 2815 2112 decidit.
2837 2056 3125 2113 Caeterum
3171 2060 3255 2113 vir
3281 2059 3547 2130 insipiens,
3576 2058 3635 2113 id
3659 2059 3755 2113 est

2143 2143 2391 2200 infidelis
2410 2144 2510 2217 qui
2531 2146 2716 2200 Deum
2743 2162 2862 2201 non
2886 2147 3053 2219 sapit,
3077 2154 3127 2202 et
3152 2147 3360 2215 stultus,
3380 2146 3439 2203 id
3468 2151 3554 2202 est
3573 2147 3753 2202 falsus

2144 2232 2515 2302 Christianus,
2542 2233 2639 2305 qui
2664 2250 2797 2289 cum
2837 2234 2939 2290 Dei
2985 2235 3252 2291 notitiam
3282 2236 3513 2303 habeat,
3544 2235 3756 2291 intelli-

2144 2338 2280 2393 gere
2307 2325 2497 2395 posset
2527 2322 2683 2395 quod
2711 2324 2847 2386 mali
2863 2324 3018 2395 justo
3034 2324 3249 2396 judicio
3280 2324 3382 2380 Dei
3410 2325 3750 2380 interibunt.

2145 2412 2341 2465 tamen
2354 2410 2742 2467 obstinatione
2764 2412 2999 2468 malitia
3013 2430 3129 2469 sua
3147 2416 3590 2482 excacatus,non
3604 2411 3757 2467 intel-

438 2511 546 2569 Dei
596 2506 899 2579 contingit.
931 2502 1261 2559 Notandum
1313 2500 1470 2573 quod
1512 2515 1645 2555 cum
1690 2500 1846 2571 prius
1883 2498 2049 2570 ponit
2148 2498 2420 2569 liqethac,
2447 2516 2581 2555 vero
2605 2501 2662 2554 et
2677 2500 3288 2570 efﬁcaciintellectu,ut
3307 2504 3569 2558 intereant
3588 2503 3755 2556 inse-

445 2600 636 2656 bonum
671 2611 791 2653 esse
812 2593 1055 2663 conﬁteri
1073 2597 1123 2645 et
1146 2588 1393 2661 psallere,
1420 2591 1620 2661 postea
1649 2605 1783 2643 vero
1822 2604 2047 2642 annun-

2149 2586 2329 2639 culum
2350 2588 2551 2656 saeculi,
2572 2587 2631 2643 id
2651 2591 2737 2644 est
2757 2593 2821 2645 ut
2843 2590 2900 2644 in
2915 2593 3198 2645 aternum
3221 2591 3334 2645 sint
3349 2590 3615 2647 morituri
3636 2607 3754 2644 om-

438 2689 607 2757 tiare,
622 2685 815 2742 innuit
832 2682 988 2757 quod
1005 2679 1163 2752 prius
1180 2692 1652 2749 unumquemque
1666 2676 1959 2731 decetDeo
1989 2672 2051 2728 in
2152 2689 2241 2729 nes
2258 2677 2351 2747 qui
2370 2680 2806 2748 perseveranter
2824 2686 3109 2749 operantur
3125 2677 3633 2751 iniquitatem.Cum
3642 2678 3753 2732 hoc

442 2794 503 2833 se
518 2772 780 2832 conﬁteri
795 2775 853 2827 et
865 2770 1131 2842 psallere,
1154 2768 1355 2840 postea
1366 2780 1501 2820 vero
1520 2763 1839 2820 istudidem
1853 2761 1975 2817 aliis
1993 2762 2052 2815 et
2151 2763 2223 2818 sit
2249 2765 2404 2836 quod
2422 2765 2514 2820 hic
2531 2767 2909 2836 exorti/uertat
2933 2770 3069 2823 sicut
3083 2769 3291 2839 fenum,
3324 2768 3382 2823 id
3397 2770 3485 2822 est
3511 2784 3642 2822 cum
3662 2766 3756 2821 hic

441 2866 703 2937 exemplo
718 2866 775 2918 et
791 2858 978 2917 verbis
999 2853 1635 2913 annuntiare.Ostendit
1653 2856 1847 2908 autem
1861 2852 1919 2906 in
1937 2865 2049 2937 quo
2151 2853 2437 2907 creverint
2456 2854 2514 2908 in
2537 2858 2767 2909 terrena
2797 2856 3197 2929 prosperitate,
3213 2857 3286 2911 ad
3314 2855 3754 2911 similitudinem

440 2956 566 3013 aliis
592 2936 650 3010 et
679 2952 750 3008 sit
778 2952 894 3007 Deo
921 2946 1307 3021 psallendum,
1341 2959 1472 2999 cum
1500 2942 1659 2998 addit
1683 2958 1695 2996 :
1729 2940 1864 2997 Dico
1894 2936 2049 3011 quod
2079 2963 2128 3023 Ο
2155 2939 2296 3009 feni,
2319 2942 2474 3013 quod
2492 2942 2603 2997 cito
2624 2943 2846 3011 crescit,
2863 2947 2922 2999 et
2939 2943 3049 3000 cito
3078 2944 3398 3012 marcescit,
3419 2947 3477 2999 et
3489 2960 3621 2998 cum
3644 2943 3757 2998 hoc

444 3044 638 3101 bonum
682 3046 759 3097 est
804 3038 1044 3111 psallere,
1109 3034 1325 3090 scilicet
1395 3031 1617 3087 bonum
1669 3032 1756 3085 est
1806 3027 2048 3101 psallere
2152 3028 2226 3083 sit
2258 3030 2413 3101 quod
2434 3030 2527 3085 hic
2555 3031 2928 3103 apparuerint
2956 3032 3160 3087 aliisin
3192 3033 3334 3089 ﬂore
3359 3031 3761 3105 prosperitatis

440 3134 500 3187 in
518 3130 772 3203 psalterio
801 3122 1141 3191 decachordo,
1174 3121 1234 3177 id
1263 3119 1421 3176 estin
1444 3117 1639 3173 anima
1669 3117 1870 3173 decem
1901 3131 2049 3203 prai-
2155 3133 2270 3171 sua
2300 3116 2507 3173 famosi
2538 3121 2596 3173 et
2623 3118 2856 3190 gloriosi
2884 3119 3057 3175 :Dico
3088 3121 3243 3192 quod
3271 3120 3379 3192 ipsi
3412 3119 3756 3175 interibunt.

442 3202 623 3292 ceptis
685 3216 827 3289 legis
890 3211 1301 3292 adornata;;k
1359 3205 1734 3262 similitudine
1799 3202 2054 3285 psalterii
2165 3204 2249 3258 Tu
2277 3212 2476 3274 autem,
2503 3205 2753 3274 Domine,
2786 3206 2910 3275 Fili,
2942 3209 3061 3280 qui,
3096 3208 3467 3281 omnipotens
3495 3210 3645 3265 visus
3676 3227 3760 3278 es,

444 3280 808 3371 decachordi,
851 3302 912 3357 id
954 3304 1038 3357 est
1320 3296 1521 3351 decem
1546 3292 1773 3348 chordis
1793 3280 2059 3347 adornati
2157 3293 2470 3349 Altissimus
2490 3295 2814 3367 apparebis,
2832 3294 2892 3351 id
2908 3299 2992 3351 est
3011 3280 3402 3367 omnipotens,
3417 3296 3475 3351 in
3493 3298 3764 3353 salvatio-

450 3396 657 3469 quibus
685 3392 936 3448 resonat.
975 3386 1141 3453 Quod
1181 3388 1265 3440 est
1311 3383 1500 3439 dicere
1536 3399 1549 3437 :
1584 3382 1809 3437 Bonum
1859 3381 1945 3435 est
1993 3395 2061 3434 ex
2160 3382 3139 3455 netuorum,etinjustaperditione
3160 3385 3767 3450 maloruszuoniam

447 3482 749 3542 affectione
761 3478 971 3535 anima
988 3477 1187 3533 decem
1208 3472 1637 3546 praceptorum
1668 3470 1881 3525 ornatu
1903 3483 2059 3523 reso-
2163 3486 2302 3543 ergo
2335 3469 2575 3539 dixerat,
2596 3478 2655 3525 ut
2676 3474 2958 3540 intereant,
2975 3475 3168 3545 posset
3193 3473 3393 3545 quari.
3418 3472 3605 3538 Quare
3626 3474 3773 3531 dicis

448 3574 625 3630 nante
645 3570 795 3627 bene
812 3563 1076 3640 .operari,
1105 3564 1165 3618 et
1193 3577 1313 3617 non
1348 3557 1669 3626 invite,sed
1687 3573 1807 3612 eum
1832 3557 2059 3622 cantico,
2163 3566 2223 3613 ut
2254 3558 2660 3614 intereant?Ad
2689 3559 2843 3632 quod
2874 3559 2952 3615 sic
2979 3560 3329 3631 respondet;
3362 3563 3513 3617 Bene
3545 3562 3681 3620 dico
3711 3572 3773 3619 αι

448 3661 510 3719 id
548 3662 635 3717 est
654 3674 786 3715 cum
826 3649 1453 3723 summajucunditate,
1479 3650 1538 3702 et
1564 3645 1860 3702 existendo
1892 3646 1948 3698 in
1992 3644 2064 3698 ci-
2165 3649 2446 3716 intereant,
2463 3648 2719 3721 quoniam
2737 3648 2982 3720 eccejam
3008 3649 3150 3704 mihi
3169 3652 3390 3704 certum
3420 3652 3506 3706 est
3529 3653 3594 3705 ut
3618 3667 3773 3722 pra-

378 3762 389 3771 ‘
452 3751 629 3816 thura,
678 3746 737 3802 id
780 3748 865 3802 est
902 3741 1090 3799 carnis
1134 3735 1601 3795 mortificatione.
1634 3735 1808 3790 Decet
1849 3733 2036 3806 quippi

2162 3752 2312 3804 sens,
2336 3737 2497 3809 quod
2523 3738 2726 3791 immici
2746 3739 2826 3791 tui
2854 3736 3114 3792 infideles
3127 3737 3383 3809 peribunt
3407 3738 3466 3792 in
3485 3738 3706 3807 futuro,
3723 3748 3775 3797 et

452 3854 688 3895 carnem
714 3832 1086 3897 mortiﬁcare,
1110 3845 1182 3884 ne
1195 3825 1312 3899 legi
1340 3823 1552 3881 mentis
1568 3822 1754 3879 valeat
1782 3836 2065 3892 repugna—
2166 3842 2345 3880 omnes
2369 3827 2465 3898 qui
2489 3832 2775 3897 operantur
2807 3828 3163 3898 iniquitatem,
3193 3826 3407 3883 scilicet
3451 3828 3581 3883 falsi
3606 3826 3773 3884 Chri-

452 3945 538 3984 re.
572 3949 599 3976 «
630 3923 737 3990 Qui
784 3921 942 3978 enim
971 3920 1106 3974 sunt
1151 3912 1380 3982 Christi,
1415 3927 1650 3967 carnem
1676 3925 1860 3978 suam,
1894 3911 1957 3965 ut
1985 3907 2066 3963 ait
2163 3913 2357 3981 stiaui,
2379 3914 2762 3985 ἀίφενρεηεαν,
2786 3914 2845 3969 id
2866 3916 2951 3968 est
2965 3915 3391 3986 separabantur
3413 3932 3446 3970 ἃ
3476 3916 3771 3972 consortio

454 4013 781 4086 Apostolus,
810 4006 1153 4078 cruciﬂgunt
1178 4002 1385 4076 (Galat.
1418 4017 1472 4068 v,
1504 4000 1615 4071 24).
1658 4019 1686 4047 n
2013 4084 2020 4086 Α

2165 4001 2744 4071 salvandorum.Quia
2765 4005 2961 4056 autem
2981 4002 3317 4073 repetitecce
3341 4004 3549 4058 inimici
3569 4005 3668 4070 tui,
3698 4004 3774 4059 ad

532 4098 1002 4157 Ostenditautem
1022 4084 2068 4157 adhumilitatisexemplum,perquid
2167 4090 2452 4161 majorem
2492 4089 2861 4144 inimicorum
2918 4090 3391 4161 perterritionem
3431 4091 3584 4146 facit.
3634 4092 3770 4147 Dico

461 4190 515 4247 ei
538 4190 761 4246 bonum
787 4183 858 4239 sit
885 4183 1003 4238 Deo
1032 4176 1294 4234 confiteri
1328 4178 1386 4231 et
1412 4175 1676 4246 psallere,
1704 4189 1836 4228 cum
1866 4172 2027 4228 addit
2051 4189 2064 4227 :
2092 4246 2130 4251 _
2167 4177 2321 4250 quod
2338 4176 2444 4249 ipsi
2453 4177 2705 4249 peribunt
2730 4184 2780 4231 et
2808 4177 3333 4249 dispergentur,etex
3346 4178 3583 4251 opp05io
3604 4197 3772 4235 cornu

460 4246 599 4337 Dico
622 4273 778 4349 quod
799 4272 993 4328 bonum
1016 4273 1092 4323 est
1109 4265 1225 4321 Deo
1254 4264 1503 4333 conﬁteri
1516 4268 1567 4317 et
1595 4261 1847 4334 psallere,
1874 4264 1933 4316 et
1956 4262 2069 4349 hoc
2091 4246 2144 4305 D
2168 4246 2565 4332 meum—idest
2584 4246 2904 4321 sublimitas
2923 4246 3199 4321 virtutum
3228 4246 3516 4334 mearum,
3534 4269 3621 4323 vel
3642 4285 3775 4341 spes

463 4348 826 4439 ipsumquod
858 4357 1001 4415 mihi
1028 4356 1249 4412 bonum
1267 4354 1376 4416 est,
1395 4366 1514 4406 non
1537 4353 1623 4406 est
1650 4366 1718 4405 ex
1741 4348 1974 4417 me,sed
2002 4365 2069 4404 ex
2169 4369 2301 4408 mea
2328 4369 2456 4424 qua
2481 4352 2644 4408 fortis
2666 4355 2771 4421 est,
2794 4355 2853 4408 et
2881 4353 2939 4408 in
2968 4354 3149 4409 altum
3175 4370 3505 4410 excrescens
3535 4356 3611 4411 ad
3640 4372 3773 4412 mo-

463 4436 522 4511 to
548 4450 810 4509 Domine.
856 4446 967 4515 Qui
1017 4442 1289 4499 delectasti
1313 4455 1415 4507 me,
1446 4438 1506 4493 id
1536 4439 1622 4492 est
1664 4452 1759 4491 me
1798 4436 2071 4492 delectari
2168 4441 2309 4496 dum
2339 4455 2539 4508 cornu,
2562 4440 2897 4510 exaltabitur,
2925 4439 2985 4496 id
3002 4445 3087 4495 est
3117 4442 3303 4514 magis
3331 4446 3388 4498 et
3407 4443 3593 4515 magis
3614 4443 3673 4498 in
3694 4446 3778 4499 al-

465 4539 671 4608 fecisti,
690 4538 941 4599 Domine,
962 4536 1019 4588 in
1045 4533 1261 4603 factura
1283 4535 1397 4597 tua,
1420 4526 1478 4582 id
1510 4529 1595 4582 est
1622 4525 1681 4581 in
1711 4523 2070 4580 confessione
2168 4532 2293 4584 tum
2306 4528 2900 4600 promovebitur,sicut
2914 4530 3268 4597 unicornis,id
3281 4533 3364 4585 est
3381 4533 3578 4603 utpote
3589 4548 3779 4588 cornu

469 4634 527 4688 et
548 4628 769 4703 psalmo
788 4622 945 4698 quod
955 4620 1138 4677 fecisti
1166 4635 1287 4675 esse
1304 4618 1365 4673 in
1383 4632 1499 4683 me,
1521 4618 1579 4670 et
1609 4614 1681 4669 ab
1703 4614 1811 4669 hac
1823 4613 2036 4703 delecta

2170 4632 2364 4671 meum
2381 4616 2477 4688 qui
2490 4616 2780 4671 unicornis
2789 4632 2913 4672 sum
2924 4615 3156 4685 ,scilicet
3167 4634 3341 4673 unam
3355 4617 3575 4673 habens
3581 4636 3749 4703 spem

469 4636 527 4688 et
548 4636 769 4703 psalmo
788 4636 1138 4698 quoutectsu
1166 4636 1287 4675 esse
1304 4636 1365 4673 ιιι
1383 4636 1499 4683 me,
1521 4636 1579 4670 et
1609 4636 1681 4669 an
1703 4636 1811 4669 nuc
1823 4636 2072 4669 ueiecia-
2170 4636 2364 4671 meum
2381 4636 3341 4688 quiumcormssum,sculcetunam
3356 4636 3610 4673 nanenss
3653 4636 3776 4688 em,

467 4708 628 4775 tione
658 4730 776 4770 non
800 4710 1094 4776 desistam,
1126 4707 1227 4763 sed
1256 4706 1697 4779 perseveranter
1719 4702 1987 4757 exsultatio
2017 4704 2073 4756 in
2171 4704 2347 4759 ﬁdem
2371 4706 2429 4759 et
2448 4703 2811 4771 charitatem,
2844 4721 2962 4760 non
2988 4703 3223 4760 diversis
3238 4705 3547 4762 haresibus

470 4805 708 4879 operibus
735 4814 995 4856 manuum
1026 4802 1260 4863 tuarum,
1304 4792 1364 4848 id
1403 4794 1488 4847 est
1524 4790 1584 4846 in
1615 4789 2072 4846 consideratione
2173 4791 2501 4865 implicitus.
2538 4790 2616 4846 Et
2649 4791 2709 4847 in
2756 4791 2948 4848 futuro
2994 4800 3229 4849 senectus
3255 4811 3391 4857 mea,
3437 4792 3497 4849 id
3539 4798 3626 4850 est
3660 4796 3779 4853 vita

470 4888 845 4952 confessionis
864 4889 923 4943 et
940 4882 1169 4959 psalmi,
1186 4896 1313 4955 qua
1326 4882 1459 4936 sunt
1471 4894 1647 4951 opera
1659 4895 1940 4934 manuum
1955 4881 2075 4934 tua—
2172 4879 2315 4936 mihi
2344 4882 2475 4952 post
2490 4882 2761 4948 mortem,
2776 4896 2810 4935 a
2825 4881 2964 4948 Deo,
2996 4880 3288 4950 donanda,
3313 4899 3441 4954 qua
3463 4882 3677 4939 dicitur
3693 4902 3779 4941 se.

470 4980 699 5050 rum.id
719 4973 1169 5048 estsratiaetuw,
1193 4985 1320 5042 quae
1340 4983 1548 5022 manus
1568 4982 1823 5038 congrue
1841 4966 2067 5036 dicitur.
2171 4971 2389 5036 nectus,
2420 4984 2488 5023 eo
2520 4967 2676 5039 quod
2710 4967 3019 5023 novissima
3066 4968 3196 5036 erit,
3224 4969 3298 5024 ad
3330 4969 3775 5027 similitudinem

469 5090 538 5129 eo
566 5067 722 5143 quod
753 5081 859 5139 per
880 5077 1012 5119 eam
1034 5058 1309 5133 operaris,
1324 5060 1383 5112 et
1395 5054 1601 5111 merito
1615 5055 1675 5109 in
1693 5055 1781 5109 his
1802 5055 2070 5128 Operibus
2167 5054 2629 5127 senectutis,qua
2650 5054 2960 5110 novissima
2980 5072 3114 5127 pars
3131 5056 3355 5112 estvita
3368 5057 3643 5126 hominis,
3663 5061 3775 5116 erit

469 5142 785 5217 exsultabo.
806 5153 950 5208 Nam
983 5166 1147 5223 quam
1172 5145 1535 5218 magni/irata,
1566 5143 1625 5199 id
1655 5146 1741 5198 est
1763 5143 1924 5198 valde
1951 5158 2070 5198 ma-
2168 5145 2224 5197 in
2250 5142 2609 5197 misericordia
2629 5142 2796 5210 uberi,
2812 5142 2869 5198 id
2892 5143 3411 5214 estcopiosa.Quod
3434 5150 3519 5200 est
3543 5146 3769 5203 dicere:

467 5247 761 5324 gniﬁcata,
787 5247 909 5297 sunt
939 5239 998 5295 in
1026 5254 1144 5305 me,
1164 5236 1286 5291 hac
1306 5251 1461 5306 opera
1488 5239 1601 5299 tua,
1640 5231 1887 5324 Domine.
1922 5230 2066 5295 Quia
2167 5230 2315 5286 Cum
2341 5230 2431 5284 hic
2450 5231 2548 5324 Dei
2571 5230 2678 5324 sim
2697 5231 2937 5324 adeptus
2957 5231 3432 5324 misericordiam,
3454 5249 3559 5305 per
3578 5251 3774 5306 pecca-

461 5317 596 5392 vero
611 5334 802 5406 posset
829 5330 901 5385 ab
919 5327 1111 5399 aliquo
1135 5319 1820 5398 quari,quandoquidem
1839 5336 1944 5391 per
1959 5321 2059 5376 Dei
2164 5321 2357 5374 torum
2387 5317 2809 5385 remissionem,
2827 5317 2883 5372 in
2907 5318 3097 5373 futuro
3118 5318 3409 5389 copiosam
3441 5320 3769 5377 misericor-

459 5405 706 5497 gratiam
729 5420 879 5475 bene
905 5412 1229 5487 operariset
1253 5409 1464 5483 psallis,
1492 5423 1670 5497 quare
1694 5405 1868 5461 etiam
1895 5406 2057 5497 qu’li-
2155 5406 2382 5497 diamin
2394 5408 2685 5497 senectute
2698 5422 2829 5497 mea
2840 5406 3620 5497 adipiscarcumimmortaljs
3632 5410 3767 5466 [iam

454 5494 828 5571 bet‘ﬁmlusab
843 5504 1051 5562 eadem
1072 5499 1259 5576 gratia
1274 5498 1348 5557 ad
1364 5499 1471 5556 hoc
1483 5496 1719 5572 quidem
1738 5512 1855 5553 non
1887 5496 2048 5569 adju-
2155 5499 2213 5554 et
2230 5494 2616 5570 impassibilis.
2632 5495 2730 5551 Vel
2750 5495 2827 5551 sic
2845 5496 2933 5551 :Et
2947 5503 3179 5553 senectus
3199 5514 3336 5566 mea,
3356 5495 3413 5553 id
3434 5499 3521 5553 est
3536 5514 3770 5559 morum
