4008 6040
3662 321 3814 384 H36

492 454 652 514 addit
685 474 699 514 :
734 450 1003 522 Quamvis
1027 471 1090 511 ex
1137 461 1260 510 tunc
1313 451 1453 510 sedes
1504 456 1596 508 tua
1647 453 1744 509 erit
1775 457 1996 525 parata,
2027 455 2090 507 tu
2115 454 2171 515 Α
2200 453 2530 523 Ecclesiam,
2566 471 2694 528 quia
2725 452 2826 512 Dei
2852 455 3008 511 terra
3037 456 3142 522 est,
3175 449 3437 510 doctrina
3465 449 3722 509 ﬁrmiter
3749 454 3816 509 et

489 550 688 604 tamen
715 564 765 602 es
784 565 816 602 a
845 545 1053 612 saeculo,
1078 543 1135 600 id
1169 548 1252 599 est
1277 544 1349 599 ab
1375 546 1616 610 aeterno,
1639 542 1762 596 sine
1785 540 2089 613 principio.
2193 547 2455 616 exemplo
2479 561 2579 600 suo
2608 544 3008 600 illuminaturi.
3030 546 3110 599 De
3140 543 3344 616 quibus
3371 542 3492 614 ipse
3518 542 3810 598 Dominus

561 637 669 691 Per
692 637 801 691 hoc
823 635 999 707 igitur
1021 633 1162 688 sedes
1192 633 1291 686 tibi
1319 631 1635 702 parabitur,
1655 634 1713 685 et
1743 630 1898 685 orbis
1927 634 2093 686 terra:
2194 633 2331 688 dicit
2359 651 2371 687 :
2408 655 2437 686 α
2479 633 2686 687 Luceat
2715 633 2809 686 lux
2859 635 3048 687 vestra
3099 648 3295 685 coram
3347 630 3706 696 hominibus,
3745 633 3810 684 ut

491 327 628 390 H35
664 325 669 330 “
1097 326 1156 387 S.
1196 323 1541 385 BRUNONIS
1581 320 2214 383 CARTIIUSIANORUM
2253 322 2717 386 INSTI’I‘UTORIS
2759 326 2914 385 OPP.
2956 322 3132 386 PARS
3171 325 3193 386 I

492 725 839 790 ﬁrmatibur,
871 722 1146 795 quoniam
1181 723 1430 789 ﬂumina,
1482 719 1541 774 id
1577 722 1661 774 est
1705 719 1969 790 apostoli,
1997 718 2095 790 qui

486 813 662 870 corda
692 813 751 868 in
782 811 1033 866 ﬁdelium
1067 809 1330 865 doctrina
1360 807 1705 879 irrigabunt,
1739 807 2091 874 elevaverunt,

486 901 713 957 Domine
737 917 910 954 vocem
939 916 1110 963 suam,
1145 897 1203 951 id
1238 899 1323 951 est
1352 897 1660 950 elevabunt
1695 912 1897 951 vocem
1945 911 2092 966 prte-

489 989 792 1045 dicationis
804 1004 917 1043 suae
935 1003 1060 1058 quae
1095 988 1304 1040 timore
1333 985 1603 1056 depressa
1631 983 1738 1038 fuit
1762 984 1823 1038 in
1855 983 1936 1038 tui
1965 1000 2091 1054 pas-

487 1078 670 1134 sione.
724 1076 1046 1141 Elevabunt,
1098 1074 1360 1145 inquam,
1417 1075 1647 1141 ﬂumina
1687 1089 1863 1127 vocem
1915 1090 2087 1127 suam.

485 1167 601 1222 Hoc
630 1165 822 1236 itaque
871 1162 1081 1233 repetit
1121 1163 1193 1216 ad
1235 1160 1760 1227 conﬁrmationem,
1791 1165 1848 1214 et
1889 1163 2092 1215 contra

483 1268 681 1308 vocem
696 1253 905 1307 horum
925 1249 1236 1304 ﬂuminum
1250 1248 1362 1303 alia
1371 1250 1620 1317 ﬂumina,
1635 1247 1849 1302 scilicet
1875 1247 2092 1302 terreni

484 1341 791 1413 principes,
825 1339 922 1411 qui
961 1338 1204 1392 ﬁumina
1254 1336 1542 1403 dicuntur,
1581 1353 1648 1391 eo
1689 1335 1845 1406 quod
1887 1351 2091 1390 eorum

484 1447 623 1486 cura
650 1429 710 1484 in
734 1428 1023 1483 subditam
1051 1426 1287 1497 plebem
1320 1425 1620 1490 decurrat;
1655 1441 1688 1478 a
1713 1423 2088 1478 similitudine

484 1517 881 1584 ﬂuminum,in
895 1531 1054 1570 mare
1069 1511 1889 1568 decurrentiumﬂlevavcrunt
1898 1515 2090 1584 ﬂuctus

485 1621 630 1673 suos,
661 1604 722 1659 id
765 1606 850 1659 est
889 1601 1195 1658 elevabuni
1233 1599 1660 1673 persecutiones
1705 1617 1853 1667 suas,
1885 1601 2092 1672 quibus

487 1710 586 1750 eos
610 1693 670 1748 in
696 1694 951 1748 mortem
977 1691 1342 1761 demergunt,
1360 1689 1432 1744 ad
1455 1689 1695 1745 modum
1718 1689 2093 1744 ﬁuctuum.Et

2192 722 2424 776 videant
2451 739 2628 794 opera
2659 724 2851 776 vestra
2882 722 3057 789 bona,
3091 724 3149 775 et
3192 719 3519 792 gloriﬁcent
3565 721 3806 774 Patrem

2192 813 2466 878 vestrum,
2502 810 2600 881 qui
2636 810 2695 864 in
2729 809 2881 865 ccnlis
2924 814 3009 864 est
3059 808 3245 879 (Matt.
3297 826 3351 875 v,
3399 807 3512 879 l6).
3550 808 3651 862 Vel
3697 808 3803 874 sic,

2187 899 2350 970 juxta
2378 899 2871 969 B.Hieronymum
2902 915 2913 952 :
2944 896 3122 952 David
3153 895 3436 967 designati
3452 903 3640 967 quarta
3654 894 3802 950 Sab-

2195 989 2324 1054 bati,
2344 987 2402 1042 id
2425 991 2509 1042 est
2526 1004 2629 1060 per
2649 990 2928 1060 quartam
2944 985 3101 1041 diem
3128 985 3621 1056 septimanae,quae
3643 983 3806 1055 apud

2192 1076 2422 1131 Latinos
2453 1076 2573 1131 dies
2602 1075 2861 1130 Mercurii
2893 1074 3118 1130 dicitur.
3156 1073 3419 1143 Congrue
3452 1072 3666 1145 quippe
3697 1088 3804 1143 per

2192 1167 2460 1236 quartam
2483 1164 2661 1232 diem,
2696 1163 2894 1218 ﬁdeles
2922 1162 3292 1235 perfectiores
3318 1162 3377 1216 in
3402 1161 3641 1216 scientia
3658 1160 3807 1215 acci-

2191 1250 2612 1322 piuntur.Sicut
2627 1250 2788 1306 enim
2801 1250 2922 1305 dies
2947 1253 3153 1320 quarta
3171 1249 3229 1302 in
3244 1248 3436 1303 medio
3453 1248 3804 1318 septimanae

2192 1338 2460 1406 existens,
2491 1344 2608 1394 tres
2635 1339 2756 1394 dies
2783 1339 2959 1393 habet
2989 1338 3401 1408 praecedentes,
3431 1339 3489 1391 et
3522 1340 3638 1391 tres
3660 1336 3803 1391 sub-

2189 1431 2514 1498 sequentes,
2550 1428 2630 1482 ita
2658 1431 2716 1482 et
2760 1427 2998 1499 perfecti
3043 1426 3147 1481 viri
3171 1425 3310 1480 Novi
3334 1424 3711 1491 Testamenti,
3741 1424 3802 1481 in

2191 1517 2384 1572 medio
2399 1517 2644 1571 duorum
2660 1520 3162 1581 testamentorum,
3183 1515 3402 1569 Veteris
3423 1514 3634 1569 scilicet
3654 1531 3803 1585 prte-

2191 1605 2464 1672 cedentis,
2485 1610 2541 1660 et
2560 1605 2698 1660 Novi
2722 1604 3124 1676 subsequentis
3139 1604 3408 1670 existunt,
3427 1603 3566 1658 dum
3585 1602 3798 1656 utrius-

2192 1711 2302 1764 que
2333 1695 2718 1765 complctores
2750 1710 2871 1749 esse
2903 1696 3192 1764 satagunt.
3216 1694 3339 1747 Duo
3371 1691 3581 1763 quippe
3607 1691 3801 1746 Testa.

482 1783 594 1839 hoc
625 1780 926 1851 continget
958 1796 990 1832 a
1028 1777 1237 1833 vocibus
1266 1795 1528 1850 aquarum
1565 1777 1878 1844 multarum,
1907 1777 1964 1832 id
2009 1781 2093 1832 est
2113 1772 2164 1831 B
2192 1786 2520 1855 menta,per
2541 1782 2863 1837 ternarium
2883 1797 3192 1836 numerum
3215 1778 3803 1853 competenterintel-

483 1871 720 1944 propter
743 1883 908 1923 voces
936 1869 1252 1922 multarum
1282 1865 1566 1938 gentium,
1599 1883 1726 1938 quae
1753 1866 1826 1920 ad
1849 1865 2090 1920 modum

485 1974 650 2030 aqua
678 1959 850 2012 erunt
872 1955 1187 2012 instabiles.
1220 1953 1386 2018 Quod
1415 1957 1500 2009 est
1531 1955 1748 2009 dicere:
1769 1955 1900 2009 Ideo
1926 1953 2087 2025 prin-

484 2045 638 2118 cipes
667 2061 766 2100 eos
799 2045 1238 2115 persequentur,
1272 2042 1406 2114 quia
1435 2046 1636 2113 gentes
1673 2042 1936 2114 plurimas
1991 2057 2087 2096 eos

487 2133 762 2206 profanos
790 2135 845 2187 et
874 2131 1181 2202 sacrilegos
1216 2147 1337 2186 esse
1387 2129 1803 2201 dijudicabunt.
1834 2132 1932 2185 Vel
1961 2130 2038 2184 sic
2069 2146 2082 2184 :

490 2223 561 2278 Et
575 2223 685 2278 hoc
705 2220 1006 2292 continget
1031 2237 1063 2272 a
1090 2220 1301 2273 vocibus
1329 2236 1589 2290 aquarum
1617 2221 1929 2281 multarum,
1953 2234 2086 2290 pro-

491 2314 622 2384 pter
632 2326 798 2365 voces
810 2309 1127 2365 multorum
1146 2307 1590 2380 praedicatorum
1600 2305 1968 2374 ,scilicetideo
1989 2323 2087 2362 eos

489 2396 1078 2472 persequentur,quia
1095 2412 1199 2468 per
1228 2411 1325 2450 eos
1357 2396 1567 2449 multos
1591 2395 1730 2450 alios
1753 2412 1928 2466 aquas
1940 2395 2089 2450 efﬁci

485 2487 782 2553 dolebunt,
829 2485 890 2539 id
942 2487 1027 2538 est
1078 2483 1213 2556 quia
1258 2484 1469 2537 multos
1521 2483 1965 2538 considerabunt
2015 2483 2090 2538 ad

484 2575 814 2647 exemplum
845 2589 1068 2640 eorum,
1092 2572 1218 2626 fore
1245 2571 1625 2643 adaquatores
1653 2571 1958 2626 hominum
1986 2589 2090 2644 per

485 2662 831 2720 doctrinam.
862 2661 996 2716 Dico
1041 2659 1196 2732 quod
1249 2659 1558 2714 elevabant
1603 2658 1824 2726 ﬂuctus,
1858 2663 1915 2714 et
1965 2659 2088 2716 istae

483 2754 648 2808 elatas
661 2749 1088 2822 persecutiones
1100 2747 1428 2821 principum
1440 2748 1622 2803 Deum
1645 2748 2088 2804 amaricantium

2187 1869 2465 1940 liguntur,
2496 1887 2564 1926 eo
2588 1871 2744 1942 quod
2757 1873 3001 1941 utroque
3021 1870 3411 1934 Testamento,
3432 1867 3477 1922 si
3502 1884 3634 1922 cum
3667 1866 3799 1921 dili-

2188 1959 2384 2028 gentia
2411 1962 2706 2025 notentur,
2734 1957 2869 2012 ﬁdei
2899 1961 3112 2012 sanctas
3154 1955 3448 2012 Trinitatis
3492 1955 3799 2010 instructio

2188 2045 2530 2102 inveniatur.
2587 2049 2650 2101 In
2699 2046 2884 2101 Veteri
2933 2063 3186 2117 namque
3240 2046 3609 2099 Testamento
3654 2043 3801 2098 ﬁdes

2184 2134 2477 2190 Trinitatis
2535 2135 2878 2202 insinuatur,
2931 2134 3026 2190 ubi
3081 2135 3152 2204 de
3212 2134 3504 2188 Abraham
3557 2131 3798 2204 legitur,

2189 2245 2217 2274 ‹‹
2248 2226 2364 2278 tres
2394 2223 2627 2292 vidit,et
2649 2241 2829 2278 unum
2862 2222 3291 2293 adoravit(Gen.
3313 2239 3468 2287 xvm,
3498 2223 3573 2291 3).
3602 2242 3630 2269 »
3650 2221 3802 2284 Quia

2187 2329 2319 2366 vero
2350 2313 2472 2367 haec
2503 2311 2708 2368 eadem
2741 2311 2883 2367 ﬁdes
2913 2311 2969 2366 in
3002 2313 3156 2367 Novo
3191 2309 3799 2380 denotatur,exemplo

2188 2400 2490 2472 multiplici
2511 2400 2866 2455 manifestari
2892 2401 3259 2472 potest.Bene
3282 2399 3517 2470 quidem
3538 2398 3800 2470 psalmus

2188 2488 2314 2555 iste,
2350 2490 2469 2544 laus
2493 2489 2753 2560 jucunda
2800 2489 3056 2543 ﬁdelium
3104 2487 3330 2543 dicitur.
3379 2489 3440 2541 In
3479 2487 3590 2541 hoc
3634 2484 3798 2540 enim

2187 2579 2410 2648 psalmo
2444 2577 2642 2632 ﬁdeles
2672 2578 2731 2631 in
2762 2577 2998 2632 scientia
3030 2575 3290 2649 perfecti,
3325 2578 3561 2645 agentes
3593 2576 3799 2628 contra

2187 2664 2360 2721 falsos
2393 2665 2747 2721 Christianos
2771 2665 3182 2737 impunitatem
3213 2663 3526 2718 criminum
3555 2678 3794 2717 suorum

2188 2753 2291 2809 sibi
2316 2754 2933 2824 promittentes,Deum
2957 2753 3360 2820 laudant,dum
3383 2768 3515 2806 eum
3533 2751 3797 2806 asserunt

482 2824 948 2913 376mirabiles
968 2841 1138 2892 erunt
1167 2853 1286 2908 pra:
1315 2834 1594 2891 nimiasui
1618 2836 2007 2892 immensitate
2031 2841 2088 2893 et
2178 2843 2576 2913 judicaturum
2609 2843 2828 2898 ultione
2868 2843 3043 2914 justa,
3079 2857 3222 2912 quos
3249 2840 3343 2894 hic
3382 2839 3625 2894 sustinet
3663 2838 3796 2894 miti

479 2927 1099 3002 asperitate.Casterum
1118 2925 1383 2981 Dominus
1397 2924 1507 2979 erit
1527 2925 1716 2996 magis
1740 2926 1998 2980 mirabilis
2027 2927 2084 2982 in

2186 2930 2483 3002 patientia.
2515 2929 2845 2985 Concessive
2873 2946 3102 3001 quoque
3134 2931 3332 3000 agunt,
3365 2926 3437 2980 de
3469 2943 3673 2982 eorum
3701 2943 3796 2981 re-

476 3018 566 3114 his
588 3017 708 3072 altis
725 3019 782 3071 et
796 3013 1101 3114 profundis
1114 3013 1460 3114 stationibus
1494 3013 1763 3114 sedandis
1783 3030 1795 3067 ε
1814 3013 1976 3112 Quod
2003 3017 2088 3068 est
2110 3055 2157 3114 Ο
2187 3019 2500 3074 tributione
2529 3018 2940 3081 damnationis,
2967 3021 3026 3072 et
3057 3034 3129 3072 ne
3153 3015 3454 3070 videantur
3484 3015 3564 3070 eis
3584 3015 3798 3087 impre-

480 3106 669 3162 dicere
701 3103 1011 3160 :Dominus
1043 3101 1279 3174 quidem
1313 3100 1446 3156 ideo
1474 3100 2084 3174 mirabiliorerit,quo-

478 3195 637 3250 niam
664 3195 766 3248 has
789 3191 1085 3258 elationes,
1119 3205 1235 3262 qua
1263 3190 1408 3243 hora
1445 3188 1708 3257 voluerit,
1749 3189 1988 3247 sedabit.
2020 3193 2088 3247 Et

476 3299 581 3356 per
600 3283 708 3337 hoc
735 3297 853 3346 eas,
878 3295 911 3334 ο
930 3276 1446 3345 Domine,sedabis,
1465 3276 1601 3348 quia
1632 3280 1927 3333 testimonia
1969 3287 2082 3348 tua,

473 3370 532 3425 id
565 3372 650 3425 est
679 3368 969 3440 praecepta
1006 3368 1125 3429 tua,
1169 3365 1243 3420 ab
1279 3364 1552 3436 apostolis
1591 3366 1921 3434 praedicata,
1956 3385 2085 3441 quas

474 3457 853 3514 testiﬁcantur
883 3453 1063 3508 vitam
1090 3451 1522 3524 complentibus
1553 3469 1640 3521 ea,
1672 3454 1819 3523 facta
1849 3464 1993 3524 sunt,
2025 3457 2085 3513 id

473 3549 559 3603 est
586 3547 730 3602 ﬁent
757 3542 865 3615 ipsi
894 3541 1041 3598 mari
1069 3543 1228 3596 nimis
1257 3540 1549 3608 credibilia,
1571 3546 2083 3618 quantumcunque

469 3635 772 3692 videantur
805 3631 856 3688 ei
907 3630 967 3685 in
1011 3629 1214 3703 primis
1254 3628 1689 3685 abominabilia.
1723 3632 1790 3686 Et
1834 3623 1939 3704 per
1974 3635 2082 3690 hoc

469 3723 658 3800 ipsum
687 3737 849 3777 mare
879 3717 1341 3786 factum,domum
1369 3724 1517 3772 tuam
1543 3719 1602 3774 in
1621 3735 1734 3790 qua
1755 3720 2085 3790 spiritaliter

470 3811 779 3873 inhabites,
810 3809 951 3864 decet
983 3806 1286 3863 sanctitudo
1316 3808 1435 3872 tua,
1470 3805 1528 3882 id
1555 3809 1640 3860 est
1671 3806 1896 3862 decebit
1927 3826 2081 3864 sanc-

473 3903 642 3959 titudo
673 3915 707 3954 a
734 3901 791 3953 te
819 3895 1209 3959 danda.Quod
1236 3896 1321 3950 est
1353 3893 1544 3949 dicere
1579 3910 1592 3948 :
1624 3895 1732 3948 Per
1784 3896 1892 3950 hoc
1927 3898 2083 3968 quod

473 3987 811 4047 testimonia
843 3988 942 4039 tua
991 3983 1250 4051 credent,
1290 3982 1498 4037 domus
1524 3984 1623 4035 tua
1653 3982 1994 4053 efﬁciantur,
2025 3990 2082 4041 et

477 4075 707 4134 decenti
722 4073 1026 4128 sanctitate
1042 4069 1739 4125 adornabuntur.Domum
1761 4077 1906 4125 tuam
1927 4073 2074 4140 dico,

474 4165 689 4220 ituram
725 4177 829 4233 per
859 4159 1226 4214 sanctitatem
1257 4159 1322 4212 in
1352 4157 1731 4226 longitudinem
1760 4159 1987 4228 dierum,
2019 4161 2078 4216 id

478 4255 563 4310 est
590 4251 650 4307 in
681 4249 856 4304 vitam
904 4249 1204 4313 aeternam,
1238 4261 1364 4318 quae
1396 4261 1501 4316 per
1530 4245 1852 4316 emphasim
1895 4249 2076 4320 longi-

2187 3109 2323 3174 cari,
2339 3111 2772 3180 conqueruntur
2789 3107 2859 3162 de
2877 3121 3078 3161 eorum
3092 3105 3598 3177 iniquitate,quam
3617 3104 3798 3159 etiam

2185 3212 2290 3267 per
2351 3199 2540 3267 partes
2584 3195 2914 3250 ostendunt.
2961 3193 3358 3248 Adhortantur
3413 3193 3592 3246 etiam
3644 3192 3800 3264 ipsos

2186 3284 2369 3339 malos
2396 3284 2469 3338 ad
2489 3286 2645 3338 recte
2668 3282 2995 3350 vivendum,
3013 3281 3529 3352 etintelligendum
3556 3280 3630 3335 de
3651 3281 3797 3348 Deo,

2186 3372 2355 3427 certis
2385 3373 2707 3427 rationibus
2738 3371 3105 3427 ostendentes
3127 3368 3409 3441 quoniam
3437 3369 3556 3440 ipse
3587 3385 3800 3424 eorum

2185 3460 2510 3532 impietates
2525 3464 2584 3516 et
2612 3459 2879 3531 intelligit
2903 3463 2959 3514 et
2984 3459 3156 3524 videt,
3173 3461 3231 3513 et
3263 3458 3322 3513 in
3354 3458 3545 3512 futuro
3566 3458 3798 3528 puniet,

2184 3551 2241 3602 et
2272 3549 2587 3605 ostendunt
2617 3549 2907 3603 bonorum
2931 3546 3329 3601 tribulationes
3356 3562 3473 3601 non
3501 3544 3573 3599 ad
3589 3561 3801 3600 eorum

2184 3639 2388 3693 cedere
2435 3638 2846 3708 repulsionem,
2901 3636 3000 3691 sed
3043 3635 3113 3689 ad
3165 3633 3610 3690 beatitudinem.
3645 3633 3803 3698 Quos

2185 3727 2359 3781 etiam
2391 3728 2576 3782 bonos
2597 3727 2917 3782 admonent
2938 3724 3010 3780 ad
3033 3723 3226 3794 impiis
3255 3723 3798 3791 contradicendum,

2182 3813 2260 3868 sic
2283 3819 2480 3869 tamen
2503 3818 2700 3868 utnon
2725 3814 2782 3868 in
2795 3811 2983 3878 se,sed
3001 3812 3058 3865 in
3079 3809 3325 3865 Domino
3345 3826 3461 3864 non
3487 3808 3799 3866 deﬁciendi

2181 3901 2452 3956 ﬁduciam
2495 3901 2766 3956 habeant.
2799 3900 2866 3953 Et
2892 3901 3000 3954 hoc
3028 3901 3215 3954 totum
3251 3897 3314 3952 ﬁt
3343 3898 3417 3952 ad
3458 3898 3796 3952 instructio-

2182 4005 2320 4044 nem
2354 3989 2693 4055 idiotarum,
2724 3987 2820 4060 qui
2849 4004 2980 4042 cum
3010 3987 3244 4042 videant
3281 3985 3599 4057 impiorum
3629 4003 3794 4057 pros-

2180 4076 2486 4148 peritatem
2521 4081 2580 4130 et
2610 4078 2899 4131 bonorum
2928 4075 3359 4141 adversitatem,
3385 4073 3792 4145 indignantur,

2185 4163 2523 4236 ignorantes
2554 4164 2626 4219 ad
2654 4164 2791 4236 quid
2816 4165 2938 4218 haec
2970 4180 3001 4218 a
3033 4165 3149 4218 Deo
3177 4162 3608 4234 permittantur.

2249 4252 2396 4307 Deus
2427 4253 2709 4320 ultionum,
2743 4257 3015 4325 Operator
3039 4251 3303 4305 Dominus
3328 4250 3484 4305 enim
3515 4236 3792 4316 est.Deus,

478 4341 616 4398 tudo
653 4338 880 4394 dierum
920 4334 1147 4401 dicitur,
1179 4350 1247 4390 eo
1277 4333 1434 4406 quod
1458 4350 1759 4405 nunquam
1787 4335 1859 4389 sit
1881 4335 2081 4391 ﬁnien-
2105 4338 2156 4397 D
2179 4340 2442 4413 inquam,
2471 4342 2731 4394 ultionum
2776 4343 3049 4412 operator
3091 4339 3334 4406 futurus,
3383 4339 3540 4392 libere
3567 4339 3704 4408 egit,
3737 4337 3798 4392 id

480 4430 572 4486 da.
605 4428 704 4482 Vel
733 4425 812 4480 sic
845 4441 857 4479 :
894 4425 1167 4478 Futuram
1208 4438 1311 4493 per
1358 4421 1543 4492 ipsam
1592 4423 1978 4493 sanctitatem,
2027 4427 2083 4479 in

483 4514 810 4587 longitudine
839 4511 1063 4567 dierum.
1099 4509 1402 4566 Sententia
1429 4511 1656 4564 eadem.

969 4600 1034 4653 ΙΝ
1069 4598 1392 4654 PSALMUM
1419 4597 1595 4653 XCIII.

551 4692 768 4748 Titulus
815 4687 1176 4759 nonagesimi
1230 4685 1406 4742 tertii.
1457 4685 1602 4740 Laus
1649 4687 1851 4741 cantici
1887 4686 2082 4755 David,

482 4785 676 4857 quarta
712 4777 960 4835 Sabbati.
990 4774 1155 4840 Quod
1191 4773 1273 4828 sic
1313 4774 1620 4845 exponitur
1649 4791 1661 4828 :
1693 4776 1950 4831 Psalmus
1981 4776 2085 4832 iste

483 4874 568 4928 est
595 4871 707 4925 laus
745 4867 958 4932 cantici,
1002 4863 1061 4918 id
1097 4865 1183 4916 est
1213 4862 1334 4917 laus
1370 4861 1764 4933 jucunditatis.
1801 4863 1965 4928 Quod
2004 4867 2088 4919 est

486 4960 674 5018 dicere
708 4973 722 5012 :
747 4958 809 5010 In
837 4954 946 5008 hoc
974 4952 1223 5007 tractatu
1253 4949 1581 5005 continetur
1609 4950 1730 5004 laus
1760 4968 1890 5006 cum
1908 4952 2089 5006 nimia

480 5043 844 5122 jucunditate
870 5041 1040 5095 facta.
1069 5038 1206 5103 Quae
1236 5038 1358 5092 laus
1378 5040 1464 5092 est
1491 5037 1696 5105 David,
1727 5038 1994 5111 disignati
2035 5043 2090 5094 in

487 5141 680 5210 quarta
710 5129 955 5192 Sabbati,
983 5126 1196 5182 scilicet
1224 5141 1351 5197 qua:
1381 5125 1503 5180 laus
1543 5129 1627 5180 est
1663 5126 1919 5181 ﬁdelium
1957 5144 2087 5198 per-

483 5226 770 5282 fectorum
797 5219 856 5274 in
882 5215 1139 5282 scientia,
1171 5213 1268 5287 qui
1301 5214 1654 5286 prteﬁgurati
1684 5219 1816 5269 sunt
1845 5233 1948 5286 per
1987 5234 2086 5272 ne-

488 5312 712 5386 gotium
748 5306 888 5363 illud
926 5303 1081 5377 quod
1121 5302 1362 5375 contigit
1404 5302 1464 5356 in
1507 5306 1711 5374 quarta
1742 5303 1995 5358 Sabbati.
2025 5308 2088 5360 In

488 5403 695 5473 quarta
721 5409 974 5467 namque
991 5391 1225 5448 Sabbati
1239 5391 1373 5446 fecit
1389 5392 1536 5446 Deus
1556 5390 1861 5446 luminaria
1874 5395 2088 5450 terram

486 5483 1036 5554 illuminantia,quw
1068 5479 1244 5535 ﬁrma
1273 5481 1426 5547 sunt,
1449 5481 1506 5533 et
1531 5495 1565 5532 a
1593 5479 1886 5550 proposito
1916 5481 2087 5537 ofﬁcii

488 5571 572 5627 sui
597 5570 941 5635 immobilia,
968 5585 1070 5641 per
1109 5585 1237 5642 quae
1289 5566 1788 5639 prtesignabantur
1814 5569 2076 5641 perfecti,

2185 4432 2269 4483 est
2298 4429 2630 4484 libertatem
2662 4428 2941 4499 potentiae
2972 4444 3086 4481 suae
3130 4427 3189 4481 in
3220 4427 3429 4498 impios
3477 4426 3795 4492 exercebit,

2186 4517 2390 4589 quibus
2417 4516 2707 4589 impotens
2730 4516 2973 4578 videtur,
2998 4515 3140 4569 dum
3160 4531 3291 4568 cum
3310 4514 3392 4569 eis
3409 4513 3797 4586 exspectando

2186 4622 2284 4659 eos
2318 4608 2375 4659 et
2405 4603 2679 4676 patiendo
2709 4589 3168 4658 misericorditer
3189 4603 3325 4674 agit.
3348 4604 3430 4676 Ac
3451 4601 3754 4676 sigceret
3779 4618 3791 4655 :

2185 4693 2294 4747 Vos
2322 4691 2729 4762 impunitatem
2759 4693 3039 4746 scelerum
3057 4693 3375 4745 vestrorum
3608 4690 3796 4757 vobis,

2188 4798 2220 4836 ο
2248 4781 2374 4836 falsi
2406 4781 2722 4846 christiani,
2750 4779 3107 4850 promittitis,
3141 4782 3415 4833 caeterum
3447 4781 3598 4832 Deus
3649 4780 3800 4833 ulei-

2187 4869 2397 4924 scendo
2430 4885 2488 4923 se
2522 4869 2592 4923 de
2614 4869 2773 4923 vobis
2799 4868 2858 4922 in
2880 4868 3095 4934 futuro,
3119 4871 3321 4923 contra
3335 4883 3431 4921 vos
3457 4865 3615 4920 libere
3636 4871 3796 4938 aget,

2189 4974 2319 5013 cum
2352 4958 2461 5011 hoc
2492 4957 2680 5011 facere
2713 4959 2918 5028 potens
2961 4957 3032 5010 sit
3062 4955 3197 5027 quia
3237 4955 3401 5023 Deus,
3436 4957 3493 5009 et
3523 4971 3656 5009 cum
3684 4956 3798 5010 hoc

2189 5045 2262 5099 ad
2293 5061 2424 5100 eum
2465 5044 2771 5115 pertineat,
2788 5044 2922 5116 quia
2942 5045 3796 5114 Dominus.Aguntautemcon-

2189 5133 2394 5188 cessive
2427 5133 2498 5188 de
2529 5149 2731 5187 eorum
2764 5133 3002 5200 ultione,
3035 5133 3151 5186 sic:
3187 5131 3344 5196 Dico,
3369 5147 3400 5184 ο
3435 5131 3604 5197 Deus,
3639 5132 3798 5202 quod

2189 5220 2348 5276 libere
2374 5238 2528 5293 ages,
2562 5224 2621 5275 et
2646 5220 2722 5276 sic
2756 5221 3008 5276 concedo
3037 5224 3099 5275 ut
3142 5221 3263 5286 ﬁat,
3308 5235 3340 5273 o
3375 5219 3616 5282 Christe,
3650 5219 3797 5272 eral-

2192 5315 2324 5376 tare,
2359 5309 2415 5363 id
2447 5313 2530 5363 est
2561 5312 2765 5379 potens
2811 5325 3045 5381 appare,
3079 5310 3190 5379 qui,
3244 5306 3502 5377 quamvis
3549 5306 3796 5360 videaris

2190 5397 2500 5468 impotens,
2529 5398 2613 5451 vel
2663 5397 2966 5469 negligens
3022 5400 3273 5462 terrena,
3326 5399 3522 5449 tamen
3568 5394 3796 5466 judicas

2190 5485 2561 5557 dispositione
2608 5489 2708 5540 tua
2739 5492 2934 5539 terram
2980 5485 3130 5539 hanc
3159 5485 3528 5554 praesentem,
3560 5485 3624 5537 ut
3655 5483 3796 5540 nihil

2191 5572 2250 5629 in
2283 5590 2351 5629 ea
2381 5573 2502 5630 sine
2539 5573 2701 5646 jussu
2744 5577 2843 5630 aut
2883 5570 3261 5648 permissione
3291 5572 3391 5626 tua
3421 5569 3542 5629 ﬁat.
3583 5569 3662 5626 Et
3690 5571 3800 5628 hoc
