4008 6040
218 277 356 334 H37

1187 277 1542 341 EXPOSITIO
1577 284 1646 341 IN
1684 275 2019 342 pSALuos.
2060 236 2362 342 --PSAL.
2400 281 2559 342 xcm

3383 289 3519 347 H38

213 399 391 457 modo
419 401 654 475 quidem
693 402 948 468 exaltare,
989 403 1164 474 redde,
1217 404 1431 462 scilicet
1483 404 1540 462 in
1598 407 1814 477 futuro,
1841 404 2258 464 Ainterﬁcere.
2293 408 2411 464 Hoc
2440 406 2620 476 enim,
2651 424 2755 464 non
2784 407 2979 464 videbit
3005 408 3290 474 Dominus,
3313 426 3406 466 nec
3430 413 3515 467 in-

212 490 610 547 retributionem
656 492 827 564 justas
872 494 1267 550 damnationis
1316 496 1569 566 superbis,
1626 496 1684 550 id
1732 500 1819 551 est

211 576 366 631 falsis
393 577 748 648 Christianis,
781 598 898 636 non
929 582 1362 655 paenitentibus,
1406 583 1506 638 sed
1533 583 1593 639 in
1640 584 1817 656 negli-

210 663 409 736 gentia
431 665 787 737 pmnitentize
818 670 1062 740 superbe
1093 669 1551 742 persistentibus.

280 752 362 807 Ne
387 770 520 809 vero
548 755 851 812 videantur
876 757 1354 829 imprecationem
1382 758 1601 828 fecisse,
1621 759 1691 815 de
1716 776 1815 817 eo-

211 840 481 896 rumdem
512 843 734 898 malitia
762 844 855 915 pie
884 848 1338 917 conqueruntur,
1370 846 1447 901 sic
1489 863 1501 901 :
1547 847 1818 911 Quamvis

209 929 530 985 concessive
552 931 809 987 dicamus
852 949 864 987 :
907 932 1086 988 Redde
1125 933 1518 988 retributionem
1554 936 1814 1005 superbis,

210 1018 431 1084 tamen,
461 1034 491 1072 o
515 1017 764 1074 Domine.
815 1019 1094 1092 Usquequo
1120 1027 1443 1091 peccatores,
1479 1025 1818 1078 antonoma-

207 1103 348 1161 stice
376 1105 504 1161 falsi
533 1106 856 1176 Christiani,
887 1108 946 1163 id
976 1112 1061 1164 est
1072 1126 1272 1182 usque,
1296 1109 1370 1165 ad
1394 1127 1571 1181 quam
1592 1127 1818 1167 mensu-

207 1209 362 1261 ram,
420 1194 505 1249 vel
554 1196 828 1267 quandiu,
882 1214 1172 1269 usquequo,
1225 1197 1487 1269 inquam,
1515 1204 1815 1269 peccatores

208 1282 586 1351 gloriabuntur
603 1282 673 1337 de
690 1282 992 1354 iniquitate
1008 1285 1138 1339 sua?
1150 1284 1662 1357 Notandum,quod
1680 1302 1811 1341 cum

210 1370 323 1425 hoc
351 1371 452 1424 sub
478 1370 934 1442 interrogatione
947 1375 1191 1443 ponunt,
1219 1389 1277 1427 se
1300 1389 1407 1443 pro
1431 1373 1511 1427 eis
1533 1391 1813 1445 magnum

217 1458 434 1514 habere
453 1458 712 1514 delorem
728 1459 997 1515 innuunt.
1028 1461 1092 1515 Et
1112 1465 1194 1515 est
1217 1477 1281 1515 ac
1298 1460 1343 1515 si
1369 1460 1547 1517 dicat:
1565 1462 1815 1517 Tametsi

215 1546 619 1603 retributionem
660 1547 740 1603 eis
763 1548 930 1603 reddi
959 1549 1351 1618 concedimus,
1379 1553 1574 1605 tamen
1606 1551 1677 1605 de
1708 1551 1818 1606 hoc

214 1635 371 1707 quod
387 1636 635 1691 multum
649 1638 707 1692 et
725 1636 822 1691 diu
840 1636 1082 1692 vivendo
1106 1637 1176 1692 de
1197 1636 1499 1709 iniquitate
1516 1637 1820 1708 gloriabun-

1917 495 2108 566 telliget
2126 496 2272 551 Deus
2293 496 2481 566 Jacob,
2511 496 2591 553 sic
2621 499 2683 552 ut
2712 496 2932 569 puniat.
2964 498 3043 552 Ac
3070 496 3116 553 si
3162 498 3313 554 dicat
3343 516 3356 553 :
3385 500 3521 555 Mul-

1913 587 2039 638 tum
2070 583 2480 640 inconveniens
2523 584 2631 640 fuit
2677 586 2741 638 ut
2766 584 2929 640 illum
2957 584 3226 650 dicerent
3261 587 3371 641 hoc
3398 603 3518 643 non

1914 669 2126 740 videre,
2158 671 2256 744 qui
2281 672 2552 727 Dominus
2577 676 2663 727 est
2681 672 3073 744 omnipotens,
3097 675 3155 727 et
3172 673 3333 728 illum
3366 673 3521 730 dice-

1913 761 2048 813 rent
2074 776 2194 814 non
2224 760 2567 833 intelligere,
2600 761 2698 833 qui
2733 762 2881 817 Deus
2914 764 3000 816 est
3025 761 3223 831 Jacob,
3242 761 3302 816 id
3329 764 3522 818 esteo-

1915 848 2187 903 rumdem
2214 848 2473 904 ﬁdelium
2494 852 2724 905 strenue
2746 849 3110 917 luctantium,
3129 865 3271 921 quos
3294 849 3399 922 ipsi
3420 851 3520 905 ltu-

1915 935 2289 1004 miliaverunt,
2334 945 2675 1005 vexaverant,
2718 945 2767 992 et
2801 937 3121 993 occiderunt.
3164 938 3318 992 Facit
3346 938 3523 1010 igitur

1915 1024 2327 1095 apostropham
2350 1025 2425 1079 ad
2442 1026 2677 1081 eosdem
2700 1025 2929 1097 impios,
2946 1026 3258 1082 adhortans
3273 1027 3347 1082 ad
3367 1029 3521 1083 recte

1916 1109 1988 1165 de
2009 1112 2126 1166 Deo
2148 1111 2616 1184 intelligendum,
2641 1117 2699 1169 et
2722 1114 3056 1182 videndum,
3071 1114 3180 1169 sic:
3208 1113 3344 1170 Dico
3366 1115 3523 1186 quod

1914 1196 2100 1252 dicitis
2129 1215 2162 1253 ο
2195 1198 2323 1254 falsi
2357 1200 2683 1269 Christiani,
2714 1202 2869 1274 quod
2898 1203 3047 1256 Deus
3067 1218 3197 1275 noni
3222 1191 3522 1275 intelligit,

1912 1301 2100 1357 neque
2127 1286 2300 1355 videt,
2333 1305 2460 1360 quae
2484 1305 2584 1344 vos
2612 1273 2763 1345 male
2793 1289 2853 1344 in
2882 1289 3130 1345 famulos
3396 1273 3518 1361 ejus

1914 1373 2101 1446 agitis.
2131 1375 2416 1432 Caeterum
2450 1393 2546 1431 vos
2579 1380 2635 1431 in
2663 1377 2862 1448 papula
2898 1378 2998 1434 Dei
3043 1378 3374 1446 existentes,
3402 1394 3522 1434 non

1917 1463 2279 1534 operatione,
2309 1465 2408 1520 sed
2433 1470 2928 1521 sacramentorum
2962 1465 3526 1539 participatione,qui

1917 1553 2035 1606 estis
2059 1552 2447 1623 insipientes,id
2465 1557 2551 1609 est
2572 1556 2839 1626 potentes
2858 1554 3052 1610 adhoc
3064 1557 3126 1609 ut
3141 1553 3309 1610 facile
3323 1555 3395 1610 de
3409 1556 3525 1610 Deo

1917 1643 2073 1695 recte
2099 1640 2453 1714 intelligatis,
2487 1657 2619 1696 cum
2656 1643 2785 1713 jam
2836 1642 2956 1697 sitis
3003 1642 3424 1714 aliquantulum
3465 1642 3525 1697 in

216 1730 324 1790 tur,
347 1723 776 1796 conquerimur.
811 1724 1036 1789 Quanto
1060 1741 1312 1797 namque
1335 1742 1535 1781 eorum
1552 1727 1818 1798 gloriatio
1844 1737 1895 1795 Β
1917 1725 2040 1797 ejus
2061 1728 2266 1783 notitia
2282 1729 2556 1799 promoti,
2576 1733 2633 1785 et
2649 1732 2847 1785 tamen
2865 1729 3321 1785 animadvertere
3340 1730 3524 1802 negli-

214 1811 406 1883 major
429 1815 489 1867 et
514 1812 861 1880 diuturnior,
887 1815 1050 1868 tanta
1079 1829 1284 1868 eorum
1306 1813 1613 1870 retributio
1640 1814 1698 1869 in
1728 1816 1818 1870 fu-

210 1902 343 1955 turo
374 1901 482 1955 erit
510 1901 784 1973 asperior.
807 1902 1094 1956 Vellemus
1118 1901 1296 1973 igitur
1312 1902 1500 1973 potius
1524 1906 1585 1957 ut
1614 1919 1818 1958 eorum

209 1988 329 2043 vita
358 1992 416 2044 et
444 1988 710 2061 gloriatio
746 1989 856 2045 cito
896 1989 1183 2058 ﬁniretur,
1208 1993 1269 2045 ut
1282 2007 1485 2045 eorum
1513 1991 1817 2047 retributio

208 2076 408 2133 mitior
437 2078 765 2133 haberetur.
798 2079 925 2133 Non
954 2078 1141 2133 solum
1170 2081 1364 2133 autem
1397 2079 1720 2151 gloriantur
1745 2081 1815 2135 de

208 2163 514 2237 iniquitate
539 2182 660 2233 sua,
693 2165 792 2220 sed
824 2170 882 2220 et
921 2167 1073 2221 hanc
1104 2168 1435 2238 iniquitatem
1469 2170 1724 2238 e/fantur,
1757 2168 1815 2222 id

208 2256 295 2309 est
318 2256 477 2308 extra
500 2253 715 2322 fantur,
739 2255 950 2310 scilicet
970 2254 1194 2327 publice
1210 2255 1426 2324 fantur,
1440 2262 1489 2309 et
1503 2257 1816 2328 loquuntur

207 2341 476 2415 privatim
496 2340 648 2397 inter
668 2359 751 2398 se.
776 2344 842 2397 Et
856 2360 1143 2416 usquequo,
1168 2343 1226 2399 id
1245 2348 1330 2399 est
1351 2361 1527 2416 usque
1544 2345 1616 2399 ad
1639 2362 1814 2416 quam

205 2447 567 2498 mensuram,
585 2432 675 2486 vel
695 2432 952 2504 quandiu
969 2433 1120 2487 male
1135 2432 1374 2488 vivendo
1396 2434 1705 2505 e/fabuntur
1714 2450 1816 2505 pu-

204 2519 354 2574 blice
381 2523 439 2573 et
467 2518 752 2591 loquentur
778 2520 998 2592 private
1025 2522 1377 2592 iniquitatem,
1412 2520 1469 2576 id
1501 2524 1588 2576 est
1616 2520 1814 2594 iniqua

205 2607 383 2662 verba
402 2607 711 2678 loquentur
735 2625 912 2663 omnes
936 2609 1034 2679 qui
1059 2612 1493 2680 perseveranter
1525 2618 1814 2681 operantur

207 2696 533 2766 iniustitiam
554 2698 582 2749 ?
611 2697 690 2751 Ac
708 2696 755 2751 si
787 2697 1003 2752 diceret
1032 2714 1046 2753 :
1077 2698 1370 2753 Mallcmus
1400 2715 1603 2754 eorum
1632 2699 1812 2755 vitam

205 2783 384 2851 ﬁniri,
412 2786 476 2838 ut
503 2785 748 2856 amplius
778 2802 897 2839 non
927 2789 1163 2857 possent
1191 2785 1555 2857 iniquitatem
1576 2787 1734 2860 loqui
1755 2791 1814 2843 et

206 2870 388 2940 effari,
410 2875 470 2927 et
496 2872 837 2943 injustitiam
856 2873 1106 2944 operari,
1121 2877 1178 2929 et
1191 2874 1269 2928 sic
1282 2874 1478 2929 mitius
1495 2875 1629 2931 inde
1642 2874 1810 2947 puni-

206 2965 428 3051 rentur.
450 2961 694 3051 Exponit
705 2961 882 3033 igitur
901 2962 1086 3033 ipsam
1107 2963 1187 3033 inj
1199 2963 1447 3018 ustitiam
1470 2979 1577 3051 per
1595 2968 1807 3035 partes,
1840 2993 1887 3051 Ο

203 3047 283 3104 sic
302 3066 315 3103 :
334 3049 477 3104 Vere
506 3049 825 3120 injustitiam
845 3056 1153 3120 operantur,
1176 3054 1235 3105 et
1259 3050 1481 3121 operati
1505 3052 1809 3107 sunt.Nam

193 3137 456 3208 populum
498 3145 668 3204 tuum,
713 3136 959 3205 Domine,
988 3138 1200 3193 scilicet
1228 3138 1331 3193 tibi
1377 3139 1806 3208 famulantium,

200 3225 623 3281 liumitiaverunt
646 3225 916 3281 conviciis
945 3229 1004 3280 et
1033 3227 1341 3283 verborum
1388 3228 1732 3299 opprobriis,
1759 3236 1810 3284 et

201 3313 474 3369 eumdem
516 3315 795 3386 populum
844 3313 1185 3370 existentem
1229 3315 1588 3371 hereditatem
1636 3324 1806 3382 tuam,

201 3418 365 3473 quos,
397 3401 612 3457 scilicet
641 3402 716 3456 ad
741 3402 983 3457 modum
1014 3402 1365 3458 hereditatis
1378 3404 1642 3460 doctrina
1666 3421 1809 3477 prte-

200 3490 522 3561 dicatorum
536 3490 763 3561 excolis,
780 3497 1102 3545 vexaverant
1113 3491 1309 3548 nimiis
1318 3491 1801 3548 tribulationibus.

200 3579 269 3633 Et
298 3595 417 3635 non
445 3581 633 3635 solum
661 3579 791 3647 hoc,
825 3579 926 3634 sed
953 3581 1011 3633 et
1030 3579 1247 3634 viduam
1273 3588 1322 3634 et
1351 3580 1611 3635 advenam
1640 3582 1801 3636 inter-

196 3668 457 3738 fecerunt,
488 3674 538 3723 et
558 3667 788 3740 pupillos
838 3667 1159 3723 occiderunt.
1209 3668 1374 3733 Quod
1428 3673 1514 3724 est
1565 3669 1797 3725 dicere:

195 3756 398 3812 Multos
427 3773 494 3810 ex
524 3755 789 3811 fidelibus
813 3755 925 3811 tuis
953 3756 1372 3812 interfecerunt
1400 3757 1797 3830 corporaliter,

198 3843 296 3916 qui
312 3847 481 3900 erant
498 3844 587 3899 vid
597 3844 763 3911 uis,et
774 3844 1027 3912 advenis,
1043 3848 1101 3900 et
1116 3844 1347 3917 pupillis
1362 3846 1796 3917 comparabiles.

196 3932 390 3988 Viduis
410 3932 643 4006 quippe,
668 3932 804 4005 quia
828 3932 1083 3988 destituti
1116 3935 1283 3987 erant
1324 3950 1360 3987 a
1388 3933 1798 4006 temporalium

194 4020 507 4089 bonorum,
523 4021 651 4092 jam
679 4024 1028 4094 spretorum,
1055 4020 1279 4088 solatio,
1302 4020 1447 4077 sicut
1485 4021 1670 4077 viduae
1697 4022 1796 4078 de-

1916 1814 2079 1884 gitis;
2105 1815 2399 1886 intelligite,
2424 1815 2484 1871 id
2507 1819 2592 1871 est
2612 1817 3070 1886 animadvertite,
3095 1817 3230 1889 quia
3249 1818 3528 1873 Dominus

1916 1901 2073 1957 videt
2093 1905 2149 1956 et
2168 1902 2463 1975 intelligit,
2483 1921 2610 1976 quae
2640 1921 2742 1960 vos
2769 1905 2829 1960 in
2858 1921 3052 1961 servos
3074 1905 3196 1976 ejus
3225 1905 3377 1961 male
3393 1921 3528 1978 ope-

1917 1988 2253 2043 rainini.Et
2274 2006 2373 2045 vos
2404 1991 2557 2046 stulti
2564 1993 2625 2047 in
2627 1991 2826 2062 papula
2850 1990 2973 2059 Dei,
2996 1991 3210 2047 scilicet
3230 1991 3327 2063 qui
3355 1991 3526 2046 rudes

1917 2076 2049 2131 estis
2079 2081 2137 2132 et
2163 2079 2375 2146 stolidi,
2409 2082 2467 2134 et
2497 2078 2757 2135 difﬁciles
2785 2080 2860 2135 ad
2886 2080 2995 2135 hoc
3025 2079 3389 2152 sapiendum,
3421 2079 3522 2134 ali-

1915 2165 2127 2236 quando
2150 2166 2387 2221 tandem
2415 2169 2601 2238 sapite,
2636 2167 2792 2239 quod
2803 2168 3095 2239 hucusque
3112 2184 3312 2240 sapere
3327 2167 3525 2240 nequi-

1917 2252 2034 2320 stis,
2061 2253 2274 2309 scilicet
2308 2254 2464 2326 quod
2495 2257 2643 2311 Deus
2668 2254 2850 2323 audit,
2883 2255 2943 2313 id
2974 2258 3059 2311 est
3082 2255 3354 2328 intelligit
3368 2258 3427 2311 et
3442 2255 3521 2311 vi-

1916 2340 2013 2395 det
2037 2357 2167 2413 qua:
2192 2358 2289 2397 vos
2311 2343 2462 2398 male
2493 2342 2681 2415 agitis,
2714 2345 2773 2399 et
2818 2343 2877 2398 in
2908 2343 3101 2399 futuro
3140 2344 3263 2398 haec
3292 2347 3516 2416 arguet.

1877 2420 1882 2424 ’
1915 2429 1982 2482 Et
2013 2446 2143 2485 ecce
2165 2430 2318 2485 unde
2348 2434 2537 2503 potest
2566 2431 2934 2503 comprobari
2962 2448 3097 2487 eum
3128 2432 3328 2488 omnia
3356 2434 3513 2487 mala

1913 2520 2101 2573 vestra
2127 2521 2185 2572 et
2213 2518 2412 2589 audire
2442 2522 2501 2574 et
2524 2519 2738 2586 videre,
2762 2523 2821 2574 et
2845 2519 2904 2574 in
2942 2520 3135 2575 futuro
3158 2520 3231 2575 ab
3270 2536 3338 2575 eo
3366 2520 3522 2575 mala

1914 2604 2019 2660 ista
2044 2606 2449 2678 redarguenda
2479 2623 2621 2662 esse.
2652 2607 2797 2662 Nam
2818 2610 2912 2679 qui
2918 2608 3191 2678 plantavit
3208 2624 3391 2662 aurem
3413 2624 3520 2662 non

1913 2693 2131 2749 audiet?
2153 2711 2285 2749 vere
2307 2694 2536 2763 audiet;
2559 2702 2608 2749 et
2646 2697 2741 2767 qui
2764 2695 2928 2768 ﬁnxit
2957 2695 3189 2758 oculum,
3221 2712 3326 2749 non
3350 2697 3520 2751 consi-

1911 2780 2062 2835 derat
2092 2798 2220 2853 quaa
2252 2781 2422 2854 agitis
2445 2782 2473 2837 ‘I
2498 2783 2697 2854 utique
2727 2782 3072 2839 considerat.
3098 2782 3175 2836 Et
3197 2784 3293 2855 qui
3301 2784 3518 2854 corripit

1911 2868 2003 2922 hic
2030 2876 2208 2940 gentes
2231 2886 2337 2942 per
2362 2870 2684 2942 Scripturas
2712 2889 2782 2927 ne
2814 2874 3073 2945 peccent,
3096 2888 3203 2927 non
3231 2878 3425 2943 arguet
3455 2870 3515 2926 in

1909 2956 2124 3025 futuro,
2141 2974 2244 3027 per
2258 2958 2717 3027 damnationem,
2734 2959 3092 3032 negligentes
3102 2959 3194 3015 hic
3214 2960 3517 3015 correctio-

1912 3063 2048 3100 nem
2074 3062 2237 3101 suam
2255 3046 2283 3101 ?
2313 3063 2442 3103 vere
2470 3051 2692 3119 arguet.
2717 3050 2827 3104 Pro
2850 3048 3029 3103 nihilo
3053 3048 3208 3103 enim
3232 3047 3323 3103 hic
3342 3048 3516 3104 corri-

1907 3138 2092 3206 peret,
2111 3134 2219 3189 nisi
2242 3135 2300 3189 in
2321 3135 2514 3190 futuro
2537 3138 2825 3207 argueret.
2860 3137 2926 3190 Et
2945 3138 3040 3208 qui
3072 3136 3221 3192 docet
3247 3136 3513 3191 hominem

1904 3226 2200 3292 scientiam,
2224 3224 2283 3279 id
2313 3227 2398 3280 est
2425 3223 2520 3280 ille
2551 3224 2648 3297 qui
2671 3241 2777 3296 per
2806 3224 3132 3280 doctrinam
3163 3240 3327 3279 suam
3374 3222 3513 3279 facit

1907 3312 2070 3368 illum
2096 3312 2397 3380 scientem,
2431 3313 2528 3385 qui
2554 3312 2734 3368 homo
2762 3317 2867 3380 est,
2890 3313 2948 3368 id
2978 3316 3064 3367 est
3090 3311 3513 3368 rationabiliter

1904 3418 1964 3458 se
1995 3403 2214 3458 habens
2237 3420 2355 3458 non
2386 3404 2491 3457 scit
2518 3403 2545 3458 ‘I
2577 3402 2773 3475 utique
2793 3403 3055 3457 Dominus
3069 3401 3175 3457 scit
3190 3419 3307 3457 non
3321 3403 3508 3459 solum

1905 3491 2292 3562 operationes,
2338 3492 2439 3547 sed
2464 3492 2661 3559 etiam,
2686 3492 2843 3564 quod
2886 3492 3071 3563 majus
3110 3494 3214 3560 est,
3255 3491 3374 3564 ipse
3405 3491 3510 3548 scit

1902 3582 2242 3650 cogitationes
2270 3580 2564 3646 hominum,
2595 3583 2849 3652 quoniam
2876 3598 3023 3634 vanae
3044 3588 3187 3646 sunt,
3210 3580 3268 3634 id
3280 3584 3367 3635 est
3385 3580 3505 3652 ipse

1900 3668 2005 3723 scit
2028 3668 2185 3739 quod
2214 3667 2596 3739 cogitationes
2616 3670 2817 3722 vestrae
2844 3667 2940 3739 qui
2961 3667 3295 3739 simpliciter
3314 3668 3505 3722 homi-

1901 3771 2003 3810 nes
2017 3772 2141 3810 non
2164 3754 2449 3826 spiritales
2468 3753 2623 3820 estis,
2657 3769 2818 3808 vana;
2842 3756 2995 3821 sunt,
3028 3757 3086 3808 et
3118 3752 3308 3823 digna:
3332 3754 3501 3809 ultio-

1899 3859 1993 3897 ne.
2026 3843 2095 3897 Et
2117 3843 2226 3896 hoc
2247 3845 2441 3896 totum
2467 3844 2553 3896 est
2589 3856 2656 3895 ac
2684 3840 2728 3895 si
2760 3839 2837 3894 sic
2864 3843 3109 3911 poneret
3135 3856 3148 3894 :
3173 3840 3311 3895 Inde
3341 3857 3500 3897 com-

1896 3931 2175 4003 probatur
2199 3946 2334 3985 eum
2357 3929 2578 3997 audire,
2611 3928 2888 4000 quoniam
2918 3927 3325 3985 inconveniens
3354 3931 3503 3984 esset

1897 4036 2031 4075 eum
2072 4036 2190 4075 non
2239 4018 2457 4085 audire,
2506 4019 2602 4090 qui
2636 4034 2820 4072 aurem
2875 4016 3141 4072 omnium
3192 4017 3500 4074 hominum

195 4109 408 4166 stitutaa
428 4112 563 4165 sunt
591 4127 625 4164 a
653 4109 997 4165 maritorum
1017 4108 1145 4181 jam
1165 4113 1533 4166 mortuorum
1564 4110 1793 4167 auxilio.
1882 4108 2176 4183 plantavit,
2202 4106 2260 4162 id
2289 4110 2375 4163 est
2403 4106 2476 4162 de
2524 4107 2665 4163 limo
2720 4110 2890 4162 terrae
2934 4104 3205 4161 formavit
3238 4122 3252 4161 :
3284 4109 3343 4162 et
3361 4105 3497 4162 inde

192 4196 461 4264 Advenis,
488 4197 625 4268 quia
656 4214 772 4252 non
813 4198 984 4270 hujus
1016 4197 1220 4269 patria
1262 4202 1510 4254 terrena:
1559 4198 1707 4255 cives
1736 4217 1795 4255 se

1893 4196 2174 4268 probatur
2197 4212 2333 4250 eum
2363 4194 2576 4264 videre,
2611 4194 2889 4266 quoniam
2911 4193 3321 4251 inconveniens
3349 4197 3499 4251 esset

192 4282 432 4350 faciunt,
465 4284 566 4339 sed
590 4285 845 4340 futuram
887 4286 1208 4357 inquirunt,
1257 4285 1402 4340 sicut
1449 4287 1684 4342 advenae
1723 4288 1798 4344 ad
1820 4305 1872 4364 D
1894 4300 2027 4339 eum
2060 4301 2176 4340 non
2208 4283 2400 4338 videre
2423 4287 2519 4356 qui
2564 4300 2802 4339 omnem
2851 4283 3063 4338 oculum
3103 4285 3281 4353 ﬁnxit,
3320 4282 3382 4338 id
3410 4287 3498 4339 est

192 4370 444 4444 patriam
475 4370 681 4426 reverti
711 4370 1040 4437 intendunt,
1070 4390 1109 4428 a
1137 4389 1252 4444 qua
1276 4374 1487 4445 remoti
1515 4379 1666 4430 sunt.
1693 4378 1798 4432 Pu-

191 4458 363 4532 pillis,
390 4457 527 4529 quia
549 4461 683 4513 sunt
705 4458 827 4513 sine
857 4458 1107 4527 diabolo,
1141 4460 1238 4531 qui
1268 4459 1425 4531 prius
1467 4477 1669 4516 eorum
1693 4479 1795 4534 pa-

190 4551 282 4621 ter
310 4546 543 4615 exstitit,
577 4548 635 4601 et
654 4546 779 4601 sine
806 4547 1167 4615 infidelitate,
1206 4564 1335 4620 quae
1375 4564 1578 4603 eorum
1608 4553 1796 4604 mater

187 4635 337 4705 fuit;
370 4635 516 4691 sicut
553 4634 777 4708 pupilli,
823 4650 1072 4705 quorum
1119 4637 1285 4706 pater
1333 4638 1392 4690 et
1444 4639 1632 4691 mater
1666 4637 1793 4709 jam

190 4722 406 4779 mortui
423 4726 573 4778 sunt.
593 4723 685 4779 Vel
701 4724 888 4796 potest
902 4723 1012 4778 hoc
1024 4724 1098 4779 ad
1116 4723 1370 4779 litteram
1387 4740 1640 4796 congrue
1656 4724 1789 4796 legi.

187 4811 383 4867 Vidua:
415 4815 749 4885 namqueet
778 4810 1035 4881 advenae,
1069 4815 1127 4867 et
1153 4812 1375 4884 pupilli,
1410 4812 1533 4869 sine
1564 4813 1790 4884 cujusli-

184 4899 288 4955 bet
316 4900 523 4955 auxilio
555 4899 881 4972 existentes,
913 4899 1086 4955 solius
1112 4900 1213 4955 Dei
1232 4900 1439 4956 auxilio
1479 4901 1793 4958 defendun-

186 4989 306 5052 tur,
336 4987 584 5061 ideoque
616 4988 857 5063 populus
912 4988 1035 5060 ejus
1083 4989 1368 5058 dicuntur,
1414 4989 1567 5045 unde
1608 4988 1787 5059 idem,

189 5096 220 5126 ‹‹
253 5078 418 5147 pater
448 5076 846 5147 orphanorum
871 5078 933 5129 et
955 5075 1134 5146 judex
1180 5076 1484 5132 viduarum
1511 5096 1544 5128 »
1585 5076 1791 5134 dicitur

189 5161 364 5236 (Psal.
386 5179 552 5227 van,
584 5164 659 5234 6).
693 5163 827 5219 Dico
855 5163 1012 5235 quod
1030 5164 1291 5235 populum
1308 5171 1459 5219 tuum
1477 5165 1790 5221 humiliave-

188 5256 336 5319 runt,
364 5258 413 5305 et
443 5251 804 5307 hereditatem
841 5256 993 5307 tuam
1022 5259 1368 5321 vastaverunt,
1414 5255 1473 5308 et
1500 5252 1714 5313 viduam
1743 5262 1793 5311 et

189 5338 452 5395 advenam
482 5339 880 5409 Wer/‘ecerunt,
912 5346 963 5395 et
979 5340 1214 5412 pupillos
1253 5339 1578 5395 occiderunt.

262 5428 330 5483 Et
356 5428 479 5484 haec
502 5426 793 5498 faciendo,
825 5427 899 5484 ad
923 5429 1219 5485 cumulum
1246 5428 1493 5485 miseriae
1510 5445 1624 5486 suae
1641 5428 1793 5486 dixe-

192 5521 319 5576 runt
349 5531 366 5576 δ
395 5515 605 5576 Securo
632 5531 939 5594 possumus
975 5533 1073 5576 eos
1110 5515 1441 5590 humiliare,
1480 5533 1707 5592 vexare,
1736 5521 1796 5578 et

1892 4372 2183 4428 formavit.
2213 4373 2282 4427 Et
2308 4372 2443 4428 inde
2477 4374 2754 4446 probatur
2781 4372 2937 4444 quod
2969 4372 3028 4428 in
3063 4372 3256 4427 futuro
3281 4380 3491 4443 arguet,

1894 4460 2028 4533 quia
2039 4462 2205 4518 aliter
2221 4462 2511 4534 superﬂue
2526 4461 2616 4516 hic
2636 4461 2972 4531 corriperet.
2996 4461 3063 4515 Et
3099 4460 3236 4517 inde
3257 4462 3492 4518 convin-

1894 4547 2040 4603 citur
2064 4565 2198 4604 eum
2228 4548 2393 4616 scire,
2426 4548 2562 4621 quia
2585 4547 2997 4604 inconveniens
3026 4552 3175 4604 esset
3206 4567 3339 4605 eum
3369 4567 3489 4615 non

1892 4634 2056 4704 scire,
2096 4639 2191 4708 qui
2219 4653 2459 4692 omnem
2483 4626 2748 4691 hominem
2774 4636 2922 4691 docet
2950 4636 3229 4711 quidquid
3258 4639 3381 4694 scit.

1962 4723 2141 4779 Facta
2164 4724 2563 4779 exhortatione
2593 4724 2668 4781 ad
2695 4725 2868 4782 falsos
2892 4726 3264 4791 Christianos,
3304 4730 3494 4784 osten-
3560 4734 3563 4735 ⁷

1893 4810 2028 4866 dere
2048 4811 2299 4867 intendit
2316 4811 2472 4884 quod
2489 4811 3184 4870 tribulationesbonorum
3197 4814 3272 4871 ad
3286 4831 3491 4873 eorum

1889 4900 2304 4958 beatitudinem
2324 4902 2555 4970 cedunt,
2573 4902 2651 4958 sic
2670 4920 2684 4959 :
2710 4905 2857 4976 Ergo
2875 4904 3008 4975 quia
3024 4908 3084 4959 tu
3104 4903 3298 4960 omnia
3313 4905 3488 4976 vides,

1891 4992 1951 5044 et
1977 4989 2105 5059 scis,
2127 4993 2186 5046 et
2214 4989 2394 5057 audis,
2415 4989 2550 5045 inde
2575 4991 2989 5064 comprobatur
3000 4992 3157 5063 quod
3181 4992 3359 5048 beatus
3379 4993 3492 5050 erit

1887 5080 2044 5135 homo
2065 5080 2254 5136 omnis
2272 5098 2431 5152 quem
2457 5084 2537 5149 tu,
2570 5083 2770 5137 omnia
2798 5080 2983 5137 sciens
3014 5086 3073 5136 et
3115 5081 3335 5152 videns,
3374 5102 3493 5141 eru-

1889 5168 2047 5223 dieris
2075 5185 2180 5241 per
2208 5168 2628 5239 tribulationes,
2656 5170 2718 5225 id
2754 5173 2840 5226 est
2867 5170 3045 5242 quem
3077 5171 3284 5227 rudem
3329 5176 3492 5232 extra

1889 5256 2201 5313 ruditatem
2230 5274 2429 5330 pones,
2462 5256 2750 5314 instruens
2773 5273 2906 5312 eum
2937 5274 3041 5330 per
3062 5261 3273 5316 multas
3302 5262 3493 5320 anxie-

1882 5348 2057 5412 tates,
2080 5346 2203 5401 haec
2234 5344 2541 5417 praesentia
2569 5363 2686 5403 non
2732 5361 2854 5401 esse
2883 5363 3115 5403 summa
3157 5349 3333 5419 bona,
3387 5367 3498 5408 nec

1884 5450 2013 5496 esse
2045 5434 2410 5507 appetenda;
2442 5436 2500 5489 et
2511 5450 2630 5490 esse
2648 5434 2948 5505 aliabona,
2963 5436 3240 5510 spiritalia
3259 5440 3499 5509 scilicet,

1893 5537 2023 5597 quae
2045 5521 2376 5597 appetenda
2394 5525 2545 5581 sunt.
2562 5521 2706 5582 Suos
2724 5520 3002 5586 nimirum
3017 5528 3167 5587 Deus
3178 5543 3284 5606 per
3304 5530 3518 5594 anxie-
