4008 6040
527 306 666 378 uae
1131 310 1188 375 s.
1229 314 1575 373 BRUNONIS
1615 293 2245 372 caninusmsoaﬁu
2281 294 2751 370 'INsrrru'roms
2791 296 2945 370 ore.
2985 298 3163 368 pass
3200 301 3224 367 ι
3699 298 3849 367 uto

522 442 675 495 tates
694 438 902 507 erudit,
928 439 1081 511 quia,
1113 439 1252 495 dum
1280 454 1378 494 eos
1414 393 1699 509 permittit
1734 435 1826 490 hic
1850 434 2032 507 afﬂigi
2063 436 2122 490 et
2153 437 2208 497 Α
2230 433 2504 490 stimenta
2533 436 2719 488 vestra
2745 431 2903 504 (Joel.
2936 447 2997 499 ιι,
3030 431 3145 503 13).
3182 451 3211 479 ››
3256 427 3418 494 Quod
3464 427 3603 484 dicit
3648 427 3850 502 justos

527 527 694 583 bonis
705 527 1083 600 prmsentibus
1099 525 1554 599 spoliari,innuit
1570 525 1692 579 haec
1706 524 1858 578 bona
1871 540 1987 578 non
2001 540 2121 578 esse
2227 522 2402 578 corde
2432 523 2655 577 futuros
2677 520 2843 591 juxta
2868 517 3442 589 Cbristum,positum
3474 520 3563 572 est
3580 534 3614 572 a
3637 516 3847 573 simili-
3956 514 3957 535 ‘

527 631 759 670 summa
782 616 956 682 bona,
977 632 1104 687 qum
1131 615 1208 669 sic
1237 614 1614 680 amittuntur;
1648 627 1755 665 nec
1787 612 1934 666 hanc
1949 610 2125 666 vitam
2224 609 2426 664 tudine
2453 608 2630 680 regis,
2687 607 2784 680 qui
2838 605 3126 661 chariores
3168 607 3227 659 et
3276 603 3622 660 valentiores
3663 604 3846 659 duces

526 702 753 757 felicem
785 719 925 770 esse,
958 703 1016 756 in
1051 718 1165 774 qua
1193 701 1274 755 sic
1304 700 1670 771 afﬂiguntur;
1703 700 1801 754 sed
1833 699 1945 754 alia
1973 699 2126 755 bona
2224 713 2376 765 suos,
2400 696 2567 768 juxta
2593 711 2654 750 se
2704 695 2765 750 in
2795 693 3009 767 palatio
3065 708 3165 748 suo
3204 691 3406 747 sedere
3434 690 3602 759 facit;
3638 695 3701 748 et
3725 692 3843 747 hoc

527 808 756 846 summa
786 808 929 859 esse,
973 794 1029 845 et
1059 791 1228 845 aliam
1262 778 1434 845 vitam
1468 792 1746 843 mternam
1783 792 1841 842 et
1869 788 2121 856 beatam,
2225 787 2381 859 quod
2406 786 2819 858 interrogative
2844 784 3028 855 ponit,
3060 783 3215 837 idem
3241 786 3327 837 est
3369 798 3433 836 ac
3473 782 3519 836 si
3560 782 3788 837 diceret
3820 799 3833 835 :

525 896 653 951 quin
685 880 1005 951 expetenda
1032 881 1184 933 sunt.
1218 879 1332 932 Hoc
1363 880 1556 932 autem
1583 876 1739 949 quod
1767 876 1904 930 dicit
1947 876 2125 930 beatus
2221 876 2445 930 Justitia
2498 876 2865 929 convertetur
2920 874 2976 927 in
3016 872 3306 944 judicium,
3365 877 3416 925 et
3459 872 3629 942 juxta
3685 869 3832 925 illam

521 968 676 1022 homo
697 985 853 1040 quem
879 974 936 1021 tu
963 967 1234 1033 erudieris,
1259 966 1416 1021 idem
1443 969 1529 1020 est
1556 983 1620 1021 ac
1650 965 1696 1020 si
1719 965 1961 1020 diceret:
1982 966 2120 1020 Eru-

522 1052 663 1110 ditio
692 1054 1153 1121 tribulationum,
1188 1069 1357 1107 causa
1385 1052 1496 1107 erit
1531 1051 1919 1107 beatitudinis.
1951 1053 2018 1107 Et
2048 1068 2122 1108 ne

517 1141 718 1196 beatus
744 1143 921 1197 homo
952 1141 1197 1209 futurus,
1230 1141 1323 1195 hic
1354 1140 1415 1194 in
1444 1139 1886 1195 tribulationum
1927 1139 2118 1195 erudi-

515 1228 673 1283 tione
704 1228 948 1296 deficiat,
972 1229 1209 1283 docueris
1238 1244 1356 1284 eum
1380 1228 1443 1282 de
1468 1228 1575 1297 lege
1606 1235 1719 1294 tua,
1753 1228 1809 1282 id
1841 1229 1926 1282 est
1955 1228 2120 1283 doce-

513 1314 599 1370 bis
621 1332 753 1370 eum
770 1332 874 1387 per
904 1316 1226 1371 doctrinam
1256 1316 1396 1387 legis
1425 1319 1537 1370 tua:
1568 1315 2114 1370 hanceruditionem

512 1404 799 1475 patienter
830 1422 951 1460 esse
977 1405 1299 1460 ferendam.
1334 1404 1494 1458 Unde
1524 1403 1643 1474 ipse
1667 1404 1802 1459 dicit
1836 1402 1897 1458 in
1929 1405 2115 1459 Evan-

511 1491 664 1562 gelio
699 1509 712 1547 :
747 1516 774 1561 ς(
802 1492 908 1556 Qui
942 1494 1060 1547 vult
1108 1493 1301 1547 venire
1347 1495 1476 1564 post
1504 1508 1619 1559 me,
1654 1492 1905 1564 abneget
1934 1510 2115 1548 seme-

511 1579 745 1650 tipsum,
770 1583 827 1635 et
856 1581 1020 1636 tollat
1047 1597 1275 1635 crucem
1305 1596 1468 1634 suam
1514 1579 1791 1651 quotidie,
1822 1582 1880 1634 et
1908 1596 2111 1652 sequa-

2222 966 2393 1019 erunt
2422 979 2600 1019 omnes
2630 963 2731 1034 qui
2751 967 2878 1016 sunt
2917 961 3070 1017 corde
3104 960 3269 1024 recti,
3309 976 3425 1015 non
3456 959 3833 1015 solummodo

2220 1051 2428 1123 specie.
2457 1052 2607 1123 Ergo
2621 1049 3092 1123 quandoquidem
3112 1047 3663 1104 eruntsolummodo
3669 1047 3833 1118 juxta

2217 1137 2379 1194 illam
2414 1155 2618 1195 omnes
2648 1137 2745 1210 qui
2778 1144 2919 1194 recto
2947 1140 3081 1191 sunt
3109 1135 3284 1192 corde.
3317 1134 3449 1203 Qui:
3477 1136 3681 1190 volens
3706 1151 3828 1191 esse

2216 1231 2407 1283 rectus
2438 1227 2633 1293 corde,
2666 1226 2807 1281 mihi
2844 1226 3151 1296 adjunctus
3193 1240 3299 1297 per
3349 1224 3831 1280 conformitatcm

2217 1323 2496 1387 consurget
2526 1316 2597 1370 de
2629 1331 2907 1386 corporeo
2930 1316 3112 1369 stratu
3124 1313 3419 1369 existendo
3435 1312 3689 1367 adversus
3708 1329 3828 1367 ma-

2217 1403 2457 1474 ligantes,
2479 1403 2538 1458 id
2564 1405 2651 1457 est
2673 1402 3126 1458 contradicendo
3157 1390 3495 1457 adversariis
3528 1401 3823 1469 Ecclesiae,

2214 1490 2498 1546 hazreticis
2524 1490 2739 1545 scilicet
2767 1493 2826 1544 et
2853 1489 3008 1544 falsis
3031 1488 3409 1545 Christianis?
3428 1488 3550 1543 Aut
3568 1489 3697 1560 quis
3713 1494 3828 1541 sta-

2218 1578 2311 1646 bit,
2342 1578 2400 1633 id
2430 1582 2516 1633 est
2564 1581 2622 1633 et
2669 1577 2796 1650 quis
2841 1576 3234 1649 perseverabit
3263 1593 3467 1630 mecum
3498 1574 3825 1648 prazliando

512 1671 608 1721 tur
626 1684 721 1723 me
744 1668 898 1740 (Luc.
924 1686 996 1736 1x,
1032 1669 1145 1741 23).
1179 1688 1210 1721 »
1256 1667 1579 1739 Interponit
1635 1672 1830 1722 autem
1880 1684 2112 1724 causam
2212 1679 2320 1735 per
2344 1664 3830 1736 contradictionem,adversusoperantesimqmtatem7

511 1771 689 1826 quare
721 1773 853 1811 eum
881 1756 1129 1825 docebit,
1158 1773 1285 1812 cum
1316 1756 1477 1811 addit
1507 1773 1520 1810 :
1555 1756 1689 1811 ldeo
1719 1757 1932 1811 scilicet
1951 1758 2116 1812 doce-
2139 1747 2192 1805 B
2214 1754 2337 1808 Non
2370 1754 2525 1808 enim
2558 1754 2804 1808 sufficiet
2822 1770 3198 1824 consurgere,
3220 1752 3327 1807 nisi
3358 1752 3430 1807 sit
3454 1752 3634 1807 etiam
3649 1756 3826 1806 stare.

510 1842 597 1898 bis
623 1860 756 1899 eum
779 1861 883 1916 per
902 1846 1093 1917 legem
1123 1849 1304 1912 tuam,
1324 1851 1385 1899 ut
1412 1846 1623 1915 mitiges
1648 1845 1701 1899 ei
1725 1848 2058 1915 exasperato
2080 1863 2114 1898 a

508 1934 695 1989 diebus
718 1934 894 2001 malis,
926 1933 983 1988 id
1015 1937 1100 1989 est
1126 1937 1188 1988 ut
1216 1935 1316 1989 des
1359 1933 1789 2005 mitigationem
1820 1933 2114 2005 patientiae

510 2021 584 2090 ei,
612 2022 709 2093 qui
762 2026 1133 2093 exasperatur
1184 2039 1218 2077 a
1278 2022 1477 2077 diebus
1527 2021 1986 2089 tribulationum,
2017 2024 2115 2094 qui

513 2109 635 2164 dies
665 2109 800 2164 mali
836 2110 1125 2177 dicuntur,
1150 2126 1216 2165 eo
1251 2110 1406 2183 quod
1435 2110 1493 2164 in
1518 2110 1599 2165 eis
1616 2110 1930 2164 multarum
1960 2112 2115 2165 mala

510 2197 946 2252 tribulationum
972 2197 1253 2253 insistent.
1289 2198 1454 2262 Quod
1479 2200 1564 2253 est
1595 2198 1960 2254 dicerezldeo
1981 2214 2114 2253 eum

512 2285 766 2353 docebis,
786 2290 848 2340 ut
870 2287 973 2341 sub
988 2286 1425 2342 tribulationum
1442 2287 1700 2358 pondere
1727 2304 1843 2341 non
1863 2287 2112 2356 deficiat,

492 2390 545 2428 va
569 2373 776 2446 quibus
805 2378 1192 2445 exasperatur.
1224 2375 1275 2429 A
1307 2376 1487 2429 diebus
1508 2376 1668 2429 malis
1694 2375 1840 2441 dico,
1874 2375 2117 2431 duratu-

510 2460 588 2516 ris
619 2477 736 2516 non
765 2461 823 2515 in
852 2465 1219 2534 perpetuum,
1234 2463 1332 2517 sed
1350 2462 1572 2526 tandiu,
1592 2463 1754 2518 donec
1767 2462 2012 2532 fodiatur
2024 2464 2111 2534 f0-

513 2564 609 2602 vea
622 2551 938 2619 peccatoris,
967 2549 1025 2604 id
1042 2553 1127 2604 est
1139 2554 1578 2604 consummetur
1590 2549 1648 2604 in
1666 2550 1857 2604 futuro
1873 2551 2112 2606 damna-

507 2637 589 2691 tio
614 2637 929 2708 peccatoris
959 2637 1155 2692 fideles
1184 2638 1601 2710 persequentis.
1634 2637 1858 2693 Dictum
1890 2642 1974 2694 est
2004 2640 2112 2695 hoc

510 2741 545 2780 a
571 2724 943 2780 similitudine
966 2725 1133 2793 illius,
1162 2727 1322 2797 cujus
1351 2726 1515 2781 fovea
1544 2725 1781 2789 foditur,
1814 2730 1875 2781 ut
1900 2731 2029 2799 post
2049 2727 2109 2782 in

509 2829 637 2867 eam
654 2812 970 2884 dejiciatur.
981 2815 1046 2868 Et
1060 2814 1562 2886 notandum,quod
1574 2815 1681 2869 hoc
1701 2814 1837 2870 dicit
1849 2815 1920 2871 ad
1933 2816 2113 2871 bono-

507 2918 639 2957 rum
654 2903 1127 2965 consolationem,
1150 2905 1208 2958 et
1227 2902 1299 2957 ad
1321 2904 1609 2958 malorum
1621 2903 2109 2973 perterritioncm.

2215 1841 2581 1913 Malignantes
2629 1850 2677 1897 et
2729 1849 3002 1914 aperantes
3036 1843 3401 1913 iniquitatem,
3447 1841 3633 1896 iidem
3671 1844 3828 1895 sunt.

2218 1929 2443 1984 Dictum
2474 1934 2560 1985 est
2591 1933 2784 1985 autem
2814 1947 2848 1985 a
2877 1929 3257 1985 similitudine
3285 1929 3515 1999 civium,
3537 1929 3640 2000 qui
3658 1930 3831 1984 nocte

2218 2018 2290 2073 ab
2309 2018 2567 2074 hostibus
2588 2018 2787 2084 invasi,
2804 2018 3179 2074 delectulisin
3206 2017 3412 2090 quibus
3424 2017 3830 2093 dormiebant,

2218 2109 2597 2178 consurgunt,
2620 2110 2679 2162 et
2702 2123 2934 2161 murum
2963 2105 3207 2161 civitatis
3234 2105 3636 2172 ascendentes,
3660 2108 3720 2159 et
3747 2103 3833 2159 ibi

2220 2197 2459 2260 stantes,
2484 2212 2613 2250 eam
2641 2195 2713 2250 ab
2760 2196 2974 2251 assultu
3021 2194 3274 2250 hostium
3320 2193 3669 2249 defendunt.
3711 2193 3833 2248 Hoc

2219 2284 2414 2337 autem
2448 2284 2601 2356 quod
2624 2283 3036 2355 interrogative
3066 2283 3252 2356 ponit,
3284 2282 3359 2338 ad
3387 2283 3680 2354 majorem
3731 2297 3832 2337 ex-

2216 2370 2615 2427 hortationem
2646 2371 2804 2427 facit.
2838 2373 2905 2427 Et
2934 2375 3019 2427 est
3048 2387 3113 2427 ac
3126 2372 3171 2426 si
3194 2371 3411 2427 diceret
3434 2388 3447 2426 :
3473 2372 3625 2443 Ergo
3639 2386 3832 2442 quan-

2217 2458 2531 2531 doquidem
2572 2460 2713 2515 recti
2756 2461 2930 2516 corde
2978 2459 3351 2516 solummodo
3398 2459 3637 2515 stabunt
3663 2459 3828 2530 juxta

2218 2547 2389 2614 illam,
2415 2565 2513 2603 vos
2528 2564 2732 2603 omnes
2757 2549 3088 2621 quicunque
3117 2548 3287 2604 vultis
3306 2564 3427 2603 esse
3450 2548 3595 2602 recti
3624 2546 3823 2616 corde,

2217 2639 2276 2690 et
2305 2653 2409 2708 per
2432 2637 2541 2692 hoc
2564 2637 2729 2708 juxta
2758 2638 2917 2692 illam
2951 2654 3093 2706 esse,
3127 2637 3269 2692 mihi
3300 2637 3666 2691 adhaerentes
3685 2652 3828 2690 con-

2216 2724 2431 2795 surgite
2457 2725 2703 2780 adversus
2729 2725 3107 2797 malignantes,
3131 2729 3190 2781 et
3232 2728 3377 2781 state
3404 2742 3611 2780 mecum
3639 2723 3828 2778 adver-

2215 2829 2301 2866 sus
2329 2822 2596 2883 aperantes
2620 2815 2978 2886 iniquitatem.

2294 2900 2563 2969 Quamvis
2594 2905 2789 2958 autem
2821 2902 2899 2957 sic
2928 2902 3208 2971 adhortor
3236 2902 3310 2957 ad
3349 2901 3823 2974 consurgendum

582 2990 927 3061 Interposita
957 3006 1127 3045 causa
1178 3007 1355 3062 quare
1407 2989 1655 3057 docebit,
1691 2991 1944 3045 ostendit
1977 2992 2117 3064 quid
2147 3024 2196 3083 Ο
2221 2991 2280 3043 et
2308 2990 2382 3043 ad
2400 2990 2694 3058 standum,
2715 2989 3067 3046 insufficiens
3086 2993 3283 3046 tamen
3303 3006 3409 3061 per
3424 3006 3664 3046 mesum
3685 3006 3830 3045 con-

516 3076 765 3152 doccbit,
788 3078 866 3152 sic
886 3096 898 3133 :
922 3080 1037 3135 Hoc
1061 3079 1275 3134 scilicet
1304 3080 1534 3134 docebit
1562 3079 1842 3134 Dominus
1861 3080 2119 3152 perlegis
2154 3076 2196 3083 “
2221 3093 2458 3147 surgere
2487 3080 2544 3131 et
2573 3082 2744 3133 stare.
2776 3077 2907 3132 Nisi
2934 3078 3092 3133 enim
3121 3078 3253 3133 ideo
3285 3078 3652 3137 remanisset.
3702 3080 3829 3149 quia

516 3183 632 3222 suae
872 3167 1219 3235 doctrinam,
1239 3167 1395 3239 quod
1410 3168 1528 3239 ipse
1542 3167 1807 3222 Dominus
1823 3185 1933 3221 non
1956 3151 2118 3239 repel-

2224 3164 2486 3218 Dominus
2501 3165 2709 3237 adjuvit
2736 3183 2837 3234 me,
2859 3182 2965 3240 per
2989 3166 3331 3238 adjutricem
3349 3167 3625 3238 gratiam,
3645 3168 3833 3222 anima

504 3249 586 3308 'let
595 3255 805 3327 plebem
833 3273 1006 3323 suam,
1057 3256 1190 3311 licet
1215 3257 1393 3311 etiam
1428 3255 1684 3328 patiatur
1713 3256 1915 3328 affligi,
1947 3256 2005 3311 id
2039 3261 2124 3312 est
2225 3270 2341 3307 mea
2362 3253 2663 3318 habitasset,
2686 3254 2744 3309 id
2770 3256 2856 3309 est
2880 3271 3255 3326 perseverans
3284 3254 3485 3310 fuisset
3506 3257 3565 3309 in
3597 3256 3835 3325 inferno,

516 3344 627 3399 hoc
658 3343 905 3412 docebit,
938 3344 1092 3415 quod
1136 3361 1255 3399 non
1298 3344 1510 3399 idcirco
1560 3345 1845 3416 permittit
1891 3346 2122 3417 plebem
2226 3341 2286 3397 id
2317 3346 2401 3396 est
2429 3342 2487 3396 in
2519 3358 2800 3398 consensu
2829 3342 3169 3416 impiorum,
3194 3342 3290 3415 qui
3303 3343 3438 3414 jure
3460 3342 3727 3399 infernus
3745 3342 3843 3397 di-

515 3447 680 3485 suam
720 3430 924 3502 affligi,
948 3435 1009 3486 ut
1038 3449 1167 3486 eam
1199 3433 1442 3502 repellat
1459 3433 2123 3503 etnegligat.Ethocdo-
2228 3430 2396 3496 Citur,
2431 3446 2500 3484 eo
2539 3431 2694 3501 quod
2724 3447 2829 3503 per
2853 3448 2988 3485 eum
3012 3431 3085 3486 ad
3118 3431 3412 3486 infernum
3457 3431 3749 3499 veniatur,
3783 3436 3843 3487 et

517 3519 851 3592 ccbit,quod
865 3536 993 3574 cum
1016 3520 1311 3592 permittat
1328 3520 1589 3576 tribulari
1607 3522 1876 3576 eamdem
1894 3524 2124 3594 plebem
2218 3518 2385 3589 paulo
2410 3520 2606 3586 minus,
2631 3518 2689 3573 id
2710 3522 2796 3573 est
2817 3535 3131 3591 perparum
3159 3520 3343 3575 defuit
3373 3518 3576 3575 anima
3594 3536 3734 3575 mea
3768 3521 3841 3575 ab

520 3625 707 3677 suam,
741 3624 868 3680 quae
898 3608 1205 3664 haereditas
1234 3609 1359 3679 ejus
1385 3612 1490 3677 est,
1519 3612 1715 3664 tamen
1741 3609 1926 3680 ipsam
1963 3611 2122 3665 haere-
2227 3607 2350 3677 ejus
2377 3607 2755 3662 habitatione.
2788 3608 2904 3663 Hoc
2942 3611 3138 3663 autem
3189 3608 3328 3664 dixit
3386 3609 3460 3664 ad
3502 3610 3841 3682 exemplum

518 3695 739 3750 ditatem
766 3714 919 3751 suam
945 3714 1049 3751 non
1077 3697 1422 3769 derelinquet.
1450 3697 1589 3752 Cum
1639 3698 1804 3768 ponit
1849 3715 1955 3752 non
1977 3699 2123 3753 dere-
2225 3696 2584 3765 humilitatis,
2618 3713 2691 3751 ne
2722 3696 3020 3752 confidant
3047 3698 3241 3753 idiotae
3262 3714 3368 3770 per
3385 3714 3446 3753 se
3467 3714 3637 3770 posse
3659 3702 3833 3754 stare.

519 3785 739 3857 linquet,
776 3785 946 3840 datur
978 3785 1221 3856 intelligi
1249 3803 1355 3857 per
1383 3787 1666 3857 lyptoten,
1694 3786 1849 3857 quod
1878 3786 2124 3843 hmredi-
2227 3784 2287 3840 Si
2315 3787 2511 3839 autem
2536 3785 2841 3851 habeatur,
2872 3784 3171 3851 habitavit,
3196 3785 3276 3841 sic
3295 3786 3542 3858 legetur.
3559 3785 3697 3841 Nisi
3707 3786 3834 3841 ideo

519 3877 703 3930 tatem
732 3891 893 3929 suam
907 3891 1009 3945 per
1027 3875 1431 3930 tribulationes
1453 3875 1768 3945 adjuvabit,
1789 3879 1850 3931 ut
1872 3876 2006 3949 ipsa“:
2019 3876 2122 3931 tri-
2227 3872 2364 3945 quia
2387 3872 2653 3927 Dominus
2669 3872 2882 3944 adjuvit
2907 3889 2990 3927 me
3007 3873 3294 3928 habitasset
3329 3876 3385 3928 in
3411 3875 3625 3944 inferno
3650 3877 3831 3931 anilia

521 3962 843 4018 bulationes
870 3963 984 4016 sint
1010 3963 1090 4018 eis
1115 3980 1283 4018 causa
1310 3963 1656 4018 salvationis.
1691 3964 1824 4019 Dico
1857 3966 2010 4037 quod
2027 3966 2128 4020 ha-
2223 3978 2364 4028 mea,
2396 3965 2454 4015 et
2473 3962 2644 4034 paulo
2673 3961 2888 4025 minus,
2920 3960 2979 4016 id
3010 3964 3096 4017 est
3111 3960 3233 4018 fere
3256 3963 3558 4018 habitavit.
3579 3963 3831 4018 Senten-

523 4050 801 4104 reditatem
830 4068 984 4104 suam
1016 4067 1126 4106 non
1183 4052 1527 4123 derelinquat,
1571 4051 1671 4105 sed
1725 4052 2035 4123 adiuvabit,
2069 4057 2127 4109 et
2226 4050 2307 4105 tia
2322 4050 2526 4104 eadem
2539 4053 2719 4112 est,et
2742 4066 2874 4104 vere
2894 4066 2988 4104 me
3009 4040 3828 4121 adjuvisti,Domine.S1enim

523 4138 728 4192 tandiu
752 4137 842 4208 adj
854 4138 1045 4192 uvabit
1065 4140 1404 4211 quoadusque
1415 4137 1731 4209 justitia,id
1749 4144 1836 4194 est
1848 4141 2124 4211 Christus,
2226 4137 2432 4192 humili
2460 4136 2820 4193 confessione
2848 4138 3088 4193 dicebam
3119 4155 3132 4194 :
3155 4138 3376 4210 Adjuva
3404 4155 3523 4208 me,
3556 4140 3827 4206 Domine,

525 4225 623 4298 qui
646 4242 750 4296 per
780 4225 1102 4297 emphasim
1135 4226 1345 4281 dicitur
1363 4226 1611 4297 justitia,
1643 4244 1711 4282 eo
1744 4228 1899 4300 quod
1943 4229 2015 4284 ab
2055 4246 2125 4285 eo
2227 4225 2363 4298 quia
2386 4232 2556 4280 motus
2579 4232 2653 4280 est
2675 4243 2768 4297 pes
2787 4243 2951 4294 meus,
2984 4226 3045 4281 id
3066 4229 3152 4282 est
3176 4226 3402 4284 affectio
3433 4243 3588 4294 mea,
3621 4228 3833 4283 miseri-

523 4313 718 4370 omnis
736 4313 961 4386 justitia
992 4315 1291 4387 procedat,
1323 4321 1664 4370 convertatur
1692 4332 1726 4370 a
1766 4316 2046 4388 patientia
2070 4319 2129 4374 in
2149 4303 2202 4362 D
2224 4313 2406 4369 cordia
2433 4320 2545 4380 tua,
2573 4314 2824 4382 Domine,
2839 4313 3130 4384 adiuvabat
3151 4331 3252 4381 me,
3282 4330 3357 4369 ne
3386 4331 3455 4371 ex
3473 4317 3598 4371 toto
3616 4313 3833 4370 deﬁce-

517 4401 807 4473 judicium.
833 4402 997 4467 Quod
1018 4406 1104 4458 est
1125 4402 1313 4459 dicere
1343 4420 1355 4458 :
1380 4403 1599 4458 Tandiu
1643 4420 1742 4460 eos
1771 4422 1875 4460 non
1896 4405 2123 4477 repellet,

525 4490 626 4545 sed
651 4506 756 4562 per
784 4490 1186 4547 tribulationes
1217 4492 1530 4563 adjuvabit,
1562 4492 1748 4547 donec
1778 4492 2038 4549 Christus
2053 4494 2126 4549 ad

524 4578 754 4651 iniquos
774 4580 1153 4650 judicandum
1185 4582 1395 4649 veniat,
1429 4597 1572 4654 quos
1600 4581 1692 4635 hic
1720 4582 2009 4652 patienter
2039 4599 2128 4638 ex-

524 4670 764 4738 spectat.
796 4668 921 4723 Non
949 4667 1079 4723 ideo
1102 4669 1180 4723 sic
1205 4668 1574 4740 determinat,
1605 4670 1759 4741 quod
1788 4674 2129 4741 posteasuos

523 4756 786 4828 repellat,
804 4756 903 4811 sed
926 4756 1211 4828 quiaillud
1232 4760 1456 4813 constat
1472 4758 1627 4830 quod
1648 4761 1989 4830 posteasuos
2009 4777 2127 4816 non

524 4846 787 4916 repellet,
810 4861 926 4900 non
950 4849 1232 4902 removet.
1255 4846 1371 4901 Hoc
1385 4848 1582 4901 autem
1615 4846 1770 4918 quod
1795 4846 1886 4902 hic
1904 4865 2011 4903 non
2038 4866 2128 4904 re-

513 4934 694 5006 pellet,
726 4933 982 5005 oportuit
1004 4949 1243 5004 ponere,
1276 4933 1412 5005 quia
1440 4933 1532 4988 hic
1552 4933 2125 5008 videnturpertribu-

523 5022 770 5078 lationes
799 5021 1023 5094 repelli,
1057 5025 1115 5076 et
1164 5022 1506 5093 derelinqui.
1540 5021 1616 5076 Et
1658 5025 1775 5095 quis
1826 5023 1936 5079 erit
1959 5024 2127 5096 juxta

519 5111 671 5166 illam
694 5110 999 5182 justitiam,
1031 5109 1090 5165 id
1133 5112 1219 5165 est
1260 5110 1386 5182 quis
1416 5110 1525 5165 erit
1575 5110 1666 5165 hic
1719 5111 2035 5167 conformis
2062 5113 2123 5169 in

519 5199 823 5255 virtutibus
850 5198 931 5253 illi
949 5198 1208 5269 justitiae,
1227 5201 1285 5254 et
1304 5198 1365 5254 in
1378 5198 1570 5254 futuro
1597 5200 1866 5271 regnabit
1894 5216 2027 5255 cum
2055 5217 2125 5258 ea

521 5304 557 5343 a
581 5287 793 5343 dextris
822 5286 1051 5342 Patris?
1076 5286 1388 5358 Responsio
1413 5304 1431 5341 :
1460 5286 1654 5342 Omnes
1674 5286 1755 5341 illi
1772 5290 1943 5343 erunt
1959 5288 2124 5360 juxta

516 5375 677 5431 illam
703 5376 802 5447 qui
818 5381 942 5430 sunt
972 5381 1111 5431 recto
1140 5374 1313 5443 corde,
1342 5391 1461 5430 non
1489 5378 1834 5447 apparentes
1874 5392 1978 5447 per
2023 5377 2123 5450 hy-

516 5463 789 5536 pocrisim
805 5463 944 5535 justi
963 5462 1331 5520 solummodo
1354 5462 1414 5521 in
1442 5463 1605 5521 facie.
1642 5464 1804 5520 Unde
1850 5480 1955 5537 per
1984 5480 2122 5540 pro-

514 5552 756 5627 phetam
784 5552 990 5611 dicitur
1018 5570 1033 5611 :
1060 5575 1089 5607 «
1123 5552 1376 5611 Scindite
1395 5553 1572 5611 corda
1581 5555 1789 5626 vestra,
1803 5557 1994 5613 etnon
2012 5571 2110 5614 ve-

2224 4418 2374 4457 rem.
2396 4401 2562 4467 Quod
2594 4405 2680 4456 est
2708 4402 2898 4458 dicere
2922 4419 2936 4457 :
2969 4402 3113 4457 Cum
3145 4403 3218 4458 ab
3238 4402 3433 4475 aliqua
3449 4403 3829 4475 suggestione

2224 4490 2422 4546 illicita
2449 4490 2673 4546 affectio
2704 4506 2837 4545 mea
2865 4493 3330 4547 commoveretur
3369 4494 3429 4546 et
3467 4491 3831 4565 inquietare-

2227 4582 2340 4649 tur,
2374 4582 2432 4634 et
2460 4595 2569 4651 ego
2602 4579 2710 4634 hoc
2737 4578 3035 4634 humiliter
3071 4579 3173 4635 tibi
3220 4579 3502 4635 conﬁtens
3550 4580 3830 4637 auxilium

2226 4670 2391 4722 tuum
2413 4667 2652 4722 orabam
2680 4682 2752 4721 ne
2791 4666 3124 4735 deficerem,
3170 4669 3234 4721 tu
3293 4667 3702 4723 misericordia
3729 4673 3830 4724 tua

2227 4771 2324 4811 me
2339 4755 2662 4826 adjuvabas.
2680 4755 2749 4809 Et
2769 4754 2904 4827 quia
2918 4771 3036 4811 non
3052 4755 3419 4812 solummodo
3440 4756 3551 4812 hoc
3561 4755 3833 4813 dicebam

2228 4844 2350 4912 tibi,
2374 4843 2474 4899 sed
2495 4842 2671 4899 etiam
2687 4843 3084 4916 multipliciter
3099 4844 3370 4902 dolebam
3388 4844 3461 4900 de
3485 4847 3834 4903 commotio-

2226 4949 2300 4988 ne
2329 4930 2511 5003 pedis,
2543 4932 2828 5004 paenitens
2855 4936 2915 4987 et
2944 4949 3116 4988 orans
3136 4936 3199 4989 ut
3218 4932 3365 4991 mihi
3632 4935 3833 4991 illicita

2225 5020 2541 5077 commotio
2572 5020 2670 5076 illa
2698 5020 3110 5090 remitteretur,
3140 5024 3515 5079 consolatwnes
3532 5024 3832 5081 remissio-

2226 5108 2333 5177 nis,
2356 5124 2531 5181 quam
2558 5108 2890 5180 spiritaliter
2912 5108 3167 5165 intellexi
3189 5110 3333 5166 mihi
3352 5128 3387 5167 a
3401 5113 3460 5166 te
3482 5111 3686 5168 datam
3707 5129 3828 5170 esse

2223 5213 2327 5270 per
2354 5197 2787 5270 paenitentiam,
2821 5197 3220 5267 ικιὴῖεαυενωιι
3247 5200 3485 5256 animam
3518 5217 3721 5257 meam.

2293 5285 2726 5342 Consolationes
2746 5286 2873 5342 dico
2905 5286 3053 5343 data:
3067 5287 3488 5360 multipliciter,
3501 5291 3826 5348 secundum

2222 5375 2741 5440 multitudinem,id
2757 5378 2843 5431 est
2852 5376 2926 5431 ad
2942 5377 3183 5432 modum
3205 5378 3651 5451 multiplicitatis
3664 5381 3829 5438 dolo-

2218 5481 2351 5522 rum
2373 5481 2640 5523 meorum
2658 5464 2720 5521 in
2739 5464 2913 5522 corde
2935 5481 3067 5522 meo
3079 5481 3280 5523 revera
3302 5468 3823 5540 existentium,non

2221 5570 2328 5629 per
2348 5554 2694 5631 hypocrisim
2716 5555 2776 5613 in
2803 5554 2948 5614 facie
2978 5557 3408 5631 apparentium.
3445 5555 3615 5625 Quod
3634 5562 3722 5618 est
3740 5558 3829 5620 di-
