3998 6026
305 297 450 355 1141

1249 293 1603 357 EXPOSlTlO
1642 296 1713 355 IN
1750 299 2084 358 PSALMOS.
2118 331 2187 343 —
2216 301 2411 360 PSAL.
2461 300 2617 360 XCIV

3486 309 3619 365 Hi2

302 438 478 478 cere:
530 419 674 486 Quia
728 421 1122 495 multipliciter
1152 422 1308 479 dolui
1347 424 1418 479 de
1444 424 1999 494 commotionibusA
2027 442 2229 500 quam,
2259 427 2373 483 illos
2401 427 2497 483 ille
2516 426 2614 500 qui
2643 425 2907 481 Dominus
2935 434 3109 482 noster
3140 431 3247 484 est.
3271 428 3522 503 Ideoque
3552 431 3625 488 de

308 510 489 578 meis,
509 513 567 565 et
596 512 657 565 tu
684 511 1062 582 multiplicem
1084 510 1482 568 remissionem
1502 512 1644 568 mihi
1660 513 1925 578 fecisti,et

304 598 397 654 sic
429 598 688 654 animam
716 615 912 654 meam
935 601 1261 655 consolatus
1276 617 1355 655 es.
1382 602 1490 656 Per
1514 601 1625 657 hoc
1642 600 1819 674 igitur
1835 601 1922 657 in-

302 688 484 743 struit
503 688 890 755 auditores,de
902 688 1221 744 commissis
1232 688 1391 745 valde
1405 689 1924 759 dolere,utveniam

306 774 728 849 adipiscantur.
760 776 894 831 Dico
924 777 1210 834 secundum
1238 777 1631 833 multitudinem
1685 777 1926 834 dolorum

304 865 369 919 in
410 864 564 920 corde
610 882 744 928 meo,
785 868 845 920 et
885 866 1096 921 merito
1155 867 1209 919 in
1248 865 1402 921 corde
1428 883 1541 920 meo
1584 866 1759 922 dolui.
1810 868 1924 923 Nisi

304 951 476 1008 enim
509 953 838 1022 doluissem,
865 954 1007 1008 sedes
1036 955 1336 1026 iniquitatis
1371 971 1579 1018 essem,
1629 958 1687 1010 et
1719 956 1795 1011 sic
1823 956 1927 1011 tibi

303 1059 435 1097 non
458 1041 949 1110 adhmreremmec
965 1042 1295 1111 hic,scilicet
1312 1060 1415 1115 per
1435 1044 1924 1115 conformitatem,

309 1146 428 1185 nec
448 1129 507 1184 in
530 1129 723 1185 futuro
742 1146 845 1202 per
858 1129 1228 1186 beatitudinis
1244 1130 1930 1203 participationem.Nun-

310 1216 452 1290 quid
482 1217 636 1273 enim
678 1218 820 1272 sedes
846 1220 1164 1290 iniquitatis,
1197 1219 1255 1273 id
1301 1222 1384 1274 est
1414 1220 1507 1274 ille
1530 1219 1588 1274 in
1627 1236 1741 1291 quo
1770 1220 1930 1275 sedet

314 1305 621 1383 iniquitas,
652 1306 886 1361 adhaeret
916 1307 1031 1375 tibi,
1074 1309 1168 1379 qui
1193 1308 1347 1376 lingis
1376 1307 1636 1363 dolorem
1669 1309 1755 1362 vel
1785 1308 1927 1362 labo-

311 1411 438 1450 rem
469 1396 523 1449 in
541 1401 808 1466 praecepto
835 1397 863 1449 ?
883 1395 1089 1469 Utique
1122 1413 1241 1452 non
1269 1396 1545 1451 adhaeret.
1577 1395 1745 1460 Quasi
1778 1397 1929 1451 dice-

312 1487 445 1538 ret:
478 1484 675 1538 Nullus
711 1483 1028 1556 iniquitatis
1064 1485 1226 1540 sedes
1267 1483 1511 1541 existens
1537 1485 1812 1553 adhmret,
1843 1485 1932 1539 vel

315 1572 645 1627 adhaerebit
659 1571 783 1639 tibi,
811 1573 907 1645 qui
927 1573 1027 1628 das
1041 1576 1395 1645 praeceptum
1420 1576 1478 1627 ut
1496 1590 1671 1629 nemo
1683 1573 1754 1628 sit
1770 1574 1933 1629 sedes

313 1659 661 1731 iniquitatis,
686 1670 744 1716 et
769 1660 827 1715 in
855 1664 1146 1732 praecepto
1170 1660 1267 1716 illo
1287 1661 1475 1732 ﬁngis,
1504 1661 1561 1716 id
1580 1660 1930 1734 estdisponis

2024 514 2242 571 ultione
2269 518 2466 571 nostra
2485 515 2656 571 debet
2673 518 3019 587 satagere,et
3038 516 3135 587 qui
3152 516 3297 571 Deus
3310 521 3506 574 noster
3522 523 3626 588 est,

2026 601 2271 676 ideoque
2299 603 2424 659 illos
2444 602 2775 675 disperdere
2804 605 3012 676 potest.
3047 604 3162 659 Hoc
3192 608 3386 662 autem
3412 607 3486 662 ad
3517 608 3629 663 hoc

2029 692 2163 747 dicit
2194 694 2257 747 ut
2289 693 2471 747 malos
2496 708 2531 746 a
2560 691 2783 746 malitia
2799 708 2902 747 sua
2928 690 3237 762 deterreat,
3266 711 3340 749 ne
3363 694 3629 751 videlicet

2026 778 2133 835 sibi
2156 780 2285 835 ideo
2315 780 2663 853 promittant
2685 778 3113 852 impunitatem,
3135 796 3202 836 eo
3221 782 3375 853 quod
3399 782 3631 838 tribula-

2028 866 2213 923 tiones
2263 869 2334 923 ab
2389 868 2471 924 eis
2518 868 2710 937 illatae,
2771 868 2887 923 sint
2904 867 3075 940 justis
3100 869 3174 924 ad
3203 870 3469 924 salutem.
3501 871 3626 926 Non

2027 955 2185 1011 enim
2215 956 2288 1011 ad
2317 957 2427 1012 hoc
2457 959 2606 1012 Deus
2636 956 2889 1028 respicit,
2923 956 3078 1028 quod
3106 973 3211 1029 per
3232 957 3632 1014 tribulationes

2030 1060 2158 1099 suas
2174 1045 2341 1117 justis
2362 1044 2598 1118 faciunt,
2621 1045 2720 1101 sed
2741 1045 2934 1101 adhoc
2946 1046 3100 1118 quod
3123 1047 3274 1101 male
3300 1045 3628 1102 intendunt.

2388 1117 2555 1204 38|
2613 1134 2681 1187 IN
2732 1117 3054 1190 PSALMUM
3098 1134 3273 1189 xcrv.

2098 1219 2314 1277 Titulus
2342 1220 2704 1294 nonagesimi
2734 1222 2944 1294 quarti.
2992 1222 3134 1277 Laus
3184 1224 3385 1280 cantici
3431 1222 3631 1282 David.

2033 1307 2198 1373 Quod
2227 1310 2307 1365 sic
2337 1309 2645 1382 exponitur
2673 1326 2686 1364 :
2744 1310 3005 1365 Psalmus
3024 1310 3129 1366 iste
3162 1313 3255 1371 est.
3275 1311 3390 1366 laus
3413 1313 3633 1381 cantici,

2031 1395 2091 1451 id
2121 1402 2208 1452 est
2234 1399 2358 1453 laus
2398 1397 2778 1469 jucunditatis
2823 1401 2881 1452 et
2923 1397 3250 1467 hilaritatis,
3313 1401 3372 1454 et
3400 1416 3518 1455 non
3550 1403 3638 1455 est

2031 1483 2231 1553 David,
2258 1486 2359 1541 sed
2385 1485 2610 1541 Christi.
2637 1488 2700 1541 In
2731 1486 2842 1541 hoc
2869 1485 3083 1558 quippe
3110 1487 3331 1557 psalmo
3348 1488 3637 1559 Propheta

2034 1589 2100 1627 ex
2133 1573 2314 1629 nimia
2334 1575 2697 1646 jucunditate
2726 1574 2970 1630 laudans
2998 1573 3286 1629 Christum
3302 1576 3632 1644 venturum,

2033 1660 2374 1717 adhortatur
2385 1662 2611 1718 Judzeos
2623 1660 3030 1729 incredulos,in
3043 1661 3401 1732 plenitudine
3418 1664 3637 1734 tempo-

312 1748 606 1813 laborem,
638 1748 852 1805 scilicet
877 1748 1133 1821 disponis
1163 1750 1225 1804 ut
1245 1765 1361 1804 non
1383 1766 1514 1804 cum
1549 1749 1926 1821 negligentia,
1953 1760 2004 1818 B
2031 1749 2110 1805 ris
2132 1750 2376 1819 futuros,
2411 1754 2474 1806 ut
2498 1750 2737 1805 tandem
2764 1750 2823 1804 in
2858 1752 3016 1805 sexta
3039 1752 3209 1805 aitate
3241 1750 3314 1804 ad
3343 1767 3478 1806 eum
3520 1752 3634 1808 ﬁde

315 1838 423 1893 sed
452 1854 583 1893 cum
618 1854 849 1893 summo
880 1838 1077 1893 labore
1104 1841 1162 1892 et
1187 1854 1322 1893 cura
1350 1837 1681 1910 perﬁciatur
1711 1854 1926 1909 praece-

316 1930 487 1998 ptum
518 1924 690 1981 istud.
719 1926 814 1980 Vel
842 1925 889 1980 si
909 1926 1226 1980 habeamus
1257 1925 1542 1994 dolorem,
1567 1926 1647 1980 sic
1671 1927 1926 1998 legetur:

319 2014 429 2078 Qui
458 2015 558 2069 das
586 2016 941 2087 prmceptum
974 2017 1037 2068 ut
1060 2014 1246 2069 nullus
1278 2014 1349 2069 sit
1378 2015 1540 2070 sedes
1584 2014 1925 2087 iniquitatis,

320 2105 382 2157 et
431 2102 527 2174 qui
560 2102 618 2157 in
674 2106 962 2173 praecepto
1001 2102 1261 2157 dolorem
1313 2101 1505 2174 ﬁngis,
1538 2102 1599 2157 id
1632 2105 1718 2157 est
1742 2102 1835 2174 qui
1869 2102 1928 2156 in

321 2189 710 2263 completione
740 2191 908 2262 hujus
939 2190 1209 2263 praecepti
1243 2189 1498 2261 disponis
1525 2190 1788 2247 dolorem
1826 2190 1929 2245 tri-

320 2261 708 2334 bulationum.
739 2261 902 2344 Quod
935 2261 1272 2333 estdicere:
1309 2278 1452 2333 Cum
1486 2281 1751 2350 oporteat
1766 2295 1933 2334 com-

321 2367 575 2439 pletores
598 2367 769 2439 hujus
781 2367 1054 2440 prmcepti
1072 2366 1454 2439 multiplicem
1473 2354 1734 2422 dolorem
1754 2366 1933 2421 tribu-

318 2454 604 2510 lationum
638 2456 851 2523 subire,
878 2462 935 2509 tu
964 2456 1143 2525 fingis,
1171 2454 1237 2510 id
1268 2458 1354 2511 est
1373 2454 1628 2527 disponis
1667 2455 1928 2510 dolorem

318 2543 531 2616 ipsum,
563 2543 869 2617 unicuique
901 2543 1391 2615 distribuasprout
1416 2546 1601 2615 potest
1622 2543 1929 2616 pati.Juxta

319 2631 462 2687 illud
492 2631 777 2704 Apostoli:
808 2655 836 2682 «
864 2631 1072 2686 Fidelis
1098 2633 1266 2693 Deus,
1291 2630 1386 2703 qui
1419 2647 1535 2685 non
1566 2630 1813 2701 patietur
1828 2645 1926 2685 vos

316 2720 551 2787 tentari,
585 2736 757 2791 supra
787 2718 845 2773 id
876 2719 1031 2791 quod
1050 2718 1288 2791 potestis
1305 2717 1364 2791 (Ι
1391 2716 1516 2773 Cor.
1540 2736 1596 2782 x,
1633 2718 1925 2785 13).»Dico

324 2808 478 2881 quod
509 2809 668 2878 ﬁngis
718 2807 1004 2874 dolorem,
1059 2805 1157 2879 qui
1190 2806 1356 2861 dolor
1384 2805 1514 2860 talis
1550 2810 1671 2861 est:
1714 2806 1929 2861 scilicet

324 2895 461 2968 quia
488 2894 653 2966 impii
682 2897 888 2950 euntes
908 2895 1063 2950 malo
1095 2911 1195 2949 suo
1211 2896 1364 2961 voto,
1398 2894 1478 2966 in,
1507 2893 1567 2949 id
1592 2898 1677 2949 est
1705 2899 1924 2963 contra,

324 2985 585 3040 animam
597 2985 755 3055 justi,
788 2986 1025 3056 captant
1050 2984 1235 3055 ipsam
1266 2985 1591 3051 animam,et
1604 2984 1786 3039 adhuc
1812 2984 1926 3039 fre-

325 3075 570 3145 quenter
600 3072 912 3143 captabant,
945 3071 1004 3127 id
1050 3074 1136 3127 est
1163 3071 1500 3143 frequenter
1524 3071 1932 3128 desiderabunt

326 3176 456 3215 eam
488 3177 694 3232 capere
726 3160 1159 3232 deceptionibus
1175 3159 1309 3227 suis,
1343 3163 1399 3214 et
1420 3159 1525 3214 sibi
1542 3159 1927 3216 conformare.

323 3247 400 3303 Et
416 3248 549 3321 quia
567 3266 683 3305 non
696 3251 968 3320 poterunt
988 3248 1643 3321 capere,condemnabunt
1657 3248 1931 3303 effusione

325 3339 383 3392 et
408 3340 596 3393 morte
627 3339 942 3407 sanguinem
971 3338 1325 3405 innocentem,
1352 3336 1567 3391 scilicet
1587 3336 1929 3407 sanguinem

314 3424 477 3497 justi.
506 3426 674 3480 Juxta
716 3441 850 3480 vero
883 3425 1041 3479 illam
1072 3424 1404 3492 lectionem,
1436 3424 1492 3478 in
1526 3441 1640 3497 qua
1688 3425 1932 3479 habetur

323 3517 417 3586 qui
448 3516 610 3584 ﬁngis
642 3512 892 3582 laborem,
935 3513 1012 3567 sic
1043 3512 1413 3568 continuatur
1438 3529 1683 3584 sequens
1711 3529 1928 3580 versus,

322 3620 495 3675 quem
511 3603 636 3674 jam
665 3601 1028 3674 exposuimus
1048 3600 1400 3673 expositione
1416 3618 1532 3655 non
1545 3601 1929 3675 mutata.Dico

324 3674 477 3764 quod
505 3709 611 3746 non
642 3692 875 3747 adhaeret
922 3691 1019 3744 tibi
1063 3689 1203 3744 sedes
1241 3690 1560 3761 iniquitatis,
1593 3692 1651 3744 et
1691 3674 1925 3744 merito.

323 3779 465 3836 Nam
516 3781 597 3836 illi
644 3780 739 3852 qui
770 3784 902 3835 sunt
929 3779 1069 3833 sedes
1126 3779 1423 3849 iniquitatis
1474 3778 1781 3849 captabant,
1815 3781 1923 3833 etc.

325 3868 457 3926 Dico
489 3868 645 3941 quod
680 3868 845 3941 impii
877 3867 1300 3923 condemnabunt
1327 3868 1645 3936 sanguinem
1678 3868 1924 3921 innocen-

325 3962 446 4014 tem.
478 3957 560 4012 Ne
599 3973 733 4011 vero
762 3956 1072 4011 timeamus
1122 3957 1180 4009 et
1224 3953 1557 4009 deﬁciamus
1585 3970 1690 4027 pro
1721 3971 1923 4010 eorum

325 4043 841 4101 condemnatione:
868 4046 926 4099 et
956 4042 1051 4097 ille
1083 4039 1179 4114 qui
1203 4041 1473 4097 Dominus
1496 4045 1597 4112 est,
1622 4042 1681 4098 id
1708 4047 1795 4098 est
1822 4059 1929 4114 po-

326 4136 638 4205 tens/actus
667 4139 741 4188 est
760 4133 967 4186 mihiet
995 4131 1141 4186 meis
1157 4130 1551 4186 conformibus
1572 4134 1628 4185 in
1654 4132 1923 4203 refugium

326 4223 383 4279 id
399 4222 557 4278 estin
571 4221 940 4277 securitatem
968 4236 981 4275 :
1013 4219 1350 4274 etilleidem
1374 4219 1760 4291 Dominusqui
1780 4222 1926 4276 Deus

2031 1838 2287 1907 veniant,
2321 1841 2380 1893 et
2402 1838 2453 1894 ei
2477 1840 2767 1893 exsultent
2783 1842 2842 1892 et
2856 1837 3109 1909 juhilent
3138 1840 3196 1893 et
3223 1838 3630 1896 conﬁteantur.

2030 1926 2497 2000 Adhortaturque
2514 1943 2586 1982 ne
2598 1926 2672 1981 ad
2697 1926 2903 1981 Christi
2915 1942 3111 1981 vocem
3133 1926 3308 1982 corda
3328 1927 3634 1996 obdurent,

2032 2018 2090 2069 et
2117 2030 2221 2086 per
2240 2016 2352 2070 hoc
2380 2019 2661 2070 mternam
2682 2013 2942 2086 requiem
2958 2013 3248 2082 amittant,
3280 2014 3423 2070 sicut
3443 2018 3637 2089 patres

2032 2119 2235 2157 eorum
2263 2105 2444 2158 Deum
2476 2104 2534 2158 in
2566 2104 2790 2158 deserto
2812 2103 3182 2159 irritaverunt
3204 2120 3218 2158 :
3243 2103 3488 2175 ideoque
3508 2121 3639 2176 pro-

2031 2190 2194 2245 strati
2215 2191 2287 2245 ad
2300 2194 2470 2247 terra;
2486 2190 2883 2262 promissionis
2902 2190 3162 2263 requiem
3180 2190 3423 2247 minime
3442 2209 3640 2265 perve-

2034 2280 2266 2333 nerunt.
2284 2278 2615 2333 Notandum
2639 2281 2858 2346 autem,
2883 2279 3040 2351 quod
3055 2278 3114 2333 in
3130 2279 3238 2334 hoc
3253 2280 3478 2351 psalmo
3494 2282 3634 2336 Pro-

2029 2367 2207 2438 pheta
2218 2366 2486 2438 quaedam
2507 2366 2679 2421 verba
2691 2367 2857 2438 ponit
2872 2367 2931 2421 in
2948 2366 3635 2440 personaipsiusDomini,

2031 2452 2296 2509 videlicet
2324 2469 2456 2508 cum
2498 2453 2635 2508 dicit
2664 2454 2759 2508 ubi
2778 2461 3110 2509 tentaverunt
3137 2471 3240 2520 me,
3292 2457 3424 2523 etc.,
3459 2472 3637 2528 usque

2030 2541 2089 2597 in
2119 2541 2320 2597 ﬁnem.
2356 2543 2471 2597 Hoc
2499 2544 2693 2596 autem
2724 2558 2844 2597 non
2868 2541 3005 2597 facit
3029 2545 3241 2613 praeter
3283 2558 3474 2611 usum,
3502 2559 3635 2599 cum

2030 2629 2089 2684 in
2120 2629 2375 2685 historiis
2393 2633 2452 2685 et
2476 2630 2535 2685 in
2570 2630 2887 2701 prophetiis
2917 2630 3253 2703 frequenter
3293 2632 3634 2698 habeamus,

2030 2720 2270 2791 angelos
2323 2722 2382 2773 et
2438 2718 2752 2790 prophetas
2793 2721 3052 2790 agentes,
3086 2719 3268 2774 multa
3298 2718 3358 2775 in
3387 2736 3637 2792 persona

2030 2805 2261 2861 Domini
2290 2805 2501 2860 dicere.

2109 2893 2316 2960 Venite,
2340 2893 2526 2948 ﬁdein
2555 2896 2823 2966 tempore
2848 2893 3243 2966 plenitudinis,
3271 2912 3304 2951 o
3325 2894 3634 2969 Judaei,qui

2030 2981 2128 3038 diu
2141 2981 2324 3036 fuistis
2338 2999 2370 3037 a
2390 2983 2502 3037 Deo
2516 2982 2852 3055 perinﬁdeli
2861 2986 3037 3037 tatem
3046 2982 3634 3051 remoti,etveniendo

2030 3068 2322 3124 exaltemus
2354 3069 2587 3124 Domino
2629 3068 2877 3124 Christo.
2911 3071 2989 3123 Ac
3018 3069 3064 3123 si
3095 3070 3278 3125 dicat:
3319 3071 3477 3126 Sicut
3523 3088 3631 3144 ego

2034 3159 2194 3211 tanto
2227 3160 2361 3212 ante
2387 3156 2911 3229 teznporeexistens
2934 3156 3003 3211 de
3025 3155 3199 3228 ipsius
3211 3158 3460 3212 adventu
3480 3159 3636 3214 bona

2032 3244 2335 3299 affectione
2354 3245 2681 3312 exsulto,ita
2705 3247 2764 3299 et
2788 3261 2886 3300 vos
2903 3248 3038 3298 tunc
3066 3246 3346 3316 temporis
3362 3245 3538 3301 futuri
3561 3247 3631 3302 de

2033 3332 2280 3387 adventu
2329 3333 2457 3404 ejus
2485 3334 2781 3389 exsultate.
2829 3334 2897 3387 Et
2924 3334 3206 3388 exsultare
3253 3333 3305 3388 ei
3335 3335 3631 3404 debemus,

2033 3419 2167 3491 quia
2190 3420 2468 3475 Dominus
2493 3419 2865 3493 omnipotens
2885 3423 2987 3474 est.
3004 3421 3072 3475 Et
3088 3436 3206 3476 non
3222 3438 3429 3494 parum
3449 3425 3633 3479 exsul-

2032 3508 2243 3577 temus,
2275 3509 2377 3564 sed
2414 3509 2706 3579 jubilemus
2737 3508 2789 3563 ei
2817 3508 2931 3563 Deo
2960 3509 3189 3564 salutari
3218 3517 3417 3567 nostro.
3466 3506 3639 3577 Quod.

2033 3599 2118 3649 est
2149 3596 2366 3651 dicere:
2397 3597 2551 3651 Sicut
2575 3613 2683 3669 ego
2705 3596 2833 3667 jam
2867 3597 2919 3652 ei
2935 3597 3142 3668 jubjlo,
3167 3598 3226 3652 id
3252 3602 3338 3654 est
3360 3600 3543 3656 nimia
3574 3602 3633 3656 et

2031 3682 2258 3738 intensa
2288 3684 2549 3740 interiori
2575 3685 2779 3740 laetitia
2799 3687 3020 3741 exsulto
3044 3703 3057 3754 ;
3080 3686 3159 3739 sic
3202 3690 3259 3740 et
3280 3703 3377 3743 vos
3407 3686 3458 3742 ei
3479 3688 3633 3758 jubi-

2030 3772 2164 3839 late,
2197 3771 2330 3844 quia
2358 3774 2506 3828 Deus
2537 3776 2642 3836 est,
2674 3772 2732 3828 id
2763 3776 2849 3828 est
2888 3776 3139 3837 creator,
3167 3776 3224 3828 et
3262 3776 3543 3845 salutaris,
3571 3777 3630 3833 id

2031 3862 2116 3915 est
2144 3862 2412 3919 salvator.
2442 3862 2566 3916 Non
2597 3862 2784 3917 solum
2814 3864 3009 3917 autem
3023 3862 3317 3932 jubilemus
3330 3864 3631 3928 corde,sed

2027 3948 2207 4003 etiam
2238 3953 2672 4021 perseverantes
2701 3952 2758 4004 in
2800 3950 3143 4020 confessione,
3175 3950 3234 4006 id
3260 3954 3347 4006 est
3377 3954 3433 4006 in
3456 3953 3627 4009 laude

2025 4036 2160 4100 oris,
2178 4054 2603 4109 praeoccupemus
2628 4039 2825 4109 faciem
2854 4038 2985 4109 ejus,
3018 4037 3078 4093 id
3106 4041 3193 4095 est
3219 4039 3398 4095 simus
3411 4041 3627 4098 similes

2029 4125 2202 4181 servis
2228 4127 2764 4200 praaoccupantibus
2788 4126 3000 4182 faciem
3031 4127 3263 4182 Domini
3292 4129 3399 4197 sui,
3432 4134 3495 4185 ut
3516 4130 3621 4187 sibi

2029 4230 2162 4269 eum
2188 4214 2402 4270 faciant
2421 4217 3046 4288 atlentum,antequam
3060 4215 3184 4271 aliis
3204 4217 3449 4288 negotiis
3460 4234 3627 4274 occu-

328 4329 487 4367 meus
530 4314 635 4373 est,
666 4310 723 4364 id
752 4311 838 4364 est
879 4311 1124 4375 creator,
1173 4307 1356 4362 factus
1402 4311 1487 4362 est
1516 4308 1658 4363 mihi
1703 4315 1753 4363 et
1780 4309 1927 4364 meis
1950 4306 2002 4366 D
2024 4306 2214 4374 ροιυν.
2248 4302 2413 4366 QuOd
2443 4304 2768 4360 estdicere:
2793 4304 2986 4360 Seduli
3014 4308 3071 4359 et
3089 4308 3522 4376 p3rseverantes
3551 4307 3625 4362 si-

326 4398 715 4455 conformihus
734 4398 790 4451 in
807 4396 1161 4468 adjutorium,
1180 4412 1252 4450 ne
1275 4394 1923 4468 deﬁciamus,refugium

326 4491 382 4543 et
409 4487 780 4559 adjutorium,
831 4486 956 4541 dico
988 4483 1235 4539 existens
1271 4500 1440 4538 causa
1467 4486 1577 4555 spei
1598 4501 1745 4539 meae.
1792 4486 1921 4540 llazc

326 4575 477 4630 enim
503 4575 676 4638 arrha
696 4573 838 4628 mihi
849 4574 1052 4628 suntet
1075 4572 1304 4644 pignus,
1325 4572 1480 4644 quod
1502 4589 1659 4645 spem
1674 4572 1921 4629 habeam

325 4661 379 4716 in
410 4662 604 4716 futuro
637 4657 982 4714 laetiﬁcandi.
1018 4660 1151 4714 Dico
1184 4658 1339 4731 quod
1372 4658 1516 4713 mihi
1547 4661 1604 4713 et
1626 4658 1770 4715 meis
1791 4675 1924 4715 con-

323 4749 602 4807 formihus
632 4747 704 4802 sit
724 4746 1004 4802 Dominus
1028 4746 1319 4818 refugium
1337 4749 1395 4801 et
1420 4746 1774 4817 adiutorium
1797 4764 1811 4815 ;
1834 4748 1921 4802 vel

325 4840 465 4897 Deus
492 4853 637 4892 meus
667 4837 753 4889 est
770 4834 949 4905 factus
971 4833 1113 4888 mihi
1143 4837 1253 4905 spei
1280 4850 1429 4901 meae,
1462 4834 1517 4889 id
1543 4837 1647 4903 est,
1677 4836 1761 4889 rei
1795 4853 1925 4907 spe-

324 4929 459 4982 rata:
491 4942 525 4980 a
548 4941 663 4979 me.
695 4922 860 4988 Quod
887 4925 972 4977 est
1002 4922 1220 4977 dicere:
1256 4923 1363 4978 Per
1400 4921 1800 4978 tribulationes
1827 4941 1921 4980 me

326 5015 639 5086 adjuvat,ut
655 5012 728 5067 ad
750 5028 872 5065 rem
891 5012 1203 5084 speratam,
1217 5010 1276 5065 id
1297 5010 1480 5080 est,ad
1499 5011 1920 5070 beatitudinem

327 5106 601 5158 aeternam
633 5100 866 5155 tandem
895 5098 1253 5171 perveniam,
1275 5097 1350 5153 Et
1370 5100 1430 5154 in
1462 5098 1651 5156 futuro
1688 5089 1798 5156 illis
1822 5101 1919 5175 qui

328 5190 579 5246 animam
610 5190 870 5243 nostram
901 5189 1154 5259 captant,
1187 5190 1247 5242 et
1273 5189 1619 5257 sanguinem
1656 5193 1920 5246 nostrum

330 5277 740 5344 condemnant,
772 5275 949 5330 reddet
978 5276 1320 5347 iniquitatem
1347 5278 1598 5346 ipsorum,
1630 5277 1688 5333 id
1719 5283 1804 5334 est
1832 5296 1923 5335 re-

330 5366 700 5423 tributionem
728 5363 1047 5437 iniquitatis
1076 5366 1333 5439 ipsorum
1362 5383 1375 5420 :
1409 5370 1486 5435 et,
1520 5368 1578 5422 id
1611 5372 1696 5423 est
1717 5369 1930 5424 scilicet

330 5457 389 5515 in
416 5455 623 5510 malitia
652 5454 836 5523 sua,id
857 5459 964 5526 est,
992 5459 1229 5529 propter
1258 5455 1532 5511 meritum
1549 5455 1783 5512 malitiae
1814 5474 1931 5514 sum

333 5544 610 5619 disperdat,
636 5543 696 5601 id
732 5546 818 5601 est
857 5560 924 5601 ex
970 5547 1090 5603 toto
1119 5542 1325 5619 perdet
1347 5543 1489 5604 illos.
1510 5544 1807 5620 Disperdet,
1842 5546 1932 5604 in-

2026 4407 2155 4446 mus
2184 4391 2243 4445 in
2275 4391 2397 4462 ejus
2418 4391 2601 4447 laudis
2623 4392 3008 4460 confessione,
3036 4410 3071 4447 a
3090 4393 3469 4449 similitudine
3502 4411 3622 4450 ser-

2022 4495 2225 4534 vorum
2274 4478 2483 4533 faciem
2515 4479 2769 4555 Domini,
2804 4482 2865 4533 ut
2901 4479 3038 4544 dixi,
3069 4484 3622 4554 prmoccupantium.

2021 4567 2118 4622 Vel
2141 4567 2253 4622 sic:
2284 4569 2342 4622 ln
2371 4566 2729 4622 confessione
2776 4572 3146 4639 peccatorum
3180 4574 3509 4627 nostrorum
3535 4588 3624 4627 se-
3646 4555 3669 4571 ’

2023 4653 2140 4707 duli
2156 4653 2843 4726 prmoccupemusfaciem
2858 4656 3063 4727 ejus,id
3087 4660 3172 4712 est
3191 4659 3626 4714 anteveniamus

2021 4742 2336 4797 secundum
2367 4743 2676 4799 adventum
2699 4744 2839 4815 ejus.
2864 4744 3028 4811 Quod
3058 4749 3145 4801 est
3168 4747 3624 4803 dicere:Peecata

2023 4832 2220 4884 nostra
2250 4830 2308 4885 in
2337 4831 2443 4886 hac
2473 4831 2590 4888 vita
2615 4834 3017 4901 conﬁteamur,
3051 4851 3124 4888 ne
3155 4834 3213 4889 in
3246 4834 3502 4890 secundo
3526 4836 3625 4891 ad-

2020 4921 2195 4974 ventu
2228 4935 2361 4975 cum
2415 4939 2531 4979 non
2562 4924 2973 4980 conﬁtentibus
3013 4922 3386 4982 damnamur.
3419 4946 3448 4973 ‹‹
3481 4924 3623 4979 Ecce

2022 5006 2178 5062 enim
2192 5026 2344 5064 nunc
2373 5013 2601 5084 tempus
2614 5011 3130 5082 acceptabile,ecce
3148 5027 3300 5066 nunc
3326 5010 3450 5067 dies
3478 5012 3625 5068 salu-

2022 5095 2093 5150 tis
2124 5094 2180 5168 (Ι
2212 5095 2342 5156 Cor.
2373 5115 2448 5167 vr,
2480 5104 2551 5164 2).
2570 5121 2597 5148 »
2625 5098 2924 5154 Secundus
2952 5101 3147 5154 autem
3164 5099 3443 5155 adventus
3462 5104 3619 5156 recte

2022 5183 2195 5240 facies
2224 5185 2452 5249 dicitur,
2489 5202 2558 5241 eo
2590 5187 2745 5258 quod
2766 5188 2903 5242 tunc
2928 5187 3144 5243 cunctis
3169 5187 3421 5244 Christus
3433 5190 3624 5244 mani-

2024 5274 2342 5343 festabitur,
2366 5275 2510 5329 sicut
2538 5291 2643 5346 per
2670 5275 2878 5331 faciem
2893 5278 3046 5332 totus
3068 5277 3244 5333 homo
3261 5277 3626 5348 cognoscitur

2028 5361 2151 5418 Dixi
2184 5366 2246 5417 ut
2262 5363 2555 5435 jubitemus
2581 5364 2714 5418 Deo.
2745 5363 2822 5418 Et
2852 5365 2985 5437 quia
3000 5365 3109 5420 hoc
3129 5382 3246 5420 non
3270 5365 3499 5433 sufﬁcit,
3517 5367 3627 5422 nisi

2039 5451 2215 5511 etiam
2235 5454 2384 5509 bene
2404 5453 2653 5526 operari,
2677 5452 2971 5524 jubitemus
3000 5456 3050 5511 ei
3063 5453 3301 5509 interius
3325 5454 3629 5524 inpsalmis,

2040 5536 2098 5597 id
2130 5548 2215 5601 est
2243 5545 2302 5601 in
2329 5542 2497 5602 bonis
2542 5543 2832 5617 operibus,
2893 5543 3317 5618 perseverando
3366 5543 3642 5602 exterius.
