4008 6040
421 256 558 317 1143
1027 254 1084 311 s.
1127 252 1474 312 BRUNONIS
1515 231 2148 313 CARTHUSIANORUM
2185 230 2652 303 INSTITU’I‘ORIS
2692 228 2848 300 opp.
2889 241 3067 299 pass
3103 230 3124 297 ι
3604 232 3771 296 “ea

412 376 665 450 Dignum
686 378 773 432 est
803 376 995 430 autem
1024 376 1088 429 ut
1107 374 1454 430 exsultemus
1485 372 1535 428 ei
1559 375 1617 427 et
1639 370 2026 444 jubilcmuset
2043 369 2099 439 Α
2128 381 2245 420 non
2277 367 2506 420 arantes
2538 381 2644 421 nec
2673 364 3043 431 seminautes,
3077 365 3135 419 et
3163 359 3387 450 omnia
3409 357 3767 450 necessaria

415 447 819 531 conﬁteamur,
863 464 1111 536 quoniam
1142 463 1267 535 ipse
1295 466 1440 520 Deus
1470 462 1713 517 existens
1731 463 1813 515 cst
1835 458 2022 512 Domi-
2124 453 2581 508 habentes.sicut
2603 452 2963 526 oves,quihus
2978 452 3097 507 sine
3111 451 3301 523 aliquo
3320 449 3517 505 labore
3534 447 3763 505 omnia

413 571 517 608 nus
541 552 599 609 in
630 554 834 607 rebus:
885 554 942 605 et
971 568 1090 605 non
1121 552 1553 623 qualiscunque,
1588 548 1686 603 sed
1716 563 1937 616 magnus
1962 544 2021 598 in
2125 542 2445 597 necessaria
2475 559 2510 611 a
2541 545 2771 612 pastore
2803 540 3196 612 providentur.

406 642 687 716 potentia.
722 644 780 695 et
824 657 916 693 rex
943 656 1168 708 magnns
1193 639 1252 693 in
1272 637 1581 710 regimine,
1615 635 1859 690 existens
1874 650 2026 704 super
2202 630 2371 685 Facta
2400 631 2799 686 exhortatione
2833 630 2891 683 in
2917 645 3163 700 persona
3185 623 3756 699 sui,apponitsancti

409 714 593 801 pmnes
621 729 761 794 deos,
802 727 856 782 id
886 730 970 782 est
1001 726 1229 797 dignior
1273 730 1328 781 et
1359 724 1726 781 excellentior
1755 722 2025 778 omnibus
2125 716 2371 790 Spiritus
2424 718 2967 785 comminationem,
3016 720 3079 773 ut
3109 716 3296 788 magis
3327 732 3425 771 eos
3454 714 3747 781 attrahat,

410 816 652 872 Jraelatis
696 816 978 882 Ecclesiae,
1012 814 1108 885 qui
1141 813 1387 869 deiﬁcati
1420 816 1589 867 erunt
1614 812 1671 866 in
1698 810 2018 866 sanctitate.
2123 808 2219 881 qui
2277 825 2374 863 eos
2421 808 2760 863 adhortatur
2794 824 2866 863 ne
2896 807 2970 861 ad
3013 804 3245 861 Domini
3291 804 3497 860 Christi
3532 820 3748 859 vocem

412 908 579 959 ouxta
607 904 761 975 quod
793 903 1068 957 Dominus
1095 901 1163 955 de
1194 902 1380 972 Moyse
1413 900 1551 955 dixit
1575 917 1587 955 :
1608 924 1636 951 «
1666 896 1943 955 Constitui
1966 900 2021 951 te
2123 896 2298 951 corda
2326 913 2427 951 sua
2466 897 2773 959 obdurent,
2812 896 2923 950 sic:
2959 895 3308 949 Adhortatus
3343 909 3467 948 sum
3519 909 3649 958 vos,
3711 907 3747 946 0

415 993 590 1048 deum
610 990 925 1046 Pharaonis
955 989 1157 1061 (Exod.
1189 1006 1283 1055 vn,
1318 992 1387 1054 t).
1425 1010 1451 1037 ››
1475 982 1621 1043 διιύῑ
1649 988 1823 1044 etiam
1844 986 2018 1040 iidem
2119 983 2321 1047 JUdtIBi,
2349 985 2422 1040 ad
2443 984 2844 1039 exsultandum
2867 982 3115 1039 Domino
3140 982 3383 1049 Christo,
3412 984 3470 1035 et
3482 980 3750 1052 jubilan.

416 1079 637 1153 pra‘lati
657 1078 906 1145 Domini,
930 1094 1059 1132 cum
1084 1076 1409 1131 dominium
1427 1076 1751 1130 habeantet
1778 1077 2022 1146 potesta-
2123 1071 2260 1126 dum
2293 1075 2349 1128 et
2374 1090 2508 1128 eum
2523 1072 3043 1139 adorandum,cum
3069 1070 3140 1125 sit
3158 1069 3435 1126 Dominus
3451 1070 3750 1135 noster,et

414 1180 537 1223 tem
567 1167 947 1222 subditorum.
982 1166 1164 1237 Reges
1197 1179 1424 1236 quoque
1481 1162 1823 1218 eorumdem
1866 1165 2019 1230 sunt,
2121 1175 2227 1214 nos
2248 1159 2423 1214 simus
2436 1176 2568 1215 oves
2591 1175 2814 1230 pascuus
2842 1156 2985 1230 ejus.
3013 1158 3369 1212 Adhortatur
3384 1171 3619 1228 quoque
3638 1170 3745 1208 vos

416 1258 614 1326 utpote
645 1270 788 1326 quos
810 1252 1070 1308 doctrina
1096 1256 1151 1307 et
1168 1253 1431 1323 exemplo
1451 1268 1550 1306 suo
1575 1248 2022 1322 regunt.Reddit
2122 1247 2363 1320 Spiritus
2393 1250 2642 1316 sanctus,
2667 1252 2729 1303 ut
2744 1247 2796 1302 ei
2818 1246 3117 1314 obediatis,
3152 1243 3438 1302 dicens:Si
3456 1244 3743 1297 audieritis

416 1359 555 1415 ergo
584 1342 809 1414 singula
836 1341 1093 1413 singulis,
1127 1340 1393 1395 addendo
1422 1340 1500 1394 sic
1526 1357 1538 1394 :
1576 1340 1717 1394 Vere
1758 1354 1856 1393 rex
1896 1355 2020 1392 ma-
2122 1353 2296 1390 vocem
2330 1336 2762 1408 praedicationis
2787 1337 2924 1407 ejus,
2955 1335 3101 1391 sicut
3137 1351 3270 1389 vere
3301 1333 3527 1412 audietis
3556 1331 3737 1398 hodie,

417 1448 584 1505 gnua,
602 1433 706 1499 est,
729 1433 853 1502 quia
885 1432 940 1484 in
970 1429 1220 1497 manu,id
1242 1432 1326 1484 est
1350 1428 1407 1483 in
1427 1428 1715 1500 regimine
1731 1425 2023 1498 operantis
2122 1423 2181 1478 id
2211 1427 2296 1478 est
2344 1427 2501 1479 sexta
2551 1426 2741 1491 aetate,
2767 1439 2896 1495 quas
2926 1423 3084 1479 vobis
3124 1421 3235 1477 erit
3283 1420 3474 1488 hodie,
3530 1419 3589 1474 id
3648 1423 3741 1473 est

417 1518 618 1590 gratim
657 1518 773 1588 ejus
814 1523 955 1579 sunt,
985 1517 1114 1585 ﬁnes
1154 1522 1325 1583 terrae,
1358 1515 1414 1569 id
1446 1517 1532 1569 est
1564 1514 1828 1569 ﬁnientes
1859 1513 1918 1566 in
1964 1529 2024 1568 se
2123 1530 2392 1587 praesens.
2432 1514 2578 1568 sicut
2619 1513 2903 1568 hodierna
2939 1513 3083 1581 dies,
3135 1528 3264 1583 quin
3310 1526 3440 1566 cum
3475 1524 3743 1581 praesens

415 1606 846 1661 terrenitatem.
887 1604 1051 1668 Quod
1082 1606 1167 1659 est
1205 1604 1430 1658 dicere:
1463 1603 1581 1656 Hoc
1621 1602 1777 1674 quod
1827 1601 2026 1656 ﬁdeles
2055 1673 2083 1674 ί
2125 1602 2198 1655 sit
2225 1601 2395 1656 hodie
2426 1602 2656 1668 dicitur,
2683 1602 2843 1655 nolite
2860 1600 3142 1669 obdurare,
3162 1598 3217 1654 id
3242 1601 3328 1654 est
3352 1601 3555 1653 contra
3580 1596 3741 1651 hanc

420 1696 553 1749 sunt
571 1694 629 1748 in
651 1710 710 1749 se
733 1692 1129 1747 terrenitatem
1149 1691 1436 1757 ﬁnientes,
1453 1673 1742 1762 peripsius
1763 1689 2025 1761 regimen
2051 1673 2100 1730 Β
2124 1706 2321 1745 vocem
2358 1691 2628 1745 indurare
2649 1690 2807 1744 corda
2835 1697 3027 1757 vestra,
3062 1687 3409 1760 negligendo
3431 1684 3742 1741 eamzsicut

417 1787 524 1837 est.
558 1782 626 1835 Et
666 1782 775 1836 hoc
807 1783 1046 1853 apparet
1072 1780 1227 1852 quod
1273 1796 1364 1833 rex
1394 1796 1620 1849 magnus
1651 1781 1755 1845 est,
1807 1781 1865 1832 et
1892 1794 2024 1832 vere

416 1887 643 1941 magnus
670 1869 932 1924 Dominus
964 1871 1069 1936 est,
1108 1870 1364 1940 quoniam
1405 1867 1711 1921 altitudines
1739 1869 2022 1933 montium,

416 1957 476 2013 id
505 1960 595 2012 est
618 1957 715 2012 alti
744 1960 988 2025 montes,
1014 1956 1260 2029 perfecti
1289 1956 1501 2011 scilicet
1549 1957 1831 2027 possessio
1865 1956 2025 2025 ipsius

416 2052 558 2101 sunt.
593 2045 752 2109 Quod
787 2049 871 2100 est
900 2046 1126 2100 dicere:
1153 2046 1267 2100 Hoc
1291 2046 1446 2116 quod
1460 2044 1699 2116 perfecti
1723 2043 1780 2097 in
1808 2044 2025 2097 virtuti-

418 2133 524 2189 bus
549 2137 607 2187 et
630 2134 934 2187 sanctitate
965 2137 1096 2188 sunt
1126 2134 1244 2201 alti,
1278 2133 1412 2188 inde
1445 2131 1727 2203 contingit
1755 2131 1908 2203 quod
1926 2147 2024 2185 eos

416 2220 803 2277 inhabitando
833 2222 1109 2293 possidet,
1143 2224 1201 2275 et
1230 2223 1310 2277 eis
1336 2221 1690 2277 dominatur.
1726 2221 1794 2274 Et
1824 2220 1883 2273 in
1915 2220 2025 2274 hoc

417 2312 802 2381 appareteum
829 2326 1108 2380 magnum
1134 2310 1445 2365 Dominum
1468 2309 1890 2381 esse,quoniam
1906 2323 2026 2362 ma-

417 2398 518 2469 gni
548 2397 777 2453 Domini
792 2400 879 2452 est
898 2412 1175 2469 magnam
1201 2397 1621 2468 possessionem
1640 2397 1951 2452 habere.Et
1966 2395 2025 2449 in

416 2486 528 2540 hoc
542 2501 769 2557 quoque
787 2486 946 2557 patet
966 2501 1099 2539 eum
1122 2501 1403 2556 magnum
1421 2485 1734 2539 Dominum
1757 2500 2049 2556 esse,quo-,

419 2574 567 2645 niam
606 2575 768 2643 ipsius
806 2572 1085 2643 possessio
1116 2579 1190 2628 est
1228 2590 1394 2638 mare,
1428 2573 1486 2627 id
1515 2576 1600 2627 est
1619 2572 1739 2645 ipse
1774 2571 2028 2644 possidet

640 2660 1096 2715 inﬁdelesDeum
1116 2661 1519 2723 amaricantes,
1542 2663 1604 2715 ut
1625 2644 1739 2716 non
1765 2661 1933 2714 liceat
1951 2659 2030 2714 eis

421 2748 482 2802 in
509 2753 736 2804 sanctos
760 2747 981 2815 saevire,
1016 2749 1122 2803 nisi
1152 2751 1438 2821 quantum
1469 2748 1589 2821 ipse
1629 2748 1932 2820 permittit.

490 2835 567 2890 Et
582 2837 762 2892 inhoc
774 2837 1050 2909 probatur
1061 2837 1215 2908 quod
1228 2835 2030 2908 Deusmagnusest,quoniam

2124 1779 2358 1834 fuerunt
2378 1778 2648 1833 indurata
2663 1778 2837 1832 corda
2861 1781 3093 1850 patrum
3121 1781 3443 1831 vestrorum
3465 1774 3522 1827 in
3538 1772 3744 1827 irrita-

2126 1867 2306 1930 tione,
2329 1866 2387 1920 id
2414 1870 2498 1921 est
2528 1870 2665 1921 tunc
2693 1866 2925 1937 quando
2956 1868 3103 1920 Deus
3134 1864 3244 1919 fuit
3259 1860 3742 1935 irritatus.{Hodie

2125 1955 2300 2010 etiam
2330 1955 2537 2010 dicitur
2566 1959 2725 2010 sexta
2749 1958 2908 2022 astas,
2942 1953 3077 2026 quia
3106 1954 3262 2008 clara
3283 1956 3368 2007 est
3392 1968 3496 2023 per
3526 1949 3744 2005 doctri-

2126 2060 2261 2098 nam
2295 2043 2502 2098 Christi
2524 2047 2581 2098 et
2610 2042 2911 2114 splendida
2932 2041 3007 2096 ad
3039 2041 3280 2097 modum
3303 2036 3743 2104 diei.Quoniam

2124 2147 2258 2186 vero
2291 2132 2512 2187 dixerat
2532 2134 2670 2186 sicut
2691 2133 2745 2184 in
2773 2132 3095 2193 irritatione,
3126 2146 3259 2184 cum
3282 2130 3478 2183 multm
3517 2125 3747 2180 fuerint

2125 2236 2326 2276 eorum
2340 2219 2692 2275 irritationes
2704 2219 2970 2274 adversus
2983 2218 3265 2285 Deum,de
3282 2234 3395 2289 qua
3412 2212 3745 2270 irritatione

2128 2308 2280 2363 dicat
2314 2308 2585 2376 ostendit,
2615 2323 2747 2362 cum
2774 2307 2962 2363 addit:
3016 2306 3192 2361 Dico:
3243 2305 3427 2359 Nolite
3473 2302 3746 2358 obdurare

2125 2396 2285 2451 corda
2311 2402 2479 2451 vestra
2507 2396 2645 2452 sieut
2675 2398 2731 2449 in
2765 2397 3083 2462 irritatione,
3108 2394 3321 2449 scilicet
3340 2392 3517 2448 nolite
3550 2390 3746 2447 obdu-

2126 2500 2280 2552 rare,
2304 2482 2593 2541 secundum
2622 2483 2764 2539 diem
2780 2484 3105 2546 tentationis,
3123 2482 3182 2537 id
3208 2484 3292 2536 est
3312 2481 3385 2536 ad
3404 2477 3743 2535 similitudi-

2129 2590 2266 2627 nem
2296 2573 2407 2628 diei
2438 2573 2777 2628 tentationis
2801 2573 2968 2628 facta:
2999 2575 3053 2626 in
3081 2572 3303 2639 deserto,
3334 2570 3443 2637 ubi,
3464 2569 3522 2623 id
3553 2572 3643 2623 est
3681 2569 3744 2622 in

2130 2678 2243 2733 quo
2267 2661 2515 2730 deserto,
2544 2668 2878 2716 tentaverunt
2902 2679 2983 2715 me
3001 2667 3186 2732 patres
3216 2656 3746 2727 vestri,dubitantes

2131 2766 2203 2803 an
2236 2749 2551 2821 eispossem
2574 2750 2712 2805 dare
2733 2752 2934 2821 potum
2956 2752 3014 2804 et
3030 2765 3242 2816 escam,
3258 2762 3509 2820 quorum
3529 2744 3630 2800 ﬁlii
3643 2760 3747 2799 vos

2132 2837 2283 2904 estis,
2300 2854 2416 2892 non
2439 2837 2804 2893 solummodo
2829 2836 3146 2891 secundum
3168 2830 3747 2904 generationem,sed

426 2928 535 2997 ipse
558 2925 655 2998 qui
699 2925 823 2996 ejus
848 2941 1141 2997 possessor
1169 2928 1276 2993 est,
1305 2926 1435 2996 fecit
1465 2925 1642 2980 etiam
1676 2926 1816 2980 illud
1844 2942 2028 2991 mare,
2056 2918 2103 2978 C
2131 2925 2307 2980 etiam
2324 2925 2639 2980 secundum
2664 2923 3078 2979 incredulitatis
3098 2919 3745 2977 conformitatem.Pro-

424 3013 485 3068 id
535 3016 621 3067 est
649 3014 861 3068 creavit
891 3013 1313 3068 amaricantem
1347 3015 1650 3086 populum,
1682 3030 1797 3068 non
1830 3030 2032 3067 secun-

430 3103 569 3157 dum
601 3101 756 3173 quod
784 3118 945 3157 mare
966 3102 1180 3169 est,sed
1214 3102 1531 3157 secundum
1565 3102 1719 3173 quod
1748 3105 2030 3169 creatura,

426 3188 507 3243 Et
533 3204 637 3259 per
660 3189 767 3243 hoc
784 3206 1014 3260 quoque
1039 3190 1454 3260 comprobatur
1465 3192 1612 3244 Deus
1628 3204 1874 3260 magnus
1891 3205 2031 3256 esse,

428 3277 587 3349 quod
613 3294 799 3330 manus
831 3277 942 3347 ejus
970 3277 1339 3347 formaverunt
1366 3279 1580 3343 siccam,
1602 3276 1661 3330 id
1683 3280 1767 3330 est
1789 3293 2032 3348 operan-

428 3368 515 3418 tes
546 3363 743 3435 gratiae
771 3364 892 3434 ejus
910 3364 1229 3418 formosam
1247 3364 1305 3417 in
1322 3364 1625 3418 virtutibus
1638 3366 1695 3418 et
1716 3364 1881 3418 bonis
1904 3381 2036 3437 ope-

427 3452 584 3507 ribus
610 3452 872 3505 fecerunt
899 3451 1230 3519 Ecclesiam,
1267 3451 1423 3523 prius
1447 3451 1506 3506 in
1532 3451 1717 3506 Adam
1744 3452 2033 3506 deforma—

428 3543 552 3594 tam
577 3556 590 3593 :
618 3554 744 3610 qua:
763 3537 1009 3593 Ecclesia
1029 3538 1176 3594 sicca
1197 3542 1301 3606 est,
1326 3539 1386 3595 id
1399 3543 1482 3594 est
1502 3539 1700 3594 sitiens
1712 3539 2034 3595 doctrinam

430 3627 590 3682 verbi
623 3626 744 3694 Dei,
772 3626 846 3681 ad
878 3627 1121 3681 modum
1151 3630 1322 3682 terrae
1348 3627 1531 3696 siccaa,
1555 3643 1704 3700 aqua
1731 3628 1940 3699 repleri
1962 3628 2035 3682 si-

428 3714 643 3769 tientis.
675 3714 1018 3785 Interposita
1047 3715 1168 3785 ejus
1198 3716 1386 3783 laude,
1432 3715 1603 3786 hujus
1639 3715 1823 3770 laudis
1873 3731 2034 3770 occa-

429 3802 590 3858 sione
620 3802 829 3875 repetit
850 3802 1241 3874 supradictam
1273 3803 2033 3872 exhortationem,utaddat:

430 3891 553 3946 Dixi
583 3891 738 3964 quod
782 3890 1036 3945 Christus
1088 3890 1199 3945 erit
1241 3892 1390 3946 Deus
1431 3908 1552 3959 rex,
1601 3891 1880 3946 Dominus
1909 3907 2034 3946 ma-

430 3997 596 4052 gnus.
627 3981 776 4050 Ergo
807 3979 943 4050 quia
970 3979 1101 4034 talis
1133 3984 1192 4035 et
1222 3980 1351 4035 talis
1380 3980 1509 4047 erit,
1533 3996 1566 4035 o
1587 3980 1788 4048 Judaei,
1822 3980 1882 4035 in
1913 3981 2035 4051 ejus

433 4068 682 4123 adventu
693 4067 869 4121 futuri
888 4070 1058 4121 venite
1087 4067 1161 4122 ad
1181 4084 1316 4122 eum
1339 4068 1474 4137 ﬁde,
1509 4072 1567 4123 et
1584 4069 1866 4124 veniendo
1912 4070 2036 4124 ado-

433 4172 608 4210 remus
643 4171 798 4222 eum,
829 4154 891 4209 id
921 4158 1007 4209 est
1031 4154 1176 4209 sicut
1200 4172 1310 4226 ego
1340 4172 1472 4210 eum
1513 4157 1713 4225 adoro,
1741 4157 1801 4213 id
1831 4160 1917 4212 est
1945 4157 2033 4211 in-

433 4246 595 4298 tense
628 4246 683 4298 et
712 4243 1036 4314 specialiter
1075 4243 1297 4298 orando
1328 4260 1593 4313 veneror,
1626 4246 1705 4300 ita
1734 4262 1832 4301 vos
1860 4246 2036 4301 etiam

436 4332 679 4387 adorare
699 4348 713 4386 :
736 4339 785 4385 et
785 4331 1152 4402 procidamus,
1168 4330 1226 4386 id
1240 4333 1324 4386 est
1338 4332 1715 4388 humiliemur
1733 4334 1792 4389 in
1818 4335 2034 4390 anima:

437 4419 595 4492 quod
623 4419 895 4491 signatur
915 4435 1020 4490 per
1049 4420 1158 4474 hoc
1190 4419 1345 4490 quod
1375 4419 1433 4474 in
1463 4435 1704 4491 corpore
1729 4421 1800 4476 ad
1823 4424 2039 4476 terram

434 4506 808 4579 procidimus,
841 4514 889 4560 et
921 4508 1190 4578 ploremus
1219 4511 1457 4580 peccata
1486 4513 1703 4576 nostra,
1735 4513 1793 4564 et
1825 4526 1940 4565 non
1968 4511 2042 4565 ad

438 4599 730 4666 aspectum
757 4595 938 4650 laudis
984 4596 1310 4664 hominum,
1343 4597 1443 4651 sed
1474 4603 1595 4650 ante
1636 4598 1950 4668 Dominum,
1984 4598 2044 4655 id

439 4687 526 4739 est
558 4683 632 4738 ad
666 4685 961 4756 aspectum
1010 4684 1262 4752 Domini,
1294 4687 1393 4757 qui
1414 4687 1563 4755 fecit,
1596 4685 1656 4740 id
1704 4690 1790 4741 est
1835 4687 2045 4743 creavit

438 4788 545 4827 nos
565 4772 839 4843 :ideoque
860 4788 993 4825 eum
1016 4772 1260 4827 adorare
1282 4772 1582 4828 debemus:
1604 4777 1661 4829 et
1680 4777 1806 4846 quia
1826 4778 1929 4846 ipse
1947 4775 2045 4848 qui

437 4860 663 4915 videtur
691 4876 757 4914 ex
786 4863 1050 4931 tempore
1078 4864 1266 4928 natus,
1300 4864 1499 4915 tamen
1546 4870 1621 4917 est
1656 4863 1802 4918 Deus
1848 4872 2041 4934 noster,

439 4965 556 5003 non
582 4964 782 5003 recens
804 4948 1085 5017 Deus,sed
1106 4951 1253 5003 Deus
1280 4952 1549 5017 aeternus,
1575 4967 1750 5023 quem
1781 4969 1886 5007 nos
1907 4969 2042 5023 pro-

436 5037 627 5109 phetae
647 5036 890 5091 colimus
918 5040 976 5091 et
1008 5037 1245 5092 adoram
1256 5054 1336 5092 us.
1366 5038 1499 5093 Dico
1520 5040 1673 5110 quod
1693 5042 1798 5110 ipse
1821 5041 2049 5097 estDeus

436 5133 629 5193 noster,
661 5127 719 5179 et
742 5142 834 5179 nos
853 5142 1048 5180 sumus
1058 5127 1503 5198 populuspuscua?
1516 5129 1649 5199 ejus,
1681 5128 1836 5185 idest
1861 5147 2043 5202 popu-

434 5217 525 5272 lus
562 5206 737 5286 quem
780 5214 899 5285 ipse
943 5215 1095 5287 pavit
1115 5215 1173 5270 in
1200 5216 1426 5272 deserto
1454 5233 1672 5274 manna
1698 5218 1758 5273 in
1786 5220 2045 5292 patribus

434 5303 683 5360 nostris:
719 5304 777 5357 et
823 5319 999 5374 quem
1029 5304 1206 5359 etiam
1238 5306 1426 5375 pascit
1455 5307 1604 5378 lege,
1629 5314 1678 5361 et
1702 5323 1898 5362 sumus
1927 5326 2044 5364 oves

342 5462 360 5479 '
424 5406 649 5456 manus,
680 5389 741 5444 id
771 5393 854 5444 est
892 5392 1243 5463 operationis
1292 5395 1426 5466 ejus,
1459 5393 1518 5448 id
1550 5398 1635 5450 est
1660 5399 1929 5467 operatus
1959 5400 2044 5453 est

416 5494 544 5565 per
571 5476 820 5550 gratiam
847 5479 911 5537 in
935 5479 1185 5552 deserto,
1214 5484 1281 5539 ut
1302 5482 1501 5541 ovibus
1528 5483 1743 5544 similes
1765 5501 2040 5563 essemus,

2137 3013 2410 3081 baverunt,
2436 3013 2696 3085 inquam,
2730 3029 2846 3080 me,
2878 3011 2938 3066 id
2980 3015 3066 3067 est
3091 3012 3480 3077 tentaverunt,
3512 3015 3565 3063 et
3595 3008 3744 3062 vide-

2134 3108 2259 3155 runt
2289 3102 2466 3157 oculis
2496 3104 2751 3172 corporis
2778 3099 3065 3154 mirabilia
3089 3116 3246 3170 Opera
3276 3114 3413 3166 mea,
3439 3113 3568 3169 qua:
3600 3112 3747 3167 ope-

2132 3195 2290 3247 ratus
2320 3207 2446 3245 sum
2478 3190 2534 3244 in
2563 3190 2665 3257 eis,
2697 3188 3061 3261 quadragenta
3091 3189 3247 3242 annis
3260 3186 3317 3241 in
3342 3186 3591 3241 deserto.
3622 3186 3748 3241 Hoc

2133 3284 2328 3334 autem
2350 3281 2537 3333 totum
2561 3281 2645 3333 est
2674 3294 2739 3331 ac
2768 3277 2814 3332 si
2839 3276 2918 3331 sic
2948 3270 3198 3332 breviter
3222 3278 3485 3348 poneret:
3518 3274 3632 3329 Vos
3652 3275 3746 3328 in-

2134 3366 2349 3421 creduli
2379 3365 2785 3431 Judaai,vocem
2815 3364 2990 3436 ipsius
3012 3363 3222 3420 Christi
3268 3362 3543 3430 audituri,
3575 3361 3747 3417 nolite

2137 3455 2295 3509 corda
2315 3460 2483 3508 vestra
2505 3453 2864 3521 obdurare,ad
2883 3453 3125 3508 modum
3146 3454 3380 3523 patrum
3392 3454 3749 3520 vestrorum,

2134 3559 2269 3597 eum
2289 3542 2347 3597 in
2377 3543 2603 3598 deserto
2628 3541 2975 3597 tentantium
2998 3544 3056 3596 et
3068 3556 3246 3613 opera
3266 3538 3587 3611 ejus,annis
3607 3555 3755 3611 qua-

2135 3630 2423 3702 draginta,
2458 3630 2796 3699 videntium,
2825 3633 2882 3684 et
2907 3629 2981 3684 ad
3010 3630 3120 3684 hoc
3150 3632 3346 3683 tamen
3363 3627 3539 3682 corda
3559 3627 3753 3682 obdu-

2133 3718 2406 3772 rantium.
2441 3718 2576 3774 Dico
2604 3718 2760 3791 quod
2781 3735 2861 3772 me
2876 3717 3480 3789 tentaverunt,ideoque
3493 3717 3753 3787 oﬂ'ensus,

2135 3805 2199 3860 id
2232 3809 2318 3859 est
2346 3805 2525 3861 iratus
2553 3806 2647 3877 fui
2669 3807 3008 3878 generationi
3048 3806 3129 3861 illi
3165 3806 3448 3878 pessima).
3484 3803 3755 3860 Offensus

2134 3910 2240 3966 pro
2270 3895 2415 3950 irato
2442 3895 2700 3967 ponitur,
2764 3913 2832 3952 eo
2865 3896 3020 3969 quod
3052 3894 3255 3951 offensi
3286 3896 3509 3949 soleant
3556 3893 3751 3949 irasci.

2134 3983 2270 4038 Dico
2303 3983 2460 4055 quod
2475 3985 2564 4054 fui
2591 3986 2838 4055 offensus,
2867 3987 2925 4039 et
2955 3984 3204 4040 offensus
3228 3986 3427 4038 tamen
3445 3981 3520 4037 ad
3541 3998 3754 4037 eorum

2133 4071 2552 4127 correctionem
2583 4072 2699 4127 dixi
2727 4090 2946 4145 semper,
2988 4072 3049 4127 id
3097 4075 3183 4128 est
3234 4071 3587 4144 frequenter
3641 4086 3754 4143 per

2130 4160 2380 4232 Moysen,
2394 4164 2452 4216 et
2472 4164 2709 4217 cmteros
2733 4177 2936 4217 eorum
2958 4161 3259 4230 doctores;
3286 4160 3345 4214 lii
3362 4165 3546 4215 errant
3568 4158 3751 4227 corde,

2137 4265 2240 4321 per
2264 4249 2690 4308 inﬁdelitatem.
2717 4251 2797 4307 Et
2827 4250 2961 4305 licet
2999 4249 3110 4304 hoc
3153 4248 3227 4304 ad
3255 4247 3517 4320 ipsorum
3548 4263 3754 4303 corre-

2138 4337 2392 4393 ctionem
2652 4337 2955 4393 dixissem:
3007 4339 3102 4393 isti
3127 4340 3325 4392 tamen
3354 4353 3460 4390 non
3490 4352 3753 4405 cognove-

2140 4432 2266 4480 runt
2297 4425 2374 4481 sic
2400 4429 2463 4481 ut
2492 4427 2854 4499 complerent
2902 4427 3015 4481 vias
3044 4442 3206 4494 meas,
3239 4425 3296 4481 id
3345 4428 3431 4481 est
3459 4428 3759 4498 praecepta

2142 4531 2297 4581 mea,
2331 4532 2458 4587 quae
2514 4515 2936 4587 complentibus
2988 4514 3093 4571 vim
3130 4518 3267 4569 sunt
3292 4514 3367 4569 ad
3397 4514 3596 4583 vitam,
3628 4530 3755 4569 non

2141 4601 2563 4673 complentibus
2587 4607 2782 4658 autem
2816 4603 2891 4658 ad
2916 4606 3190 4659 mortem.
3225 4603 3293 4656 Et
3328 4602 3462 4675 quia
3492 4619 3612 4657 non
3651 4617 3756 4656 co-

2145 4695 2473 4764 gnoverunt
2500 4694 2548 4745 si
2575 4709 2811 4764 unquam
2863 4693 3143 4747 intrabunt
3207 4693 3264 4746 in
3315 4693 3548 4763 requiem
3578 4707 3759 4745 meam

2144 4783 2446 4847 aeternam,
2487 4782 2551 4834 ut
2568 4780 2781 4851 juravi,
2813 4779 2873 4835 id
2910 4784 2995 4835 est
3009 4797 3109 4835 seu
3139 4779 3387 4834 ﬁrmiter
3410 4777 3681 4834 constitui
3696 4794 3756 4831 ιη

2145 4869 2228 4922 ira
2258 4886 2393 4937 mea,
2448 4868 2508 4923 id
2551 4872 2636 4923 est
2688 4868 2746 4923 in
2795 4869 2953 4941 justa
2982 4867 3236 4924 vindicta
3264 4883 3418 4937 mea,
3444 4866 3599 4939 quod
3628 4881 3755 4920 non

2144 4956 2462 5026 intrabunt,
2496 4959 2631 5012 tunc
2654 4973 2771 5012 non
2797 4974 2924 5012 sum
2957 4973 3064 5029 ego
3079 4956 3257 5029 judex
3274 4972 3440 5012 verus
3464 4957 3522 5009 et
3536 4955 3752 5026 justus.

2146 5043 2205 5098 Si
2239 5044 2350 5099 hoc
2380 5049 2573 5099 autem
2604 5044 2678 5099 ad
2709 5045 2955 5100 nimiam
2974 5044 3566 5101 communicationem
3584 5047 3644 5099 et
3671 5042 3754 5100 ad

2147 5131 2501 5188 audientium
2534 5134 2973 5199 correctionem,
3004 5151 3079 5190 ne
3104 5132 3752 5189 similitercordaobdu-

2144 5226 2277 5277 rent
2297 5227 2355 5278 et
2379 5221 2641 5294 requiem
2675 5222 2965 5291 amittant,
2999 5223 3327 5296 suspensive
3352 5221 3536 5295 ponit.
3569 5222 3637 5275 Et
3664 5224 3754 5276 est

2144 5326 2209 5366 ac
2239 5310 2285 5364 si
2315 5310 2532 5366 diceret
2556 5327 2570 5366 :
2617 5310 2761 5375 Quia
2785 5328 2892 5366 non
2915 5319 3273 5383 cognoverunt
3298 5313 3411 5367 vias
3437 5328 3600 5380 meas,
3627 5325 3751 5365 non

2141 5399 2441 5456 intrabunt
2465 5400 2525 5455 in
2549 5400 2810 5473 requiem
2832 5418 3026 5457 meam
3047 5404 3350 5458 aeternam.
3371 5401 3573 5456 Juravi
3585 5399 3749 5456 enim

2140 5487 2251 5548 hoc
2267 5492 2323 5545 in
2341 5491 2424 5546 ira
2444 5506 2585 5551 mea.
2611 5489 2710 5548 Vel
2769 5489 2849 5548 sic
2875 5491 3193 5551 secundum
3221 5490 3399 5573 aliam
3416 5488 3745 5547 translatio-
