3998 6026
246 285 384 343 1145

1244 276 1600 346 EXPOSITIO
1638 288 1707 345 IN
1745 277 2080 346 PSALMOS.
2116 316 2188 331 —
2220 286 2395 344 PSAL
2429 285 2560 344 XCV

3419 293 3552 351 1146

232 423 396 464 nem.
420 405 639 474 Quibus
654 407 840 480 juravi
868 407 928 465 in
958 408 1046 465 ira
1076 425 1209 466 mea
1237 409 1396 486 quod
1420 429 1525 467 non
1562 413 1841 467 intrabunt
1867 416 1922 477 Α
1944 429 2166 468 nomen
2198 410 2340 483 ejus,
2373 410 2530 484 quod
2567 413 2652 466 est
2696 409 2996 480 Dominus,
3027 411 3175 469 bene
3202 413 3462 483 vivendo,
3493 419 3554 472 et

232 496 293 549 in
321 499 552 570 requiem
582 515 776 564 meam,
794 497 853 552 in
874 502 960 553 est
984 498 1044 552 in
1067 502 1284 554 terram
1303 500 1722 572 promissionis,
1745 501 1842 555 ubi

234 585 349 640 erit
375 585 622 657 requies,
646 603 821 658 quam
836 587 966 641 ﬁliis
981 604 1186 642 eorum
1211 589 1381 643 dabo.
1400 590 1466 644 Et
1487 589 1844 661 quandoqui-

235 672 374 728 dem
391 674 577 744 juravi
607 675 762 747 quod
779 692 897 730 non
916 675 1238 744 intrabunt,
1260 677 1303 732 si
1322 677 1427 748 ipsi
1461 678 1761 732 intrabunt
1785 677 1844 731 in

233 760 397 816 illam
429 762 691 834 requiem
715 779 930 832 meam,
965 766 1101 818 tunc
1135 780 1242 836 ego
1276 765 1524 821 mendax
1553 783 1700 820 sum.

737 852 804 906 IN
836 852 1159 908 PSALMUM
1196 853 1346 909 XCV.

308 937 525 994 Titulus
555 941 916 1012 nonagesimi
945 941 1152 1013 quinti.
1195 941 1419 1008 Quando
1457 941 1643 998 domus
1673 941 1844 1012 aediﬁ-

235 1026 466 1082 cabatur
481 1034 604 1099 post
633 1031 1012 1100 captivitatem,
1035 1032 1302 1085 canticum
1331 1030 1531 1085 David.
1575 1030 1738 1094 Quod
1766 1030 1845 1084 sic

234 1117 573 1187 exponitur.
608 1117 766 1171 Istud
805 1117 1114 1186 canticum,
1145 1117 1202 1173 id
1234 1122 1320 1173 est
1349 1119 1454 1173 iste
1478 1119 1733 1190 psalmus
1758 1118 1844 1172 di-

233 1207 364 1258 ctus
401 1203 710 1273 canticum,
744 1205 874 1261 ideo
907 1206 1065 1277 quod
1104 1207 1439 1262 exhortatur
1483 1207 1556 1261 ad
1597 1210 1846 1261 cantan-

234 1289 378 1347 dum
412 1308 626 1348 novum
647 1292 956 1360 canticum,
978 1295 1067 1348 vel
1098 1294 1233 1366 quia
1261 1294 1369 1350 fuit
1393 1311 1526 1349 cum
1555 1294 1737 1349 nimia
1747 1295 1843 1366 ju-

233 1381 531 1436 cunditate
549 1385 607 1436 et
633 1380 922 1436 hilaritate
943 1382 1184 1449 factum,
1207 1386 1292 1438 est
1314 1382 1488 1438 David
1509 1383 1840 1456 prophetae:

231 1469 455 1524 factum
486 1469 557 1524 ab
587 1469 711 1540 ipso
743 1470 1032 1541 Propheta
1050 1470 1281 1542 quando
1297 1470 1503 1526 domus
1523 1471 1844 1526 aadificaba-

231 1560 331 1612 tur
357 1557 416 1612 in
438 1556 900 1614 consideratione
924 1558 1098 1628 ipsius
1122 1560 1445 1632 Prophetas,
1462 1563 1590 1631 post
1610 1559 1844 1631 captivi-

231 1648 420 1700 tatem
465 1645 629 1710 Quod
651 1649 736 1701 est
758 1646 948 1702 dicere
973 1663 985 1702 :
1009 1648 1166 1702 Tunc
1193 1648 1642 1719 composuithoc
1663 1647 1844 1702 canti-

1944 500 2142 556 omnia
2161 500 2316 554 bona
2351 516 2529 573 opera
2559 499 2806 570 agendo.
2835 498 2998 563 Quod
3031 504 3116 556 est
3141 502 3327 558 dicere
3349 504 3550 560 :Bonis

1943 588 2211 659 operibus
2240 587 2501 655 insistite,
2526 604 2654 658 quae
2671 604 2839 642 causa
2863 587 2980 642 sint
3015 583 3189 660 quare
3212 607 3426 646 nomen
3448 591 3550 648 Dei

1945 692 1980 731 a
1997 676 2318 730 videntibus
2333 676 2729 732 benedicatur.
2747 675 2904 732 Sicut
2929 677 3086 732 enim
3112 694 3216 749 per
3243 681 3391 735 male
3414 698 3550 754 ope-

1945 768 2159 832 rantes,
2195 788 2223 815 ‹‹
2272 782 2488 820 nomen
2533 765 2634 820 Dei
2680 765 2831 820 inter
2877 768 3077 838 gentes
3121 767 3553 838 blasphematur

1948 851 2124 918 (Rom.
2164 869 2224 920 ιι,
2263 853 2376 924 24),
2413 873 2442 901 ››
2473 851 2554 907 ita
2573 855 2631 907 et
2661 869 2765 925 per
2795 854 2944 908 bene
2983 857 3219 924 agentes
3248 857 3548 915 exaltatur.

2015 941 2170 996 Facit
2193 943 2388 996 autem
2423 942 2837 1013 apostropham
2889 942 2963 996 ad
3000 943 3269 1013 praelatos
3290 943 3368 998 sic
3394 961 3406 998 :
3437 945 3552 1000 Ad-

1943 1027 2146 1084 hortor
2177 1045 2380 1084 omnes
2411 1029 2507 1101 qui
2550 1028 2609 1083 in
2666 1029 2842 1084 domo
2884 1029 2984 1084 Dei
3035 1030 3211 1085 futuri
3250 1035 3403 1099 sunt,
3431 1036 3552 1088 tam

1941 1116 2168 1171 Iudaeos
2195 1134 2371 1188 quam
2400 1115 2666 1189 gentiles,
2686 1117 2759 1172 ad
2791 1118 3148 1174 cantandum
3175 1136 3390 1176 novum
3416 1138 3550 1176 can-

1941 1203 2484 1272 ticum,Domino,et
2504 1205 2969 1260 benedicendum
2993 1206 3557 1278 nominiejus.Czete-

1941 1308 2073 1346 rum
2093 1291 2229 1364 quia
2253 1293 2422 1347 aliter
2448 1309 2567 1347 non
2585 1297 2921 1348 cantaretur
2941 1311 2975 1349 a
2995 1295 3262 1365 gentibus.
3292 1296 3400 1350 hoc
3422 1313 3552 1352 can-

1942 1379 2144 1448 ticum,
2193 1397 2382 1453 neque
2423 1397 2641 1436 nomen
2683 1381 2916 1436 Domini
2955 1382 3411 1452 benediceretur,
3456 1401 3556 1441 vos

1942 1467 2354 1540 praedicatores
2384 1470 2701 1522 annuntiate
2721 1468 2977 1536 salutare,
2993 1468 3052 1523 id
3073 1473 3155 1523 est
3175 1470 3550 1542 salvationem

1944 1555 2058 1626 ejus
2087 1555 2321 1612 Domini
2354 1556 2581 1625 Christi,
2624 1557 2919 1628 quomodo
2965 1557 3226 1613 videlicet
3268 1560 3551 1616 mundum

1945 1647 2134 1699 morte
2167 1661 2268 1700 sua
2293 1645 2554 1700 salvabit.
2596 1645 2734 1700 Dico
2765 1649 3098 1712 annuntiate,
3141 1649 3198 1701 et
3240 1647 3350 1702 hoc
3381 1649 3444 1704 de
3471 1649 3556 1704 die

231 1749 391 1800 cum,
414 1733 646 1805 quando
674 1750 779 1806 per
808 1735 1075 1806 spiritum
1110 1736 1430 1808 prophetiae
1452 1736 1576 1807 jam
1593 1735 1848 1791 conside-
1874 1726 1923 1784 B
1946 1731 2135 1787 eundo
2167 1734 2222 1785 in
2253 1731 2410 1799 diem,
2436 1733 2495 1787 id
2522 1736 2607 1788 est
2645 1733 2716 1788 de
2749 1733 3006 1788 claritate
3035 1734 3172 1789 Novi
3204 1734 3556 1792 Testamenti

229 1821 570 1893 rabatquod
583 1823 905 1877 humanum
920 1824 1282 1896 genus,quod
1300 1840 1404 1894 per
1419 1824 1605 1879 Adam
1625 1824 1845 1879 destru-

231 1911 393 1964 ctum
413 1909 690 1977 erat,etin
710 1910 1101 1982 captivitatem
1123 1911 1559 1978 adductum,tan
1569 1912 1699 1967 dem
1719 1915 1848 1985 post

233 1997 582 2069 captivitatis
614 2000 847 2069 tempus
866 2016 971 2071 per
992 2000 1280 2056 Christum
1303 2004 1427 2055 erat
1455 2000 1514 2055 in
1548 2000 1848 2056 virtutibus

233 2085 664 2154 aediﬁcandum,
699 2087 772 2141 ad
816 2088 926 2143 hoc
956 2091 1019 2142 ut
1051 2088 1150 2143 Dei
1188 2088 1393 2144 domus
1425 2092 1589 2156 esset,
1632 2088 1693 2143 in
1735 2105 1848 2160 qua

233 2172 358 2244 ipse
388 2173 722 2244 spiritaliter
735 2175 1042 2231 habitaret.
1075 2177 1226 2231 Bene
1253 2193 1386 2232 vero
1416 2177 1580 2248 ponit
1599 2177 1848 2231 aediﬁca-

232 2261 426 2316 batur.
440 2263 466 2316 .l
472 2279 566 2318 am
588 2263 745 2319 enim
759 2264 866 2336 ipsi
881 2282 986 2337 per
1001 2265 1522 2321 considerationem
1542 2266 1846 2337 Prophetas

242 2349 451 2405 domus
476 2351 889 2421 aedificabatur,
905 2370 1032 2426 quae
1049 2356 1179 2425 post
1202 2353 1445 2425 longum
1469 2356 1586 2407 tem
1598 2370 1701 2425 pus
1716 2370 1846 2409 rea-

237 2435 372 2493 liter
387 2441 512 2494 erat
531 2439 891 2496 mdiﬂcanda.
928 2441 1307 2497 Considerans
1334 2446 1528 2497 autem
1559 2443 1847 2514 Propheta

238 2523 447 2580 domus
458 2526 628 2598 hujus
644 2529 1087 2585 aediﬁcationem
1100 2530 1587 2607 futuram,omnes
1605 2530 1731 2585 illos
1747 2530 1844 2603 qui

237 2611 297 2667 in
319 2613 494 2670 domo
513 2615 611 2671 illa
626 2617 802 2672 futuri
821 2621 973 2686 sunt,
998 2619 1069 2673 ad
1087 2610 1441 2675 cantandum
1477 2622 1594 2674 Deo
1629 2635 1843 2674 novum

237 2701 528 2758 canticum
558 2705 912 2760 exhortatur.
937 2707 1009 2761 Ut
1038 2724 1169 2762 vero
1196 2708 1485 2762 canticum
1511 2709 1619 2762 hoc
1646 2711 1843 2762 cante-

231 2791 351 2858 tur,
384 2792 792 2862 przedicatores
837 2795 1006 2865 hujus
1059 2795 1267 2850 domus
1296 2797 1585 2867 praelatos,
1632 2799 1695 2850 ut
1743 2795 1844 2850 Dei

232 2878 525 2935 mirabilia
563 2881 831 2952 gentibus
861 2882 1230 2950 annuntient,
1263 2883 1529 2956 ipsasque
1555 2887 1758 2956 gentes
1783 2885 1846 2937 ut

233 2965 315 3021 eis
345 2966 620 3023 obediant
639 2969 936 3038 admouet,
951 2970 1250 3026 afﬁrmans
1275 2987 1478 3026 omnes
1495 2973 1844 3026 exultaturos
1869 3006 1917 3066 Ο

233 3070 377 3121 esse,
403 3055 500 3126 qui
527 3055 586 3110 in
610 3073 678 3112 ea
705 3058 878 3113 domo
893 3059 1361 3126 mdiﬁcatierunt,
1383 3075 1513 3113 cum
1529 3061 1676 3114 Deus
1687 3059 1843 3130 juste

231 3141 519 3197 mundum
537 3143 842 3214 judicabit.
865 3146 982 3201 Hoc
1007 3150 1202 3202 autem
1235 3163 1303 3201 ea
1333 3146 1654 3202 intentione
1683 3146 1840 3215 facit,

233 3232 298 3284 ut
329 3247 531 3286 omnes
562 3232 636 3287 ad
663 3233 1169 3306 participationem
1209 3235 1380 3306 hujus
1416 3235 1620 3290 domus
1662 3235 1842 3290 aedifi-

231 3318 456 3386 candae,
471 3322 528 3374 et
549 3319 622 3374 ad
640 3322 995 3377 cantandum
1016 3340 1231 3378 novum
1251 3323 1539 3378 canticum
1569 3323 1844 3379 attrahat.

307 3407 536 3463 Cantate
560 3407 792 3465 Domino
826 3411 1050 3466 Christo
1081 3414 1348 3466 canticum
1377 3428 1593 3478 novum,
1613 3417 1842 3478 cantate,

231 3495 498 3568 inquam,
530 3513 647 3552 non
679 3499 1044 3554 solummodo
1066 3499 1267 3567 Judaei,
1290 3500 1390 3554 sed
1409 3501 1584 3555 omnis
1605 3507 1763 3566 terra,
1787 3498 1846 3554 id

235 3587 321 3640 est
338 3586 690 3642 omnismodi
711 3587 926 3642 terreni
951 3590 1008 3642 et
1025 3587 1207 3643 Judaei
1240 3590 1297 3642 et
1314 3591 1533 3659 gentes.
1559 3586 1844 3642 Canticum

234 3690 430 3728 novum
445 3674 582 3730 dicit
600 3674 698 3729 illa
722 3678 1033 3748 praecepta,
1053 3692 1182 3747 quae
1209 3692 1327 3731 non
1351 3676 1589 3731 fuerunt
1619 3676 1755 3730 data
1783 3676 1843 3730 in

235 3759 425 3817 Veteri
445 3763 836 3831 Testamento,
864 3765 966 3819 sed
989 3763 1047 3818 in
1078 3765 1233 3819 Novo
1255 3764 1580 3830 tantum,in
1595 3780 1840 3836 quorum

235 3849 625 3920 completione
662 3853 804 3906 Deus
833 3853 988 3906 velut
1037 3851 1096 3906 in
1142 3850 1365 3907 cantico
1408 3852 1744 3920 delectatur,
1783 3855 1847 3906 ut

236 3935 502 3992 inimicos
529 3937 792 4010 diligere,
816 3941 1051 3994 terrena
1080 3956 1376 4013 spernere,
1393 3939 1544 3994 mori
1572 3956 1677 4012 pro
1709 3955 1844 4010 pro-

236 4025 417 4093 ximo,
437 4029 496 4080 et
520 4029 730 4081 caetera
743 4027 839 4098 huj
850 4027 1097 4082 usmodi.
1114 4028 1276 4084 Unde
1301 4027 1578 4083 Dominus
1595 4027 1654 4082 in
1668 4028 1845 4083 Evan-

234 4113 385 4185 gelio
422 4113 560 4168 dicit
595 4130 608 4169 :
647 4137 674 4165 «
711 4115 1049 4170 Mundatum
1088 4132 1302 4171 novum
1330 4116 1403 4172 do
1430 4115 1612 4184 vobis,
1632 4119 1696 4171 ut
1715 4116 1841 4172 dili-

234 4200 381 4273 gatis
408 4201 658 4257 invicem
690 4201 837 4258 sicut
874 4202 1043 4258 dilexi
1076 4220 1174 4258 vos
1206 4202 1394 4276 (Joan.
1421 4221 1538 4271 xm,
1572 4204 1682 4272 34).
1715 4225 1743 4254 ››
1777 4205 1845 4259 Et

1945 1818 2006 1874 in
2028 1819 2352 1875 claritatem
2369 1821 2606 1888 Veteris,
2629 1825 2687 1876 et
2713 1822 2782 1876 de
2823 1821 3080 1876 claritate
3101 1822 3318 1877 Veteris
3346 1824 3405 1878 in
3447 1825 3559 1879 cla-

1947 1907 2178 1962 ritatem
2225 1909 2398 1976 Novi;
2441 1909 2656 1963 scilicet
2701 1909 2779 1964 sic
2829 1911 3164 1981 annuntiate,
3195 1913 3260 1964 ut
3287 1912 3559 1981 praedica-

1947 1996 2167 2051 tionem
2204 1999 2476 2064 vestram,
2514 1997 2854 2052 auctoritate
2885 1999 3178 2070 utriusque
3204 2001 3552 2056 Testamenti

1947 2084 2327 2152 conﬁrmetis,
2356 2087 2705 2156 proferendo
2728 2087 2798 2142 de
2826 2088 3095 2142 thesauro
3127 2089 3314 2143 cordis
3333 2106 3481 2145 nova
3499 2093 3556 2145 et

1947 2177 2141 2228 vetera
2174 2173 2392 2238 (Matth.
2428 2192 2551 2244 xm,
2583 2179 2691 2237 52).
2723 2176 2821 2230 Vel
2853 2177 3043 2231 eundo
3086 2177 3149 2231 de
3189 2177 3274 2232 die
3303 2180 3359 2232 in
3385 2178 3548 2246 diem,

1946 2260 2007 2316 id
2036 2264 2122 2315 est
2152 2262 2222 2316 de
2255 2279 2370 2316 una
2395 2263 2549 2318 clara
2580 2263 2788 2319 virtute
2817 2267 2876 2318 et
2905 2265 3239 2336 operatione
3282 2266 3341 2322 in
3373 2267 3549 2323 aliam

1946 2348 2253 2403 clariorem
2287 2349 2559 2406 virtutem
2591 2355 2650 2406 et
2687 2351 3112 2422 operationem,
3152 2370 3226 2409 ne
3265 2371 3397 2409 cum
3426 2355 3551 2411 aliis

1946 2437 2410 2508 prmdicaveritis,
2444 2438 2550 2510 ipsi
2562 2439 2794 2512 reprobi
2809 2439 3264 2497 efﬁciamini.Vel
3281 2443 3472 2500 eundo
3485 2444 3552 2500 de

1943 2524 2030 2580 die
2071 2527 2134 2580 in
2172 2526 2311 2580 diem
2360 2527 2420 2581 id
2457 2531 2542 2582 est
2576 2529 2647 2583 de
2687 2528 2941 2584 claritate
2973 2530 3155 2585 Patris
3193 2531 3253 2585 in
3293 2532 3552 2588 claritate

1945 2612 2090 2680 Filii,
2119 2617 2176 2669 et
2207 2615 2279 2670 de
2309 2615 2570 2671 claritate
2618 2616 2740 2670 Filii
2782 2617 2841 2670 in
2881 2619 3203 2673 claritatem
3244 2619 3450 2687 Patris,
3482 2623 3546 2676 ut

1944 2700 2158 2756 scilicet
2182 2719 2286 2775 per
2302 2721 2503 2768 unam,
2521 2705 2765 2759 alteram
2781 2705 3115 2760 ostendatis.
3137 2707 3237 2764 Vel
3266 2709 3456 2764 eundo
3484 2708 3550 2762 de

1944 2788 2028 2842 die
2056 2791 2112 2843 in
2131 2790 2290 2859 diem,
2317 2792 2390 2846 ad
2416 2792 2694 2858 litteram,
2717 2792 2930 2846 scilicet
2957 2793 3293 2865 frequenter
3311 2812 3418 2867 per
3433 2795 3549 2851 sin-

1944 2878 2109 2948 gulos
2139 2878 2258 2933 dies
2287 2880 2841 2934 annuntiatesalutare
2860 2880 3343 2952 ejus.Annuntiate
3370 2883 3550 2939 etiam

1943 2965 2080 3019 inter
2101 2971 2300 3035 gentes,
2332 2967 2391 3020 id
2416 2970 2501 3021 est
2531 2967 2590 3020 in
2621 2966 2980 3038 plenitudine
3011 2969 3295 3039 gentium,
3321 2970 3550 3039 gloriam

1942 3052 2074 3123 ejus,
2099 3052 2311 3107 scilicet
2338 3053 2568 3108 Domini
2599 3054 2826 3117 Christi,
2859 3053 2918 3108 id
2949 3057 3035 3108 est
3074 3059 3389 3112 annuntiate
3412 3074 3547 3114 eum

1941 3140 2253 3211 gloriosum
2271 3140 2952 3208 esse,scilicetannuntiate
2963 3143 3414 3200 eumDominum
3427 3162 3548 3202 esse

1943 3231 2002 3282 et
2014 3229 2193 3282 Deum
2217 3227 2834 3300 etomnipotentem,et
2847 3233 3058 3285 cetera
3070 3247 3196 3302 quae
3209 3231 3283 3286 ad
3295 3232 3418 3302 ejus
3430 3234 3550 3305 glo-

1943 3316 2090 3371 riam
2109 3316 2424 3387 pertinent,
2445 3318 2577 3372 etin
2598 3317 2840 3372 omnibus
2850 3317 3092 3389 populis,
3107 3317 3166 3373 id
3185 3323 3272 3374 est
3287 3320 3346 3374 in
3367 3322 3549 3391 pleni-

1943 3403 2142 3459 tudine
2161 3406 2424 3460 omnium
2445 3407 2791 3478 populorum
2809 3408 3398 3463 annuntiatemirabilia
3413 3410 3546 3481 ejus,

1945 3508 2073 3564 qua:
2102 3492 2161 3546 in
2192 3510 2407 3564 genere
2436 3494 2692 3548 humano
2717 3494 3071 3565 operabitur.
3100 3496 3344 3567 Exponit
3356 3501 3546 3556 autem

1944 3581 2237 3652 quomodo
2254 3581 2502 3652 gloriam
2519 3584 2567 3652 ej
2577 3599 2642 3638 us
2653 3583 3019 3650 annuntient,
3038 3583 3144 3638 sic:
3165 3584 3321 3653 Dico,
3342 3603 3551 3641 annun-

1945 3671 2074 3722 tiate
2099 3668 2327 3738 gloriam
2354 3670 2484 3740 ejus,
2512 3670 2726 3724 scilicet
2753 3671 3114 3737 annuntiate,
3141 3675 3393 3743 quoniam
3425 3674 3546 3746 ipse

1946 3756 2043 3828 qui
2082 3773 2287 3828 parvus
2313 3760 2370 3811 et
2399 3758 2560 3829 quasi
2585 3775 2779 3813 servus
2805 3758 2957 3828 apud
2985 3759 3212 3814 Iudaeos
3239 3760 3543 3831 videbitur,

1947 3847 2033 3899 est
2059 3844 2359 3911 Dominus;
2391 3849 2449 3900 et
2486 3862 2604 3900 non
2654 3846 3063 3918 qualiscunque
3101 3848 3400 3912 Dominus,
3447 3850 3547 3905 sed

1943 3950 2188 4004 magnus,
2229 3935 2318 3988 cui
2352 3935 2551 3990 omnia
2579 3935 2917 3990 subdentur.
2958 3935 3037 3991 Et
3067 3934 3164 4007 qui
3191 3935 3548 4007 despicabilis

1941 4020 2248 4091 videbitur,
2280 4023 2558 4078 laudabilis
2584 4026 2688 4091 est,
2712 4024 2771 4078 id
2796 4025 2881 4078 est
2894 4023 3063 4078 laude
3093 4023 3322 4095 dignus,
3341 4027 3398 4079 et
3426 4042 3546 4082 non

1941 4125 2172 4182 parum,
2186 4111 2287 4166 sed
2305 4113 2488 4179 nimis,
2502 4111 2560 4166 id
2590 4115 2676 4166 est
2703 4114 2853 4168 ultra
2874 4128 3049 4184 quam
3071 4111 3260 4167 omnis
3285 4116 3547 4170 creatura

1943 4200 2148 4270 possed
2178 4200 2434 4256 laudare.
2450 4199 2527 4255 Et
2540 4199 2637 4273 qui
2658 4200 2862 4256 timere
2881 4199 3165 4256 videbitur
3186 4199 3245 4255 in
3258 4201 3544 4272 passione,

235 4288 369 4344 alibi
401 4305 414 4342 :
450 4312 478 4339 «
513 4280 627 4346 Nisi
669 4290 1044 4347 abundaverit
1075 4291 1301 4362 justitia
1329 4295 1516 4346 vestra
1538 4293 1841 4364 plusquam
1865 4283 1918 4342 D
1946 4288 2192 4343 terribilis
2221 4288 2351 4352 erit,
2377 4288 2435 4344 id
2468 4293 2554 4344 est
2577 4289 2920 4344 metuendus
2949 4289 3020 4343 ab
3045 4287 3313 4358 inimicis,
3337 4292 3397 4344 et
3425 4305 3545 4346 non

236 4374 568 4432 Scribarum
589 4380 647 4433 et
667 4378 1144 4446 Pharisaeorum,
1178 4395 1296 4434 non
1331 4379 1618 4434 intrabitis
1661 4380 1722 4434 in
1759 4397 1845 4434 re-

236 4480 419 4536 gnum
436 4465 1008 4534 caelorum(Matth.v,
1024 4471 1110 4532 20)
1138 4468 1288 4522 »Hoc
1306 4470 1499 4522 autem
1519 4468 1672 4538 quod
1686 4467 1840 4537 dicit,

235 4561 445 4608 cantate
464 4554 698 4609 Domino
728 4557 992 4609 canticum
1018 4571 1231 4623 novum,
1251 4555 1409 4610 idem
1427 4557 1510 4610 est
1527 4571 1591 4610 ac
1612 4554 1657 4609 si
1689 4555 1841 4609 dice-

236 4644 324 4696 ret
353 4659 366 4697 :
391 4642 558 4716 Agite
584 4660 716 4698 cum
748 4643 1128 4699 delectatione
1165 4645 1240 4699 ad
1282 4645 1568 4700 honorem
1611 4642 1842 4699 Domini

234 4747 449 4786 novum
479 4732 790 4799 canticum,
825 4732 1042 4788 scilicet
1065 4735 1352 4804 complete
1376 4735 1664 4804 praecepta
1714 4749 1839 4804 qua:

233 4817 425 4888 ipsein
439 4820 593 4875 Novo
608 4821 976 4876 Testamento
1001 4821 1196 4875 dabit:
1224 4825 1410 4876 etnon
1429 4820 1623 4887 invite,
1647 4820 1736 4875 vel
1766 4819 1840 4875 ad

233 4906 493 4964 favorem
511 4909 841 4977 nominum,
873 4909 975 4964 sed
998 4915 1211 4966 cantate
1246 4909 1307 4964 id
1341 4913 1428 4965 est
1461 4925 1594 4964 cum
1617 4907 1837 4963 cantico

235 4998 543 5068 complete,
581 5014 713 5052 cum
735 4997 1099 5069 jucunditate
1117 4998 1348 5065 scilicet,
1375 5002 1434 5055 et
1455 4999 1563 5053 hoc
1581 4996 1835 5066 Domino,

234 5082 292 5138 id
321 5087 407 5139 est
435 5085 509 5140 ad
534 5087 820 5142 honorem
850 5086 1104 5142 Domini.
1143 5086 1289 5151 Quia
1319 5090 1514 5142 autem
1553 5090 1643 5141 ter
1675 5084 1841 5156 ponit

234 5179 464 5242 cantate,
493 5174 566 5229 ad
587 5174 1034 5231 inculcationem
1063 5174 1216 5243 facit,
1244 5178 1307 5230 ut
1335 5177 1462 5247 plus
1483 5176 1836 5243 exhortetur,

236 5261 349 5316 sive
379 5266 469 5318 ter
514 5265 723 5336 repetit
761 5264 834 5320 ad
878 5264 1270 5320 ostensionem
1315 5263 1626 5318 Trinitatis.
1672 5264 1751 5318 Ac
1793 5261 1839 5316 si

236 5349 422 5407 dicat:
454 5350 683 5407 Cantate
712 5353 959 5409 Domino
981 5352 1381 5420 Patri,cantate
1411 5352 1656 5407 Domino
1673 5351 1836 5420 Filio,

237 5445 446 5495 cantate
470 5441 718 5496 Domino
738 5441 1007 5513 Spiritui;
1036 5446 1094 5498 et
1128 5440 1415 5497 cantando
1453 5440 1733 5496 benedicite
1751 5456 1845 5494 no-

236 5528 378 5588 mini
405 5528 541 5602 ejus,
581 5529 641 5588 id
669 5531 756 5588 est
793 5530 1096 5589 sublimato
1127 5534 1186 5590 et
1211 5529 1478 5606 gloﬁcate
1734 5532 1844 5590 hoc

1943 4391 2174 4447 parum,
2209 4376 2309 4432 sed
2337 4377 2611 4432 terribilis
2637 4395 2791 4447 super
2817 4392 2995 4431 omnes
3023 4375 3162 4444 deos,
3194 4376 3255 4431 id
3284 4380 3370 4431 est
3396 4379 3548 4450 plus-

1945 4479 2122 4536 quam
2153 4482 2356 4520 omnes
2383 4465 2624 4538 perfecti
2645 4467 2719 4521 ab
2735 4481 2802 4520 eo
2835 4464 3162 4534 deiﬁcandi,
3181 4465 3394 4522 scilicet
3411 4483 3544 4524 cum

1941 4550 2047 4624 ipsi
2074 4555 2338 4624 potentes
2362 4554 2478 4608 sint
2497 4553 2827 4608 orationum
2855 4568 3092 4608 suarum
3112 4554 3322 4610 merito
3350 4555 3549 4613 inimi-

1942 4656 2037 4696 cos
2051 4642 2256 4712 punire
2281 4661 2295 4699 :
2319 4643 2564 4715 ideoque
2578 4641 2884 4712 terribiles,
2901 4643 3022 4714 ipse
3053 4643 3234 4698 multo
3258 4645 3444 4717 magis
3471 4647 3544 4702 ad

1940 4729 2300 4802 puniendum
2325 4734 2531 4802 potens
2560 4730 2873 4786 terribilior
2901 4733 3090 4787 est.Ne
3108 4749 3240 4788 vero
3256 4734 3546 4790 videretur

1941 4819 2130 4873 dicere
2171 4819 2241 4873 de
2269 4818 2374 4874 diis
2403 4819 2688 4890 gentium,
2717 4837 2845 4892 quae
2875 4819 3070 4892 utique
3095 4820 3218 4875 laus
3248 4836 3366 4876 non
3397 4825 3544 4879 esset

1939 4906 2193 4978 egregia,
2219 4907 2606 4964 remotionem
2619 4909 2697 4964 sic
2711 4908 2868 4964 facit.
2892 4909 3027 4964 Dico
3058 4925 3193 4964 eum
3228 4910 3542 4967 terribilem

1937 5012 2090 5067 super
2117 5013 2293 5051 omnes
2321 4996 2459 5066 deos,
2492 5014 2612 5053 non
2637 4998 2746 5052 hoc
2773 4999 2967 5052 autem
2999 4997 3125 5052 dico
3157 4997 3228 5052 de
3261 4998 3369 5052 diis
3397 5015 3539 5071 gen-

1938 5082 2121 5153 tium;
2154 5087 2407 5158 quoniam
2448 5103 2625 5142 omnes
2671 5086 2751 5139 dii
2783 5086 3024 5156 gentium
3068 5084 3333 5140 daemonia
3382 5093 3536 5158 sunt,

1938 5173 2184 5246 ideoque
2213 5174 2456 5246 indigna
2483 5177 2630 5230 esset
2654 5173 2983 5245 huiusmodi
3008 5175 3390 5246 comparatio.
3424 5179 3543 5234 Das-

1939 5261 2138 5318 monia
2158 5262 2369 5334 quippe
2389 5262 2544 5318 idola
2553 5263 2816 5334 gentium
2847 5261 3250 5334 ingredientia,
3265 5280 3543 5334 responsa

1941 5351 2178 5417 dabant,
2211 5351 2455 5423 ideoque
2487 5367 2520 5405 a
2553 5351 2823 5422 gentibus
2861 5351 3022 5423 quasi
3061 5351 3142 5406 dii
3179 5353 3540 5412 colebantur.

1939 5439 2115 5495 Addit
2125 5442 2320 5496 autem
2347 5439 2422 5494 ad
2436 5439 2872 5512 aggerationem
2884 5438 3541 5509 laudis,Dominusautem

1943 5529 2094 5589 catos
2128 5530 2277 5604 fecit,
2301 5528 2458 5587 Istud
2481 5534 2659 5588 mitem
2685 5546 2792 5603 pro
2820 5528 2910 5589 sed
2937 5528 3195 5603 ponitur,
3210 5532 3270 5590 et
3289 5532 3380 5592 est
3391 5545 3539 5606 augh
