3998 6026
320 303 455 374 “te

1277 303 1631 375 Exrosmo
1669 311 1738 374 IN
1777 307 2110 375 psamos.
2149 348 2221 361 —
2259 315 2451 376 PSAL.
2491 309 2644 374 XCVI

3488 321 3622 378 1150

314 437 386 494 tis
414 453 638 494 eorum.
659 437 775 493 Hoc
809 439 1002 493 autem
1051 437 1182 496 idco
1214 439 1369 509 dicit,
1413 444 1476 496 ut
1515 441 1736 514 perhoc
1767 440 1912 512 illos,
1933 442 1990 502 Α
2015 439 2194 512 ligine
2207 440 2366 497 fuere
2380 440 2606 513 repleti,
2626 440 2873 496 multum
2888 439 3136 512 adregni
3149 441 3621 498 constitutionem

315 527 410 600 qui
439 526 557 581 iam
574 526 709 582 boni
729 530 881 594 sunt,
898 527 969 582 ad
983 527 1186 583 melius
1210 533 1567 600 promoveat,
1585 531 1766 586 malos
1778 545 1912 585 vero

315 615 662 671 deterrendo
695 615 767 670 ad
789 615 987 683 ﬁdem,
1003 619 1059 671 et
1080 617 1153 671 ad
1173 618 1525 672 cantandum
1542 635 1753 674 novum
1777 635 1914 674 can-

231 774 233 778 .
312 705 488 760 ticum
517 704 787 760 attrahat.
807 706 905 759 Vel
932 723 964 759 a
980 705 1140 775 facie,
1157 706 1211 761 id
1235 710 1318 762 est
1338 724 1371 761 a
1391 708 1696 778 praesentia
1719 707 1912 762 Domi-

313 791 372 846 ni
405 808 578 863 quem
621 792 916 862 vidcbunt,
947 797 1044 865 qui
1097 797 1258 863 venit,
1291 795 1347 849 id
1397 798 1480 849 est
1508 796 1699 850 veniet
1729 795 1914 851 mani-

310 880 508 949 festus,
524 883 582 936 et
617 880 687 936 de
719 882 840 952 ejus
862 882 1108 937 adventu
1122 883 1475 954 gaudebunt.
1495 884 1912 955 Undelegitur:

314 991 344 1020 ι(
372 970 527 1025 Tunc
549 969 824 1025 videbunt
844 970 1047 1025 Filium
1064 971 1314 1027 hominis
1326 971 1726 1028 venientemin
1742 973 1914 1042 nube,

311 1073 444 1112 cum
475 1059 758 1128 potestate
789 1074 1004 1130 magna
1033 1062 1090 1113 et
1115 1060 1415 1129 majestate
1446 1059 1584 1130 (Luc
1610 1077 1721 1128 xxx,
1753 1062 1862 1132 27).
1888 1083 1915 1111 »

310 1145 529 1200 Etcum
551 1146 621 1200 de
642 1145 816 1218 ipsius
853 1147 1102 1202 adventu
1122 1146 1455 1218 simpliciter
1496 1149 1658 1204 valde
1687 1152 1922 1222 possent

310 1233 586 1306 gaudere,
615 1235 796 1289 multo
829 1235 1014 1306 magis
1034 1235 1104 1290 de
1133 1236 1242 1291 hoc
1279 1235 1634 1307 gaudebunt,
1666 1240 1919 1308 quoniam

308 1324 452 1377 venit
465 1321 732 1393 judicare,
787 1323 848 1378 id
877 1326 963 1377 est
1014 1324 1291 1397 quoniam
1350 1324 1422 1380 ad
1471 1325 1580 1380 hoc
1609 1325 1818 1394 veniet,
1858 1328 1920 1380 ut

312 1425 516 1464 omnes
542 1409 809 1465 homines
831 1409 1066 1481 judicet.

799 1499 868 1553 IN
900 1498 1222 1555 PSALMUM
1259 1500 1432 1556 XCVI.

382 1585 598 1641 Titulus
624 1587 985 1659 nonagesimi
1011 1589 1171 1643 sexti.
1199 1589 1448 1670 Psalmus
1476 1587 1678 1659 David,
1707 1588 1918 1661 quando

313 1680 452 1729 terra
481 1674 592 1747 ejus
619 1677 861 1732 restituta
891 1683 983 1731 est.
1017 1676 1182 1740 Quod
1211 1677 1288 1732 sic
1315 1678 1638 1750 exponitur.
1670 1677 1918 1732 Psalm-us

2014 529 2517 585 attinuit.Sienim
2533 528 2762 602 penitus
2807 528 3029 585 arcanis
3065 529 3304 586 interius
3326 530 3622 603 sapientia).

2012 622 2292 686 carerent,
2319 617 2457 691 quid
2487 618 2917 690 praedicandum
2937 622 3101 685 esset,
3157 621 3213 673 et
3225 619 3361 690 quid
3378 636 3518 688 non,
3542 617 3624 674 di-

2011 721 2274 761 scernere
2325 706 2633 762 nescirent.
2660 707 2848 762 Etillae
2876 707 3034 761 nubes
3049 707 3261 777 iustitia
3276 715 3324 761 et
3341 708 3619 776 iudicium,

2014 793 2072 848 id
2093 800 2178 848 est
2201 795 2338 865 justi
2378 795 2437 849 in
2465 796 2598 863 vita,
2623 797 2680 850 et
2722 795 2938 866 iudices
2967 795 3116 850 illius
3136 795 3321 867 regni,
3345 795 3623 850 habentes

2015 882 2228 937 scilicet
2249 882 2500 938 ofﬁcium
2548 883 2871 938 instruendi
2923 884 3229 955 subjectos,
3288 887 3346 938 et
3375 886 3622 938 correctio

2014 969 2145 1024 sedis
2172 971 2303 1042 ejus,
2336 971 2393 1026 id
2415 975 2500 1026 est
2529 971 2886 1027 correctione
2919 987 3020 1026 sua
3043 970 3317 1026 facientes
3355 971 3502 1040 illos,
3526 970 3625 1044 qui

2015 1073 2119 1129 per
2146 1057 2546 1114 infidelitatem
2577 1062 2743 1114 erant
2769 1059 3013 1126 distorti,
3047 1060 3244 1115 sedem
3293 1061 3434 1132 ejus,
3451 1060 3508 1115 id
3541 1062 3626 1114 est

2016 1147 2157 1201 tales
2186 1146 2244 1200 in
2272 1146 2766 1218 quibusDominus
2794 1147 3126 1220 spiritaliter
3147 1148 3362 1202 sedeat.
3384 1148 3484 1204 Vel
3513 1165 3625 1202 cor-

2015 1236 2193 1302 rectio,
2226 1234 2282 1288 id
2309 1238 2394 1288 est
2423 1239 2794 1303 correctores,
2823 1235 3034 1291 scilicet
3055 1236 3098 1291 si
3116 1236 3175 1290 in
3203 1235 3392 1308 aliquo
3416 1223 3639 1291 distor-'

2017 1325 2266 1392 qucntur
2285 1323 2560 1392 subditos,
2592 1323 2688 1396 qui
2701 1324 2825 1394 jam
2858 1325 3020 1379 sedes
3045 1323 3275 1392 Domini
3305 1327 3454 1381 sunt.
3479 1324 3622 1380 Cum

2017 1424 2115 1463 eos
2141 1411 2323 1465 nubes
2348 1414 2404 1465 et
2423 1410 2705 1482 judicium
2737 1412 2890 1480 dicit,
2917 1413 3170 1468 officium
3200 1411 3624 1484 praedicationis

2016 1495 2231 1552 habere
2246 1499 2523 1568 ostendit;
2555 1516 2684 1554 cum
2700 1516 2832 1555 vero
2851 1500 3157 1572 caliginem
3171 1503 3224 1555 et
3232 1499 3516 1571 justitiam
3533 1517 3626 1554 vo-

2017 1587 2128 1650 cat,
2158 1585 2230 1640 ad
2262 1587 2514 1642 officium
2555 1589 2664 1642 hoc
2697 1605 2794 1644 eos
2819 1588 3060 1644 idoneos
3089 1605 3208 1644 esse
3262 1588 3622 1660 comprobat.

2017 1671 2302 1728 Caeterum
2315 1690 2445 1729 cum
2459 1676 2694 1730 eosdem
2727 1676 2926 1730 asserit
2941 1693 3059 1731 esse
3072 1677 3487 1731 correctionem
3519 1677 3624 1730 hu-

310 1762 417 1818 iste
462 1767 547 1818 est
570 1763 750 1818 David
777 1763 998 1832 Christi,
1030 1767 1347 1836 completus
1385 1766 1596 1837 quando
1638 1773 1775 1821 terra
1805 1766 1916 1836 ejus
1943 1761 2100 1833 Bjus
2115 1763 2413 1833 negotii,in
2427 1763 2634 1818 eisesse
2648 1763 3629 1837 demonstratoperationem.Ethoc

310 1853 553 1906 restituta
574 1857 667 1918 est,
681 1851 893 1907 scilicet
913 1853 1217 1924 prophetia
1229 1854 1396 1925 hujus
1407 1854 1612 1926 psalmi
1629 1855 1916 1926 completa

309 1938 425 1994 fuit
446 1938 504 1993 in
539 1939 785 2009 Christo,
809 1957 942 1995 vero
967 1941 1163 2008 David,
1191 1939 1409 2014 'quando
1439 1947 1583 1998 terra
1611 1943 1724 2014 ejus
1762 1944 1914 1998 resti-

311 2032 428 2080 tuta
459 2033 552 2096 est,
571 2027 630 2083 id
646 2031 730 2083 est
745 2029 975 2101 quando
998 2029 1320 2084 humanum
1346 2047 1548 2102 genus,
1589 2030 1743 2102 quod
1761 2030 1918 2102 prius

312 2114 558 2169 existens
589 2122 729 2170 terra
760 2119 897 2188 ejus,
916 2117 975 2171 id
1007 2121 1113 2182 est,
1141 2134 1391 2190 regnum
1420 2119 1764 2191 etpossessio
1797 2117 1918 2188 ejus

311 2201 569 2256 ablatum
600 2203 709 2258 fuit
728 2220 761 2259 a
787 2203 1072 2276 regimine
1090 2205 1230 2276 ejus,
1248 2221 1351 2276 per
1385 2205 1918 2279 praevaricationem

307 2289 470 2357 Adai,
496 2290 824 2345 restitutum
856 2290 962 2345 fuit
993 2292 1065 2359 ei,
1100 2295 1161 2346 ut
1191 2292 1399 2348 iterum
1427 2293 1658 2348 cederet
1673 2293 1730 2347 in
1763 2290 1915 2364 regi-

310 2393 450 2431 men
481 2377 602 2448 ejus
630 2394 735 2450 per
759 2379 963 2439 fidem:
995 2380 1148 2452 quod
1179 2381 1449 2452 equidem
1478 2379 1763 2452 contingit
1813 2396 1918 2452 per

311 2465 704 2522 obedientiam
718 2468 922 2522 mortis
934 2468 983 2539 ej
991 2468 1218 2532 us.Qua:
1230 2468 1515 2524 restitutio
1529 2469 1692 2540 regni
1711 2468 1916 2524 Christi

312 2554 683 2626 praefigurata
709 2555 862 2611 estin
883 2556 1058 2612 David
1079 2558 1380 2629 propheta,
1400 2557 1488 2612 cui
1502 2560 1648 2613 Deus
1669 2573 1915 2629 regnum

313 2643 386 2697 ab
412 2642 650 2698 inimicis
675 2644 930 2700 ablatum
944 2644 1208 2714 restituit,
1235 2645 1480 2700 inimicis
1505 2646 1553 2716 ej
1564 2663 1626 2700 us
1648 2645 1919 2700 omnibus

314 2729 562 2784 devictis.
592 2730 807 2786 Dicitur
862 2734 1054 2787 autem
1106 2734 1357 2804 psalmus
1407 2733 1511 2788 iste
1543 2750 1662 2787 esse
1694 2732 1917 2800 Christi,

313 2833 431 2872 non
460 2819 613 2890 quod
643 2819 733 2874 hic
757 2820 1312 2892 Christusloquatur,
1340 2821 1440 2876 sed
1470 2821 1605 2892 quia
1633 2822 1922 2892 Propheta

313 2903 375 2959 in
406 2906 514 2960 hoc
550 2907 772 2977 psalmo
805 2924 981 2978 agens
1004 2908 1074 2962 de
1095 2907 1339 2974 Christo,
1366 2909 1919 2980 ostenditquomodo

313 2992 418 3049 sibi
448 3011 693 3066 regnum
727 2996 785 3051 in
816 2996 1083 3068 gentibus
1109 2996 1404 3068 acquisivit
1425 3014 1528 3068 per
1558 2996 1834 3052 miracula
1865 3001 1923 3051 et

314 3081 637 3137 doctrinam
668 3086 1082 3156 apostolorum.
1108 3085 1175 3138 Et
1194 3085 1301 3139 hoc
1321 3099 1390 3138 ea
1408 3083 1731 3140 intentione
1761 3085 1919 3152 facit,

314 3172 377 3223 ut
391 3170 688 3226 occasione
707 3171 1078 3244 benignitatis
1089 3172 1208 3244 ejus
1230 3189 1403 3243 quam
1426 3173 1696 3241 ostendit,
1718 3173 1924 3228 adhor-

313 3259 468 3313 tetur
500 3276 616 3328 eas,
673 3263 735 3314 ut
785 3262 1006 3316 malum
1039 3260 1256 3328 odiant,
1291 3265 1348 3315 et
1404 3261 1624 3316 bonum
1655 3261 1918 3340 diligant,

315 3346 785 3419 quandoquidem
799 3364 1047 3421 regnum
1062 3349 1184 3419 ejus
1196 3349 1421 3403 sunt.Et
1432 3350 1753 3404 notandum
1768 3350 1924 3420 quod

315 3449 481 3488 more
503 3435 837 3508 prophetico
872 3437 1025 3508 quod
1080 3437 1264 3491 adhuc
1311 3436 1569 3491 futurum
1619 3440 1723 3504 est,
1765 3436 1925 3508 quasi

316 3523 671 3594 printeritum
690 3525 971 3593 enuntiat,
999 3542 1065 3580 ex
1081 3525 1424 3580 certitudine
1466 3525 1664 3580 nimia.

387 3610 651 3666 Dominus
697 3611 950 3668 Christus
993 3615 1252 3684 regnavit,
1279 3613 1339 3667 id
1370 3616 1456 3668 est
1478 3628 1728 3684 regnum
1756 3612 1930 3668 totius

321 3699 524 3753 mundi
554 3699 661 3755 sibi
689 3701 964 3773 acquiret,
995 3703 1210 3756 calcata
1251 3705 1462 3768 morte,
1492 3704 1549 3755 et
1579 3700 1806 3756 diabolo
1839 3701 1933 3755 de-

321 3786 491 3855 victo,
542 3787 786 3861 ideoque
818 3790 1036 3844 exsultet
1080 3797 1242 3857 terra,
1275 3790 1334 3844 id
1384 3793 1469 3843 est
1497 3789 1761 3844 homines
1791 3805 1931 3860 gau-

325 3873 522 3939 deant,
539 3875 665 3946 jam
686 3877 821 3932 facti
855 3881 1012 3932 terra
1034 3877 1157 3949 ejus
1176 3877 1490 3932 fructifera.
1525 3876 1670 3941 Quia
1684 3893 1817 3931 vero
1848 3876 1932 3931 di-

328 3968 490 4019 xerat
510 3965 952 4022 indeterminate
974 3971 1139 4036 terra,
1161 3965 1513 4022 determinat
1533 3967 1662 4034 hoc,
1687 3983 1818 4021 cum
1835 3966 1936 4022 ad-

331 4052 416 4106 dit
447 4072 459 4108 :
489 4053 759 4108 Laetentur
789 4055 971 4109 insulae
998 4056 1201 4122 multae,
1226 4054 1285 4109 id
1312 4058 1395 4110 est
1429 4054 1586 4109 illam
1610 4058 1827 4110 terram
1851 4054 1937 4110 di-

331 4157 398 4195 co
423 4141 626 4208 laatari,
646 4160 773 4214 quae
796 4147 881 4198 est
910 4144 1208 4215 multiplex
1237 4143 1440 4198 insula.
1475 4143 1618 4198 Cum
1646 4143 1783 4198 dicit
1806 4143 1942 4197 mul-

334 4236 420 4296 τινε,
451 4231 642 4285 innuit
668 4248 728 4286 se
747 4231 858 4286 hoc
901 4233 1042 4287 velle
1071 4232 1141 4286 de
1179 4231 1375 4286 multis
1399 4231 1656 4286 Ecclesiis
1677 4231 1941 4303 gentium

2016 1850 2171 1922 quod
2188 1851 2541 1907 correctione
2561 1869 2662 1907 sua
2683 1853 2804 1924 ejus
2828 1853 3021 1908 sedem
3054 1853 3482 1925 praeparabant,
3509 1868 3625 1906 non

2016 1955 2081 1993 ex
2114 1938 2247 2010 ipsis
2276 1939 2520 1994 nubibus
2543 1940 2670 2007 erit,
2700 1941 2799 1995 sed
2830 1941 2963 1995 inde
2993 1941 3102 1995 hoc
3136 1939 3626 2012 continget,quod

2015 2028 2171 2097 ignis,
2205 2027 2264 2082 id
2294 2030 2378 2082 est
2420 2028 2611 2084 fervor
2658 2031 2715 2083 et
2772 2028 3116 2084 illuminatio
3171 2028 3413 2101 Spiritus
3448 2027 3627 2082 sancti

2006 2115 2278 2186 praecedit,
2307 2115 2364 2170 id
2388 2119 2471 2170 est
2502 2117 2789 2188 praecedet
2807 2117 2863 2172 in
2884 2117 3152 2189 gentibus
3171 2124 3294 2171 ante
3306 2118 3476 2187 ipsum
3493 2117 3626 2170 ante

2017 2203 2328 2258 sessionem
2361 2205 2482 2274 ejus
2521 2205 2752 2259 Domini
2810 2204 3033 2260 Christi.
3069 2203 3234 2269 Quod
3265 2207 3350 2259 est
3389 2202 3576 2260 dicere
3612 2219 3625 2257 :

2017 2293 2126 2346 Per
2153 2293 2261 2348 hoc
2293 2292 2340 2362 ej
2353 2310 2414 2347 us
2442 2293 2604 2348 sedes
2630 2293 2968 2362 efficientur,
3016 2293 3152 2366 quia
3180 2293 3360 2348 sancti
3385 2292 3628 2364 Spiritus

2016 2380 2200 2453 gratia
2215 2381 2444 2452 priusin
2462 2381 2542 2435 eis
2574 2381 2862 2450 adveniet;
2898 2389 2947 2436 et
2975 2381 3124 2454 ignis
3151 2381 3244 2436 ille
3270 2380 3628 2450 inﬂammabit

2014 2470 2250 2523 inimicos
2270 2470 2400 2541 ejus,
2433 2469 2492 2524 id
2521 2472 2606 2524 est
2633 2469 2871 2525 interius
2913 2470 3190 2524 accendet
3225 2469 3464 2524 ﬂamma
3492 2468 3630 2524 fidei

2015 2555 2168 2629 ipsas
2195 2561 2398 2629 gentes
2441 2557 2704 2614 inimicas
2751 2574 2858 2630 per
2904 2557 3331 2626 infidelitatem,
3364 2560 3428 2612 ut
3455 2556 3628 2613 faciat

2018 2644 2231 2700 amicas
2259 2662 2364 2719 per
2400 2646 2598 2701 fidem.

2090 2734 2198 2787 Per
2222 2734 2332 2788 hoc
2353 2737 2547 2788 autem
2570 2734 2628 2788 in
2650 2749 2744 2789 eas
2772 2733 2921 2805 ignis
2942 2733 3229 2801 adveniet,
3249 2733 3404 2807 quod
3425 2733 3626 2789 alluxe-

2019 2828 2143 2874 runt
2166 2821 2388 2890 fulgura
2403 2822 2515 2892 ejus
2536 2822 2657 2876 orbi
2670 2829 2843 2888 terrae,
2861 2821 2918 2876 id
2937 2825 3021 2876 est
3035 2821 3488 2892 resplendebunt
3509 2837 3628 2876 om-

2021 2909 2188 2963 nibus
2217 2909 2484 2980 gentibus
2513 2909 2906 2964 habitantibus
2925 2909 3127 2964 orbem
3150 2911 3318 2963 terrae
3350 2906 3630 2962 miracula

2021 2996 2162 3066 ejus,
2198 3013 2324 3067 quae
2359 3012 2460 3067 per
2487 2998 2774 3068 apostolos
2812 2997 3166 3066 operabitur,
3200 2995 3351 3050 dicta
3380 2994 3629 3066 fulgura,

2022 3100 2089 3139 eo
2119 3085 2273 3155 quod
2297 3085 2554 3139 videntes
2575 3101 2633 3138 se
2657 3084 2931 3139 attonitos
2957 3087 3014 3139 et
3031 3082 3285 3154 stupidos
3309 3081 3542 3149 faciant,
3559 3081 3633 3136 ad

2020 3172 2457 3228 similitudinem
2482 3172 2796 3245 fulgurum,
2825 3173 3012 3227 osulos
3057 3170 3366 3227 hominum
3389 3187 3489 3225 suo
3521 3169 3632 3223 ful-

2022 3277 2161 3332 gore
2189 3263 2574 3331 tangentium.
2607 3262 2673 3314 Et
2700 3261 2795 3315 illa
2835 3260 3064 3333 fulgura
3090 3259 3221 3314 vidit
3252 3265 3393 3313 terra
3424 3262 3472 3312 et
3497 3273 3634 3311 eom-

1983 3417 1986 3420 .
2022 3355 2164 3402 mota
2193 3356 2286 3416 est,
2312 3348 2371 3404 id
2400 3353 2485 3404 est
2514 3349 2609 3404 illa
2664 3347 2942 3403 miracula
3003 3347 3276 3403 videbunt
3305 3345 3544 3414 terreni,
3577 3348 3636 3400 et

2026 3436 2364 3492 adveniente
2379 3437 2435 3492 in
2450 3454 2544 3492 eos
2556 3437 2691 3508 igne
2704 3436 2905 3508 gratiae
2918 3435 3175 3508 specialis
3189 3435 3637 3490 commovebun-

2026 3527 2174 3579 tura
2204 3525 2538 3580 terrenitate
2595 3525 2666 3579 ad
2719 3525 3152 3595 specialitatem.
3208 3525 3306 3578 Vel
3337 3523 3417 3578 sic
3451 3539 3464 3578 :
3499 3521 3633 3578 Dico

2030 3613 2184 3684 quod
2208 3614 2367 3666 nubes
2397 3615 2566 3667 erunt
2597 3614 2843 3667 correctio
2863 3612 2993 3666 sedis
3019 3611 3271 3679 Domini,
3305 3618 3426 3665 ante
3464 3612 3636 3680 ipsum

2030 3701 2341 3756 Dominum
2368 3704 2586 3768 tamen,
2620 3700 2677 3755 id
2703 3702 2787 3754 est
2815 3703 2947 3754 ante
2970 3699 3280 3754 sessionem
3303 3697 3424 3768 ejus
3444 3700 3637 3764 antea,

2032 3788 2243 3844 scilicet
2267 3805 2440 3860 quam
2469 3788 2526 3842 in
2558 3789 2638 3844 eis
2669 3789 2896 3843 sedibus
2914 3786 3078 3842 factis
3099 3786 3313 3853 sedeat,
3343 3786 3478 3854 ignis
3498 3802 3640 3855 pra:-

2034 3878 2194 3946 cedet,
2227 3877 2285 3932 id
2307 3881 2392 3932 est
2420 3877 2611 3932 fervor
2638 3875 2736 3930 irae
2767 3875 2956 3931 veniet
2985 3875 3044 3930 in
3077 3873 3226 3946 ipsas
3245 3875 3467 3945 gentes,
3495 3878 3543 3925 et
3556 3873 3640 3926 in-

2035 3966 2355 4035 ﬂammabit,
2388 3965 2444 4020 id
2468 3969 2553 4020 est
2595 3963 2834 4020 interius
2865 3963 3140 4018 accendet
3195 3960 3460 4016 inimicos
3517 3959 3640 4031 ejus

2040 4053 2768 4126 gentiles.Indignabuntur
2783 4049 2938 4106 enim
2955 4050 3025 4104 de
3039 4065 3241 4104 eorum
3259 4046 3636 4103 correctione.

2039 4143 2107 4196 Et
2124 4141 2214 4197 hic
2240 4141 2391 4213 ignis
2421 4158 2537 4196 non
2570 4141 2679 4195 erit
2708 4140 2767 4195 in
2809 4138 3005 4211 paucis
3024 4137 3290 4204 inimicis,
3321 4136 3421 4190 sed
3442 4136 3498 4189 in
3531 4135 3640 4190 cir-

2039 4232 2184 4287 euitu
2215 4229 2356 4301 ejus,
2383 4229 2442 4284 id
2468 4231 2552 4284 est
2580 4229 2638 4284 in
2667 4227 2934 4282 omnibus
2960 4224 3395 4281 demorantibus
3449 4226 3504 4278 in
3534 4224 3639 4279 cir-

334 4317 545 4388 dicere,
577 4336 703 4392 quae
752 4321 950 4376 multae
981 4323 1133 4389 sunt,
1165 4323 1446 4392 quantum
1469 4319 1542 4374 ad
1588 4319 1942 4374 diversitates
1966 4327 2020 4387 1)
2039 4321 2182 4375 cuitu
2211 4319 2341 4390 ejus,
2375 4317 2434 4372 id
2482 4319 2565 4372 est
2592 4317 3035 4387 circumquaque
3089 4313 3298 4385 ubique
3327 4314 3637 4366 terrarum.

333 4405 683 4479 linguarum,
712 4426 828 4464 una
852 4424 986 4462 vero
1013 4411 1294 4480 quantum
1314 4407 1387 4462 ad
1400 4406 1594 4461 fidem.
1615 4406 1751 4472 Qum
1765 4407 1941 4462 etiam

333 4494 521 4549 insula;-
545 4512 798 4568 congrue
830 4497 1118 4564 dicuntur,
1151 4495 1286 4568 quia
1306 4511 1340 4549 a
1365 4493 1828 4549 tribulationibus
1852 4493 1942 4549 in-

334 4583 512 4638 terius
532 4588 590 4638 et
607 4585 857 4640 exterius
873 4583 1322 4656 insurgentibus,
1339 4581 1598 4653 demergi
1625 4584 1940 4654 nequeunt,

337 4671 410 4725 ad
438 4672 875 4728 similitudinem
904 4673 1246 4741 insularum,
1276 4687 1403 4744 quae
1433 4687 1468 4726 a
1496 4669 1942 4742 circumquaque

337 4757 682 4816 instantibus
708 4761 973 4817 ﬂuctibus
1003 4778 1122 4816 non
1154 4761 1496 4815 obruuntur.
1513 4758 1649 4814 Dico
1668 4758 1822 4830 quod
1837 4758 1942 4814 sibi

337 4862 587 4920 regnum
645 4849 922 4922 acquiret,
981 4852 1041 4905 et
1067 4850 1175 4904 hoc
1217 4865 1322 4921 per
1351 4848 1532 4904 nubes
1561 4851 1620 4902 et
1647 4846 1939 4919 caligines.

336 4933 524 4989 Nubes
561 4936 717 4992 enim
769 4943 823 4994 et
866 4935 1040 5007 caligo
1093 4938 1226 4991 sunt
1272 4937 1328 4988 in
1385 4937 1631 5003 circuitu,
1682 4933 1742 4988 id
1768 4936 1853 4988 est
1881 4933 1941 4988 in

337 5021 621 5079 famulatu
679 5025 820 5096 ejus,
881 5028 945 5080 ut
1022 5023 1126 5079 sibi
1197 5039 1443 5094 regnum
1501 5023 1611 5078 hoc
1652 5037 1940 5096 praeparg

338 5115 470 5166 rent
501 5128 516 5168 :
548 5093 791 5186 apostoli
819 5113 1035 5169 scilicet
1081 5111 1215 5167 dicti
1246 5093 1427 5166 nubes
1448 5126 1515 5165 eo
1563 5093 1942 5183 quod,387

340 5199 482 5255 alios
506 5203 906 5273 compluerunt
939 5217 952 5258 :
979 5202 1038 5255 et
1064 5199 1249 5271 caligo
1281 5214 1385 5270 per
1410 5199 1753 5273 emphasim,
1773 5199 1834 5253 id
1861 5201 1945 5254 est

340 5289 588 5361 caligine
614 5291 789 5363 pleni,
825 5307 893 5346 eo
925 5289 1081 5362 quod
1123 5288 1477 5359 arcanis.Dei
1508 5287 1942 5357 obscurissimis,

341 5394 494 5451 quan
503 5382 626 5434 tum
639 5380 713 5435 ad
729 5379 867 5435 alios
881 5395 997 5434 non
1015 5378 1292 5445 videntes,
1305 5375 1511 5449 repleti
1523 5376 1947 5435 fuerunt.Unde

381 5469 638 5540 postolus
662 5485 720 5525 :«
752 5465 1384 5530 Audiviarcanaverba,
1402 5481 1530 5537 quae
1543 5482 1659 5522 non
1694 5465 1827 5522 licet
1849 5466 1948 5520 ho-

346 5555 492 5614 mini
519 5557 674 5630 loqui
703 5555 796 5630 (II
820 5555 950 5614 Cor.
970 5573 1070 5627 xu,
1091 5556 1170 5630 4).
1198 5575 1229 5608 ››
1253 5555 1371 5612 Hoc
1393 5570 1533 5618 vel)
1551 5557 1710 5628 quod
1731 5555 1833 5612 tali
1856 5570 1953 5613 ca-

2042 4407 2350 4463 Sciendum
2382 4407 2576 4460 autem
2597 4404 2752 4476 quod
2782 4405 2844 4458 in
2873 4401 3102 4457 circuitu
3122 4401 3235 4471 ejus
3265 4399 3324 4454 in
3355 4396 3640 4471 superiori

2040 4493 2326 4551 sententia
2345 4493 2488 4547 sicut
2514 4493 2572 4546 in
2599 4493 2705 4546 hac
2726 4490 2954 4563 legitur.
2979 4489 3113 4545 Dico
3132 4487 3436 4561 quodignis
3459 4488 3641 4541 inimi-

2041 4600 2125 4638 cos
2153 4580 2525 4651 inﬂammabit,
2552 4579 2651 4634 sed
2681 4577 2814 4633 inde
2845 4594 2962 4633 non
2991 4580 3076 4631 est
3104 4576 3447 4632 curandum.
3498 4575 3640 4629 Nam

2039 4671 2262 4745 fulgura
2293 4669 2403 4739 ejus
2424 4667 2753 4723 allucebunt
2772 4666 3043 4722 omnibus
3064 4664 3333 4732 inimicis,
3354 4661 3647 4719 existenti-

2040 4769 2146 4824 bus
2171 4759 2230 4814 in
2261 4757 2398 4813 orbe
2428 4759 2628 4825 terrae;
2652 4757 2710 4810 et
2735 4754 2951 4810 videbit
2973 4761 3135 4822 terra,
3167 4753 3226 4808 id
3284 4756 3370 4806 est
3400 4751 3644 4822 populus

2041 4845 2408 4901 inimicorum
2425 4845 2548 4899 haec
2561 4843 2838 4899 miracula
2849 4845 2906 4897 et
2917 4837 3392 4896 commovebitur.
3407 4836 3646 4891 Senten-

2040 4934 2120 4990 tia
2141 4933 2310 5005 hujus
2327 4949 2518 4990 versus
2549 4932 2735 4988 ultimi
2765 4948 2882 4987 non
2925 4928 3260 4984 mutabitur.
3306 4925 3432 4980 Non
3459 4925 3644 4980 solum

2039 5039 2173 5078 vero
2205 5021 2364 5094 plebs
2394 5019 2872 5087 commovebitur,
2893 5017 2995 5073 sed
3043 5018 3099 5070 et
3121 5020 3321 5069 montes
3347 5014 3640 5082 ﬂuxerunt,

2039 5112 2100 5168 id
2131 5112 2216 5166 est
2231 5109 2433 5165 divites
2448 5108 2507 5162 in
2525 5105 2876 5179 possessione
2893 5102 3163 5158 sublimes
3180 5100 3363 5155 ﬂuent
3385 5117 3418 5155 a
3431 5098 3644 5154 duritia

2041 5217 2161 5268 sua,
2181 5200 2238 5254 et
2262 5197 2581 5253 efﬁcientur
2597 5194 2820 5260 molles,
2843 5192 2902 5247 id
2917 5193 3001 5246 est
3017 5189 3089 5245 ad
3112 5191 3260 5245 bene
3279 5187 3641 5260 operandum

2042 5287 2280 5343 habiles.
2314 5287 2382 5340 Et
2407 5285 2517 5339 hoc
2543 5282 2843 5352 continget
2861 5279 3044 5350 a/‘acie
3061 5277 3294 5346 Domini,
3316 5277 3375 5331 id
3401 5279 3530 5332 esta
3544 5291 3642 5330 co-

2047 5375 2304 5449 gnitione
2324 5371 2582 5439 Domini;
2607 5373 2664 5425 et
2690 5385 2807 5424 non
2839 5367 3248 5442 qualiscunque
3268 5363 3518 5432 Domini,
3542 5362 3643 5418 sed

2047 5481 2081 5520 a
2106 5465 2247 5535 facie
2274 5462 2500 5520 Domini
2526 5458 2700 5515 omnis
2723 5461 2904 5526 terra,
2933 5455 3144 5512 scilicet
3171 5454 3307 5528 quia
3327 5452 3644 5511 Dominum

2046 5554 2221 5612 totius
2242 5554 2413 5610 terrae
2425 5564 2530 5622 per
2556 5547 2736 5605 fidem
2755 5545 3126 5620 cognoscent,
3147 5558 3182 5601 a
3194 5542 3407 5602 duritia
3431 5557 3533 5600 sua
3544 5539 3652 5619 dif:
