  <div class='ocr_page' id='page_1' title='image "/cluster/home/n/w/nwhite01/storage/ocr_20150623/152/hvd.32044054760103/581.png"; bbox 0 0 3998 6026; ppageno 0'>
   <div class='ocr_carea' id='block_1_1' title="bbox 406 273 531 330">
    <p class='ocr_par' dir='ltr' id='par_1_1' title="bbox 406 273 531 330">
     <span class='ocr_line' id='line_1_1' title="bbox 406 273 531 330; baseline -0.016 0"><span class='ocrx_word' id='word_1_1' title='bbox 406 273 531 330; x_wconf 77' lang='grc'><strong>1151</strong></span> 
     </span>
    </p>
   </div>
   <div class='ocr_carea' id='block_1_2' title="bbox 1005 258 3108 328">
    <p class='ocr_par' dir='ltr' id='par_1_2' title="bbox 1005 258 3108 328">
     <span class='ocr_line' id='line_1_2' title="bbox 1005 258 3108 328; baseline -0.004 0"><span class='ocrx_word' id='word_1_2' title='bbox 1005 271 1064 328; x_wconf 93' lang='lat' dir='ltr'>S.</span> <span class='ocrx_word' id='word_1_3' title='bbox 1105 267 1450 328; x_wconf 85' lang='lat' dir='ltr'>BRUNONIS</span> <span class='ocrx_word' id='word_1_4' title='bbox 1493 258 2126 327; x_wconf 78' lang='lat' dir='ltr'>CARTHUSIANORUM</span> <span class='ocrx_word' id='word_1_5' title='bbox 2163 258 2633 324; x_wconf 81' lang='lat' dir='ltr'>INSTITUTORIS</span> <span class='ocrx_word' id='word_1_6' title='bbox 2672 267 2827 324; x_wconf 92' lang='lat' dir='ltr'>OPP.</span> <span class='ocrx_word' id='word_1_7' title='bbox 2871 265 3047 323; x_wconf 80' lang='lat' dir='ltr'>PARS</span> <span class='ocrx_word' id='word_1_8' title='bbox 3087 267 3108 320; x_wconf 92' lang='lat' dir='ltr'>l</span> 
     </span>
    </p>
   </div>
   <div class='ocr_carea' id='block_1_3' title="bbox 3575 269 3715 324">
    <p class='ocr_par' dir='ltr' id='par_1_3' title="bbox 3575 269 3715 324">
     <span class='ocr_line' id='line_1_3' title="bbox 3575 269 3715 324; baseline 0 -1"><span class='ocrx_word' id='word_1_9' title='bbox 3575 269 3715 324; x_wconf 73' lang='grc'><strong>1152</strong></span> 
     </span>
    </p>
   </div>
   <div class='ocr_carea' id='block_1_4' title="bbox 395 388 3715 469">
    <p class='ocr_par' dir='ltr' id='par_1_4' title="bbox 395 388 3715 469">
     <span class='ocr_line' id='line_1_4' title="bbox 395 388 3715 469; baseline -0.001 -19"><span class='ocrx_word' id='word_1_10' title='bbox 395 393 599 464; x_wconf 85' lang='lat' dir='ltr'>ﬂuent,</span> <span class='ocrx_word' id='word_1_11' title='bbox 622 397 906 464; x_wconf 86' lang='lat' dir='ltr'>sicutcera,</span> <span class='ocrx_word' id='word_1_12' title='bbox 925 395 986 451; x_wconf 92' lang='lat' dir='ltr'>id</span> <span class='ocrx_word' id='word_1_13' title='bbox 1002 398 1087 451; x_wconf 90' lang='lat' dir='ltr'>est</span> <span class='ocrx_word' id='word_1_14' title='bbox 1104 396 1177 451; x_wconf 90' lang='lat' dir='ltr'>ad</span> <span class='ocrx_word' id='word_1_15' title='bbox 1190 394 1691 469; x_wconf 86' lang='lat' dir='ltr'>comparationem</span> <span class='ocrx_word' id='word_1_16' title='bbox 1741 409 1908 460; x_wconf 70' lang='lat' dir='ltr'>cera),</span> <span class='ocrx_word' id='word_1_17' title='bbox 1932 391 2005 446; x_wconf 88' lang='lat' dir='ltr'>ad</span> <span class='ocrx_word' id='word_1_18' title='bbox 2027 392 2084 452; x_wconf 89' lang='lat' dir='ltr'><strong>A</strong></span> <span class='ocrx_word' id='word_1_19' title='bbox 2107 391 2295 447; x_wconf 91' lang='lat' dir='ltr'>omnis</span> <span class='ocrx_word' id='word_1_20' title='bbox 2315 393 2560 465; x_wconf 88' lang='lat' dir='ltr'>populus</span> <span class='ocrx_word' id='word_1_21' title='bbox 2593 395 2782 460; x_wconf 62' lang='lat' dir='ltr'>terrea,</span> <span class='ocrx_word' id='word_1_22' title='bbox 2810 393 2931 446; x_wconf 89' lang='lat' dir='ltr'>tam</span> <span class='ocrx_word' id='word_1_23' title='bbox 2954 388 3184 461; x_wconf 81' lang='lat' dir='ltr'>gentilis</span> <span class='ocrx_word' id='word_1_24' title='bbox 3215 404 3394 462; x_wconf 86' lang='lat' dir='ltr'>quam</span> <span class='ocrx_word' id='word_1_25' title='bbox 3419 389 3715 456; x_wconf 79' lang='lat' dir='ltr'>Iudaicus,</span> 
     </span>
    </p>
   </div>
   <div class='ocr_carea' id='block_1_5' title="bbox 395 482 2004 556">
    <p class='ocr_par' dir='ltr' id='par_1_5' title="bbox 395 482 2004 556">
     <span class='ocr_line' id='line_1_5' title="bbox 395 482 2004 556; baseline -0.002 -18"><span class='ocrx_word' id='word_1_26' title='bbox 395 487 768 556; x_wconf 84' lang='lat' dir='ltr'>conspectum</span> <span class='ocrx_word' id='word_1_27' title='bbox 799 483 1209 556; x_wconf 88' lang='lat' dir='ltr'>ignisﬂuentis.</span> <span class='ocrx_word' id='word_1_28' title='bbox 1243 483 1501 556; x_wconf 88' lang='lat' dir='ltr'>Utigitur</span> <span class='ocrx_word' id='word_1_29' title='bbox 1529 485 1757 538; x_wconf 97' lang='lat' dir='ltr'>montes</span> <span class='ocrx_word' id='word_1_30' title='bbox 1773 482 2004 537; x_wconf 86' lang='lat' dir='ltr'>ﬂuanta</span> 
     </span>
    </p>
   </div>
   <div class='ocr_carea' id='block_1_6' title="bbox 392 570 2003 644">
    <p class='ocr_par' dir='ltr' id='par_1_6' title="bbox 392 570 2003 644">
     <span class='ocr_line' id='line_1_6' title="bbox 392 570 2003 644; baseline 0 -20"><span class='ocrx_word' id='word_1_31' title='bbox 392 580 672 644; x_wconf 76' lang='lat' dir='ltr'>conspectu</span> <span class='ocrx_word' id='word_1_32' title='bbox 701 574 940 640; x_wconf 82' lang='lat' dir='ltr'>Domini,</span> <span class='ocrx_word' id='word_1_33' title='bbox 974 574 1446 638; x_wconf 79' lang='lat' dir='ltr'>annuntiaverunt,</span> <span class='ocrx_word' id='word_1_34' title='bbox 1495 572 1554 626; x_wconf 85' lang='lat' dir='ltr'>id</span> <span class='ocrx_word' id='word_1_35' title='bbox 1581 575 1665 626; x_wconf 91' lang='lat' dir='ltr'>est</span> <span class='ocrx_word' id='word_1_36' title='bbox 1695 570 2003 624; x_wconf 88' lang='lat' dir='ltr'>annuntia-</span> 
     </span>
    </p>
   </div>
   <div class='ocr_carea' id='block_1_7' title="bbox 394 658 2001 734">
    <p class='ocr_par' dir='ltr' id='par_1_7' title="bbox 394 658 2001 734">
     <span class='ocr_line' id='line_1_7' title="bbox 394 658 2001 734; baseline -0.002 -19"><span class='ocrx_word' id='word_1_37' title='bbox 394 658 543 715; x_wconf 89' lang='lat' dir='ltr'>bunt</span> <span class='ocrx_word' id='word_1_38' title='bbox 571 661 699 728; x_wconf 78' lang='lat' dir='ltr'>caeli,</span> <span class='ocrx_word' id='word_1_39' title='bbox 733 661 792 716; x_wconf 88' lang='lat' dir='ltr'>id</span> <span class='ocrx_word' id='word_1_40' title='bbox 817 661 1317 734; x_wconf 67' lang='lat' dir='ltr'>estprsedicatores</span> <span class='ocrx_word' id='word_1_41' title='bbox 1336 661 1610 731; x_wconf 69' lang='lat' dir='ltr'>justitiam</span> <span class='ocrx_word' id='word_1_42' title='bbox 1623 660 1733 730; x_wconf 86' lang='lat' dir='ltr'>ejus</span> <span class='ocrx_word' id='word_1_43' title='bbox 1749 658 2001 726; x_wconf 87' lang='lat' dir='ltr'>Domini,</span> 
     </span>
    </p>
   </div>
   <div class='ocr_carea' id='block_1_8' title="bbox 388 747 2004 821">
    <p class='ocr_par' dir='ltr' id='par_1_8' title="bbox 388 747 2004 821">
     <span class='ocr_line' id='line_1_8' title="bbox 388 747 2004 821; baseline -0.001 -19"><span class='ocrx_word' id='word_1_44' title='bbox 388 747 452 802; x_wconf 94' lang='lat' dir='ltr'>id</span> <span class='ocrx_word' id='word_1_45' title='bbox 481 751 566 803; x_wconf 91' lang='lat' dir='ltr'>est</span> <span class='ocrx_word' id='word_1_46' title='bbox 588 750 698 804; x_wconf 92' lang='lat' dir='ltr'>hoc</span> <span class='ocrx_word' id='word_1_47' title='bbox 716 749 1335 821; x_wconf 87' lang='lat' dir='ltr'>annuntiabunt,quod</span> <span class='ocrx_word' id='word_1_48' title='bbox 1367 766 1400 802; x_wconf 92' lang='lat' dir='ltr'>a</span> <span class='ocrx_word' id='word_1_49' title='bbox 1421 749 1669 804; x_wconf 89' lang='lat' dir='ltr'>Domino</span> <span class='ocrx_word' id='word_1_50' title='bbox 1693 748 1802 802; x_wconf 87' lang='lat' dir='ltr'>erit</span> <span class='ocrx_word' id='word_1_51' title='bbox 1816 747 2004 802; x_wconf 89' lang='lat' dir='ltr'>omnis</span> 
     </span>
    </p>
   </div>
   <div class='ocr_carea' id='block_1_9' title="bbox 384 835 2000 909">
    <p class='ocr_par' dir='ltr' id='par_1_9' title="bbox 384 835 2000 909">
     <span class='ocr_line' id='line_1_9' title="bbox 384 835 2000 909; baseline 0.001 -20"><span class='ocrx_word' id='word_1_52' title='bbox 384 835 627 906; x_wconf 89' lang='lat' dir='ltr'>justitia,</span> <span class='ocrx_word' id='word_1_53' title='bbox 661 836 720 892; x_wconf 90' lang='lat' dir='ltr'>id</span> <span class='ocrx_word' id='word_1_54' title='bbox 749 841 833 892; x_wconf 91' lang='lat' dir='ltr'>est</span> <span class='ocrx_word' id='word_1_55' title='bbox 862 838 1052 892; x_wconf 90' lang='lat' dir='ltr'>omnis</span> <span class='ocrx_word' id='word_1_56' title='bbox 1080 840 1446 909; x_wconf 81' lang='lat' dir='ltr'>peccatorum</span> <span class='ocrx_word' id='word_1_57' title='bbox 1480 836 1739 892; x_wconf 87' lang='lat' dir='ltr'>remissio</span> <span class='ocrx_word' id='word_1_58' title='bbox 1773 841 1830 891; x_wconf 91' lang='lat' dir='ltr'>et</span> <span class='ocrx_word' id='word_1_59' title='bbox 1836 836 2000 907; x_wconf 89' lang='lat' dir='ltr'>justi-</span> 
     </span>
    </p>
   </div>
   <div class='ocr_carea' id='block_1_10' title="bbox 393 923 2005 998">
    <p class='ocr_par' dir='ltr' id='par_1_10' title="bbox 393 923 2005 998">
     <span class='ocr_line' id='line_1_10' title="bbox 393 923 2005 998; baseline 0 -20"><span class='ocrx_word' id='word_1_60' title='bbox 393 923 584 980; x_wconf 86' lang='lat' dir='ltr'>ﬁcatio</span> <span class='ocrx_word' id='word_1_61' title='bbox 607 933 685 980; x_wconf 88' lang='lat' dir='ltr'>:et</span> <span class='ocrx_word' id='word_1_62' title='bbox 712 926 845 998; x_wconf 87' lang='lat' dir='ltr'>ipsis</span> <span class='ocrx_word' id='word_1_63' title='bbox 874 927 1350 981; x_wconf 88' lang='lat' dir='ltr'>annuntiantibus</span> <span class='ocrx_word' id='word_1_64' title='bbox 1375 943 1572 993; x_wconf 87' lang='lat' dir='ltr'>omnes,</span> <span class='ocrx_word' id='word_1_65' title='bbox 1609 926 1664 980; x_wconf 91' lang='lat' dir='ltr'>id</span> <span class='ocrx_word' id='word_1_66' title='bbox 1685 929 1768 980; x_wconf 90' lang='lat' dir='ltr'>est</span> <span class='ocrx_word' id='word_1_67' title='bbox 1792 924 2005 980; x_wconf 91' lang='lat' dir='ltr'>omnis-</span> 
     </span>
    </p>
   </div>
   <div class='ocr_carea' id='block_1_11' title="bbox 395 1011 2002 1084">
    <p class='ocr_par' dir='ltr' id='par_1_11' title="bbox 395 1011 2002 1084">
     <span class='ocr_line' id='line_1_11' title="bbox 395 1011 2002 1084; baseline 0.001 -18"><span class='ocrx_word' id='word_1_68' title='bbox 395 1011 555 1067; x_wconf 90' lang='lat' dir='ltr'>modi</span> <span class='ocrx_word' id='word_1_69' title='bbox 575 1015 765 1084; x_wconf 82' lang='lat' dir='ltr'>populi</span> <span class='ocrx_word' id='word_1_70' title='bbox 813 1015 1074 1082; x_wconf 81' lang='lat' dir='ltr'>viderunt,</span> <span class='ocrx_word' id='word_1_71' title='bbox 1126 1015 1283 1069; x_wconf 81' lang='lat' dir='ltr'>idest</span> <span class='ocrx_word' id='word_1_72' title='bbox 1330 1014 1606 1069; x_wconf 86' lang='lat' dir='ltr'>videbunt</span> <span class='ocrx_word' id='word_1_73' title='bbox 1635 1013 1746 1068; x_wconf 92' lang='lat' dir='ltr'>ﬁde</span> <span class='ocrx_word' id='word_1_74' title='bbox 1777 1014 2002 1084; x_wconf 89' lang='lat' dir='ltr'>gloriam</span> 
     </span>
    </p>
   </div>
   <div class='ocr_carea' id='block_1_12' title="bbox 391 1098 2001 1173">
    <p class='ocr_par' dir='ltr' id='par_1_12' title="bbox 391 1098 2001 1173">
     <span class='ocr_line' id='line_1_12' title="bbox 391 1098 2001 1173; baseline 0.004 -21"><span class='ocrx_word' id='word_1_75' title='bbox 391 1098 526 1170; x_wconf 86' lang='lat' dir='ltr'>ejus,</span> <span class='ocrx_word' id='word_1_76' title='bbox 558 1100 616 1156; x_wconf 89' lang='lat' dir='ltr'>id</span> <span class='ocrx_word' id='word_1_77' title='bbox 646 1106 727 1156; x_wconf 87' lang='lat' dir='ltr'>est</span> <span class='ocrx_word' id='word_1_78' title='bbox 759 1118 891 1156; x_wconf 92' lang='lat' dir='ltr'>eum</span> <span class='ocrx_word' id='word_1_79' title='bbox 921 1102 1239 1173; x_wconf 89' lang='lat' dir='ltr'>gloriosum</span> <span class='ocrx_word' id='word_1_80' title='bbox 1272 1119 1412 1170; x_wconf 90' lang='lat' dir='ltr'>esse,</span> <span class='ocrx_word' id='word_1_81' title='bbox 1434 1102 1793 1156; x_wconf 88' lang='lat' dir='ltr'>sciliceteum</span> <span class='ocrx_word' id='word_1_82' title='bbox 1815 1104 2001 1158; x_wconf 90' lang='lat' dir='ltr'>Deum</span> 
     </span>
    </p>
   </div>
   <div class='ocr_carea' id='block_1_13' title="bbox 389 1187 2002 1262">
    <p class='ocr_par' dir='ltr' id='par_1_13' title="bbox 389 1187 2002 1262">
     <span class='ocr_line' id='line_1_13' title="bbox 389 1187 2002 1262; baseline 0.002 -21"><span class='ocrx_word' id='word_1_83' title='bbox 389 1201 511 1242; x_wconf 91' lang='lat' dir='ltr'>esse</span> <span class='ocrx_word' id='word_1_84' title='bbox 537 1187 792 1258; x_wconf 84' lang='lat' dir='ltr'>credent,</span> <span class='ocrx_word' id='word_1_85' title='bbox 816 1194 873 1244; x_wconf 92' lang='lat' dir='ltr'>et</span> <span class='ocrx_word' id='word_1_86' title='bbox 894 1207 1094 1262; x_wconf 86' lang='lat' dir='ltr'>regem</span> <span class='ocrx_word' id='word_1_87' title='bbox 1126 1194 1184 1246; x_wconf 90' lang='lat' dir='ltr'>et</span> <span class='ocrx_word' id='word_1_88' title='bbox 1215 1190 1702 1261; x_wconf 80' lang='lat' dir='ltr'>omnipotentem,</span> <span class='ocrx_word' id='word_1_89' title='bbox 1721 1194 1778 1245; x_wconf 92' lang='lat' dir='ltr'>et</span> <span class='ocrx_word' id='word_1_90' title='bbox 1794 1193 2002 1246; x_wconf 78' lang='lat' dir='ltr'>caetera</span> 
     </span>
    </p>
   </div>
   <div class='ocr_carea' id='block_1_14' title="bbox 395 1275 2002 1350">
    <p class='ocr_par' dir='ltr' id='par_1_14' title="bbox 395 1275 2002 1350">
     <span class='ocr_line' id='line_1_14' title="bbox 395 1275 2002 1350; baseline 0.002 -21"><span class='ocrx_word' id='word_1_91' title='bbox 395 1290 522 1346; x_wconf 69' lang='lat' dir='ltr'>quae</span> <span class='ocrx_word' id='word_1_92' title='bbox 555 1275 628 1330; x_wconf 91' lang='lat' dir='ltr'>ad</span> <span class='ocrx_word' id='word_1_93' title='bbox 644 1277 766 1348; x_wconf 86' lang='lat' dir='ltr'>ejus</span> <span class='ocrx_word' id='word_1_94' title='bbox 791 1278 1036 1348; x_wconf 82' lang='lat' dir='ltr'>gloriam</span> <span class='ocrx_word' id='word_1_95' title='bbox 1056 1279 1371 1350; x_wconf 87' lang='lat' dir='ltr'>pertinent.</span> <span class='ocrx_word' id='word_1_96' title='bbox 1394 1279 1460 1332; x_wconf 89' lang='lat' dir='ltr'>Et</span> <span class='ocrx_word' id='word_1_97' title='bbox 1492 1278 1626 1349; x_wconf 84' lang='lat' dir='ltr'>quia</span> <span class='ocrx_word' id='word_1_98' title='bbox 1647 1278 2002 1332; x_wconf 90' lang='lat' dir='ltr'>omnismodi</span> 
     </span>
    </p>
   </div>
   <div class='ocr_carea' id='block_1_15' title="bbox 392 1363 2004 1438">
    <p class='ocr_par' dir='ltr' id='par_1_15' title="bbox 392 1363 2004 1438">
     <span class='ocr_line' id='line_1_15' title="bbox 392 1363 2004 1438; baseline 0.002 -21"><span class='ocrx_word' id='word_1_99' title='bbox 392 1363 600 1438; x_wconf 69' lang='lat' dir='ltr'>populi</span> <span class='ocrx_word' id='word_1_100' title='bbox 615 1364 728 1438; x_wconf 67' lang='lat' dir='ltr'>fide</span> <span class='ocrx_word' id='word_1_101' title='bbox 745 1365 1036 1433; x_wconf 78' lang='lat' dir='ltr'>videbunt,</span> <span class='ocrx_word' id='word_1_102' title='bbox 1062 1370 1196 1438; x_wconf 91' lang='lat' dir='ltr'>opto</span> <span class='ocrx_word' id='word_1_103' title='bbox 1216 1369 1274 1420; x_wconf 93' lang='lat' dir='ltr'>et</span> <span class='ocrx_word' id='word_1_104' title='bbox 1299 1367 1518 1432; x_wconf 86' lang='lat' dir='ltr'>hortor,</span> <span class='ocrx_word' id='word_1_105' title='bbox 1537 1367 2004 1435; x_wconf 81' lang='lat' dir='ltr'>utconfundantur</span> 
     </span>
    </p>
   </div>
   <div class='ocr_carea' id='block_1_16' title="bbox 393 1435 2004 1525">
    <p class='ocr_par' dir='ltr' id='par_1_16' title="bbox 393 1435 2004 1525">
     <span class='ocr_line' id='line_1_16' title="bbox 393 1435 2004 1525; baseline 0.004 -23"><span class='ocrx_word' id='word_1_106' title='bbox 393 1435 748 1522; x_wconf 85' lang='lat' dir='ltr'>bona388</span> <span class='ocrx_word' id='word_1_107' title='bbox 773 1453 909 1506; x_wconf 90' lang='lat' dir='ltr'>conf</span> <span class='ocrx_word' id='word_1_108' title='bbox 911 1435 1396 1525; x_wconf 50' lang='lat' dir='ltr'>usione_,exemplo</span> <span class='ocrx_word' id='word_1_109' title='bbox 1412 1455 1758 1524; x_wconf 86' lang='lat' dir='ltr'>populorum</span> <span class='ocrx_word' id='word_1_110' title='bbox 1772 1455 2004 1509; x_wconf 88' lang='lat' dir='ltr'>creden-</span> 
     </span>
    </p>
   </div>
   <div class='ocr_carea' id='block_1_17' title="bbox 389 1535 2000 1611">
    <p class='ocr_par' dir='ltr' id='par_1_17' title="bbox 389 1535 2000 1611">
     <span class='ocr_line' id='line_1_17' title="bbox 389 1535 2000 1611; baseline 0.004 -21"><span class='ocrx_word' id='word_1_111' title='bbox 389 1535 726 1592; x_wconf 87' lang='lat' dir='ltr'>tiumomnes</span> <span class='ocrx_word' id='word_1_112' title='bbox 747 1543 842 1611; x_wconf 88' lang='lat' dir='ltr'>qui</span> <span class='ocrx_word' id='word_1_113' title='bbox 877 1541 1122 1608; x_wconf 79' lang='lat' dir='ltr'>adorant,</span> <span class='ocrx_word' id='word_1_114' title='bbox 1152 1541 1209 1596; x_wconf 93' lang='lat' dir='ltr'>id</span> <span class='ocrx_word' id='word_1_115' title='bbox 1241 1544 1324 1596; x_wconf 92' lang='lat' dir='ltr'>est</span> <span class='ocrx_word' id='word_1_116' title='bbox 1356 1543 1416 1595; x_wconf 91' lang='lat' dir='ltr'>ut</span> <span class='ocrx_word' id='word_1_117' title='bbox 1450 1543 1598 1597; x_wconf 87' lang='lat' dir='ltr'>Deos</span> <span class='ocrx_word' id='word_1_118' title='bbox 1629 1546 2000 1609; x_wconf 83' lang='lat' dir='ltr'>venerantur,</span> 
     </span>
    </p>
   </div>
   <div class='ocr_carea' id='block_1_18' title="bbox 390 1623 2005 1702">
    <p class='ocr_par' dir='ltr' id='par_1_18' title="bbox 390 1623 2005 1702">
     <span class='ocr_line' id='line_1_18' title="bbox 390 1623 2005 1702; baseline 0.006 -27"><span class='ocrx_word' id='word_1_119' title='bbox 390 1623 876 1696; x_wconf 83' lang='lat' dir='ltr'>sculptilia,idola;</span> <span class='ocrx_word' id='word_1_120' title='bbox 902 1633 959 1682; x_wconf 90' lang='lat' dir='ltr'>et</span> <span class='ocrx_word' id='word_1_121' title='bbox 989 1647 1107 1684; x_wconf 90' lang='lat' dir='ltr'>non</span> <span class='ocrx_word' id='word_1_122' title='bbox 1138 1630 1325 1685; x_wconf 90' lang='lat' dir='ltr'>solum</span> <span class='ocrx_word' id='word_1_123' title='bbox 1366 1630 1462 1702; x_wconf 89' lang='lat' dir='ltr'>qui</span> <span class='ocrx_word' id='word_1_124' title='bbox 1501 1630 1768 1697; x_wconf 90' lang='lat' dir='ltr'>adorant,</span> <span class='ocrx_word' id='word_1_125' title='bbox 1825 1631 1925 1686; x_wconf 92' lang='lat' dir='ltr'>sed</span> <span class='ocrx_word' id='word_1_126' title='bbox 1956 1637 2005 1685; x_wconf 88' lang='lat' dir='ltr'>et</span> 
     </span>
    </p>
   </div>
   <div class='ocr_carea' id='block_1_19' title="bbox 2105 478 3719 553">
    <p class='ocr_par' dir='ltr' id='par_1_19' title="bbox 2105 478 3719 553">
     <span class='ocr_line' id='line_1_19' title="bbox 2105 478 3719 553; baseline -0.001 -18"><span class='ocrx_word' id='word_1_127' title='bbox 2105 483 2160 535; x_wconf 90' lang='lat' dir='ltr'>te</span> <span class='ocrx_word' id='word_1_128' title='bbox 2183 484 2411 553; x_wconf 88' lang='lat' dir='ltr'>reputet</span> <span class='ocrx_word' id='word_1_129' title='bbox 2443 480 2780 536; x_wconf 89' lang='lat' dir='ltr'>altissimum</span> <span class='ocrx_word' id='word_1_130' title='bbox 2805 478 3138 547; x_wconf 91' lang='lat' dir='ltr'>Dominum,</span> <span class='ocrx_word' id='word_1_131' title='bbox 3156 481 3212 533; x_wconf 90' lang='lat' dir='ltr'>et</span> <span class='ocrx_word' id='word_1_132' title='bbox 3233 479 3442 534; x_wconf 84' lang='lat' dir='ltr'>exaltet</span> <span class='ocrx_word' id='word_1_133' title='bbox 3474 481 3530 535; x_wconf 88' lang='lat' dir='ltr'>te</span> <span class='ocrx_word' id='word_1_134' title='bbox 3543 496 3719 550; x_wconf 86' lang='lat' dir='ltr'>super</span> 
     </span>
    </p>
   </div>
   <div class='ocr_carea' id='block_1_20' title="bbox 2105 566 3723 639">
    <p class='ocr_par' dir='ltr' id='par_1_20' title="bbox 2105 566 3723 639">
     <span class='ocr_line' id='line_1_20' title="bbox 2105 566 3723 639; baseline -0.001 -17"><span class='ocrx_word' id='word_1_135' title='bbox 2105 585 2307 623; x_wconf 92' lang='lat' dir='ltr'>omnes</span> <span class='ocrx_word' id='word_1_136' title='bbox 2332 571 2494 624; x_wconf 91' lang='lat' dir='ltr'>Deos.</span> <span class='ocrx_word' id='word_1_137' title='bbox 2528 569 2670 624; x_wconf 90' lang='lat' dir='ltr'>Cum</span> <span class='ocrx_word' id='word_1_138' title='bbox 2687 568 2822 624; x_wconf 91' lang='lat' dir='ltr'>dicit</span> <span class='ocrx_word' id='word_1_139' title='bbox 2835 568 3059 622; x_wconf 65' lang='lat' dir='ltr'>Iudaeos</span> <span class='ocrx_word' id='word_1_140' title='bbox 3077 567 3273 622; x_wconf 89' lang='lat' dir='ltr'>ﬁdeles</span> <span class='ocrx_word' id='word_1_141' title='bbox 3298 566 3367 620; x_wconf 91' lang='lat' dir='ltr'>de</span> <span class='ocrx_word' id='word_1_142' title='bbox 3385 568 3565 622; x_wconf 90' lang='lat' dir='ltr'>salute</span> <span class='ocrx_word' id='word_1_143' title='bbox 3579 583 3723 639; x_wconf 85' lang='lat' dir='ltr'>gen-</span> 
     </span>
    </p>
   </div>
   <div class='ocr_carea' id='block_1_21' title="bbox 2104 653 3718 727">
    <p class='ocr_par' dir='ltr' id='par_1_21' title="bbox 2104 653 3718 727">
     <span class='ocr_line' id='line_1_21' title="bbox 2104 653 3718 727; baseline 0 -17"><span class='ocrx_word' id='word_1_144' title='bbox 2104 656 2246 711; x_wconf 90' lang='lat' dir='ltr'>tium</span> <span class='ocrx_word' id='word_1_145' title='bbox 2278 658 2582 725; x_wconf 84' lang='lat' dir='ltr'>exsultare,</span> <span class='ocrx_word' id='word_1_146' title='bbox 2617 657 2807 712; x_wconf 90' lang='lat' dir='ltr'>innuit</span> <span class='ocrx_word' id='word_1_147' title='bbox 2842 673 3043 712; x_wconf 89' lang='lat' dir='ltr'>eorum</span> <span class='ocrx_word' id='word_1_148' title='bbox 3084 653 3444 722; x_wconf 82' lang='lat' dir='ltr'>auctoritate,</span> <span class='ocrx_word' id='word_1_149' title='bbox 3473 656 3544 710; x_wconf 89' lang='lat' dir='ltr'>de</span> <span class='ocrx_word' id='word_1_150' title='bbox 3570 672 3718 727; x_wconf 88' lang='lat' dir='ltr'>gen-</span> 
     </span>
    </p>
   </div>
   <div class='ocr_carea' id='block_1_22' title="bbox 2103 743 3721 801">
    <p class='ocr_par' dir='ltr' id='par_1_22' title="bbox 2103 743 3721 801">
     <span class='ocr_line' id='line_1_22' title="bbox 2103 743 3721 801; baseline 0.001 -4"><span class='ocrx_word' id='word_1_151' title='bbox 2103 744 2247 798; x_wconf 86' lang='lat' dir='ltr'>tium</span> <span class='ocrx_word' id='word_1_152' title='bbox 2264 747 2444 800; x_wconf 90' lang='lat' dir='ltr'>salute</span> <span class='ocrx_word' id='word_1_153' title='bbox 2490 763 2609 801; x_wconf 90' lang='lat' dir='ltr'>non</span> <span class='ocrx_word' id='word_1_154' title='bbox 2641 762 2764 800; x_wconf 88' lang='lat' dir='ltr'>esse</span> <span class='ocrx_word' id='word_1_155' title='bbox 2797 744 3200 800; x_wconf 86' lang='lat' dir='ltr'>dubitandum.</span> <span class='ocrx_word' id='word_1_156' title='bbox 3246 743 3408 798; x_wconf 89' lang='lat' dir='ltr'>Unde</span> <span class='ocrx_word' id='word_1_157' title='bbox 3463 744 3721 799; x_wconf 79' lang='lat' dir='ltr'>maxima.</span> 
     </span>
    </p>
   </div>
   <div class='ocr_carea' id='block_1_23' title="bbox 2104 833 3720 906">
    <p class='ocr_par' dir='ltr' id='par_1_23' title="bbox 2104 833 3720 906">
     <span class='ocr_line' id='line_1_23' title="bbox 2104 833 3720 906; baseline -0.001 -18"><span class='ocrx_word' id='word_1_158' title='bbox 2104 834 2341 906; x_wconf 57' lang='lat' dir='ltr'>quwstio</span> <span class='ocrx_word' id='word_1_159' title='bbox 2371 834 2427 888; x_wconf 90' lang='lat' dir='ltr'>in</span> <span class='ocrx_word' id='word_1_160' title='bbox 2443 834 2733 906; x_wconf 88' lang='lat' dir='ltr'>primitiva</span> <span class='ocrx_word' id='word_1_161' title='bbox 2759 833 3007 889; x_wconf 87' lang='lat' dir='ltr'>Ecclesia</span> <span class='ocrx_word' id='word_1_162' title='bbox 3021 833 3128 888; x_wconf 88' lang='lat' dir='ltr'>fuit</span> <span class='ocrx_word' id='word_1_163' title='bbox 3152 849 3164 887; x_wconf 94' lang='lat'><strong>:</strong></span> <span class='ocrx_word' id='word_1_164' title='bbox 3190 835 3248 888; x_wconf 85' lang='lat' dir='ltr'>et</span> <span class='ocrx_word' id='word_1_165' title='bbox 3267 849 3371 905; x_wconf 90' lang='lat' dir='ltr'>per</span> <span class='ocrx_word' id='word_1_166' title='bbox 3400 833 3509 888; x_wconf 90' lang='lat' dir='ltr'>hoc</span> <span class='ocrx_word' id='word_1_167' title='bbox 3531 833 3720 904; x_wconf 84' lang='lat' dir='ltr'>magis</span> 
     </span>
    </p>
   </div>
   <div class='ocr_carea' id='block_1_24' title="bbox 2103 921 3720 994">
    <p class='ocr_par' dir='ltr' id='par_1_24' title="bbox 2103 921 3720 994">
     <span class='ocr_line' id='line_1_24' title="bbox 2103 921 3720 994; baseline 0 -18"><span class='ocrx_word' id='word_1_168' title='bbox 2103 921 2251 992; x_wconf 78' lang='lat' dir='ltr'>ipsas</span> <span class='ocrx_word' id='word_1_169' title='bbox 2275 925 2474 994; x_wconf 76' lang='lat' dir='ltr'>gentes</span> <span class='ocrx_word' id='word_1_170' title='bbox 2507 925 2622 978; x_wconf 90' lang='lat' dir='ltr'>Deo</span> <span class='ocrx_word' id='word_1_171' title='bbox 2655 923 2793 978; x_wconf 85' lang='lat' dir='ltr'>facit</span> <span class='ocrx_word' id='word_1_172' title='bbox 2817 921 3115 989; x_wconf 82' lang='lat' dir='ltr'>obnoxias,</span> <span class='ocrx_word' id='word_1_173' title='bbox 3148 938 3280 976; x_wconf 90' lang='lat' dir='ltr'>cum</span> <span class='ocrx_word' id='word_1_174' title='bbox 3311 921 3381 977; x_wconf 91' lang='lat' dir='ltr'>de</span> <span class='ocrx_word' id='word_1_175' title='bbox 3410 938 3610 977; x_wconf 90' lang='lat' dir='ltr'>earum</span> <span class='ocrx_word' id='word_1_176' title='bbox 3633 937 3720 976; x_wconf 88' lang='lat' dir='ltr'>sa-</span> 
     </span>
    </p>
   </div>
   <div class='ocr_carea' id='block_1_25' title="bbox 2101 1011 2771 1066">
    <p class='ocr_par' dir='ltr' id='par_1_25' title="bbox 2101 1011 2771 1066">
     <span class='ocr_line' id='line_1_25' title="bbox 2101 1011 2771 1066; baseline 0.003 -2"><span class='ocrx_word' id='word_1_177' title='bbox 2101 1011 2220 1065; x_wconf 88' lang='lat' dir='ltr'>lute</span> <span class='ocrx_word' id='word_1_178' title='bbox 2245 1015 2428 1066; x_wconf 90' lang='lat' dir='ltr'>certas</span> <span class='ocrx_word' id='word_1_179' title='bbox 2454 1028 2550 1066; x_wconf 90' lang='lat' dir='ltr'>eas</span> <span class='ocrx_word' id='word_1_180' title='bbox 2580 1012 2771 1066; x_wconf 89' lang='lat' dir='ltr'>faciat.</span> 
     </span>
    </p>
   </div>
   <div class='ocr_carea' id='block_1_26' title="bbox 2172 1097 3720 1171">
    <p class='ocr_par' dir='ltr' id='par_1_26' title="bbox 2172 1097 3720 1171">
     <span class='ocr_line' id='line_1_26' title="bbox 2172 1097 3720 1171; baseline 0 -18"><span class='ocrx_word' id='word_1_181' title='bbox 2172 1099 2334 1153; x_wconf 90' lang='lat' dir='ltr'>Nunc</span> <span class='ocrx_word' id='word_1_182' title='bbox 2360 1099 2602 1154; x_wconf 87' lang='lat' dir='ltr'>tandem</span> <span class='ocrx_word' id='word_1_183' title='bbox 2635 1100 2709 1154; x_wconf 90' lang='lat' dir='ltr'>ad</span> <span class='ocrx_word' id='word_1_184' title='bbox 2737 1099 2847 1154; x_wconf 90' lang='lat' dir='ltr'>hoc</span> <span class='ocrx_word' id='word_1_185' title='bbox 2869 1099 3158 1171; x_wconf 87' lang='lat' dir='ltr'>Propheta</span> <span class='ocrx_word' id='word_1_186' title='bbox 3173 1097 3330 1153; x_wconf 89' lang='lat' dir='ltr'>venit</span> <span class='ocrx_word' id='word_1_187' title='bbox 3353 1097 3426 1153; x_wconf 90' lang='lat' dir='ltr'>ad</span> <span class='ocrx_word' id='word_1_188' title='bbox 3465 1097 3720 1170; x_wconf 88' lang='lat' dir='ltr'>quodin-</span> 
     </span>
    </p>
   </div>
   <div class='ocr_carea' id='block_1_27' title="bbox 2100 1185 3725 1259">
    <p class='ocr_par' dir='ltr' id='par_1_27' title="bbox 2100 1185 3725 1259">
     <span class='ocr_line' id='line_1_27' title="bbox 2100 1185 3725 1259; baseline -0.001 -18"><span class='ocrx_word' id='word_1_189' title='bbox 2100 1187 2396 1255; x_wconf 88' lang='lat' dir='ltr'>tendebat,</span> <span class='ocrx_word' id='word_1_190' title='bbox 2418 1188 2832 1259; x_wconf 88' lang='lat' dir='ltr'>apostropham</span> <span class='ocrx_word' id='word_1_191' title='bbox 2846 1186 2923 1241; x_wconf 91' lang='lat' dir='ltr'>sic</span> <span class='ocrx_word' id='word_1_192' title='bbox 2936 1187 3009 1242; x_wconf 90' lang='lat' dir='ltr'>ad</span> <span class='ocrx_word' id='word_1_193' title='bbox 3022 1189 3223 1258; x_wconf 87' lang='lat' dir='ltr'>gentes</span> <span class='ocrx_word' id='word_1_194' title='bbox 3233 1185 3471 1253; x_wconf 84' lang='lat' dir='ltr'>faciens,</span> <span class='ocrx_word' id='word_1_195' title='bbox 3518 1185 3585 1241; x_wconf 89' lang='lat' dir='ltr'>de</span> <span class='ocrx_word' id='word_1_196' title='bbox 3601 1185 3725 1257; x_wconf 85' lang='lat' dir='ltr'>qui-</span> 
     </span>
    </p>
   </div>
   <div class='ocr_carea' id='block_1_28' title="bbox 2100 1275 3724 1347">
    <p class='ocr_par' dir='ltr' id='par_1_28' title="bbox 2100 1275 3724 1347">
     <span class='ocr_line' id='line_1_28' title="bbox 2100 1275 3724 1347; baseline -0.002 -17"><span class='ocrx_word' id='word_1_197' title='bbox 2100 1275 2205 1330; x_wconf 91' lang='lat' dir='ltr'>bus</span> <span class='ocrx_word' id='word_1_198' title='bbox 2233 1276 2291 1330; x_wconf 86' lang='lat' dir='ltr'>in</span> <span class='ocrx_word' id='word_1_199' title='bbox 2305 1276 2412 1330; x_wconf 90' lang='lat' dir='ltr'>hoc</span> <span class='ocrx_word' id='word_1_200' title='bbox 2443 1277 2664 1347; x_wconf 90' lang='lat' dir='ltr'>psalmo</span> <span class='ocrx_word' id='word_1_201' title='bbox 2692 1277 2828 1347; x_wconf 90' lang='lat' dir='ltr'>agit.</span> <span class='ocrx_word' id='word_1_202' title='bbox 2853 1275 2988 1330; x_wconf 93' lang='lat' dir='ltr'>Dico</span> <span class='ocrx_word' id='word_1_203' title='bbox 3031 1275 3186 1347; x_wconf 91' lang='lat' dir='ltr'>quod</span> <span class='ocrx_word' id='word_1_204' title='bbox 3235 1275 3514 1329; x_wconf 87' lang='lat' dir='ltr'>Dominus</span> <span class='ocrx_word' id='word_1_205' title='bbox 3560 1275 3724 1329; x_wconf 83' lang='lat' dir='ltr'>Jesus</span> 
     </span>
    </p>
   </div>
   <div class='ocr_carea' id='block_1_29' title="bbox 2104 1362 3726 1436">
    <p class='ocr_par' dir='ltr' id='par_1_29' title="bbox 2104 1362 3726 1436">
     <span class='ocr_line' id='line_1_29' title="bbox 2104 1362 3726 1436; baseline -0.001 -19"><span class='ocrx_word' id='word_1_206' title='bbox 2104 1363 2179 1418; x_wconf 85' lang='lat' dir='ltr'>sic</span> <span class='ocrx_word' id='word_1_207' title='bbox 2208 1367 2265 1418; x_wconf 91' lang='lat' dir='ltr'>et</span> <span class='ocrx_word' id='word_1_208' title='bbox 2281 1363 2358 1418; x_wconf 92' lang='lat' dir='ltr'>sic</span> <span class='ocrx_word' id='word_1_209' title='bbox 2387 1363 2489 1418; x_wconf 91' lang='lat' dir='ltr'>sibi</span> <span class='ocrx_word' id='word_1_210' title='bbox 2515 1380 2759 1436; x_wconf 87' lang='lat' dir='ltr'>regnum</span> <span class='ocrx_word' id='word_1_211' title='bbox 2783 1363 3011 1435; x_wconf 88' lang='lat' dir='ltr'>parabit</span> <span class='ocrx_word' id='word_1_212' title='bbox 3038 1380 3142 1435; x_wconf 90' lang='lat' dir='ltr'>per</span> <span class='ocrx_word' id='word_1_213' title='bbox 3162 1363 3363 1430; x_wconf 89' lang='lat' dir='ltr'>nubes,</span> <span class='ocrx_word' id='word_1_214' title='bbox 3385 1367 3444 1417; x_wconf 91' lang='lat' dir='ltr'>et</span> <span class='ocrx_word' id='word_1_215' title='bbox 3483 1362 3618 1434; x_wconf 88' lang='lat' dir='ltr'>quia</span> <span class='ocrx_word' id='word_1_216' title='bbox 3631 1364 3726 1416; x_wconf 81' lang='lat' dir='ltr'>Al-</span> 
     </span>
    </p>
   </div>
   <div class='ocr_carea' id='block_1_30' title="bbox 2103 1450 3718 1524">
    <p class='ocr_par' dir='ltr' id='par_1_30' title="bbox 2103 1450 3718 1524">
     <span class='ocr_line' id='line_1_30' title="bbox 2103 1450 3718 1524; baseline 0 -19"><span class='ocrx_word' id='word_1_217' title='bbox 2103 1451 2350 1506; x_wconf 88' lang='lat' dir='ltr'>tissimus</span> <span class='ocrx_word' id='word_1_218' title='bbox 2371 1454 2474 1506; x_wconf 89' lang='lat' dir='ltr'>est.</span> <span class='ocrx_word' id='word_1_219' title='bbox 2492 1453 2639 1524; x_wconf 88' lang='lat' dir='ltr'>Ergo</span> <span class='ocrx_word' id='word_1_220' title='bbox 2666 1451 2910 1524; x_wconf 83' lang='lat' dir='ltr'>gentiles</span> <span class='ocrx_word' id='word_1_221' title='bbox 2957 1467 3204 1523; x_wconf 88' lang='lat' dir='ltr'>regnum</span> <span class='ocrx_word' id='word_1_222' title='bbox 3245 1451 3368 1522; x_wconf 86' lang='lat' dir='ltr'>ejus</span> <span class='ocrx_word' id='word_1_223' title='bbox 3405 1450 3718 1518; x_wconf 89' lang='lat' dir='ltr'>efﬁciendi,</span> 
     </span>
    </p>
   </div>
   <div class='ocr_carea' id='block_1_31' title="bbox 2103 1537 3718 1612">
    <p class='ocr_par' dir='ltr' id='par_1_31' title="bbox 2103 1537 3718 1612">
     <span class='ocr_line' id='line_1_31' title="bbox 2103 1537 3718 1612; baseline 0 -19"><span class='ocrx_word' id='word_1_224' title='bbox 2103 1542 2197 1612; x_wconf 87' lang='lat' dir='ltr'>qui</span> <span class='ocrx_word' id='word_1_225' title='bbox 2223 1539 2464 1609; x_wconf 81' lang='lat' dir='ltr'>diligitis,</span> <span class='ocrx_word' id='word_1_226' title='bbox 2488 1539 2546 1594; x_wconf 90' lang='lat' dir='ltr'>id</span> <span class='ocrx_word' id='word_1_227' title='bbox 2573 1543 2658 1594; x_wconf 93' lang='lat' dir='ltr'>est</span> <span class='ocrx_word' id='word_1_228' title='bbox 2680 1539 2776 1612; x_wconf 91' lang='lat' dir='ltr'>qui</span> <span class='ocrx_word' id='word_1_229' title='bbox 2807 1540 3055 1610; x_wconf 89' lang='lat' dir='ltr'>diligetis</span> <span class='ocrx_word' id='word_1_230' title='bbox 3080 1539 3375 1594; x_wconf 85' lang='lat' dir='ltr'>Dominum</span> <span class='ocrx_word' id='word_1_231' title='bbox 3404 1537 3718 1606; x_wconf 83' lang='lat' dir='ltr'>Christum,</span> 
     </span>
    </p>
   </div>
   <div class='ocr_carea' id='block_1_32' title="bbox 2102 1627 3720 1695">
    <p class='ocr_par' dir='ltr' id='par_1_32' title="bbox 2102 1627 3720 1695">
     <span class='ocr_line' id='line_1_32' title="bbox 2102 1627 3720 1695; baseline 0 -13"><span class='ocrx_word' id='word_1_232' title='bbox 2102 1627 2384 1684; x_wconf 90' lang='lat' dir='ltr'>veniendo</span> <span class='ocrx_word' id='word_1_233' title='bbox 2419 1628 2490 1683; x_wconf 90' lang='lat' dir='ltr'>ad</span> <span class='ocrx_word' id='word_1_234' title='bbox 2539 1627 2910 1695; x_wconf 82' lang='lat' dir='ltr'>ﬁdem,°odite</span> <span class='ocrx_word' id='word_1_235' title='bbox 2967 1628 3170 1682; x_wconf 87' lang='lat' dir='ltr'>malum</span> <span class='ocrx_word' id='word_1_236' title='bbox 3221 1644 3417 1695; x_wconf 91' lang='lat' dir='ltr'>omne,</span> <span class='ocrx_word' id='word_1_237' title='bbox 3452 1629 3510 1682; x_wconf 89' lang='lat' dir='ltr'>et</span> <span class='ocrx_word' id='word_1_238' title='bbox 3556 1627 3720 1694; x_wconf 83' lang='lat' dir='ltr'>vitia,</span> 
     </span>
    </p>
   </div>
   <div class='ocr_carea' id='block_1_33' title="bbox 389 1705 3722 1788">
    <p class='ocr_par' dir='ltr' id='par_1_33' title="bbox 389 1705 3722 1788">
     <span class='ocr_line' id='line_1_33' title="bbox 389 1705 3722 1788; baseline 0.002 -24"><span class='ocrx_word' id='word_1_239' title='bbox 389 1714 485 1782; x_wconf 88' lang='lat' dir='ltr'>qui</span> <span class='ocrx_word' id='word_1_240' title='bbox 503 1711 803 1781; x_wconf 81' lang='lat' dir='ltr'>gloriantur</span> <span class='ocrx_word' id='word_1_241' title='bbox 831 1717 886 1769; x_wconf 90' lang='lat' dir='ltr'>in</span> <span class='ocrx_word' id='word_1_242' title='bbox 916 1717 1214 1772; x_wconf 85' lang='lat' dir='ltr'>simulacris</span> <span class='ocrx_word' id='word_1_243' title='bbox 1241 1721 1367 1786; x_wconf 86' lang='lat' dir='ltr'>suis,</span> <span class='ocrx_word' id='word_1_244' title='bbox 1392 1718 1448 1772; x_wconf 93' lang='lat' dir='ltr'>id</span> <span class='ocrx_word' id='word_1_245' title='bbox 1480 1722 1567 1773; x_wconf 89' lang='lat' dir='ltr'>est</span> <span class='ocrx_word' id='word_1_246' title='bbox 1596 1719 1655 1772; x_wconf 89' lang='lat' dir='ltr'>in</span> <span class='ocrx_word' id='word_1_247' title='bbox 1687 1718 2006 1773; x_wconf 86' lang='lat' dir='ltr'>simulacris</span> <span class='ocrx_word' id='word_1_248' title='bbox 2030 1705 2079 1766; x_wconf 88' lang='grc' dir='ltr'>Β</span> <span class='ocrx_word' id='word_1_249' title='bbox 2103 1716 2316 1772; x_wconf 84' lang='lat' dir='ltr'>scilicet</span> <span class='ocrx_word' id='word_1_250' title='bbox 2345 1718 2403 1770; x_wconf 88' lang='lat' dir='ltr'>et</span> <span class='ocrx_word' id='word_1_251' title='bbox 2427 1718 2580 1771; x_wconf 90' lang='lat' dir='ltr'>mala</span> <span class='ocrx_word' id='word_1_252' title='bbox 2611 1733 2805 1788; x_wconf 88' lang='lat' dir='ltr'>opera.</span> <span class='ocrx_word' id='word_1_253' title='bbox 2843 1739 2871 1766; x_wconf 86' lang='lat'><strong>«</strong></span> <span class='ocrx_word' id='word_1_254' title='bbox 2900 1716 3081 1771; x_wconf 89' lang='lat' dir='ltr'>Nemo</span> <span class='ocrx_word' id='word_1_255' title='bbox 3109 1732 3360 1787; x_wconf 86' lang='lat' dir='ltr'>namque</span> <span class='ocrx_word' id='word_1_256' title='bbox 3374 1717 3560 1788; x_wconf 87' lang='lat' dir='ltr'>patest</span> <span class='ocrx_word' id='word_1_257' title='bbox 3575 1715 3722 1772; x_wconf 82' lang='lat' dir='ltr'>duo-</span> 
     </span>
    </p>
   </div>
   <div class='ocr_carea' id='block_1_34' title="bbox 388 1799 2004 1875">
    <p class='ocr_par' dir='ltr' id='par_1_34' title="bbox 388 1799 2004 1875">
     <span class='ocr_line' id='line_1_34' title="bbox 388 1799 2004 1875; baseline 0.005 -21"><span class='ocrx_word' id='word_1_258' title='bbox 388 1814 502 1854; x_wconf 87' lang='lat' dir='ltr'>ase</span> <span class='ocrx_word' id='word_1_259' title='bbox 533 1799 713 1868; x_wconf 85' lang='lat' dir='ltr'>factis,</span> <span class='ocrx_word' id='word_1_260' title='bbox 775 1821 901 1875; x_wconf 76' lang='lat' dir='ltr'>quae</span> <span class='ocrx_word' id='word_1_261' title='bbox 933 1805 1199 1860; x_wconf 89' lang='lat' dir='ltr'>adorant.</span> <span class='ocrx_word' id='word_1_262' title='bbox 1231 1807 1309 1860; x_wconf 85' lang='lat' dir='ltr'>Ac</span> <span class='ocrx_word' id='word_1_263' title='bbox 1356 1807 1400 1861; x_wconf 89' lang='lat' dir='ltr'>si</span> <span class='ocrx_word' id='word_1_264' title='bbox 1432 1806 1689 1862; x_wconf 87' lang='lat' dir='ltr'>dicat:Si</span> <span class='ocrx_word' id='word_1_265' title='bbox 1736 1807 2004 1862; x_wconf 88' lang='lat' dir='ltr'>homines</span> 
     </span>
    </p>
   </div>
   <div class='ocr_carea' id='block_1_35' title="bbox 390 1886 2004 1963">
    <p class='ocr_par' dir='ltr' id='par_1_35' title="bbox 390 1886 2004 1963">
     <span class='ocr_line' id='line_1_35' title="bbox 390 1886 2004 1963; baseline 0.007 -23"><span class='ocrx_word' id='word_1_266' title='bbox 390 1886 480 1941; x_wconf 91' lang='lat' dir='ltr'>vel</span> <span class='ocrx_word' id='word_1_267' title='bbox 501 1893 732 1944; x_wconf 89' lang='lat' dir='ltr'>cunctas</span> <span class='ocrx_word' id='word_1_268' title='bbox 748 1891 898 1946; x_wconf 86' lang='lat' dir='ltr'>vivas</span> <span class='ocrx_word' id='word_1_269' title='bbox 927 1898 1215 1948; x_wconf 89' lang='lat' dir='ltr'>creaturas</span> <span class='ocrx_word' id='word_1_270' title='bbox 1246 1895 1576 1963; x_wconf 86' lang='lat' dir='ltr'>adorarent,</span> <span class='ocrx_word' id='word_1_271' title='bbox 1612 1895 1804 1950; x_wconf 89' lang='lat' dir='ltr'>minus</span> <span class='ocrx_word' id='word_1_272' title='bbox 1834 1895 2004 1951; x_wconf 91' lang='lat' dir='ltr'>mise-</span> 
     </span>
    </p>
   </div>
   <div class='ocr_carea' id='block_1_36' title="bbox 393 1979 2004 2053">
    <p class='ocr_par' dir='ltr' id='par_1_36' title="bbox 393 1979 2004 2053">
     <span class='ocr_line' id='line_1_36' title="bbox 393 1979 2004 2053; baseline 0.007 -24"><span class='ocrx_word' id='word_1_273' title='bbox 393 1990 524 2030; x_wconf 90' lang='lat' dir='ltr'>rum</span> <span class='ocrx_word' id='word_1_274' title='bbox 555 1981 721 2033; x_wconf 86' lang='lat' dir='ltr'>esset.</span> <span class='ocrx_word' id='word_1_275' title='bbox 749 1979 974 2043; x_wconf 88' lang='lat' dir='ltr'>Quanto</span> <span class='ocrx_word' id='word_1_276' title='bbox 1031 1999 1169 2053; x_wconf 90' lang='lat' dir='ltr'>ergo</span> <span class='ocrx_word' id='word_1_277' title='bbox 1207 1983 1469 2038; x_wconf 89' lang='lat' dir='ltr'>miserius</span> <span class='ocrx_word' id='word_1_278' title='bbox 1498 1987 1602 2051; x_wconf 90' lang='lat' dir='ltr'>est,</span> <span class='ocrx_word' id='word_1_279' title='bbox 1631 1985 2004 2040; x_wconf 88' lang='lat' dir='ltr'>simulacrum</span> 
     </span>
    </p>
   </div>
   <div class='ocr_carea' id='block_1_37' title="bbox 391 2061 2002 2145">
    <p class='ocr_par' dir='ltr' id='par_1_37' title="bbox 391 2061 2002 2145">
     <span class='ocr_line' id='line_1_37' title="bbox 391 2061 2002 2145; baseline 0.007 -29"><span class='ocrx_word' id='word_1_280' title='bbox 391 2061 645 2120; x_wconf 88' lang='lat' dir='ltr'>hominis</span> <span class='ocrx_word' id='word_1_281' title='bbox 658 2066 923 2131; x_wconf 86' lang='lat' dir='ltr'>adorare,</span> <span class='ocrx_word' id='word_1_282' title='bbox 938 2070 1260 2139; x_wconf 67' lang='lat' dir='ltr'>praasertim</span> <span class='ocrx_word' id='word_1_283' title='bbox 1277 2088 1412 2126; x_wconf 90' lang='lat' dir='ltr'>eum</span> <span class='ocrx_word' id='word_1_284' title='bbox 1431 2072 1696 2140; x_wconf 88' lang='lat' dir='ltr'>adorare,</span> <span class='ocrx_word' id='word_1_285' title='bbox 1714 2074 1809 2145; x_wconf 87' lang='lat' dir='ltr'>qui</span> <span class='ocrx_word' id='word_1_286' title='bbox 1826 2075 2002 2129; x_wconf 88' lang='lat' dir='ltr'>simu-</span> 
     </span>
    </p>
   </div>
   <div class='ocr_carea' id='block_1_38' title="bbox 393 2150 1193 2228">
    <p class='ocr_par' dir='ltr' id='par_1_38' title="bbox 393 2150 1193 2228">
     <span class='ocr_line' id='line_1_38' title="bbox 393 2150 1193 2228; baseline 0.01 -23"><span class='ocrx_word' id='word_1_287' title='bbox 393 2150 613 2207; x_wconf 88' lang='lat' dir='ltr'>lacrum</span> <span class='ocrx_word' id='word_1_288' title='bbox 654 2154 794 2210; x_wconf 91' lang='lat' dir='ltr'>illud</span> <span class='ocrx_word' id='word_1_289' title='bbox 827 2158 1193 2228; x_wconf 81' lang='lat' dir='ltr'>composuit?</span> 
     </span>
    </p>
   </div>
   <div class='ocr_carea' id='block_1_39' title="bbox 466 2240 2004 2320">
    <p class='ocr_par' dir='ltr' id='par_1_39' title="bbox 466 2240 2004 2320">
     <span class='ocr_line' id='line_1_39' title="bbox 466 2240 2004 2320; baseline 0.007 -26"><span class='ocrx_word' id='word_1_290' title='bbox 466 2240 620 2295; x_wconf 89' lang='lat' dir='ltr'>Facit</span> <span class='ocrx_word' id='word_1_291' title='bbox 637 2245 829 2298; x_wconf 90' lang='lat' dir='ltr'>autem</span> <span class='ocrx_word' id='word_1_292' title='bbox 843 2246 1254 2318; x_wconf 88' lang='lat' dir='ltr'>apostropham</span> <span class='ocrx_word' id='word_1_293' title='bbox 1292 2247 1364 2302; x_wconf 91' lang='lat' dir='ltr'>ad</span> <span class='ocrx_word' id='word_1_294' title='bbox 1392 2250 1648 2320; x_wconf 90' lang='lat' dir='ltr'>angelos,</span> <span class='ocrx_word' id='word_1_295' title='bbox 1683 2250 2004 2305; x_wconf 88' lang='lat' dir='ltr'>concedens</span> 
     </span>
    </p>
   </div>
   <div class='ocr_carea' id='block_1_40' title="bbox 393 2329 2005 2407">
    <p class='ocr_par' dir='ltr' id='par_1_40' title="bbox 393 2329 2005 2407">
     <span class='ocr_line' id='line_1_40' title="bbox 393 2329 2005 2407; baseline 0.006 -25"><span class='ocrx_word' id='word_1_296' title='bbox 393 2329 458 2382; x_wconf 91' lang='lat' dir='ltr'>ut</span> <span class='ocrx_word' id='word_1_297' title='bbox 479 2330 662 2385; x_wconf 90' lang='lat' dir='ltr'>Deum</span> <span class='ocrx_word' id='word_1_298' title='bbox 679 2331 944 2400; x_wconf 87' lang='lat' dir='ltr'>adorent,</span> <span class='ocrx_word' id='word_1_299' title='bbox 964 2351 1082 2388; x_wconf 93' lang='lat' dir='ltr'>non</span> <span class='ocrx_word' id='word_1_300' title='bbox 1099 2337 1160 2388; x_wconf 89' lang='lat' dir='ltr'>ut</span> <span class='ocrx_word' id='word_1_301' title='bbox 1177 2336 2005 2407; x_wconf 86' lang='lat' dir='ltr'>angeliegeantadhortatione</span> 
     </span>
    </p>
   </div>
   <div class='ocr_carea' id='block_1_41' title="bbox 393 2418 2003 2494">
    <p class='ocr_par' dir='ltr' id='par_1_41' title="bbox 393 2418 2003 2494">
     <span class='ocr_line' id='line_1_41' title="bbox 393 2418 2003 2494; baseline 0.006 -24"><span class='ocrx_word' id='word_1_302' title='bbox 393 2432 516 2484; x_wconf 85' lang='lat' dir='ltr'>sua,</span> <span class='ocrx_word' id='word_1_303' title='bbox 570 2418 669 2473; x_wconf 86' lang='lat' dir='ltr'>sed</span> <span class='ocrx_word' id='word_1_304' title='bbox 725 2422 788 2473; x_wconf 89' lang='lat' dir='ltr'>ut</span> <span class='ocrx_word' id='word_1_305' title='bbox 825 2421 1046 2476; x_wconf 88' lang='lat' dir='ltr'>bonum</span> <span class='ocrx_word' id='word_1_306' title='bbox 1105 2426 1302 2477; x_wconf 90' lang='lat' dir='ltr'>votum</span> <span class='ocrx_word' id='word_1_307' title='bbox 1357 2441 1524 2478; x_wconf 91' lang='lat' dir='ltr'>suum</span> <span class='ocrx_word' id='word_1_308' title='bbox 1575 2427 1864 2493; x_wconf 88' lang='lat' dir='ltr'>ostendat,</span> <span class='ocrx_word' id='word_1_309' title='bbox 1927 2429 2003 2494; x_wconf 89' lang='lat' dir='ltr'>et,</span> 
     </span>
    </p>
   </div>
   <div class='ocr_carea' id='block_1_42' title="bbox 392 2505 2005 2580">
    <p class='ocr_par' dir='ltr' id='par_1_42' title="bbox 392 2505 2005 2580">
     <span class='ocr_line' id='line_1_42' title="bbox 392 2505 2005 2580; baseline 0.007 -23"><span class='ocrx_word' id='word_1_310' title='bbox 392 2505 658 2576; x_wconf 86' lang='lat' dir='ltr'>exemplo</span> <span class='ocrx_word' id='word_1_311' title='bbox 701 2509 1043 2577; x_wconf 88' lang='lat' dir='ltr'>angelorum</span> <span class='ocrx_word' id='word_1_312' title='bbox 1108 2510 1536 2580; x_wconf 90' lang='lat' dir='ltr'>auctorizabilii,</span> <span class='ocrx_word' id='word_1_313' title='bbox 1578 2513 1902 2569; x_wconf 90' lang='lat' dir='ltr'>incredulos</span> <span class='ocrx_word' id='word_1_314' title='bbox 1933 2514 2005 2568; x_wconf 85' lang='lat' dir='ltr'>ad</span> 
     </span>
    </p>
   </div>
   <div class='ocr_carea' id='block_1_43' title="bbox 391 2591 2003 2674">
    <p class='ocr_par' dir='ltr' id='par_1_43' title="bbox 391 2591 2003 2674">
     <span class='ocr_line' id='line_1_43' title="bbox 391 2591 2003 2674; baseline 0.007 -28"><span class='ocrx_word' id='word_1_315' title='bbox 391 2591 951 2651; x_wconf 87' lang='lat' dir='ltr'>adorandumDeum</span> <span class='ocrx_word' id='word_1_316' title='bbox 968 2598 1237 2665; x_wconf 86' lang='lat' dir='ltr'>attrahat,</span> <span class='ocrx_word' id='word_1_317' title='bbox 1272 2598 1530 2655; x_wconf 80' lang='lat' dir='ltr'>siczDico</span> <span class='ocrx_word' id='word_1_318' title='bbox 1571 2603 1729 2673; x_wconf 90' lang='lat' dir='ltr'>quod</span> <span class='ocrx_word' id='word_1_319' title='bbox 1767 2602 2003 2674; x_wconf 89' lang='lat' dir='ltr'>quidam</span> 
     </span>
    </p>
   </div>
   <div class='ocr_carea' id='block_1_44' title="bbox 392 2681 2005 2761">
    <p class='ocr_par' dir='ltr' id='par_1_44' title="bbox 392 2681 2005 2761">
     <span class='ocr_line' id='line_1_44' title="bbox 392 2681 2005 2761; baseline 0.007 -28"><span class='ocrx_word' id='word_1_320' title='bbox 392 2682 564 2734; x_wconf 91' lang='lat' dir='ltr'>erunt</span> <span class='ocrx_word' id='word_1_321' title='bbox 591 2681 900 2738; x_wconf 88' lang='lat' dir='ltr'>adorantes</span> <span class='ocrx_word' id='word_1_322' title='bbox 949 2685 1251 2756; x_wconf 90' lang='lat' dir='ltr'>sculptilia,</span> <span class='ocrx_word' id='word_1_323' title='bbox 1305 2688 1489 2742; x_wconf 91' lang='lat' dir='ltr'>Deum</span> <span class='ocrx_word' id='word_1_324' title='bbox 1521 2689 1770 2744; x_wconf 86' lang='lat' dir='ltr'>adorare</span> <span class='ocrx_word' id='word_1_325' title='bbox 1826 2689 2005 2761; x_wconf 91' lang='lat' dir='ltr'>negli-</span> 
     </span>
    </p>
   </div>
   <div class='ocr_carea' id='block_1_45' title="bbox 390 2769 2000 2850">
    <p class='ocr_par' dir='ltr' id='par_1_45' title="bbox 390 2769 2000 2850">
     <span class='ocr_line' id='line_1_45' title="bbox 390 2769 2000 2850; baseline 0.007 -29"><span class='ocrx_word' id='word_1_326' title='bbox 390 2770 612 2839; x_wconf 87' lang='lat' dir='ltr'>gentes.</span> <span class='ocrx_word' id='word_1_327' title='bbox 642 2769 755 2824; x_wconf 92' lang='lat' dir='ltr'>Sed</span> <span class='ocrx_word' id='word_1_328' title='bbox 769 2787 902 2826; x_wconf 89' lang='lat' dir='ltr'>cum</span> <span class='ocrx_word' id='word_1_329' title='bbox 918 2772 1028 2827; x_wconf 94' lang='lat' dir='ltr'>hoc</span> <span class='ocrx_word' id='word_1_330' title='bbox 1042 2773 1458 2830; x_wconf 90' lang='lat' dir='ltr'>homunciones</span> <span class='ocrx_word' id='word_1_331' title='bbox 1474 2776 1666 2832; x_wconf 90' lang='lat' dir='ltr'>miseri</span> <span class='ocrx_word' id='word_1_332' title='bbox 1681 2779 2000 2850; x_wconf 89' lang='lat' dir='ltr'>negligant,</span> 
     </span>
    </p>
   </div>
   <div class='ocr_carea' id='block_1_46' title="bbox 2103 1803 3712 1870">
    <p class='ocr_par' dir='ltr' id='par_1_46' title="bbox 2103 1803 3712 1870">
     <span class='ocr_line' id='line_1_46' title="bbox 2103 1803 3712 1870; baseline -0.001 -10"><span class='ocrx_word' id='word_1_333' title='bbox 2103 1805 2209 1860; x_wconf 89' lang='lat' dir='ltr'>bus</span> <span class='ocrx_word' id='word_1_334' title='bbox 2283 1804 2534 1860; x_wconf 85' lang='lat' dir='ltr'>dominis</span> <span class='ocrx_word' id='word_1_335' title='bbox 2611 1804 2825 1859; x_wconf 89' lang='lat' dir='ltr'>servire</span> <span class='ocrx_word' id='word_1_336' title='bbox 2865 1803 3021 1870; x_wconf 87' lang='lat' dir='ltr'>(Luc.</span> <span class='ocrx_word' id='word_1_337' title='bbox 3054 1820 3167 1869; x_wconf 71' lang='lat' dir='ltr'>xvx,</span> <span class='ocrx_word' id='word_1_338' title='bbox 3201 1807 3316 1870; x_wconf 88' lang='grc'><strong>13).</strong></span> <span class='ocrx_word' id='word_1_339' title='bbox 3349 1825 3377 1854; x_wconf 87' lang='grc'><strong>››</strong></span> <span class='ocrx_word' id='word_1_340' title='bbox 3412 1805 3481 1858; x_wconf 88' lang='lat' dir='ltr'>Et</span> <span class='ocrx_word' id='word_1_341' title='bbox 3540 1805 3586 1858; x_wconf 89' lang='lat' dir='ltr'>si</span> <span class='ocrx_word' id='word_1_342' title='bbox 3646 1805 3712 1858; x_wconf 91' lang='lat' dir='ltr'>in</span> 
     </span>
    </p>
   </div>
   <div class='ocr_carea' id='block_1_47' title="bbox 2107 1891 3719 1959">
    <p class='ocr_par' dir='ltr' id='par_1_47' title="bbox 2107 1891 3719 1959">
     <span class='ocr_line' id='line_1_47' title="bbox 2107 1891 3719 1959; baseline -0.002 -10"><span class='ocrx_word' id='word_1_343' title='bbox 2107 1894 2354 1950; x_wconf 90' lang='lat' dir='ltr'>odiendo</span> <span class='ocrx_word' id='word_1_344' title='bbox 2391 1894 2634 1959; x_wconf 88' lang='lat' dir='ltr'>malum,</span> <span class='ocrx_word' id='word_1_345' title='bbox 2692 1893 2852 1947; x_wconf 87' lang='lat' dir='ltr'>vobis</span> <span class='ocrx_word' id='word_1_346' title='bbox 2897 1891 3298 1947; x_wconf 88' lang='lat' dir='ltr'>tribulationes</span> <span class='ocrx_word' id='word_1_347' title='bbox 3338 1892 3719 1955; x_wconf 88' lang='lat' dir='ltr'>occurrerint,</span> 
     </span>
    </p>
   </div>
   <div class='ocr_carea' id='block_1_48' title="bbox 2106 1979 3720 2046">
    <p class='ocr_par' dir='ltr' id='par_1_48' title="bbox 2106 1979 3720 2046">
     <span class='ocr_line' id='line_1_48' title="bbox 2106 1979 3720 2046; baseline -0.001 -10"><span class='ocrx_word' id='word_1_348' title='bbox 2106 1985 2434 2037; x_wconf 89' lang='lat' dir='ltr'>constantes</span> <span class='ocrx_word' id='word_1_349' title='bbox 2470 1984 2674 2036; x_wconf 89' lang='lat' dir='ltr'>estote.</span> <span class='ocrx_word' id='word_1_350' title='bbox 2697 1979 2966 2036; x_wconf 85' lang='lat' dir='ltr'>Dominus</span> <span class='ocrx_word' id='word_1_351' title='bbox 3004 1980 3162 2036; x_wconf 89' lang='lat' dir='ltr'>enim</span> <span class='ocrx_word' id='word_1_352' title='bbox 3195 1979 3446 2035; x_wconf 87' lang='lat' dir='ltr'>Christus</span> <span class='ocrx_word' id='word_1_353' title='bbox 3465 1980 3720 2046; x_wconf 80' lang='lat' dir='ltr'>custodit,</span> 
     </span>
    </p>
   </div>
   <div class='ocr_carea' id='block_1_49' title="bbox 2105 2069 3723 2135">
    <p class='ocr_par' dir='ltr' id='par_1_49' title="bbox 2105 2069 3723 2135">
     <span class='ocr_line' id='line_1_49' title="bbox 2105 2069 3723 2135; baseline -0.001 -11"><span class='ocrx_word' id='word_1_354' title='bbox 2105 2070 2164 2124; x_wconf 89' lang='lat' dir='ltr'>id</span> <span class='ocrx_word' id='word_1_355' title='bbox 2194 2073 2281 2125; x_wconf 90' lang='lat' dir='ltr'>est</span> <span class='ocrx_word' id='word_1_356' title='bbox 2309 2069 2590 2124; x_wconf 87' lang='lat' dir='ltr'>custodiet</span> <span class='ocrx_word' id='word_1_357' title='bbox 2639 2071 2851 2123; x_wconf 85' lang='lat' dir='ltr'>animas</span> <span class='ocrx_word' id='word_1_358' title='bbox 2901 2086 3172 2124; x_wconf 84' lang='lat' dir='ltr'>servorum</span> <span class='ocrx_word' id='word_1_359' title='bbox 3201 2085 3439 2135; x_wconf 86' lang='lat' dir='ltr'>suorum,</span> <span class='ocrx_word' id='word_1_360' title='bbox 3491 2069 3723 2123; x_wconf 85' lang='lat' dir='ltr'>animas</span> 
     </span>
    </p>
   </div>
   <div class='ocr_carea' id='block_1_50' title="bbox 2103 2155 3724 2226">
    <p class='ocr_par' dir='ltr' id='par_1_50' title="bbox 2103 2155 3724 2226">
     <span class='ocr_line' id='line_1_50' title="bbox 2103 2155 3724 2226; baseline -0.002 -14"><span class='ocrx_word' id='word_1_361' title='bbox 2103 2161 2338 2226; x_wconf 89' lang='lat' dir='ltr'>vestras,</span> <span class='ocrx_word' id='word_1_362' title='bbox 2372 2158 2584 2212; x_wconf 89' lang='lat' dir='ltr'>scilicet</span> <span class='ocrx_word' id='word_1_363' title='bbox 2612 2175 2684 2212; x_wconf 89' lang='lat' dir='ltr'>ne</span> <span class='ocrx_word' id='word_1_364' title='bbox 2716 2157 2884 2212; x_wconf 89' lang='lat' dir='ltr'>malis</span> <span class='ocrx_word' id='word_1_365' title='bbox 2908 2157 3114 2212; x_wconf 88' lang='lat' dir='ltr'>timore</span> <span class='ocrx_word' id='word_1_366' title='bbox 3149 2155 3596 2212; x_wconf 88' lang='lat' dir='ltr'>conformemini</span> <span class='ocrx_word' id='word_1_367' title='bbox 3620 2173 3635 2223; x_wconf 84' lang='lat'><strong>;</strong></span> <span class='ocrx_word' id='word_1_368' title='bbox 3659 2158 3724 2209; x_wconf 91' lang='lat' dir='ltr'>et</span> 
     </span>
    </p>
   </div>
   <div class='ocr_carea' id='block_1_51' title="bbox 2105 2245 3728 2316">
    <p class='ocr_par' dir='ltr' id='par_1_51' title="bbox 2105 2245 3728 2316">
     <span class='ocr_line' id='line_1_51' title="bbox 2105 2245 3728 2316; baseline -0.001 -16"><span class='ocrx_word' id='word_1_369' title='bbox 2105 2263 2224 2301; x_wconf 88' lang='lat' dir='ltr'>non</span> <span class='ocrx_word' id='word_1_370' title='bbox 2241 2247 2427 2301; x_wconf 89' lang='lat' dir='ltr'>solum</span> <span class='ocrx_word' id='word_1_371' title='bbox 2451 2245 2696 2313; x_wconf 85' lang='lat' dir='ltr'>animas,</span> <span class='ocrx_word' id='word_1_372' title='bbox 2715 2246 2813 2301; x_wconf 91' lang='lat' dir='ltr'>sed</span> <span class='ocrx_word' id='word_1_373' title='bbox 2827 2245 3002 2301; x_wconf 87' lang='lat' dir='ltr'>etiam</span> <span class='ocrx_word' id='word_1_374' title='bbox 3029 2245 3092 2300; x_wconf 90' lang='lat' dir='ltr'>de</span> <span class='ocrx_word' id='word_1_375' title='bbox 3113 2245 3571 2316; x_wconf 79' lang='lat' dir='ltr'>manupeccatoris</span> <span class='ocrx_word' id='word_1_376' title='bbox 3589 2259 3728 2314; x_wconf 87' lang='lat' dir='ltr'>per-</span> 
     </span>
    </p>
   </div>
   <div class='ocr_carea' id='block_1_52' title="bbox 2106 2333 3724 2406">
    <p class='ocr_par' dir='ltr' id='par_1_52' title="bbox 2106 2333 3724 2406">
     <span class='ocr_line' id='line_1_52' title="bbox 2106 2333 3724 2406; baseline 0 -18"><span class='ocrx_word' id='word_1_377' title='bbox 2106 2334 2396 2406; x_wconf 90' lang='lat' dir='ltr'>sequentis</span> <span class='ocrx_word' id='word_1_378' title='bbox 2409 2335 2650 2388; x_wconf 81' lang='lat' dir='ltr'>liberavit</span> <span class='ocrx_word' id='word_1_379' title='bbox 2671 2351 2754 2389; x_wconf 91' lang='lat' dir='ltr'>eos</span> <span class='ocrx_word' id='word_1_380' title='bbox 2767 2334 3043 2401; x_wconf 90' lang='lat' dir='ltr'>servos,id</span> <span class='ocrx_word' id='word_1_381' title='bbox 3069 2337 3153 2388; x_wconf 89' lang='lat' dir='ltr'>est</span> <span class='ocrx_word' id='word_1_382' title='bbox 3176 2333 3444 2388; x_wconf 87' lang='lat' dir='ltr'>liberabit</span> <span class='ocrx_word' id='word_1_383' title='bbox 3459 2333 3724 2404; x_wconf 85' lang='lat' dir='ltr'>quando-</span> 
     </span>
    </p>
   </div>
   <div class='ocr_carea' id='block_1_53' title="bbox 2107 2421 3716 2500">
    <p class='ocr_par' dir='ltr' id='par_1_53' title="bbox 2107 2421 3716 2500">
     <span class='ocr_line' id='line_1_53' title="bbox 2107 2421 3716 2500; baseline -0.001 -24"><span class='ocrx_word' id='word_1_384' title='bbox 2107 2439 2217 2494; x_wconf 89' lang='lat' dir='ltr'>que</span> <span class='ocrx_word' id='word_1_385' title='bbox 2263 2440 2508 2494; x_wconf 89' lang='lat' dir='ltr'>corpora</span> <span class='ocrx_word' id='word_1_386' title='bbox 2540 2427 2847 2500; x_wconf 82' lang='lat' dir='ltr'>eorum,et</span> <span class='ocrx_word' id='word_1_387' title='bbox 2873 2423 2916 2478; x_wconf 88' lang='lat' dir='ltr'>si</span> <span class='ocrx_word' id='word_1_388' title='bbox 2943 2422 3232 2496; x_wconf 88' lang='lat' dir='ltr'>imprimis</span> <span class='ocrx_word' id='word_1_389' title='bbox 3286 2421 3716 2494; x_wconf 85' lang='lat' dir='ltr'>aliquantulum</span> 
     </span>
    </p>
   </div>
   <div class='ocr_carea' id='block_1_54' title="bbox 2105 2510 3721 2583">
    <p class='ocr_par' dir='ltr' id='par_1_54' title="bbox 2105 2510 3721 2583">
     <span class='ocr_line' id='line_1_54' title="bbox 2105 2510 3721 2583; baseline -0.002 -17"><span class='ocrx_word' id='word_1_390' title='bbox 2105 2511 2222 2566; x_wconf 77' lang='lat' dir='ltr'>atﬂi</span> <span class='ocrx_word' id='word_1_391' title='bbox 2229 2511 2285 2583; x_wconf 89' lang='lat' dir='ltr'>gi</span> <span class='ocrx_word' id='word_1_392' title='bbox 2303 2511 2547 2566; x_wconf 88' lang='lat' dir='ltr'>sinat.Et</span> <span class='ocrx_word' id='word_1_393' title='bbox 2557 2512 2601 2566; x_wconf 90' lang='lat' dir='ltr'>si</span> <span class='ocrx_word' id='word_1_394' title='bbox 2625 2515 3016 2583; x_wconf 88' lang='lat' dir='ltr'>persecutores</span> <span class='ocrx_word' id='word_1_395' title='bbox 3028 2511 3200 2565; x_wconf 88' lang='lat' dir='ltr'>vitam</span> <span class='ocrx_word' id='word_1_396' title='bbox 3228 2515 3575 2582; x_wconf 70' lang='lat' dir='ltr'>praesentem</span> <span class='ocrx_word' id='word_1_397' title='bbox 3590 2510 3721 2564; x_wconf 83' lang='lat' dir='ltr'>abs-</span> 
     </span>
    </p>
   </div>
   <div class='ocr_carea' id='block_1_55' title="bbox 2104 2597 3717 2670">
    <p class='ocr_par' dir='ltr' id='par_1_55' title="bbox 2104 2597 3717 2670">
     <span class='ocr_line' id='line_1_55' title="bbox 2104 2597 3717 2670; baseline -0.002 -16"><span class='ocrx_word' id='word_1_398' title='bbox 2104 2600 2361 2667; x_wconf 88' lang='lat' dir='ltr'>tulerint,</span> <span class='ocrx_word' id='word_1_399' title='bbox 2390 2617 2510 2655; x_wconf 90' lang='lat' dir='ltr'>non</span> <span class='ocrx_word' id='word_1_400' title='bbox 2565 2602 2650 2654; x_wconf 91' lang='lat' dir='ltr'>est</span> <span class='ocrx_word' id='word_1_401' title='bbox 2680 2600 2814 2654; x_wconf 89' lang='lat' dir='ltr'>inde</span> <span class='ocrx_word' id='word_1_402' title='bbox 2855 2601 3197 2655; x_wconf 89' lang='lat' dir='ltr'>curandum.</span> <span class='ocrx_word' id='word_1_403' title='bbox 3232 2600 3376 2654; x_wconf 90' lang='lat' dir='ltr'>Nam</span> <span class='ocrx_word' id='word_1_404' title='bbox 3408 2615 3513 2670; x_wconf 88' lang='lat' dir='ltr'>pro</span> <span class='ocrx_word' id='word_1_405' title='bbox 3542 2597 3717 2668; x_wconf 88' lang='lat' dir='ltr'>hujus</span> 
     </span>
    </p>
   </div>
   <div class='ocr_carea' id='block_1_56' title="bbox 2105 2686 3718 2754">
    <p class='ocr_par' dir='ltr' id='par_1_56' title="bbox 2105 2686 3718 2754">
     <span class='ocr_line' id='line_1_56' title="bbox 2105 2686 3718 2754; baseline -0.002 -11"><span class='ocrx_word' id='word_1_406' title='bbox 2105 2688 2231 2743; x_wconf 64' lang='lat' dir='ltr'>vitm</span> <span class='ocrx_word' id='word_1_407' title='bbox 2248 2688 2558 2743; x_wconf 90' lang='lat' dir='ltr'>amissione</span> <span class='ocrx_word' id='word_1_408' title='bbox 2579 2687 2671 2742; x_wconf 76' lang='lat' dir='ltr'>lux</span> <span class='ocrx_word' id='word_1_409' title='bbox 2691 2691 2924 2744; x_wconf 63' lang='lat' dir='ltr'>internae</span> <span class='ocrx_word' id='word_1_410' title='bbox 2947 2688 3072 2742; x_wconf 63' lang='lat' dir='ltr'>vitae</span> <span class='ocrx_word' id='word_1_411' title='bbox 3109 2694 3226 2742; x_wconf 87' lang='lat' dir='ltr'>orta</span> <span class='ocrx_word' id='word_1_412' title='bbox 3247 2694 3339 2754; x_wconf 86' lang='lat' dir='ltr'>est,</span> <span class='ocrx_word' id='word_1_413' title='bbox 3371 2686 3432 2741; x_wconf 89' lang='lat' dir='ltr'>id</span> <span class='ocrx_word' id='word_1_414' title='bbox 3449 2688 3555 2752; x_wconf 85' lang='lat' dir='ltr'>est,</span> <span class='ocrx_word' id='word_1_415' title='bbox 3569 2686 3718 2740; x_wconf 86' lang='lat' dir='ltr'>orie-</span> 
     </span>
    </p>
   </div>
   <div class='ocr_carea' id='block_1_57' title="bbox 2103 2773 3715 2848">
    <p class='ocr_par' dir='ltr' id='par_1_57' title="bbox 2103 2773 3715 2848">
     <span class='ocr_line' id='line_1_57' title="bbox 2103 2773 3715 2848; baseline -0.001 -19"><span class='ocrx_word' id='word_1_416' title='bbox 2103 2778 2196 2830; x_wconf 90' lang='lat' dir='ltr'>tur</span> <span class='ocrx_word' id='word_1_417' title='bbox 2208 2777 2359 2846; x_wconf 83' lang='lat' dir='ltr'>justo</span> <span class='ocrx_word' id='word_1_418' title='bbox 2389 2776 2616 2848; x_wconf 90' lang='lat' dir='ltr'>cuique,</span> <span class='ocrx_word' id='word_1_419' title='bbox 2639 2776 2854 2831; x_wconf 88' lang='lat' dir='ltr'>scilicet</span> <span class='ocrx_word' id='word_1_420' title='bbox 2877 2775 2929 2830; x_wconf 90' lang='lat' dir='ltr'>ei</span> <span class='ocrx_word' id='word_1_421' title='bbox 2963 2775 3198 2830; x_wconf 90' lang='lat' dir='ltr'>dabitur</span> <span class='ocrx_word' id='word_1_422' title='bbox 3241 2775 3300 2829; x_wconf 89' lang='lat' dir='ltr'>in</span> <span class='ocrx_word' id='word_1_423' title='bbox 3331 2777 3548 2828; x_wconf 60' lang='lat' dir='ltr'>aeterna</span> <span class='ocrx_word' id='word_1_424' title='bbox 3597 2773 3715 2827; x_wconf 85' lang='lat' dir='ltr'>vita</span> 
     </span>
    </p>
   </div>
   <div class='ocr_carea' id='block_1_58' title="bbox 387 2857 3716 2936">
    <p class='ocr_par' dir='ltr' id='par_1_58' title="bbox 387 2857 3716 2936">
     <span class='ocr_line' id='line_1_58' title="bbox 387 2857 3716 2936; baseline 0.001 -26"><span class='ocrx_word' id='word_1_425' title='bbox 387 2871 488 2912; x_wconf 91' lang='lat' dir='ltr'>vos</span> <span class='ocrx_word' id='word_1_426' title='bbox 518 2857 720 2912; x_wconf 88' lang='lat' dir='ltr'>saltem</span> <span class='ocrx_word' id='word_1_427' title='bbox 751 2876 928 2915; x_wconf 90' lang='lat' dir='ltr'>omnes</span> <span class='ocrx_word' id='word_1_428' title='bbox 976 2862 1152 2931; x_wconf 86' lang='lat' dir='ltr'>angeli</span> <span class='ocrx_word' id='word_1_429' title='bbox 1191 2863 1303 2932; x_wconf 88' lang='lat' dir='ltr'>ejus</span> <span class='ocrx_word' id='word_1_430' title='bbox 1329 2864 1606 2935; x_wconf 89' lang='lat' dir='ltr'>quivalde</span> <span class='ocrx_word' id='word_1_431' title='bbox 1631 2867 2004 2922; x_wconf 88' lang='lat' dir='ltr'>rationabiles</span> <span class='ocrx_word' id='word_1_432' title='bbox 2100 2865 2195 2918; x_wconf 83' lang='lat' dir='ltr'>lux</span> <span class='ocrx_word' id='word_1_433' title='bbox 2225 2864 2409 2918; x_wconf 90' lang='lat' dir='ltr'>nimia</span> <span class='ocrx_word' id='word_1_434' title='bbox 2435 2864 2642 2919; x_wconf 67' lang='lat' dir='ltr'>divina:</span> <span class='ocrx_word' id='word_1_435' title='bbox 2686 2863 3209 2935; x_wconf 84' lang='lat' dir='ltr'>contemplationis.</span> <span class='ocrx_word' id='word_1_436' title='bbox 3256 2865 3323 2918; x_wconf 86' lang='lat' dir='ltr'>Et</span> <span class='ocrx_word' id='word_1_437' title='bbox 3347 2879 3452 2936; x_wconf 86' lang='lat' dir='ltr'>pro</span> <span class='ocrx_word' id='word_1_438' title='bbox 3479 2861 3716 2916; x_wconf 86' lang='lat' dir='ltr'>tristitia</span> 
     </span>
    </p>
   </div>
   <div class='ocr_carea' id='block_1_59' title="bbox 388 2945 3713 3046">
    <p class='ocr_par' dir='ltr' id='par_1_59' title="bbox 388 2945 3713 3046">
     <span class='ocr_line' id='line_1_59' title="bbox 388 2945 3713 3046; baseline 0.002 -48"><span class='ocrx_word' id='word_1_439' title='bbox 388 2945 541 3042; x_wconf 71' lang='lat' dir='ltr'>estis,</span> <span class='ocrx_word' id='word_1_440' title='bbox 574 2945 813 3046; x_wconf 48' lang='lat' dir='ltr'>adorata,</span> <span class='ocrx_word' id='word_1_441' title='bbox 838 2947 898 3002; x_wconf 92' lang='lat' dir='ltr'>id</span> <span class='ocrx_word' id='word_1_442' title='bbox 918 2951 1004 3003; x_wconf 93' lang='lat' dir='ltr'>est</span> <span class='ocrx_word' id='word_1_443' title='bbox 1033 2967 1263 3006; x_wconf 89' lang='lat' dir='ltr'>summo</span> <span class='ocrx_word' id='word_1_444' title='bbox 1286 2956 1343 3008; x_wconf 89' lang='lat' dir='ltr'>ct</span> <span class='ocrx_word' id='word_1_445' title='bbox 1375 2953 1606 3025; x_wconf 89' lang='lat' dir='ltr'>speciali</span> <span class='ocrx_word' id='word_1_446' title='bbox 1647 2956 1802 3010; x_wconf 90' lang='lat' dir='ltr'>cultu</span> <span class='ocrx_word' id='word_1_447' title='bbox 1831 2972 2001 3010; x_wconf 87' lang='lat' dir='ltr'>vene-</span> <span class='ocrx_word' id='word_1_448' title='bbox 2037 2988 2085 3046; x_wconf 68' lang='grc' dir='ltr'>Ο</span> <span class='ocrx_word' id='word_1_449' title='bbox 2103 2968 2277 3024; x_wconf 90' lang='lat' dir='ltr'>quam</span> <span class='ocrx_word' id='word_1_450' title='bbox 2304 2952 2392 3006; x_wconf 90' lang='lat' dir='ltr'>hic</span> <span class='ocrx_word' id='word_1_451' title='bbox 2413 2951 2729 3023; x_wconf 90' lang='lat' dir='ltr'>patientur,</span> <span class='ocrx_word' id='word_1_452' title='bbox 2747 2952 2965 3006; x_wconf 89' lang='lat' dir='ltr'>orietur</span> <span class='ocrx_word' id='word_1_453' title='bbox 2978 2953 3056 3007; x_wconf 91' lang='lat' dir='ltr'>eis</span> <span class='ocrx_word' id='word_1_454' title='bbox 3076 2951 3136 3006; x_wconf 91' lang='lat' dir='ltr'>in</span> <span class='ocrx_word' id='word_1_455' title='bbox 3158 2951 3349 3006; x_wconf 92' lang='lat' dir='ltr'>futuro</span> <span class='ocrx_word' id='word_1_456' title='bbox 3362 2948 3713 3005; x_wconf 65' lang='lat' dir='ltr'>laetitiabea-</span> 
     </span>
    </p>
   </div>
   <div class='ocr_carea' id='block_1_60' title="bbox 385 3035 3712 3114">
    <p class='ocr_par' dir='ltr' id='par_1_60' title="bbox 385 3035 3712 3114">
     <span class='ocr_line' id='line_1_60' title="bbox 385 3035 3712 3114; baseline 0.002 -29"><span class='ocrx_word' id='word_1_457' title='bbox 385 3035 926 3090; x_wconf 89' lang='lat' dir='ltr'>raminiDominum</span> <span class='ocrx_word' id='word_1_458' title='bbox 941 3036 1401 3096; x_wconf 88' lang='lat' dir='ltr'>Christum.Dico</span> <span class='ocrx_word' id='word_1_459' title='bbox 1432 3042 1587 3112; x_wconf 89' lang='lat' dir='ltr'>quod</span> <span class='ocrx_word' id='word_1_460' title='bbox 1623 3044 1822 3114; x_wconf 88' lang='lat' dir='ltr'>populi</span> <span class='ocrx_word' id='word_1_461' title='bbox 1848 3043 2001 3098; x_wconf 91' lang='lat' dir='ltr'>vide-</span> <span class='ocrx_word' id='word_1_462' title='bbox 2042 3035 2362 3096; x_wconf 53' lang='lat' dir='ltr'>&quot;titudinis</span> <span class='ocrx_word' id='word_1_463' title='bbox 2375 3041 2798 3114; x_wconf 43' lang='lat' dir='ltr'>asterpagiuxta</span> <span class='ocrx_word' id='word_1_464' title='bbox 2819 3040 2960 3094; x_wconf 91' lang='lat' dir='ltr'>illud</span> <span class='ocrx_word' id='word_1_465' title='bbox 2983 3039 3423 3095; x_wconf 75' lang='lat' dir='ltr'>Dominicumzu</span> <span class='ocrx_word' id='word_1_466' title='bbox 3437 3038 3596 3092; x_wconf 85' lang='lat' dir='ltr'>Beati</span> <span class='ocrx_word' id='word_1_467' title='bbox 3612 3036 3712 3108; x_wconf 85' lang='lat' dir='ltr'>qui</span> 
     </span>
    </p>
   </div>
   <div class='ocr_carea' id='block_1_61' title="bbox 387 3111 3708 3198">
    <p class='ocr_par' dir='ltr' id='par_1_61' title="bbox 387 3111 3708 3198">
     <span class='ocr_line' id='line_1_61' title="bbox 387 3111 3708 3198; baseline -0.001 -24"><span class='ocrx_word' id='word_1_468' title='bbox 387 3119 536 3175; x_wconf 89' lang='lat' dir='ltr'>bunt</span> <span class='ocrx_word' id='word_1_469' title='bbox 559 3122 806 3192; x_wconf 89' lang='lat' dir='ltr'>gloriam</span> <span class='ocrx_word' id='word_1_470' title='bbox 838 3124 991 3194; x_wconf 90' lang='lat' dir='ltr'>ejus;</span> <span class='ocrx_word' id='word_1_471' title='bbox 1023 3126 1131 3180; x_wconf 92' lang='lat' dir='ltr'>hoc</span> <span class='ocrx_word' id='word_1_472' title='bbox 1153 3131 1346 3183; x_wconf 89' lang='lat' dir='ltr'>autem</span> <span class='ocrx_word' id='word_1_473' title='bbox 1380 3111 1605 3196; x_wconf 77' lang='lat' dir='ltr'>audivit,</span> <span class='ocrx_word' id='word_1_474' title='bbox 1623 3111 1791 3185; x_wconf 79' lang='lat' dir='ltr'>idest</span> <span class='ocrx_word' id='word_1_475' title='bbox 1810 3132 2004 3186; x_wconf 88' lang='lat' dir='ltr'>audiet</span> <span class='ocrx_word' id='word_1_476' title='bbox 2102 3146 2256 3185; x_wconf 88' lang='lat' dir='ltr'>nunc</span> <span class='ocrx_word' id='word_1_477' title='bbox 2287 3128 2458 3196; x_wconf 86' lang='lat' dir='ltr'>ﬂetis,</span> <span class='ocrx_word' id='word_1_478' title='bbox 2723 3126 2856 3198; x_wconf 89' lang='lat' dir='ltr'>quia</span> <span class='ocrx_word' id='word_1_479' title='bbox 2905 3125 3165 3181; x_wconf 90' lang='lat' dir='ltr'>ridebitis</span> <span class='ocrx_word' id='word_1_480' title='bbox 3216 3123 3436 3196; x_wconf 70' lang='lat' dir='ltr'>(Matt/1.</span> <span class='ocrx_word' id='word_1_481' title='bbox 3476 3140 3535 3185; x_wconf 76' lang='grc' dir='ltr'>γ,</span> <span class='ocrx_word' id='word_1_482' title='bbox 3566 3123 3645 3195; x_wconf 84' lang='grc'>5).</span> <span class='ocrx_word' id='word_1_483' title='bbox 3681 3143 3708 3171; x_wconf 76' lang='grc' dir='ltr'>ι)</span> 
     </span>
    </p>
   </div>
   <div class='ocr_carea' id='block_1_62' title="bbox 381 3207 3708 3288">
    <p class='ocr_par' dir='ltr' id='par_1_62' title="bbox 381 3207 3708 3288">
     <span class='ocr_line' id='line_1_62' title="bbox 381 3207 3708 3288; baseline 0.001 -26"><span class='ocrx_word' id='word_1_484' title='bbox 381 3207 539 3276; x_wconf 86' lang='lat' dir='ltr'>Sion,</span> <span class='ocrx_word' id='word_1_485' title='bbox 589 3217 637 3262; x_wconf 88' lang='lat' dir='ltr'>et</span> <span class='ocrx_word' id='word_1_486' title='bbox 667 3211 843 3265; x_wconf 65' lang='lat' dir='ltr'>laetata</span> <span class='ocrx_word' id='word_1_487' title='bbox 869 3218 962 3280; x_wconf 84' lang='lat' dir='ltr'>est,</span> <span class='ocrx_word' id='word_1_488' title='bbox 993 3212 1052 3267; x_wconf 95' lang='lat' dir='ltr'>id</span> <span class='ocrx_word' id='word_1_489' title='bbox 1079 3217 1163 3268; x_wconf 91' lang='lat' dir='ltr'>est</span> <span class='ocrx_word' id='word_1_490' title='bbox 1182 3215 1488 3270; x_wconf 67' lang='lat' dir='ltr'>laetabitur.</span> <span class='ocrx_word' id='word_1_491' title='bbox 1538 3217 1680 3280; x_wconf 89' lang='lat' dir='ltr'>Quia</span> <span class='ocrx_word' id='word_1_492' title='bbox 1709 3235 1841 3273; x_wconf 91' lang='lat' dir='ltr'>vero</span> <span class='ocrx_word' id='word_1_493' title='bbox 1865 3219 2001 3275; x_wconf 89' lang='lat' dir='ltr'>Sion</span> <span class='ocrx_word' id='word_1_494' title='bbox 2102 3218 2250 3288; x_wconf 90' lang='lat' dir='ltr'>Ergo</span> <span class='ocrx_word' id='word_1_495' title='bbox 2264 3215 2501 3288; x_wconf 78' lang='lat' dir='ltr'>quialux</span> <span class='ocrx_word' id='word_1_496' title='bbox 2530 3219 2588 3270; x_wconf 90' lang='lat' dir='ltr'>et</span> <span class='ocrx_word' id='word_1_497' title='bbox 2606 3216 2793 3269; x_wconf 70' lang='lat' dir='ltr'>laetitia</span> <span class='ocrx_word' id='word_1_498' title='bbox 2812 3214 2983 3285; x_wconf 86' lang='lat' dir='ltr'>justis</span> <span class='ocrx_word' id='word_1_499' title='bbox 3013 3213 3253 3280; x_wconf 87' lang='lat' dir='ltr'>orietur,</span> <span class='ocrx_word' id='word_1_500' title='bbox 3287 3211 3465 3267; x_wconf 90' lang='lat' dir='ltr'>nolite</span> <span class='ocrx_word' id='word_1_501' title='bbox 3495 3211 3555 3264; x_wconf 91' lang='lat' dir='ltr'>in</span> <span class='ocrx_word' id='word_1_502' title='bbox 3603 3210 3708 3264; x_wconf 86' lang='lat' dir='ltr'>tri-</span> 
     </span>
    </p>
   </div>
   <div class='ocr_carea' id='block_1_63' title="bbox 386 3298 1998 3376">
    <p class='ocr_par' dir='ltr' id='par_1_63' title="bbox 386 3298 1998 3376">
     <span class='ocr_line' id='line_1_63' title="bbox 386 3298 1998 3376; baseline 0.007 -25"><span class='ocrx_word' id='word_1_503' title='bbox 386 3298 645 3368; x_wconf 89' lang='lat' dir='ltr'>ponitur,</span> <span class='ocrx_word' id='word_1_504' title='bbox 670 3301 727 3352; x_wconf 91' lang='lat' dir='ltr'>et</span> <span class='ocrx_word' id='word_1_505' title='bbox 749 3316 852 3370; x_wconf 89' lang='lat' dir='ltr'>pro</span> <span class='ocrx_word' id='word_1_506' title='bbox 885 3300 1146 3356; x_wconf 89' lang='lat' dir='ltr'>ﬁdelibus</span> <span class='ocrx_word' id='word_1_507' title='bbox 1175 3303 1384 3359; x_wconf 62' lang='lat' dir='ltr'>Iudaeis</span> <span class='ocrx_word' id='word_1_508' title='bbox 1413 3308 1470 3358; x_wconf 91' lang='lat' dir='ltr'>et</span> <span class='ocrx_word' id='word_1_509' title='bbox 1501 3323 1605 3376; x_wconf 94' lang='lat' dir='ltr'>pro</span> <span class='ocrx_word' id='word_1_510' title='bbox 1647 3307 1998 3376; x_wconf 84' lang='lat' dir='ltr'>inﬁdelibus,</span> 
     </span>
    </p>
   </div>
   <div class='ocr_carea' id='block_1_64' title="bbox 389 3385 2002 3466">
    <p class='ocr_par' dir='ltr' id='par_1_64' title="bbox 389 3385 2002 3466">
     <span class='ocr_line' id='line_1_64' title="bbox 389 3385 2002 3466; baseline 0.009 -28"><span class='ocrx_word' id='word_1_511' title='bbox 389 3385 742 3441; x_wconf 89' lang='lat' dir='ltr'>determinat</span> <span class='ocrx_word' id='word_1_512' title='bbox 762 3387 832 3442; x_wconf 89' lang='lat' dir='ltr'>de</span> <span class='ocrx_word' id='word_1_513' title='bbox 853 3405 965 3459; x_wconf 88' lang='lat' dir='ltr'>qua</span> <span class='ocrx_word' id='word_1_514' title='bbox 978 3389 1113 3444; x_wconf 92' lang='lat' dir='ltr'>Sion</span> <span class='ocrx_word' id='word_1_515' title='bbox 1129 3391 1298 3458; x_wconf 89' lang='lat' dir='ltr'>dicat,</span> <span class='ocrx_word' id='word_1_516' title='bbox 1315 3391 1419 3446; x_wconf 87' lang='lat' dir='ltr'>sic:</span> <span class='ocrx_word' id='word_1_517' title='bbox 1440 3393 1576 3448; x_wconf 93' lang='lat' dir='ltr'>Dico</span> <span class='ocrx_word' id='word_1_518' title='bbox 1603 3394 1758 3466; x_wconf 87' lang='lat' dir='ltr'>quod</span> <span class='ocrx_word' id='word_1_519' title='bbox 1787 3396 2002 3452; x_wconf 58' lang='lat' dir='ltr'>laetabi-</span> 
     </span>
    </p>
   </div>
   <div class='ocr_carea' id='block_1_65' title="bbox 390 3473 1994 3554">
    <p class='ocr_par' dir='ltr' id='par_1_65' title="bbox 390 3473 1994 3554">
     <span class='ocr_line' id='line_1_65' title="bbox 390 3473 1994 3554; baseline 0.009 -27"><span class='ocrx_word' id='word_1_520' title='bbox 390 3475 488 3528; x_wconf 88' lang='lat' dir='ltr'>tur</span> <span class='ocrx_word' id='word_1_521' title='bbox 513 3473 672 3543; x_wconf 90' lang='lat' dir='ltr'>Sion,</span> <span class='ocrx_word' id='word_1_522' title='bbox 701 3482 771 3542; x_wconf 87' lang='lat' dir='ltr'>et,</span> <span class='ocrx_word' id='word_1_523' title='bbox 800 3475 861 3531; x_wconf 92' lang='lat' dir='ltr'>id</span> <span class='ocrx_word' id='word_1_524' title='bbox 893 3479 978 3531; x_wconf 89' lang='lat' dir='ltr'>est</span> <span class='ocrx_word' id='word_1_525' title='bbox 1005 3477 1217 3533; x_wconf 89' lang='lat' dir='ltr'>scilicet</span> <span class='ocrx_word' id='word_1_526' title='bbox 1241 3480 1632 3538; x_wconf 75' lang='lat' dir='ltr'>exsultaverunt</span> <span class='ocrx_word' id='word_1_527' title='bbox 1658 3483 1788 3554; x_wconf 52' lang='lat' dir='ltr'>ﬁlia,</span> <span class='ocrx_word' id='word_1_528' title='bbox 1816 3485 1994 3542; x_wconf 73' lang='lat' dir='ltr'>Judae.</span> 
     </span>
    </p>
   </div>
   <div class='ocr_carea' id='block_1_66' title="bbox 389 3558 1997 3641">
    <p class='ocr_par' dir='ltr' id='par_1_66' title="bbox 389 3558 1997 3641">
     <span class='ocr_line' id='line_1_66' title="bbox 389 3558 1997 3641; baseline 0.008 -25"><span class='ocrx_word' id='word_1_529' title='bbox 389 3558 451 3616; x_wconf 90' lang='lat' dir='ltr'>id</span> <span class='ocrx_word' id='word_1_530' title='bbox 474 3562 562 3616; x_wconf 90' lang='lat' dir='ltr'>est</span> <span class='ocrx_word' id='word_1_531' title='bbox 595 3564 958 3619; x_wconf 78' lang='lat' dir='ltr'>exsultabant</span> <span class='ocrx_word' id='word_1_532' title='bbox 973 3565 1042 3620; x_wconf 91' lang='lat' dir='ltr'>de</span> <span class='ocrx_word' id='word_1_533' title='bbox 1087 3565 1199 3622; x_wconf 89' lang='lat' dir='ltr'>ﬁde</span> <span class='ocrx_word' id='word_1_534' title='bbox 1231 3570 1579 3641; x_wconf 89' lang='lat' dir='ltr'>populorum</span> <span class='ocrx_word' id='word_1_535' title='bbox 1619 3571 1748 3627; x_wconf 69' lang='lat' dir='ltr'>ﬁlia:</span> <span class='ocrx_word' id='word_1_536' title='bbox 1774 3573 1997 3628; x_wconf 88' lang='lat' dir='ltr'>confes-</span> 
     </span>
    </p>
   </div>
   <div class='ocr_carea' id='block_1_67' title="bbox 389 3649 1994 3728">
    <p class='ocr_par' dir='ltr' id='par_1_67' title="bbox 389 3649 1994 3728">
     <span class='ocr_line' id='line_1_67' title="bbox 389 3649 1994 3728; baseline 0.009 -24"><span class='ocrx_word' id='word_1_537' title='bbox 389 3649 585 3718; x_wconf 86' lang='lat' dir='ltr'>sionis,</span> <span class='ocrx_word' id='word_1_538' title='bbox 619 3651 831 3707; x_wconf 90' lang='lat' dir='ltr'>scilicet</span> <span class='ocrx_word' id='word_1_539' title='bbox 854 3653 1051 3708; x_wconf 92' lang='lat' dir='ltr'>ﬁdeles</span> <span class='ocrx_word' id='word_1_540' title='bbox 1070 3656 1347 3726; x_wconf 91' lang='lat' dir='ltr'>primitivi</span> <span class='ocrx_word' id='word_1_541' title='bbox 1362 3658 1430 3712; x_wconf 92' lang='lat' dir='ltr'>de</span> <span class='ocrx_word' id='word_1_542' title='bbox 1456 3658 1685 3728; x_wconf 70' lang='lat' dir='ltr'>Judaeis,</span> <span class='ocrx_word' id='word_1_543' title='bbox 1706 3661 1994 3718; x_wconf 88' lang='lat' dir='ltr'>confesso-</span> 
     </span>
    </p>
   </div>
   <div class='ocr_carea' id='block_1_68' title="bbox 387 3739 1999 3812">
    <p class='ocr_par' dir='ltr' id='par_1_68' title="bbox 387 3739 1999 3812">
     <span class='ocr_line' id='line_1_68' title="bbox 387 3739 1999 3812; baseline 0.007 -20"><span class='ocrx_word' id='word_1_544' title='bbox 387 3754 480 3793; x_wconf 91' lang='lat' dir='ltr'>res</span> <span class='ocrx_word' id='word_1_545' title='bbox 493 3739 743 3795; x_wconf 91' lang='lat' dir='ltr'>nominis</span> <span class='ocrx_word' id='word_1_546' title='bbox 770 3740 870 3796; x_wconf 92' lang='lat' dir='ltr'>Dei</span> <span class='ocrx_word' id='word_1_547' title='bbox 900 3741 960 3796; x_wconf 89' lang='lat' dir='ltr'>in</span> <span class='ocrx_word' id='word_1_548' title='bbox 989 3743 1319 3812; x_wconf 86' lang='lat' dir='ltr'>manifesto,</span> <span class='ocrx_word' id='word_1_549' title='bbox 1354 3763 1471 3801; x_wconf 92' lang='lat' dir='ltr'>non</span> <span class='ocrx_word' id='word_1_550' title='bbox 1490 3747 1999 3804; x_wconf 90' lang='lat' dir='ltr'>deﬁcientesintri-</span> 
     </span>
    </p>
   </div>
   <div class='ocr_carea' id='block_1_69' title="bbox 387 3825 1992 3905">
    <p class='ocr_par' dir='ltr' id='par_1_69' title="bbox 387 3825 1992 3905">
     <span class='ocr_line' id='line_1_69' title="bbox 387 3825 1992 3905; baseline 0.007 -25"><span class='ocrx_word' id='word_1_551' title='bbox 387 3825 809 3898; x_wconf 88' lang='lat' dir='ltr'>bulationibus;</span> <span class='ocrx_word' id='word_1_552' title='bbox 834 3829 930 3901; x_wconf 89' lang='lat' dir='ltr'>qui</span> <span class='ocrx_word' id='word_1_553' title='bbox 961 3847 1216 3904; x_wconf 88' lang='lat' dir='ltr'>congrue</span> <span class='ocrx_word' id='word_1_554' title='bbox 1239 3833 1537 3889; x_wconf 56' lang='lat' dir='ltr'>feminina;</span> <span class='ocrx_word' id='word_1_555' title='bbox 1555 3835 1685 3890; x_wconf 67' lang='lat' dir='ltr'>ﬁliae</span> <span class='ocrx_word' id='word_1_556' title='bbox 1706 3836 1992 3905; x_wconf 89' lang='lat' dir='ltr'>dicuntur,</span> 
     </span>
    </p>
   </div>
   <div class='ocr_carea' id='block_1_70' title="bbox 386 3915 1998 3997">
    <p class='ocr_par' dir='ltr' id='par_1_70' title="bbox 386 3915 1998 3997">
     <span class='ocr_line' id='line_1_70' title="bbox 386 3915 1998 3997; baseline 0.007 -29"><span class='ocrx_word' id='word_1_557' title='bbox 386 3925 456 3969; x_wconf 86' lang='lat' dir='ltr'>eo</span> <span class='ocrx_word' id='word_1_558' title='bbox 474 3915 629 3987; x_wconf 87' lang='lat' dir='ltr'>quod</span> <span class='ocrx_word' id='word_1_559' title='bbox 658 3915 717 3970; x_wconf 93' lang='lat' dir='ltr'>in</span> <span class='ocrx_word' id='word_1_560' title='bbox 737 3917 892 3972; x_wconf 87' lang='lat' dir='ltr'>cultu</span> <span class='ocrx_word' id='word_1_561' title='bbox 920 3917 1194 3974; x_wconf 87' lang='lat' dir='ltr'>virtutum</span> <span class='ocrx_word' id='word_1_562' title='bbox 1222 3920 1336 3974; x_wconf 88' lang='lat' dir='ltr'>sint</span> <span class='ocrx_word' id='word_1_563' title='bbox 1359 3922 1752 3991; x_wconf 89' lang='lat' dir='ltr'>pulcherrimi.</span> <span class='ocrx_word' id='word_1_564' title='bbox 1771 3924 1998 3997; x_wconf 85' lang='lat' dir='ltr'>Specio-</span> 
     </span>
    </p>
   </div>
   <div class='ocr_carea' id='block_1_71' title="bbox 387 4000 1994 4080">
    <p class='ocr_par' dir='ltr' id='par_1_71' title="bbox 387 4000 1994 4080">
     <span class='ocr_line' id='line_1_71' title="bbox 387 4000 1994 4080; baseline 0.008 -25"><span class='ocrx_word' id='word_1_565' title='bbox 387 4000 506 4056; x_wconf 87' lang='lat' dir='ltr'>sior</span> <span class='ocrx_word' id='word_1_566' title='bbox 533 4003 692 4058; x_wconf 91' lang='lat' dir='ltr'>enim</span> <span class='ocrx_word' id='word_1_567' title='bbox 722 4006 903 4059; x_wconf 88' lang='lat' dir='ltr'>cultus</span> <span class='ocrx_word' id='word_1_568' title='bbox 928 4009 1014 4060; x_wconf 89' lang='lat' dir='ltr'>est</span> <span class='ocrx_word' id='word_1_569' title='bbox 1029 4007 1279 4062; x_wconf 90' lang='lat' dir='ltr'>ﬁliarum</span> <span class='ocrx_word' id='word_1_570' title='bbox 1307 4025 1480 4080; x_wconf 90' lang='lat' dir='ltr'>quam</span> <span class='ocrx_word' id='word_1_571' title='bbox 1500 4010 1770 4066; x_wconf 89' lang='lat' dir='ltr'>ﬁliorum.</span> <span class='ocrx_word' id='word_1_572' title='bbox 1786 4013 1994 4068; x_wconf 90' lang='lat' dir='ltr'>Dicun-</span> 
     </span>
    </p>
   </div>
   <div class='ocr_carea' id='block_1_72' title="bbox 383 4090 1994 4166">
    <p class='ocr_par' dir='ltr' id='par_1_72' title="bbox 383 4090 1994 4166">
     <span class='ocr_line' id='line_1_72' title="bbox 383 4090 1994 4166; baseline 0.007 -23"><span class='ocrx_word' id='word_1_573' title='bbox 383 4090 482 4144; x_wconf 83' lang='lat' dir='ltr'>tur</span> <span class='ocrx_word' id='word_1_574' title='bbox 508 4107 735 4162; x_wconf 89' lang='lat' dir='ltr'>quoque</span> <span class='ocrx_word' id='word_1_575' title='bbox 764 4091 920 4160; x_wconf 71' lang='lat' dir='ltr'>ﬁliae,</span> <span class='ocrx_word' id='word_1_576' title='bbox 954 4110 1023 4148; x_wconf 92' lang='lat' dir='ltr'>eo</span> <span class='ocrx_word' id='word_1_577' title='bbox 1074 4095 1230 4166; x_wconf 89' lang='lat' dir='ltr'>quod</span> <span class='ocrx_word' id='word_1_578' title='bbox 1257 4096 1477 4151; x_wconf 87' lang='lat' dir='ltr'>habiles</span> <span class='ocrx_word' id='word_1_579' title='bbox 1498 4098 1611 4152; x_wconf 90' lang='lat' dir='ltr'>sint</span> <span class='ocrx_word' id='word_1_580' title='bbox 1649 4099 1723 4154; x_wconf 87' lang='lat' dir='ltr'>ad</span> <span class='ocrx_word' id='word_1_581' title='bbox 1764 4101 1905 4155; x_wconf 90' lang='lat' dir='ltr'>alios</span> <span class='ocrx_word' id='word_1_582' title='bbox 1935 4101 1994 4155; x_wconf 91' lang='lat' dir='ltr'>in</span> 
     </span>
    </p>
   </div>
   <div class='ocr_carea' id='block_1_73' title="bbox 385 4177 1992 4258">
    <p class='ocr_par' dir='ltr' id='par_1_73' title="bbox 385 4177 1992 4258">
     <span class='ocr_line' id='line_1_73' title="bbox 385 4177 1992 4258; baseline 0.009 -28"><span class='ocrx_word' id='word_1_583' title='bbox 385 4177 504 4231; x_wconf 84' lang='lat' dir='ltr'>ﬁde</span> <span class='ocrx_word' id='word_1_584' title='bbox 533 4179 956 4249; x_wconf 90' lang='lat' dir='ltr'>generandum,</span> <span class='ocrx_word' id='word_1_585' title='bbox 986 4180 1130 4236; x_wconf 90' lang='lat' dir='ltr'>sicut</span> <span class='ocrx_word' id='word_1_586' title='bbox 1171 4182 1303 4237; x_wconf 74' lang='lat' dir='ltr'>ﬁliae</span> <span class='ocrx_word' id='word_1_587' title='bbox 1334 4183 1408 4238; x_wconf 91' lang='lat' dir='ltr'>ad</span> <span class='ocrx_word' id='word_1_588' title='bbox 1450 4184 1594 4241; x_wconf 90' lang='lat' dir='ltr'>ﬁlios</span> <span class='ocrx_word' id='word_1_589' title='bbox 1624 4187 1992 4258; x_wconf 89' lang='lat' dir='ltr'>pariendum.</span> 
     </span>
    </p>
   </div>
   <div class='ocr_carea' id='block_1_74' title="bbox 2101 3298 3712 3373">
    <p class='ocr_par' dir='ltr' id='par_1_74' title="bbox 2101 3298 3712 3373">
     <span class='ocr_line' id='line_1_74' title="bbox 2101 3298 3712 3373; baseline -0.004 -14"><span class='ocrx_word' id='word_1_590' title='bbox 2101 3303 2488 3360; x_wconf 88' lang='lat' dir='ltr'>bulationibus</span> <span class='ocrx_word' id='word_1_591' title='bbox 2517 3303 2720 3358; x_wconf 90' lang='lat' dir='ltr'>cedere</span> <span class='ocrx_word' id='word_1_592' title='bbox 2751 3306 2809 3357; x_wconf 91' lang='lat' dir='ltr'>et</span> <span class='ocrx_word' id='word_1_593' title='bbox 2838 3301 3189 3368; x_wconf 89' lang='lat' dir='ltr'>contristari,</span> <span class='ocrx_word' id='word_1_594' title='bbox 3230 3300 3329 3355; x_wconf 91' lang='lat' dir='ltr'>sed</span> <span class='ocrx_word' id='word_1_595' title='bbox 3354 3298 3543 3373; x_wconf 86' lang='lat' dir='ltr'>potius</span> <span class='ocrx_word' id='word_1_596' title='bbox 3563 3299 3712 3355; x_wconf 67' lang='lat' dir='ltr'>laeta-</span> 
     </span>
    </p>
   </div>
   <div class='ocr_carea' id='block_1_75' title="bbox 2101 3386 3710 3462">
    <p class='ocr_par' dir='ltr' id='par_1_75' title="bbox 2101 3386 3710 3462">
     <span class='ocr_line' id='line_1_75' title="bbox 2101 3386 3710 3462; baseline -0.003 -16"><span class='ocrx_word' id='word_1_597' title='bbox 2101 3394 2239 3446; x_wconf 86' lang='lat' dir='ltr'>minz&#39;</span> <span class='ocrx_word' id='word_1_598' title='bbox 2259 3391 2395 3462; x_wconf 84' lang='lat' dir='ltr'>justi</span> <span class='ocrx_word' id='word_1_599' title='bbox 2421 3393 2476 3444; x_wconf 87' lang='lat' dir='ltr'>in</span> <span class='ocrx_word' id='word_1_600' title='bbox 2507 3390 2758 3456; x_wconf 88' lang='lat' dir='ltr'>Domino,</span> <span class='ocrx_word' id='word_1_601' title='bbox 2792 3389 2851 3444; x_wconf 91' lang='lat' dir='ltr'>id</span> <span class='ocrx_word' id='word_1_602' title='bbox 2885 3393 2969 3444; x_wconf 89' lang='lat' dir='ltr'>est</span> <span class='ocrx_word' id='word_1_603' title='bbox 2998 3388 3197 3444; x_wconf 87' lang='lat' dir='ltr'>nonin</span> <span class='ocrx_word' id='word_1_604' title='bbox 3230 3387 3416 3453; x_wconf 88' lang='lat' dir='ltr'>malis,</span> <span class='ocrx_word' id='word_1_605' title='bbox 3435 3386 3710 3442; x_wconf 87' lang='lat' dir='ltr'>sedinbis</span> 
     </span>
    </p>
   </div>
   <div class='ocr_carea' id='block_1_76' title="bbox 2101 3474 3711 3552">
    <p class='ocr_par' dir='ltr' id='par_1_76' title="bbox 2101 3474 3711 3552">
     <span class='ocr_line' id='line_1_76' title="bbox 2101 3474 3711 3552; baseline -0.003 -17"><span class='ocrx_word' id='word_1_606' title='bbox 2101 3497 2227 3552; x_wconf 66' lang='lat' dir='ltr'>quae</span> <span class='ocrx_word' id='word_1_607' title='bbox 2251 3484 2386 3534; x_wconf 88' lang='lat' dir='ltr'>sunt</span> <span class='ocrx_word' id='word_1_608' title='bbox 2414 3479 2666 3546; x_wconf 91' lang='lat' dir='ltr'>Domini,</span> <span class='ocrx_word' id='word_1_609' title='bbox 2701 3478 2986 3534; x_wconf 90' lang='lat' dir='ltr'>scilicetin</span> <span class='ocrx_word' id='word_1_610' title='bbox 3009 3477 3314 3532; x_wconf 87' lang='lat' dir='ltr'>virtutibus</span> <span class='ocrx_word' id='word_1_611' title='bbox 3326 3479 3384 3532; x_wconf 88' lang='lat' dir='ltr'>et</span> <span class='ocrx_word' id='word_1_612' title='bbox 3398 3474 3562 3531; x_wconf 90' lang='lat' dir='ltr'>bonis</span> <span class='ocrx_word' id='word_1_613' title='bbox 3574 3492 3711 3547; x_wconf 86' lang='lat' dir='ltr'>ope-</span> 
     </span>
    </p>
   </div>
   <div class='ocr_carea' id='block_1_77' title="bbox 2097 3565 3712 3636">
    <p class='ocr_par' dir='ltr' id='par_1_77' title="bbox 2097 3565 3712 3636">
     <span class='ocr_line' id='line_1_77' title="bbox 2097 3565 3712 3636; baseline -0.004 -14"><span class='ocrx_word' id='word_1_614' title='bbox 2097 3568 2273 3623; x_wconf 87' lang='lat' dir='ltr'>ribus.</span> <span class='ocrx_word' id='word_1_615' title='bbox 2308 3567 2384 3622; x_wconf 87' lang='lat' dir='ltr'>Et</span> <span class='ocrx_word' id='word_1_616' title='bbox 2413 3568 2738 3636; x_wconf 78' lang='lat' dir='ltr'>conﬁtemini</span> <span class='ocrx_word' id='word_1_617' title='bbox 2777 3566 3012 3622; x_wconf 89' lang='lat' dir='ltr'>laudem</span> <span class='ocrx_word' id='word_1_618' title='bbox 3043 3567 3311 3620; x_wconf 64' lang='lat' dir='ltr'>memoriae</span> <span class='ocrx_word' id='word_1_619' title='bbox 3335 3565 3712 3632; x_wconf 77' lang='lat' dir='ltr'>sanctiﬁcatio-</span> 
     </span>
    </p>
   </div>
   <div class='ocr_carea' id='block_1_78' title="bbox 2097 3653 3705 3727">
    <p class='ocr_par' dir='ltr' id='par_1_78' title="bbox 2097 3653 3705 3727">
     <span class='ocr_line' id='line_1_78' title="bbox 2097 3653 3705 3727; baseline -0.002 -17"><span class='ocrx_word' id='word_1_620' title='bbox 2097 3659 2177 3710; x_wconf 86' lang='lat' dir='ltr'>nis</span> <span class='ocrx_word' id='word_1_621' title='bbox 2206 3657 2338 3727; x_wconf 86' lang='lat' dir='ltr'>ejus,</span> <span class='ocrx_word' id='word_1_622' title='bbox 2371 3656 2428 3711; x_wconf 88' lang='lat' dir='ltr'>id</span> <span class='ocrx_word' id='word_1_623' title='bbox 2453 3659 2537 3711; x_wconf 87' lang='lat' dir='ltr'>est</span> <span class='ocrx_word' id='word_1_624' title='bbox 2561 3656 2789 3710; x_wconf 90' lang='lat' dir='ltr'>laudate</span> <span class='ocrx_word' id='word_1_625' title='bbox 2823 3671 2953 3709; x_wconf 89' lang='lat' dir='ltr'>cum</span> <span class='ocrx_word' id='word_1_626' title='bbox 2985 3653 3178 3721; x_wconf 89' lang='lat' dir='ltr'>corde,</span> <span class='ocrx_word' id='word_1_627' title='bbox 3211 3669 3366 3720; x_wconf 86' lang='lat' dir='ltr'>voce,</span> <span class='ocrx_word' id='word_1_628' title='bbox 3407 3655 3466 3706; x_wconf 92' lang='lat' dir='ltr'>et</span> <span class='ocrx_word' id='word_1_629' title='bbox 3505 3668 3705 3725; x_wconf 88' lang='lat' dir='ltr'>opere,</span> 
     </span>
    </p>
   </div>
   <div class='ocr_carea' id='block_1_79' title="bbox 2098 3740 3706 3816">
    <p class='ocr_par' dir='ltr' id='par_1_79' title="bbox 2098 3740 3706 3816">
     <span class='ocr_line' id='line_1_79' title="bbox 2098 3740 3706 3816; baseline -0.004 -16"><span class='ocrx_word' id='word_1_630' title='bbox 2098 3745 2168 3800; x_wconf 90' lang='lat' dir='ltr'>de</span> <span class='ocrx_word' id='word_1_631' title='bbox 2197 3745 2307 3800; x_wconf 89' lang='lat' dir='ltr'>hoc</span> <span class='ocrx_word' id='word_1_632' title='bbox 2338 3745 2492 3816; x_wconf 91' lang='lat' dir='ltr'>quod</span> <span class='ocrx_word' id='word_1_633' title='bbox 2522 3760 2752 3799; x_wconf 87' lang='lat' dir='ltr'>memor</span> <span class='ocrx_word' id='word_1_634' title='bbox 2790 3742 2902 3798; x_wconf 89' lang='lat' dir='ltr'>erit</span> <span class='ocrx_word' id='word_1_635' title='bbox 2929 3759 3030 3798; x_wconf 88' lang='lat' dir='ltr'>vos</span> <span class='ocrx_word' id='word_1_636' title='bbox 3069 3742 3444 3808; x_wconf 79' lang='lat' dir='ltr'>sanctiﬁcare,</span> <span class='ocrx_word' id='word_1_637' title='bbox 3477 3740 3574 3812; x_wconf 89' lang='lat' dir='ltr'>qui</span> <span class='ocrx_word' id='word_1_638' title='bbox 3607 3740 3706 3794; x_wconf 88' lang='lat' dir='ltr'>diu</span> 
     </span>
    </p>
   </div>
   <div class='ocr_carea' id='block_1_80' title="bbox 2094 3828 3705 3900">
    <p class='ocr_par' dir='ltr' id='par_1_80' title="bbox 2094 3828 3705 3900">
     <span class='ocr_line' id='line_1_80' title="bbox 2094 3828 3705 3900; baseline -0.002 -14"><span class='ocrx_word' id='word_1_639' title='bbox 2094 3831 2240 3886; x_wconf 86' lang='lat' dir='ltr'>visus</span> <span class='ocrx_word' id='word_1_640' title='bbox 2262 3836 2346 3885; x_wconf 89' lang='lat' dir='ltr'>est</span> <span class='ocrx_word' id='word_1_641' title='bbox 2373 3834 2625 3886; x_wconf 88' lang='lat' dir='ltr'>vestrum</span> <span class='ocrx_word' id='word_1_642' title='bbox 2655 3830 2715 3884; x_wconf 91' lang='lat' dir='ltr'>in</span> <span class='ocrx_word' id='word_1_643' title='bbox 2742 3830 3140 3885; x_wconf 89' lang='lat' dir='ltr'>incredulitate</span> <span class='ocrx_word' id='word_1_644' title='bbox 3171 3829 3512 3900; x_wconf 87' lang='lat' dir='ltr'>positorum,</span> <span class='ocrx_word' id='word_1_645' title='bbox 3545 3832 3604 3883; x_wconf 90' lang='lat' dir='ltr'>et</span> <span class='ocrx_word' id='word_1_646' title='bbox 3637 3828 3705 3883; x_wconf 82' lang='lat' dir='ltr'>in</span> 
     </span>
    </p>
   </div>
   <div class='ocr_carea' id='block_1_81' title="bbox 2094 3917 3093 3992">
    <p class='ocr_par' dir='ltr' id='par_1_81' title="bbox 2094 3917 3093 3992">
     <span class='ocr_line' id='line_1_81' title="bbox 2094 3917 3093 3992; baseline 0 -18"><span class='ocrx_word' id='word_1_647' title='bbox 2094 3923 2330 3992; x_wconf 87' lang='lat' dir='ltr'>peccato</span> <span class='ocrx_word' id='word_1_648' title='bbox 2363 3919 2631 3992; x_wconf 87' lang='lat' dir='ltr'>originali</span> <span class='ocrx_word' id='word_1_649' title='bbox 2663 3919 2872 3974; x_wconf 89' lang='lat' dir='ltr'>oblitus</span> <span class='ocrx_word' id='word_1_650' title='bbox 2900 3917 3093 3974; x_wconf 89' lang='lat' dir='ltr'>fuisse.</span> 
     </span>
    </p>
   </div>
   <div class='ocr_carea' id='block_1_82' title="bbox 2574 4005 3240 4062">
    <p class='ocr_par' dir='ltr' id='par_1_82' title="bbox 2574 4005 3240 4062">
     <span class='ocr_line' id='line_1_82' title="bbox 2574 4005 3240 4062; baseline -0.002 -2"><span class='ocrx_word' id='word_1_651' title='bbox 2574 4006 2642 4061; x_wconf 89' lang='grc' dir='ltr'>ΙΝ</span> <span class='ocrx_word' id='word_1_652' title='bbox 2683 4005 3004 4062; x_wconf 84' lang='lat' dir='ltr'>PSALMUM</span> <span class='ocrx_word' id='word_1_653' title='bbox 3040 4005 3240 4061; x_wconf 87' lang='lat' dir='ltr'>XCVII.</span> 
     </span>
    </p>
   </div>
   <div class='ocr_carea' id='block_1_83' title="bbox 2163 4091 3706 4167">
    <p class='ocr_par' dir='ltr' id='par_1_83' title="bbox 2163 4091 3706 4167">
     <span class='ocr_line' id='line_1_83' title="bbox 2163 4091 3706 4167; baseline -0.001 -17"><span class='ocrx_word' id='word_1_654' title='bbox 2163 4096 2378 4152; x_wconf 89' lang='lat' dir='ltr'>Titulus</span> <span class='ocrx_word' id='word_1_655' title='bbox 2408 4095 2771 4166; x_wconf 88' lang='lat' dir='ltr'>nonagesimi</span> <span class='ocrx_word' id='word_1_656' title='bbox 2795 4095 3043 4167; x_wconf 86' lang='lat' dir='ltr'>septimi.</span> <span class='ocrx_word' id='word_1_657' title='bbox 3067 4094 3317 4149; x_wconf 86' lang='lat' dir='ltr'>Psalmus</span> <span class='ocrx_word' id='word_1_658' title='bbox 3345 4091 3544 4160; x_wconf 81' lang='lat' dir='ltr'>David,</span> <span class='ocrx_word' id='word_1_659' title='bbox 3569 4095 3706 4149; x_wconf 90' lang='lat' dir='ltr'>Pro-</span> 
     </span>
    </p>
   </div>
   <div class='ocr_carea' id='block_1_84' title="bbox 2093 4182 3706 4257">
    <p class='ocr_par' dir='ltr' id='par_1_84' title="bbox 2093 4182 3706 4257">
     <span class='ocr_line' id='line_1_84' title="bbox 2093 4182 3706 4257; baseline -0.002 -17"><span class='ocrx_word' id='word_1_660' title='bbox 2093 4185 2304 4257; x_wconf 60' lang='lat' dir='ltr'>phetas,</span> <span class='ocrx_word' id='word_1_661' title='bbox 2322 4183 2682 4239; x_wconf 88' lang='lat' dir='ltr'>adhortantis</span> <span class='ocrx_word' id='word_1_662' title='bbox 2707 4200 2910 4238; x_wconf 88' lang='lat' dir='ltr'>omnes</span> <span class='ocrx_word' id='word_1_663' title='bbox 2926 4183 3123 4237; x_wconf 87' lang='lat' dir='ltr'>ﬁdeles</span> <span class='ocrx_word' id='word_1_664' title='bbox 3149 4183 3208 4237; x_wconf 90' lang='lat' dir='ltr'>in</span> <span class='ocrx_word' id='word_1_665' title='bbox 3233 4187 3494 4254; x_wconf 89' lang='lat' dir='ltr'>tempore</span> <span class='ocrx_word' id='word_1_666' title='bbox 3522 4182 3706 4253; x_wconf 88' lang='lat' dir='ltr'>pleni—</span> 
     </span>
    </p>
   </div>
   <div class='ocr_carea' id='block_1_85' title="bbox 389 4264 3702 4344">
    <p class='ocr_par' dir='ltr' id='par_1_85' title="bbox 389 4264 3702 4344">
     <span class='ocr_line' id='line_1_85' title="bbox 389 4264 3702 4344; baseline 0.002 -24"><span class='ocrx_word' id='word_1_667' title='bbox 389 4264 786 4336; x_wconf 83' lang='lat' dir='ltr'>Exsultabunt,</span> <span class='ocrx_word' id='word_1_668' title='bbox 810 4267 1072 4340; x_wconf 90' lang='lat' dir='ltr'>inquam,</span> <span class='ocrx_word' id='word_1_669' title='bbox 1105 4272 1164 4324; x_wconf 90' lang='lat' dir='ltr'>et</span> <span class='ocrx_word' id='word_1_670' title='bbox 1191 4270 1300 4326; x_wconf 90' lang='lat' dir='ltr'>hoc</span> <span class='ocrx_word' id='word_1_671' title='bbox 1306 4279 1524 4342; x_wconf 81' lang='lat' dir='ltr'>propter</span> <span class='ocrx_word' id='word_1_672' title='bbox 1530 4273 1741 4343; x_wconf 84' lang='lat' dir='ltr'>judicia</span> <span class='ocrx_word' id='word_1_673' title='bbox 1757 4283 1868 4344; x_wconf 90' lang='lat' dir='ltr'>tua,</span> <span class='ocrx_word' id='word_1_674' title='bbox 1888 4277 1996 4332; x_wconf 89' lang='lat' dir='ltr'>Do-</span> <span class='ocrx_word' id='word_1_675' title='bbox 2020 4279 2072 4338; x_wconf 90' lang='lat' dir='ltr'>D</span> <span class='ocrx_word' id='word_1_676' title='bbox 2094 4273 2309 4328; x_wconf 88' lang='lat' dir='ltr'>tudinis</span> <span class='ocrx_word' id='word_1_677' title='bbox 2321 4273 2564 4339; x_wconf 85' lang='lat' dir='ltr'>futuros,</span> <span class='ocrx_word' id='word_1_678' title='bbox 2584 4272 2658 4327; x_wconf 87' lang='lat' dir='ltr'>ad</span> <span class='ocrx_word' id='word_1_679' title='bbox 2678 4272 3031 4327; x_wconf 89' lang='lat' dir='ltr'>cantandum</span> <span class='ocrx_word' id='word_1_680' title='bbox 3045 4269 3292 4326; x_wconf 89' lang='lat' dir='ltr'>Domino</span> <span class='ocrx_word' id='word_1_681' title='bbox 3311 4270 3464 4326; x_wconf 88' lang='lat' dir='ltr'>Patri</span> <span class='ocrx_word' id='word_1_682' title='bbox 3482 4286 3702 4326; x_wconf 85' lang='lat' dir='ltr'>novum</span> 
     </span>
    </p>
   </div>
   <div class='ocr_carea' id='block_1_86' title="bbox 386 4355 1994 4431">
    <p class='ocr_par' dir='ltr' id='par_1_86' title="bbox 386 4355 1994 4431">
     <span class='ocr_line' id='line_1_86' title="bbox 386 4355 1994 4431; baseline 0.009 -23"><span class='ocrx_word' id='word_1_683' title='bbox 386 4355 547 4426; x_wconf 85' lang='lat' dir='ltr'>mine,</span> <span class='ocrx_word' id='word_1_684' title='bbox 568 4355 722 4427; x_wconf 90' lang='lat' dir='ltr'>quia,</span> <span class='ocrx_word' id='word_1_685' title='bbox 754 4357 974 4412; x_wconf 90' lang='lat' dir='ltr'>scilicet</span> <span class='ocrx_word' id='word_1_686' title='bbox 993 4357 1281 4429; x_wconf 87' lang='lat' dir='ltr'>judicabis</span> <span class='ocrx_word' id='word_1_687' title='bbox 1301 4377 1419 4415; x_wconf 89' lang='lat' dir='ltr'>non</span> <span class='ocrx_word' id='word_1_688' title='bbox 1434 4362 1620 4416; x_wconf 91' lang='lat' dir='ltr'>solum</span> <span class='ocrx_word' id='word_1_689' title='bbox 1634 4364 1879 4431; x_wconf 72' lang='lat' dir='ltr'>Judteos,</span> <span class='ocrx_word' id='word_1_690' title='bbox 1893 4366 1994 4422; x_wconf 89' lang='lat' dir='ltr'>sed</span> 
     </span>
    </p>
   </div>
   <div class='ocr_carea' id='block_1_87' title="bbox 389 4443 1996 4522">
    <p class='ocr_par' dir='ltr' id='par_1_87' title="bbox 389 4443 1996 4522">
     <span class='ocr_line' id='line_1_87' title="bbox 389 4443 1996 4522; baseline 0.008 -27"><span class='ocrx_word' id='word_1_691' title='bbox 389 4443 449 4496; x_wconf 88' lang='lat' dir='ltr'>et</span> <span class='ocrx_word' id='word_1_692' title='bbox 475 4445 676 4513; x_wconf 84' lang='lat' dir='ltr'>gentes</span> <span class='ocrx_word' id='word_1_693' title='bbox 705 4444 943 4499; x_wconf 88' lang='lat' dir='ltr'>salvare.</span> <span class='ocrx_word' id='word_1_694' title='bbox 977 4468 1007 4496; x_wconf 85' lang='lat'><strong>«</strong></span> <span class='ocrx_word' id='word_1_695' title='bbox 1030 4446 1154 4501; x_wconf 89' lang='lat' dir='ltr'>Non</span> <span class='ocrx_word' id='word_1_696' title='bbox 1181 4447 1436 4502; x_wconf 90' lang='lat' dir='ltr'>estenim</span> <span class='ocrx_word' id='word_1_697' title='bbox 1455 4449 1708 4520; x_wconf 88' lang='lat' dir='ltr'>acceptio</span> <span class='ocrx_word' id='word_1_698' title='bbox 1724 4467 1996 4522; x_wconf 89' lang='lat' dir='ltr'>persona-</span> 
     </span>
    </p>
   </div>
   <div class='ocr_carea' id='block_1_88' title="bbox 389 4530 1995 4606">
    <p class='ocr_par' dir='ltr' id='par_1_88' title="bbox 389 4530 1995 4606">
     <span class='ocr_line' id='line_1_88' title="bbox 389 4530 1995 4606; baseline 0.008 -23"><span class='ocrx_word' id='word_1_699' title='bbox 389 4543 522 4584; x_wconf 89' lang='lat' dir='ltr'>rum</span> <span class='ocrx_word' id='word_1_700' title='bbox 554 4530 706 4600; x_wconf 90' lang='lat' dir='ltr'>apud</span> <span class='ocrx_word' id='word_1_701' title='bbox 737 4532 918 4586; x_wconf 91' lang='lat' dir='ltr'>Deum</span> <span class='ocrx_word' id='word_1_702' title='bbox 938 4532 1122 4601; x_wconf 83' lang='lat' dir='ltr'>(Rom.</span> <span class='ocrx_word' id='word_1_703' title='bbox 1157 4551 1217 4602; x_wconf 80' lang='grc' dir='ltr'>ιι,</span> <span class='ocrx_word' id='word_1_704' title='bbox 1257 4534 1408 4606; x_wconf 79' lang='grc'><strong>11).»</strong></span> <span class='ocrx_word' id='word_1_705' title='bbox 1431 4537 1500 4592; x_wconf 90' lang='lat' dir='ltr'>Et</span> <span class='ocrx_word' id='word_1_706' title='bbox 1521 4538 1728 4594; x_wconf 88' lang='lat' dir='ltr'>merito</span> <span class='ocrx_word' id='word_1_707' title='bbox 1756 4541 1995 4596; x_wconf 85' lang='lat' dir='ltr'>exsulta-</span> 
     </span>
    </p>
   </div>
   <div class='ocr_carea' id='block_1_89' title="bbox 387 4617 1995 4699">
    <p class='ocr_par' dir='ltr' id='par_1_89' title="bbox 387 4617 1995 4699">
     <span class='ocr_line' id='line_1_89' title="bbox 387 4617 1995 4699; baseline 0.008 -28"><span class='ocrx_word' id='word_1_708' title='bbox 387 4617 537 4673; x_wconf 89' lang='lat' dir='ltr'>bunt</span> <span class='ocrx_word' id='word_1_709' title='bbox 566 4618 878 4690; x_wconf 88' lang='lat' dir='ltr'>dejudiciis</span> <span class='ocrx_word' id='word_1_710' title='bbox 914 4620 1043 4690; x_wconf 89' lang='lat' dir='ltr'>tuis,</span> <span class='ocrx_word' id='word_1_711' title='bbox 1076 4625 1330 4694; x_wconf 85' lang='lat' dir='ltr'>quoniam</span> <span class='ocrx_word' id='word_1_712' title='bbox 1379 4625 1544 4698; x_wconf 81' lang='lat' dir='ltr'>tuqui</span> <span class='ocrx_word' id='word_1_713' title='bbox 1589 4627 1748 4699; x_wconf 85' lang='lat' dir='ltr'>quasi</span> <span class='ocrx_word' id='word_1_714' title='bbox 1804 4646 1995 4684; x_wconf 85' lang='lat' dir='ltr'>servus</span> 
     </span>
    </p>
   </div>
   <div class='ocr_carea' id='block_1_90' title="bbox 387 4704 1995 4784">
    <p class='ocr_par' dir='ltr' id='par_1_90' title="bbox 387 4704 1995 4784">
     <span class='ocr_line' id='line_1_90' title="bbox 387 4704 1995 4784; baseline 0.007 -24"><span class='ocrx_word' id='word_1_715' title='bbox 387 4704 674 4762; x_wconf 87' lang='lat' dir='ltr'>videberis</span> <span class='ocrx_word' id='word_1_716' title='bbox 698 4725 748 4761; x_wconf 85' lang='lat' dir='ltr'>es</span> <span class='ocrx_word' id='word_1_717' title='bbox 767 4707 1096 4780; x_wconf 87' lang='lat' dir='ltr'>Altissimus,</span> <span class='ocrx_word' id='word_1_718' title='bbox 1122 4711 1180 4766; x_wconf 89' lang='lat' dir='ltr'>id</span> <span class='ocrx_word' id='word_1_719' title='bbox 1194 4715 1280 4767; x_wconf 91' lang='lat' dir='ltr'>est</span> <span class='ocrx_word' id='word_1_720' title='bbox 1297 4711 1462 4767; x_wconf 90' lang='lat' dir='ltr'>Omni</span> <span class='ocrx_word' id='word_1_721' title='bbox 1469 4717 1676 4784; x_wconf 90' lang='lat' dir='ltr'>potens</span> <span class='ocrx_word' id='word_1_722' title='bbox 1687 4715 1995 4772; x_wconf 82' lang='lat' dir='ltr'>dominans</span> 
     </span>
    </p>
   </div>
   <div class='ocr_carea' id='block_1_91' title="bbox 384 4801 1994 4877">
    <p class='ocr_par' dir='ltr' id='par_1_91' title="bbox 384 4801 1994 4877">
     <span class='ocr_line' id='line_1_91' title="bbox 384 4801 1994 4877; baseline 0.007 -29"><span class='ocrx_word' id='word_1_723' title='bbox 384 4807 541 4865; x_wconf 79' lang='lat' dir='ltr'>super</span> <span class='ocrx_word' id='word_1_724' title='bbox 562 4811 767 4850; x_wconf 87' lang='lat' dir='ltr'>omnem</span> <span class='ocrx_word' id='word_1_725' title='bbox 795 4802 1009 4866; x_wconf 82' lang='lat' dir='ltr'>terram,</span> <span class='ocrx_word' id='word_1_726' title='bbox 1029 4801 1147 4854; x_wconf 88' lang='lat' dir='ltr'>tam</span> <span class='ocrx_word' id='word_1_727' title='bbox 1178 4817 1348 4872; x_wconf 89' lang='lat' dir='ltr'>super</span> <span class='ocrx_word' id='word_1_728' title='bbox 1374 4801 1598 4857; x_wconf 71' lang='lat' dir='ltr'>Judaeos</span> <span class='ocrx_word' id='word_1_729' title='bbox 1611 4819 1786 4874; x_wconf 90' lang='lat' dir='ltr'>quam</span> <span class='ocrx_word' id='word_1_730' title='bbox 1824 4822 1994 4877; x_wconf 90' lang='lat' dir='ltr'>super</span> 
     </span>
    </p>
   </div>
   <div class='ocr_carea' id='block_1_92' title="bbox 386 4885 1993 4955">
    <p class='ocr_par' dir='ltr' id='par_1_92' title="bbox 386 4885 1993 4955">
     <span class='ocr_line' id='line_1_92' title="bbox 386 4885 1993 4955; baseline 0.007 -19"><span class='ocrx_word' id='word_1_731' title='bbox 386 4885 608 4953; x_wconf 85' lang='lat' dir='ltr'>gentes,</span> <span class='ocrx_word' id='word_1_732' title='bbox 641 4886 701 4938; x_wconf 84' lang='lat' dir='ltr'>et</span> <span class='ocrx_word' id='word_1_733' title='bbox 728 4885 885 4940; x_wconf 87' lang='lat' dir='ltr'>nimis</span> <span class='ocrx_word' id='word_1_734' title='bbox 913 4887 1175 4942; x_wconf 76' lang='lat' dir='ltr'>exaltatus</span> <span class='ocrx_word' id='word_1_735' title='bbox 1203 4905 1274 4955; x_wconf 88' lang='lat' dir='ltr'>es,</span> <span class='ocrx_word' id='word_1_736' title='bbox 1307 4888 1366 4942; x_wconf 91' lang='lat' dir='ltr'>id</span> <span class='ocrx_word' id='word_1_737' title='bbox 1403 4892 1487 4944; x_wconf 89' lang='lat' dir='ltr'>est</span> <span class='ocrx_word' id='word_1_738' title='bbox 1519 4891 1681 4946; x_wconf 89' lang='lat' dir='ltr'>valde</span> <span class='ocrx_word' id='word_1_739' title='bbox 1713 4894 1993 4948; x_wconf 86' lang='lat' dir='ltr'>exaltatus</span> 
     </span>
    </p>
   </div>
   <div class='ocr_carea' id='block_1_93' title="bbox 386 4969 1992 5047">
    <p class='ocr_par' dir='ltr' id='par_1_93' title="bbox 386 4969 1992 5047">
     <span class='ocr_line' id='line_1_93' title="bbox 386 4969 1992 5047; baseline 0.007 -23"><span class='ocrx_word' id='word_1_740' title='bbox 386 4969 498 5024; x_wconf 88' lang='lat' dir='ltr'>eris</span> <span class='ocrx_word' id='word_1_741' title='bbox 529 4971 600 5026; x_wconf 89' lang='lat' dir='ltr'>ab</span> <span class='ocrx_word' id='word_1_742' title='bbox 622 4971 782 5027; x_wconf 90' lang='lat' dir='ltr'>omni</span> <span class='ocrx_word' id='word_1_743' title='bbox 812 4977 984 5045; x_wconf 90' lang='lat' dir='ltr'>gente</span> <span class='ocrx_word' id='word_1_744' title='bbox 1013 4993 1167 5047; x_wconf 77' lang='lat' dir='ltr'>super</span> <span class='ocrx_word' id='word_1_745' title='bbox 1199 4993 1375 5031; x_wconf 88' lang='lat' dir='ltr'>omnes</span> <span class='ocrx_word' id='word_1_746' title='bbox 1417 4975 1534 5032; x_wconf 89' lang='lat' dir='ltr'>deos</span> <span class='ocrx_word' id='word_1_747' title='bbox 1564 4995 1784 5034; x_wconf 89' lang='lat' dir='ltr'>earum.</span> <span class='ocrx_word' id='word_1_748' title='bbox 1829 4979 1992 5044; x_wconf 91' lang='lat' dir='ltr'>Quod</span> 
     </span>
    </p>
   </div>
   <div class='ocr_carea' id='block_1_94' title="bbox 385 5057 1990 5124">
    <p class='ocr_par' dir='ltr' id='par_1_94' title="bbox 385 5057 1990 5124">
     <span class='ocr_line' id='line_1_94' title="bbox 385 5057 1990 5124; baseline 0.007 -12"><span class='ocrx_word' id='word_1_749' title='bbox 385 5059 474 5112; x_wconf 89' lang='lat' dir='ltr'>est</span> <span class='ocrx_word' id='word_1_750' title='bbox 516 5057 900 5116; x_wconf 88' lang='lat' dir='ltr'>dicere:Cum</span> <span class='ocrx_word' id='word_1_751' title='bbox 931 5062 1115 5118; x_wconf 86' lang='lat' dir='ltr'>adhuc</span> <span class='ocrx_word' id='word_1_752' title='bbox 1167 5063 1428 5119; x_wconf 90' lang='lat' dir='ltr'>inﬁdeles</span> <span class='ocrx_word' id='word_1_753' title='bbox 1477 5066 1638 5121; x_wconf 88' lang='lat' dir='ltr'>valde</span> <span class='ocrx_word' id='word_1_754' title='bbox 1693 5067 1830 5122; x_wconf 88' lang='lat' dir='ltr'>deos</span> <span class='ocrx_word' id='word_1_755' title='bbox 1859 5085 1990 5124; x_wconf 85' lang='lat' dir='ltr'>suos</span> 
     </span>
    </p>
   </div>
   <div class='ocr_carea' id='block_1_95' title="bbox 384 5147 1990 5225">
    <p class='ocr_par' dir='ltr' id='par_1_95' title="bbox 384 5147 1990 5225">
     <span class='ocr_line' id='line_1_95' title="bbox 384 5147 1990 5225; baseline 0.007 -25"><span class='ocrx_word' id='word_1_756' title='bbox 384 5147 657 5215; x_wconf 83' lang='lat' dir='ltr'>exaltent,</span> <span class='ocrx_word' id='word_1_757' title='bbox 681 5149 864 5203; x_wconf 91' lang='lat' dir='ltr'>multo</span> <span class='ocrx_word' id='word_1_758' title='bbox 891 5150 1076 5223; x_wconf 85' lang='lat' dir='ltr'>magis</span> <span class='ocrx_word' id='word_1_759' title='bbox 1101 5155 1407 5225; x_wconf 89' lang='lat' dir='ltr'>postquam</span> <span class='ocrx_word' id='word_1_760' title='bbox 1446 5154 1519 5209; x_wconf 91' lang='lat' dir='ltr'>ad</span> <span class='ocrx_word' id='word_1_761' title='bbox 1547 5155 1723 5209; x_wconf 88' lang='lat' dir='ltr'>ﬁdem</span> <span class='ocrx_word' id='word_1_762' title='bbox 1758 5156 1990 5211; x_wconf 87' lang='lat' dir='ltr'>venient</span> 
     </span>
    </p>
   </div>
   <div class='ocr_carea' id='block_1_96' title="bbox 386 5234 1989 5315">
    <p class='ocr_par' dir='ltr' id='par_1_96' title="bbox 386 5234 1989 5315">
     <span class='ocr_line' id='line_1_96' title="bbox 386 5234 1989 5315; baseline 0.008 -28"><span class='ocrx_word' id='word_1_763' title='bbox 386 5234 718 5290; x_wconf 86' lang='lat' dir='ltr'>exaltabunt</span> <span class='ocrx_word' id='word_1_764' title='bbox 742 5238 820 5305; x_wconf 89' lang='lat' dir='ltr'>te,</span> <span class='ocrx_word' id='word_1_765' title='bbox 835 5239 892 5292; x_wconf 92' lang='lat' dir='ltr'>et</span> <span class='ocrx_word' id='word_1_766' title='bbox 909 5239 1102 5308; x_wconf 90' lang='lat' dir='ltr'>corde,</span> <span class='ocrx_word' id='word_1_767' title='bbox 1137 5244 1212 5310; x_wconf 90' lang='lat' dir='ltr'>et,</span> <span class='ocrx_word' id='word_1_768' title='bbox 1240 5258 1396 5310; x_wconf 88' lang='lat' dir='ltr'>voce,</span> <span class='ocrx_word' id='word_1_769' title='bbox 1429 5245 1487 5297; x_wconf 90' lang='lat' dir='ltr'>et</span> <span class='ocrx_word' id='word_1_770' title='bbox 1545 5259 1739 5315; x_wconf 87' lang='lat' dir='ltr'>Opere.</span> <span class='ocrx_word' id='word_1_771' title='bbox 1783 5244 1884 5298; x_wconf 85' lang='lat' dir='ltr'>Vel</span> <span class='ocrx_word' id='word_1_772' title='bbox 1912 5245 1989 5300; x_wconf 90' lang='lat' dir='ltr'>sic</span> 
     </span>
    </p>
   </div>
   <div class='ocr_carea' id='block_1_97' title="bbox 384 5320 1987 5401">
    <p class='ocr_par' dir='ltr' id='par_1_97' title="bbox 384 5320 1987 5401">
     <span class='ocr_line' id='line_1_97' title="bbox 384 5320 1987 5401; baseline 0.006 -23"><span class='ocrx_word' id='word_1_773' title='bbox 384 5320 918 5396; x_wconf 82' lang='lat' dir='ltr'>continetzPropter</span> <span class='ocrx_word' id='word_1_774' title='bbox 952 5327 1162 5396; x_wconf 85' lang='lat' dir='ltr'>judicia</span> <span class='ocrx_word' id='word_1_775' title='bbox 1207 5337 1298 5384; x_wconf 85' lang='lat' dir='ltr'>tua</span> <span class='ocrx_word' id='word_1_776' title='bbox 1343 5331 1704 5386; x_wconf 84' lang='lat' dir='ltr'>exsultabunt</span> <span class='ocrx_word' id='word_1_777' title='bbox 1731 5331 1857 5401; x_wconf 67' lang='lat' dir='ltr'>ﬁliae</span> <span class='ocrx_word' id='word_1_778' title='bbox 1884 5333 1987 5387; x_wconf 88' lang='lat' dir='ltr'>Ju-</span> 
     </span>
    </p>
   </div>
   <div class='ocr_carea' id='block_1_98' title="bbox 383 5407 1992 5484">
    <p class='ocr_par' dir='ltr' id='par_1_98' title="bbox 383 5407 1992 5484">
     <span class='ocr_line' id='line_1_98' title="bbox 383 5407 1992 5484; baseline 0.009 -21"><span class='ocrx_word' id='word_1_779' title='bbox 383 5407 493 5477; x_wconf 65' lang='lat' dir='ltr'>dav;</span> <span class='ocrx_word' id='word_1_780' title='bbox 523 5414 582 5464; x_wconf 86' lang='lat' dir='ltr'>et</span> <span class='ocrx_word' id='word_1_781' title='bbox 606 5427 736 5467; x_wconf 89' lang='lat' dir='ltr'>ecce</span> <span class='ocrx_word' id='word_1_782' title='bbox 757 5413 1008 5484; x_wconf 88' lang='lat' dir='ltr'>judicia:</span> <span class='ocrx_word' id='word_1_783' title='bbox 1034 5415 1304 5482; x_wconf 83' lang='lat' dir='ltr'>Quoniam</span> <span class='ocrx_word' id='word_1_784' title='bbox 1355 5425 1412 5472; x_wconf 85' lang='lat' dir='ltr'>tu</span> <span class='ocrx_word' id='word_1_785' title='bbox 1442 5436 1492 5473; x_wconf 88' lang='lat' dir='ltr'>es</span> <span class='ocrx_word' id='word_1_786' title='bbox 1546 5419 1827 5474; x_wconf 77' lang='lat' dir='ltr'>altissimus</span> <span class='ocrx_word' id='word_1_787' title='bbox 1875 5421 1992 5476; x_wconf 83' lang='lat' dir='ltr'>Do-</span> 
     </span>
    </p>
   </div>
   <div class='ocr_carea' id='block_1_99' title="bbox 2095 4357 3702 4431">
    <p class='ocr_par' dir='ltr' id='par_1_99' title="bbox 2095 4357 3702 4431">
     <span class='ocr_line' id='line_1_99' title="bbox 2095 4357 3702 4431; baseline -0.001 -15"><span class='ocrx_word' id='word_1_788' title='bbox 2095 4363 2403 4424; x_wconf 88' lang='lat' dir='ltr'>canticum,</span> <span class='ocrx_word' id='word_1_789' title='bbox 2436 4363 2697 4431; x_wconf 87' lang='lat' dir='ltr'>respectu</span> <span class='ocrx_word' id='word_1_790' title='bbox 2735 4358 3089 4415; x_wconf 91' lang='lat' dir='ltr'>mirabilium</span> <span class='ocrx_word' id='word_1_791' title='bbox 3111 4357 3548 4426; x_wconf 90' lang='lat' dir='ltr'>beneﬁciorum,</span> <span class='ocrx_word' id='word_1_792' title='bbox 3571 4375 3702 4430; x_wconf 63' lang='lat' dir='ltr'>qua:</span> 
     </span>
    </p>
   </div>
   <div class='ocr_carea' id='block_1_100' title="bbox 2093 4446 3701 4521">
    <p class='ocr_par' dir='ltr' id='par_1_100' title="bbox 2093 4446 3701 4521">
     <span class='ocr_line' id='line_1_100' title="bbox 2093 4446 3701 4521; baseline -0.001 -17"><span class='ocrx_word' id='word_1_793' title='bbox 2093 4466 2199 4521; x_wconf 91' lang='lat' dir='ltr'>per</span> <span class='ocrx_word' id='word_1_794' title='bbox 2223 4449 2425 4504; x_wconf 84' lang='lat' dir='ltr'>Filium</span> <span class='ocrx_word' id='word_1_795' title='bbox 2458 4448 2517 4503; x_wconf 91' lang='lat' dir='ltr'>in</span> <span class='ocrx_word' id='word_1_796' title='bbox 2534 4449 2788 4503; x_wconf 89' lang='lat' dir='ltr'>humano</span> <span class='ocrx_word' id='word_1_797' title='bbox 2802 4464 3013 4520; x_wconf 88' lang='lat' dir='ltr'>genere</span> <span class='ocrx_word' id='word_1_798' title='bbox 3026 4447 3348 4515; x_wconf 87' lang='lat' dir='ltr'>factasunt;</span> <span class='ocrx_word' id='word_1_799' title='bbox 3377 4464 3505 4520; x_wconf 71' lang='lat' dir='ltr'>quae</span> <span class='ocrx_word' id='word_1_800' title='bbox 3525 4446 3701 4502; x_wconf 81' lang='lat' dir='ltr'>etiam</span> 
     </span>
    </p>
   </div>
   <div class='ocr_carea' id='block_1_101' title="bbox 2095 4534 3698 4607">
    <p class='ocr_par' dir='ltr' id='par_1_101' title="bbox 2095 4534 3698 4607">
     <span class='ocr_line' id='line_1_101' title="bbox 2095 4534 3698 4607; baseline -0.002 -16"><span class='ocrx_word' id='word_1_801' title='bbox 2095 4539 2311 4604; x_wconf 84' lang='lat' dir='ltr'>narrat,</span> <span class='ocrx_word' id='word_1_802' title='bbox 2341 4540 2403 4591; x_wconf 90' lang='lat' dir='ltr'>ut</span> <span class='ocrx_word' id='word_1_803' title='bbox 2431 4537 2613 4607; x_wconf 90' lang='lat' dir='ltr'>magis</span> <span class='ocrx_word' id='word_1_804' title='bbox 2645 4536 2935 4591; x_wconf 88' lang='lat' dir='ltr'>auditores</span> <span class='ocrx_word' id='word_1_805' title='bbox 2965 4535 3038 4590; x_wconf 90' lang='lat' dir='ltr'>ad</span> <span class='ocrx_word' id='word_1_806' title='bbox 3061 4535 3402 4590; x_wconf 88' lang='lat' dir='ltr'>Deilaudem</span> <span class='ocrx_word' id='word_1_807' title='bbox 3424 4534 3698 4589; x_wconf 85' lang='lat' dir='ltr'>attrahat.</span> 
     </span>
    </p>
   </div>
   <div class='ocr_carea' id='block_1_102' title="bbox 2093 4621 3701 4695">
    <p class='ocr_par' dir='ltr' id='par_1_102' title="bbox 2093 4621 3701 4695">
     <span class='ocr_line' id='line_1_102' title="bbox 2093 4621 3701 4695; baseline -0.001 -17"><span class='ocrx_word' id='word_1_808' title='bbox 2093 4625 2161 4679; x_wconf 92' lang='lat' dir='ltr'>Et</span> <span class='ocrx_word' id='word_1_809' title='bbox 2189 4625 2297 4680; x_wconf 89' lang='lat' dir='ltr'>hoc</span> <span class='ocrx_word' id='word_1_810' title='bbox 2323 4624 2520 4692; x_wconf 89' lang='lat' dir='ltr'>etiam,</span> <span class='ocrx_word' id='word_1_811' title='bbox 2549 4623 2654 4680; x_wconf 89' lang='lat' dir='ltr'>etsi</span> <span class='ocrx_word' id='word_1_812' title='bbox 2675 4624 2932 4678; x_wconf 88' lang='lat' dir='ltr'>futurum</span> <span class='ocrx_word' id='word_1_813' title='bbox 2969 4626 3136 4692; x_wconf 90' lang='lat' dir='ltr'>esset,</span> <span class='ocrx_word' id='word_1_814' title='bbox 3157 4621 3316 4695; x_wconf 89' lang='lat' dir='ltr'>quasi</span> <span class='ocrx_word' id='word_1_815' title='bbox 3337 4623 3701 4695; x_wconf 55' lang='lat' dir='ltr'>praeteritum</span> 
     </span>
    </p>
   </div>
   <div class='ocr_carea' id='block_1_103' title="bbox 2093 4711 2982 4784">
    <p class='ocr_par' dir='ltr' id='par_1_103' title="bbox 2093 4711 2982 4784">
     <span class='ocr_line' id='line_1_103' title="bbox 2093 4711 2982 4784; baseline -0.003 -17"><span class='ocrx_word' id='word_1_816' title='bbox 2093 4712 2417 4775; x_wconf 77' lang='lat' dir='ltr'>annuntiat,</span> <span class='ocrx_word' id='word_1_817' title='bbox 2433 4729 2594 4767; x_wconf 91' lang='lat' dir='ltr'>more</span> <span class='ocrx_word' id='word_1_818' title='bbox 2625 4711 2982 4784; x_wconf 85' lang='lat' dir='ltr'>prophetico.</span> 
     </span>
    </p>
   </div>
   <div class='ocr_carea' id='block_1_104' title="bbox 2167 4796 3701 4868">
    <p class='ocr_par' dir='ltr' id='par_1_104' title="bbox 2167 4796 3701 4868">
     <span class='ocr_line' id='line_1_104' title="bbox 2167 4796 3701 4868; baseline -0.002 -12"><span class='ocrx_word' id='word_1_819' title='bbox 2167 4799 2413 4868; x_wconf 85' lang='lat' dir='ltr'>Cantate,</span> <span class='ocrx_word' id='word_1_820' title='bbox 2444 4799 2504 4854; x_wconf 90' lang='lat' dir='ltr'>id</span> <span class='ocrx_word' id='word_1_821' title='bbox 2534 4803 2620 4854; x_wconf 87' lang='lat' dir='ltr'>est</span> <span class='ocrx_word' id='word_1_822' title='bbox 2647 4815 2779 4854; x_wconf 91' lang='lat' dir='ltr'>cum</span> <span class='ocrx_word' id='word_1_823' title='bbox 2829 4798 3136 4854; x_wconf 89' lang='lat' dir='ltr'>dilectione</span> <span class='ocrx_word' id='word_1_824' title='bbox 3177 4798 3438 4854; x_wconf 78' lang='lat' dir='ltr'>exhibete</span> <span class='ocrx_word' id='word_1_825' title='bbox 3463 4796 3701 4853; x_wconf 85' lang='lat' dir='ltr'>Domino</span> 
     </span>
    </p>
   </div>
   <div class='ocr_carea' id='block_1_105' title="bbox 2093 4885 3703 4955">
    <p class='ocr_par' dir='ltr' id='par_1_105' title="bbox 2093 4885 3703 4955">
     <span class='ocr_line' id='line_1_105' title="bbox 2093 4885 3703 4955; baseline -0.002 -13"><span class='ocrx_word' id='word_1_826' title='bbox 2093 4887 2268 4955; x_wconf 88' lang='lat' dir='ltr'>Patri,</span> <span class='ocrx_word' id='word_1_827' title='bbox 2302 4905 2335 4943; x_wconf 94' lang='lat' dir='ltr'>o</span> <span class='ocrx_word' id='word_1_828' title='bbox 2367 4904 2465 4942; x_wconf 89' lang='lat' dir='ltr'>vos</span> <span class='ocrx_word' id='word_1_829' title='bbox 2495 4903 2700 4942; x_wconf 91' lang='lat' dir='ltr'>omnes</span> <span class='ocrx_word' id='word_1_830' title='bbox 2728 4886 2944 4955; x_wconf 88' lang='lat' dir='ltr'>ﬁdeles,</span> <span class='ocrx_word' id='word_1_831' title='bbox 2984 4889 3249 4942; x_wconf 81' lang='lat' dir='ltr'>canticum</span> <span class='ocrx_word' id='word_1_832' title='bbox 3278 4903 3492 4953; x_wconf 84' lang='lat' dir='ltr'>novum,</span> <span class='ocrx_word' id='word_1_833' title='bbox 3530 4885 3588 4940; x_wconf 92' lang='lat' dir='ltr'>id</span> <span class='ocrx_word' id='word_1_834' title='bbox 3615 4888 3703 4940; x_wconf 91' lang='lat' dir='ltr'>est</span> 
     </span>
    </p>
   </div>
   <div class='ocr_carea' id='block_1_106' title="bbox 2091 4973 3703 5049">
    <p class='ocr_par' dir='ltr' id='par_1_106' title="bbox 2091 4973 3703 5049">
     <span class='ocr_line' id='line_1_106' title="bbox 2091 4973 3703 5049; baseline -0.004 -15"><span class='ocrx_word' id='word_1_835' title='bbox 2091 4977 2539 5049; x_wconf 85' lang='lat' dir='ltr'>completionem</span> <span class='ocrx_word' id='word_1_836' title='bbox 2573 4991 2854 5030; x_wconf 83' lang='lat' dir='ltr'>novorum</span> <span class='ocrx_word' id='word_1_837' title='bbox 2885 4974 3400 5048; x_wconf 76' lang='lat' dir='ltr'>praeceptorum,in</span> <span class='ocrx_word' id='word_1_838' title='bbox 3422 4991 3536 5047; x_wconf 87' lang='lat' dir='ltr'>qua</span> <span class='ocrx_word' id='word_1_839' title='bbox 3551 4973 3703 5029; x_wconf 89' lang='lat' dir='ltr'>dele-</span> 
     </span>
    </p>
   </div>
   <div class='ocr_carea' id='block_1_107' title="bbox 2091 5063 3698 5121">
    <p class='ocr_par' dir='ltr' id='par_1_107' title="bbox 2091 5063 3698 5121">
     <span class='ocr_line' id='line_1_107' title="bbox 2091 5063 3698 5121; baseline -0.002 0"><span class='ocrx_word' id='word_1_840' title='bbox 2091 5070 2277 5121; x_wconf 89' lang='lat' dir='ltr'>ctatur</span> <span class='ocrx_word' id='word_1_841' title='bbox 2305 5064 2449 5119; x_wconf 90' lang='lat' dir='ltr'>sicut</span> <span class='ocrx_word' id='word_1_842' title='bbox 2468 5065 2526 5118; x_wconf 88' lang='lat' dir='ltr'>in</span> <span class='ocrx_word' id='word_1_843' title='bbox 2556 5063 2799 5119; x_wconf 89' lang='lat' dir='ltr'>cantico.</span> <span class='ocrx_word' id='word_1_844' title='bbox 2830 5063 2928 5118; x_wconf 86' lang='lat' dir='ltr'>Vel</span> <span class='ocrx_word' id='word_1_845' title='bbox 2955 5070 3164 5118; x_wconf 86' lang='lat' dir='ltr'>cantate</span> <span class='ocrx_word' id='word_1_846' title='bbox 3193 5063 3244 5117; x_wconf 91' lang='lat' dir='ltr'>ei</span> <span class='ocrx_word' id='word_1_847' title='bbox 3297 5065 3564 5118; x_wconf 83' lang='lat' dir='ltr'>canticum</span> <span class='ocrx_word' id='word_1_848' title='bbox 3599 5080 3698 5118; x_wconf 89' lang='lat' dir='ltr'>na-</span> 
     </span>
    </p>
   </div>
   <div class='ocr_carea' id='block_1_108' title="bbox 2090 5151 3700 5225">
    <p class='ocr_par' dir='ltr' id='par_1_108' title="bbox 2090 5151 3700 5225">
     <span class='ocr_line' id='line_1_108' title="bbox 2090 5151 3700 5225; baseline -0.004 -14"><span class='ocrx_word' id='word_1_849' title='bbox 2090 5173 2236 5223; x_wconf 84' lang='lat' dir='ltr'>vum,</span> <span class='ocrx_word' id='word_1_850' title='bbox 2256 5155 2315 5209; x_wconf 93' lang='lat' dir='ltr'>id</span> <span class='ocrx_word' id='word_1_851' title='bbox 2344 5157 2428 5208; x_wconf 88' lang='lat' dir='ltr'>est</span> <span class='ocrx_word' id='word_1_852' title='bbox 2457 5170 2589 5208; x_wconf 90' lang='lat' dir='ltr'>cum</span> <span class='ocrx_word' id='word_1_853' title='bbox 2594 5152 2940 5225; x_wconf 87' lang='lat' dir='ltr'>jucuntitate</span> <span class='ocrx_word' id='word_1_854' title='bbox 2962 5152 3190 5207; x_wconf 89' lang='lat' dir='ltr'>laudate</span> <span class='ocrx_word' id='word_1_855' title='bbox 3214 5151 3530 5207; x_wconf 87' lang='lat' dir='ltr'>Dominum</span> <span class='ocrx_word' id='word_1_856' title='bbox 3550 5167 3700 5206; x_wconf 84' lang='lat' dir='ltr'>nova</span> 
     </span>
    </p>
   </div>
   <div class='ocr_carea' id='block_1_109' title="bbox 2089 5239 3696 5311">
    <p class='ocr_par' dir='ltr' id='par_1_109' title="bbox 2089 5239 3696 5311">
     <span class='ocr_line' id='line_1_109' title="bbox 2089 5239 3696 5311; baseline -0.005 -11"><span class='ocrx_word' id='word_1_857' title='bbox 2089 5245 2281 5311; x_wconf 88' lang='lat' dir='ltr'>laude,</span> <span class='ocrx_word' id='word_1_858' title='bbox 2312 5241 2525 5298; x_wconf 89' lang='lat' dir='ltr'>scilicet</span> <span class='ocrx_word' id='word_1_859' title='bbox 2553 5242 2626 5296; x_wconf 92' lang='lat' dir='ltr'>de</span> <span class='ocrx_word' id='word_1_860' title='bbox 2645 5241 2747 5295; x_wconf 90' lang='lat' dir='ltr'>ﬁlii</span> <span class='ocrx_word' id='word_1_861' title='bbox 2776 5241 2900 5310; x_wconf 89' lang='lat' dir='ltr'>ejus</span> <span class='ocrx_word' id='word_1_862' title='bbox 2931 5244 3141 5306; x_wconf 88' lang='lat' dir='ltr'>morte,</span> <span class='ocrx_word' id='word_1_863' title='bbox 3181 5240 3251 5294; x_wconf 90' lang='lat' dir='ltr'>de</span> <span class='ocrx_word' id='word_1_864' title='bbox 3283 5241 3456 5296; x_wconf 89' lang='lat' dir='ltr'>totius</span> <span class='ocrx_word' id='word_1_865' title='bbox 3492 5239 3696 5294; x_wconf 86' lang='lat' dir='ltr'>mundi</span> 
     </span>
    </p>
   </div>
   <div class='ocr_carea' id='block_1_110' title="bbox 2088 5328 3696 5404">
    <p class='ocr_par' dir='ltr' id='par_1_110' title="bbox 2088 5328 3696 5404">
     <span class='ocr_line' id='line_1_110' title="bbox 2088 5328 3696 5404; baseline -0.004 -15"><span class='ocrx_word' id='word_1_866' title='bbox 2088 5333 2478 5404; x_wconf 87' lang='lat' dir='ltr'>reparatione,</span> <span class='ocrx_word' id='word_1_867' title='bbox 2510 5330 2667 5402; x_wconf 91' lang='lat' dir='ltr'>quod</span> <span class='ocrx_word' id='word_1_868' title='bbox 2692 5329 2926 5402; x_wconf 89' lang='lat' dir='ltr'>quidem</span> <span class='ocrx_word' id='word_1_869' title='bbox 2957 5346 3172 5384; x_wconf 85' lang='lat' dir='ltr'>novum</span> <span class='ocrx_word' id='word_1_870' title='bbox 3206 5331 3311 5382; x_wconf 88' lang='lat' dir='ltr'>est.</span> <span class='ocrx_word' id='word_1_871' title='bbox 3344 5329 3411 5382; x_wconf 88' lang='lat' dir='ltr'>Et</span> <span class='ocrx_word' id='word_1_872' title='bbox 3441 5328 3572 5383; x_wconf 90' lang='lat' dir='ltr'>ideo</span> <span class='ocrx_word' id='word_1_873' title='bbox 3601 5343 3696 5382; x_wconf 84' lang='lat' dir='ltr'>no-</span> 
     </span>
    </p>
   </div>
   <div class='ocr_carea' id='block_1_111' title="bbox 2089 5416 3696 5490">
    <p class='ocr_par' dir='ltr' id='par_1_111' title="bbox 2089 5416 3696 5490">
     <span class='ocr_line' id='line_1_111' title="bbox 2089 5416 3696 5490; baseline -0.004 -13"><span class='ocrx_word' id='word_1_874' title='bbox 2089 5439 2216 5477; x_wconf 86' lang='lat' dir='ltr'>vum</span> <span class='ocrx_word' id='word_1_875' title='bbox 2236 5421 2500 5474; x_wconf 86' lang='lat' dir='ltr'>canticum</span> <span class='ocrx_word' id='word_1_876' title='bbox 2526 5425 2755 5486; x_wconf 84' lang='lat' dir='ltr'>cantate,</span> <span class='ocrx_word' id='word_1_877' title='bbox 2783 5419 2910 5490; x_wconf 89' lang='lat' dir='ltr'>quia</span> <span class='ocrx_word' id='word_1_878' title='bbox 2929 5417 3201 5473; x_wconf 81' lang='lat' dir='ltr'>mirabilia</span> <span class='ocrx_word' id='word_1_879' title='bbox 3225 5416 3422 5488; x_wconf 78' lang='lat' dir='ltr'>fecitin</span> <span class='ocrx_word' id='word_1_880' title='bbox 3435 5417 3696 5472; x_wconf 84' lang='lat' dir='ltr'>humano</span> 
     </span>
    </p>
   </div>
   <div class='ocr_carea' id='block_1_112' title="bbox 387 5497 3702 5586">
    <p class='ocr_par' dir='ltr' id='par_1_112' title="bbox 387 5497 3702 5586">
     <span class='ocr_line' id='line_1_112' title="bbox 387 5497 3702 5586; baseline 0.003 -32"><span class='ocrx_word' id='word_1_881' title='bbox 387 5497 564 5554; x_wconf 80' lang='lat' dir='ltr'>minus</span> <span class='ocrx_word' id='word_1_882' title='bbox 587 5513 742 5572; x_wconf 74' lang='lat' dir='ltr'>super</span> <span class='ocrx_word' id='word_1_883' title='bbox 771 5517 980 5560; x_wconf 88' lang='lat' dir='ltr'>omnem</span> <span class='ocrx_word' id='word_1_884' title='bbox 1009 5509 1225 5576; x_wconf 82' lang='lat' dir='ltr'>terram,</span> <span class='ocrx_word' id='word_1_885' title='bbox 1262 5505 1324 5564; x_wconf 91' lang='lat' dir='ltr'>id</span> <span class='ocrx_word' id='word_1_886' title='bbox 1352 5508 1458 5576; x_wconf 87' lang='lat' dir='ltr'>est,</span> <span class='ocrx_word' id='word_1_887' title='bbox 1487 5507 1595 5564; x_wconf 91' lang='lat' dir='ltr'>hoc</span> <span class='ocrx_word' id='word_1_888' title='bbox 1617 5505 1903 5580; x_wconf 85' lang='lat' dir='ltr'>judicabis</span> <span class='ocrx_word' id='word_1_889' title='bbox 1928 5513 1992 5567; x_wconf 90' lang='lat' dir='ltr'>ut</span> <span class='ocrx_word' id='word_1_890' title='bbox 2079 5525 2317 5586; x_wconf 83' lang='lat' dir='ltr'>genere.</span> <span class='ocrx_word' id='word_1_891' title='bbox 2351 5509 2419 5565; x_wconf 88' lang='lat' dir='ltr'>Et</span> <span class='ocrx_word' id='word_1_892' title='bbox 2448 5523 2578 5566; x_wconf 87' lang='lat' dir='ltr'>ecce</span> <span class='ocrx_word' id='word_1_893' title='bbox 2607 5522 2789 5564; x_wconf 90' lang='lat' dir='ltr'>unum</span> <span class='ocrx_word' id='word_1_894' title='bbox 2814 5504 3082 5564; x_wconf 87' lang='lat' dir='ltr'>mirabile</span> <span class='ocrx_word' id='word_1_895' title='bbox 3123 5504 3280 5580; x_wconf 86' lang='lat' dir='ltr'>quod</span> <span class='ocrx_word' id='word_1_896' title='bbox 3305 5504 3462 5570; x_wconf 85' lang='lat' dir='ltr'>fecit,</span> <span class='ocrx_word' id='word_1_897' title='bbox 3478 5503 3702 5563; x_wconf 86' lang='lat' dir='ltr'>scilicet</span> 
     </span>
    </p>
   </div>
  </div>
