3998 6026
292 269 431 334 1158

1267 266 1622 332 EXPOSITIO
1660 271 1730 331 ΙΝ
1768 270 2100 333 PSALMOS.
2133 303 2204 320 -κ
2234 271 2428 333 PSAL.
2469 273 2650 335 XCVII

3468 285 3609 352 1156

285 395 503 453 dextera
523 400 574 453 et
604 391 878 488 brachium
893 395 1149 488 sanctum
1173 411 1287 468 ejus
1319 396 1551 454 saluabit
1594 413 1778 470 genus
1797 395 1904 453 hu-
1922 405 1977 466 Α
1996 398 2362 488 mortuorum
2384 400 2724 459 animalium
2744 401 3160 479 supervehitur.
3177 407 3265 468 Bis
3285 411 3480 471 autem
3501 428 3607 488 po-

285 503 534 543 manum
564 486 668 542 sibi
707 502 812 558 per
841 485 1217 558 adoptionem
1259 488 1622 543 associatum.
1658 489 1901 542 Dextera

282 577 456 632 Filius
487 575 715 642 dicitur,
752 591 820 630 eo
853 575 1012 646 quod
1044 591 1148 646 per
1173 591 1309 630 eum
1324 576 1525 630 omnia
1552 578 1698 631 Deus
1731 577 1900 631 Pater

284 668 589 737 operatur;
624 665 926 720 brachium
953 665 1190 736 quidem
1222 680 1290 719 eo
1323 665 1478 736 quod
1503 664 1576 718 sit
1619 665 1895 720 fortitudo

283 753 488 808 Patris.
520 754 629 808 Per
654 769 788 806 eum
807 753 965 806 enim
1002 752 1232 807 fortiter
1253 754 1310 806 et
1338 769 1456 806 non
1479 751 1714 807 remisse
1754 753 1894 825 agit.

281 842 590 896 Brachium
603 841 765 896 enim
779 840 1157 895 fortissimum
1173 840 1502 894 membrum
1517 841 1772 912 corporis
1790 845 1895 895 est.

281 930 402 984 Hoc
429 933 624 985 autem
655 933 815 984 estac
839 929 883 983 si
909 928 1286 983 diceretzﬂoc
1332 928 1594 984 mirabile
1622 929 1898 984 Dominus

279 1019 455 1074 Pater
481 1017 636 1086 fecit,
667 1017 822 1090 quod
833 1033 938 1088 per
953 1017 1075 1071 Filii
1093 1019 1366 1085 mortem,
1384 1033 1565 1088 genus
1575 1018 1896 1073 humanum

283 1108 359 1162 ab
379 1107 650 1178 originali
669 1106 918 1160 crimine
931 1103 1189 1173 salvavit,
1210 1109 1268 1161 et
1280 1106 1385 1161 sibi
1402 1122 1507 1176 per
1522 1106 1895 1176 adoptionem

278 1196 564 1267 adjunxit.
593 1195 923 1250 Notandum
937 1194 1091 1266 quod
1105 1211 1236 1248 cum
1256 1193 1584 1264 dicitopera
1615 1193 1736 1248 Filii
1775 1211 1895 1249 esse
1923 1253 1926 1256 ,

279 1285 488 1352 Patris,
502 1285 561 1339 in
577 1285 685 1339 hoc
706 1287 930 1338 natura
952 1283 1334 1338 idenditatem
1369 1283 1638 1338 ostendit.
1680 1283 1748 1336 Et
1765 1299 1895 1338 ecce

277 1373 438 1430 aliud
459 1374 724 1429 mirabile
753 1378 816 1428 ut
834 1389 1017 1444 genus
1036 1373 1361 1427 humanum
1396 1372 1710 1426 salvaretur
1737 1387 1750 1424 :
1781 1371 1898 1426 No-

279 1469 396 1517 tum
415 1464 544 1533 fecit
570 1462 833 1516 Dominus
860 1461 1094 1515 salutare
1132 1478 1310 1528 suum,
1342 1460 1400 1514 id
1441 1462 1524 1514 est
1551 1461 1894 1514 salvatorem

276 1568 449 1607 suum
482 1550 793 1606 Christum.
834 1549 1000 1614 Quod
1031 1551 1117 1603 est
1157 1549 1685 1604 dicere:Christum
1717 1563 1893 1620 quem

279 1640 521 1696 obscure
546 1639 847 1712 propheta
863 1637 1376 1710 prophetaverant,
1407 1640 1613 1692 notum
1633 1637 1769 1690 fecit
1795 1636 1891 1690 Ju-

2001 487 2085 542 nit
2115 490 2170 543 in
2219 492 2446 560 cithara,
2505 493 2578 548 ad
2647 492 3091 552 inculcationem
3143 487 3553 561 exhortationis
3592 519 3608 561 :

2000 574 2248 630 Psallere
2275 577 2632 649 quidemDeo
2647 578 2706 632 in
2737 579 2924 636 ofﬁcio
2942 585 3358 656 membrorum,
3385 595 3469 645 est
3483 607 3608 647 ma-

1998 677 2140 717 num
2171 665 2244 718 ad
2265 666 2695 738 eleemosynam
2711 669 3041 738 extendere,
3057 673 3266 743 pedem
3290 677 3361 731 ad
3374 679 3607 752 aliquod

1998 765 2139 820 opus
2169 752 2388 809 bonum
2412 771 2664 822 movere,
2693 759 2750 810 et
2777 760 2985 814 catera
3000 759 3155 828 talia,
3185 768 3235 816 et
3251 764 3460 833 psallite
3479 770 3608 822 etin

1997 854 2119 892 uoce
2138 841 2353 909 psalmi,
2378 841 2434 896 id
2466 847 2552 896 est
2581 844 2746 898 bona
2766 846 3134 915 operationis,
3156 832 3368 906 scilicet
3395 852 3453 909 in
3468 871 3606 912 voce

1998 927 2264 982 exteriori
2284 931 2841 987 concordantibona
2869 935 3210 1006 operationi.
3238 937 3403 1002 Quod
3420 943 3506 996 est
3527 943 3610 998 di-

1997 1029 2126 1070 cere
2152 1032 2164 1070 :
2189 1017 2340 1072 Bene
2371 1019 2620 1089 agendo,
2654 1037 2788 1076 voce
2817 1021 2932 1076 oris
2955 1023 3094 1079 alios
3146 1025 3220 1081 ad
3248 1027 3395 1083 bene
3426 1038 3605 1102 agen-

1997 1102 2135 1158 dum
2168 1106 2574 1161 exhortemini.
2609 1109 2677 1162 Et
2715 1110 2937 1180 psallite
2959 1114 3017 1165 in
3046 1112 3181 1167 tubis
3210 1113 3514 1186 ductilibus,
3545 1119 3607 1175 id

1996 1195 2080 1245 est
2108 1192 2168 1247 in
2197 1194 2387 1250 ofﬁcio
2420 1195 2688 1251 tubarum
2706 1196 3024 1265 ductilium,
3057 1200 3154 1269 sic,
3179 1203 3391 1258 scilicet
3413 1207 3606 1264 utsitis

1993 1278 2145 1333 tuba
2165 1281 2486 1336 manifesta
2500 1283 2979 1353 pradicantes,ad
2992 1286 3231 1343 modum
3246 1289 3397 1345 tuba
3415 1290 3618 1349 mani-.

1993 1366 2136 1421 feste
2164 1369 2440 1423 sonantis.
2468 1371 2536 1424 Et
2564 1386 2682 1425 non
2713 1371 2833 1426 sitis
2858 1374 3282 1448 qualescunque
3311 1379 3484 1446 tuba,
3503 1379 3605 1438 sed

1995 1454 2254 1524 ductiles,
2282 1457 2340 1512 id
2367 1460 2451 1512 est
2481 1473 2598 1512 non
2630 1459 2908 1513 contracti
2921 1460 3125 1516 ictibus
3139 1463 3600 1537 tribulationum,

1994 1544 2093 1598 sed
2119 1545 2334 1599 extensi
2351 1545 2537 1616 magis
2553 1549 2610 1600 et
2623 1546 2810 1619 magis
2821 1547 2879 1602 in
2894 1550 3337 1621 amplitudinem
3351 1554 3606 1611 dilectio-

1993 1632 2108 1687 nis:
2125 1633 2197 1687 ad
2215 1634 2454 1689 modum
2471 1635 2623 1690 tuba
2654 1636 2895 1703 ductilis,
2923 1654 3050 1709 qua
3079 1655 3211 1696 cum
3241 1641 3346 1697 ﬂat
3364 1659 3434 1698 ex
3461 1659 3601 1702 auro

278 1727 541 1783 daorum
558 1727 708 1800 parti
721 1727 1029 1794 salvanda,
1045 1729 1103 1781 et
1118 1726 1232 1780 ﬁde
1265 1729 1322 1780 et
1334 1725 1456 1798 ipsa
1471 1725 1556 1779 rei
1582 1723 1888 1778 evidentia.
1917 1741 1968 1800 Β
1992 1722 2079 1776 vel
2093 1726 2332 1794 argento
2351 1723 2723 1793 percutiendo
2738 1726 3086 1782 extenditur.
3099 1729 3258 1784 Tuba
3278 1747 3412 1787 vero
3425 1733 3605 1788 ducti-

275 1816 508 1887 Repetit
535 1819 732 1871 autem
772 1814 1166 1888 aquipollenti
1195 1830 1330 1869 voce
1361 1814 1520 1886 quod
1545 1813 1687 1868 dixit
1707 1818 1890 1866 notum

273 1905 425 1974 fecit,
459 1907 522 1958 ut
553 1904 729 1959 addat
753 1903 1173 1971 siczlleuelauit,
1203 1901 1466 1974 inquam,
1507 1901 1568 1956 id
1587 1904 1672 1956 est
1687 1904 1890 1955 notum

274 1992 414 2048 fecit
440 1992 649 2048 Judais
663 1994 718 2047 in
729 1998 1002 2064 conspectu
1025 1992 1201 2046 etiam
1214 1990 1349 2045 ﬁdei
1365 1991 1605 2060 gentium
1617 1988 1889 2043 eumdem

277 2080 635 2136 Salvatdrem
659 2080 952 2152 ponendo.
974 2079 1138 2144 Quod
1166 2083 1249 2134 est
1261 2079 1451 2134 dicere
1470 2095 1482 2132 :
1501 2077 1592 2133 Sic
1631 2092 1767 2132 eum
1793 2077 1888 2131 Ju-

277 2170 416 2226 dais
443 2171 716 2226 revelavit
746 2173 810 2225 ut
839 2171 1016 2225 etiam
1043 2172 1246 2241 gentes
1265 2184 1370 2239 per
1413 2167 1590 2221 ﬁdem
1612 2166 1888 2220 eumdem

277 2259 610 2330 conspicere
637 2260 873 2315 faceret.
898 2259 1034 2314 Dico
1066 2257 1221 2330 quod
1247 2257 1516 2311 revelavit
1532 2255 1888 2311 Salvatorem

277 2351 338 2403 et
362 2349 574 2404 Judais
586 2353 644 2404 et
654 2348 943 2421 gentibus,
969 2357 1025 2402 et
1042 2349 1118 2402 sic
1150 2345 1452 2400 recordatus
1494 2351 1568 2399 est
1595 2346 1888 2398 misericor-

275 2436 379 2491 dia
397 2454 508 2491 sua
529 2439 812 2508 quantum
839 2435 910 2490 ad
928 2437 1150 2506 gentes,
1182 2441 1233 2488 et
1259 2434 1514 2500 veritatis,
1542 2433 1601 2487 id
1627 2436 1712 2487 est
1742 2449 1889 2486 vera

276 2523 678 2595 promissionis
700 2541 809 2577 sua
830 2522 1013 2576 domui
1033 2521 1204 2575 Israel
1221 2521 1411 2588 facta,
1441 2519 1498 2574 id
1530 2523 1615 2573 est
1653 2519 1888 2574 familia

276 2613 472 2680 Israel,
496 2611 711 2666 scilicet
737 2611 964 2666 Judais.
1011 2609 1177 2674 Quod
1201 2612 1288 2664 est
1309 2608 1526 2663 dicere:
1547 2608 1678 2663 ldeo
1703 2608 1890 2662 notiﬁ-

278 2701 427 2756 cavit
457 2700 835 2767 Salvatorem,
852 2702 915 2754 ut
934 2715 1038 2772 per
1059 2715 1191 2753 eum
1210 2697 1481 2769 gentibus
1496 2697 1886 2765 misereretur,

279 2805 421 2861 quas
443 2788 540 2844 diu
560 2789 708 2843 visus
719 2791 804 2843 est
817 2787 1088 2843 oblivioni
1120 2786 1430 2854 dedisse,et
1467 2789 1531 2840 ut
1543 2801 1737 2840 veram
1761 2801 1890 2857 pro-

278 2877 617 2933 missionem
639 2893 803 2932 suam
836 2876 1044 2932 Judais
1068 2876 1281 2930 factam
1313 2875 1649 2947 compleret.
1670 2873 1890 2928 Promi-

276 2969 430 3021 serat
455 2965 613 3021 enim
640 2981 745 3036 per
768 2967 993 3036 Moysen
1025 2964 1133 3019 sic:
1158 2985 1186 3014 «
1228 2963 1579 3035 Prophetam
1607 2979 1674 3017 ex
1698 2962 1889 3017 fratri-

276 3054 382 3110 bus
411 3055 608 3111 vestris
654 3055 944 3110 suscitabit
973 3053 1133 3110 vobis
1195 3052 1473 3109 Dominus
1529 3053 1678 3107 Deus
1705 3054 1891 3106 vester

274 3142 461 3214 (Deut.
493 3160 645 3211 xvm,
683 3147 789 3210 15).
811 3165 839 3193 ››
870 3148 978 3200 etc.
1000 3143 1143 3207 Quia
1159 3159 1291 3199 vero
1306 3141 1888 3215 posueratindeﬁnite

272 3233 521 3287 reuelauit
555 3234 610 3286 in
639 3239 912 3304 conspectu
937 3234 1198 3303 gentium,
1229 3230 1630 3286 universaliter
1681 3231 1788 3284 hoc
1809 3229 1886 3284 sic

273 3319 587 3375 dicit:Dixi
618 3321 774 3392 quod
800 3321 1042 3390 gentibus
1080 3320 1351 3387 reuelauit,
1412 3323 1471 3373 et
1527 3335 1644 3374 non
1693 3317 1886 3391 paucis

271 3407 530 3481 quidem,
558 3410 659 3464 sed
685 3409 929 3464 uiderunl
949 3410 1061 3464 ﬁde
1083 3425 1262 3465 omnes
1289 3410 1504 3463 termini
1531 3415 1702 3474 terra,
1725 3407 1785 3461 id
1798 3411 1886 3462 est

271 3495 623 3552 omnismodi
647 3501 869 3568 gentes,
893 3498 1221 3552 habitantes
1243 3496 1526 3551 terminos
1545 3500 1715 3550 terra
1744 3496 1885 3549 salu-

269 3593 401 3654 tare,
431 3586 488 3641 id
519 3589 603 3641 est
623 3586 980 3642 Salvatorem
1005 3587 1236 3642 Domini
1266 3586 1373 3640 Dei
1397 3587 1587 3639 nostri.
1634 3585 1701 3638 Et
1731 3585 1880 3639 bene

267 3674 431 3746 ponit
460 3677 647 3742 nostri,
681 3675 754 3730 ad
779 3676 1206 3731 auctoritatem.
1233 3676 1311 3728 Ac
1332 3674 1378 3728 si
1419 3673 1602 3727 dicat:
1624 3672 1730 3736 Qui
1762 3688 1878 3727 non

270 3767 355 3818 est
369 3780 592 3832 recens,
610 3763 710 3819 sed
732 3764 901 3819 Filius
923 3769 1008 3819 est
1032 3764 1138 3819 Dei
1166 3764 1350 3830 nostri,
1379 3761 1438 3816 id
1491 3764 1577 3817 est
1606 3761 1756 3816 illius
1781 3759 1881 3815 Dei

270 3869 442 3926 quem
474 3869 580 3907 nos
610 3853 908 3923 propheta
943 3853 1204 3907 colimus.

337 3942 434 3996 Vel
466 3943 653 4012 potest
681 3942 790 3996 hoc
826 3942 1131 4013 allegorice
1164 3940 1298 4013 legi.
1336 3940 1472 3994 Dico
1499 3939 1657 4012 quod
1673 3938 1699 3992 J
1709 3937 1882 3992 udais

269 4033 326 4084 et
352 4030 618 4103 gentibus
647 4030 919 4098 reuelauit,
953 4034 1010 4084 et
1033 4047 1149 4086 non
1170 4029 1440 4084 omnibus
1458 4045 1658 4083 revera
1671 4027 1884 4082 revela-

269 4122 358 4174 tus
375 4122 480 4186 est,
503 4118 604 4173 sed
623 4135 802 4175 omnes
824 4122 1039 4174 termini
1055 4128 1226 4187 terra,
1255 4119 1313 4173 id
1339 4121 1424 4173 est
1453 4133 1656 4172 omnes
1681 4114 1880 4170 termi-

269 4213 472 4263 nantes
487 4209 546 4263 in
575 4226 632 4265 se
664 4209 1065 4265 terrenitatem
1089 4215 1209 4265 tam
1237 4207 1417 4263 Judai
1449 4223 1625 4279 quam
1656 4209 1878 4277 gentes,

1991 1810 2060 1864 lis
2078 1827 2198 1865 esse
2215 1813 2519 1883 Apostolus
2539 1813 2874 1883 apparebat,
2897 1831 3027 1870 cum
3055 1816 3296 1873 diceret:
3315 1841 3343 1869 ‹‹
3360 1819 3602 1884 Quando

1991 1898 2278 1962 inﬁrmor,
2328 1901 2464 1954 tunc
2495 1900 2702 1954 fortior
2729 1918 2855 1957 sum
2901 1905 2959 1957 et
3001 1906 3207 1974 potens
3231 1906 3318 1971 (ΙΙ
3345 1906 3471 1964 Cor.
3500 1925 3598 1979 xu,

1998 1991 2099 2059 10).
2131 2011 2158 2038 »
2190 1988 2269 2043 Et
2289 1989 2571 2060 psallitein
2599 2006 2721 2046 uoce
2752 1992 2891 2047 tuba
2928 2009 3148 2061 cornea,
3198 1994 3257 2048 in
3288 2012 3424 2051 voce
3449 2013 3598 2070 pra-

1992 2077 2293 2134 dicationis
2312 2078 2646 2148 procedenti
2669 2079 2749 2133 sic
2801 2095 2870 2134 ex
2898 2081 3077 2148 vobis,
3119 2085 3181 2136 ut
3208 2082 3329 2138 sitis
3353 2085 3513 2152 tuba,
3541 2085 3600 2142 id

1989 2169 2075 2221 est
2101 2166 2404 2221 manifeste
2427 2167 2825 2238 pradicantes,
2841 2172 2898 2223 et
2909 2185 3138 2238 cornea,
3162 2170 3221 2226 id
3240 2173 3394 2228 estin
3429 2190 3602 2231 carne

1990 2255 2284 2310 manendo
2318 2271 2436 2310 non
2459 2256 2775 2310 secundum
2807 2273 3041 2313 carnem
3063 2258 3400 2330 militantes,
3415 2266 3479 2319 ut
3493 2279 3598 2337 pro

1989 2348 2222 2399 terreno
2245 2343 2556 2398 commodo
2577 2344 2866 2412 militetis;
2891 2347 2992 2400 sed
3009 2349 3259 2404 carnalia
3271 2365 3600 2421 superexce-

1993 2433 2130 2499 dite,
2162 2435 2220 2487 et
2245 2431 2316 2486 ad
2348 2433 2596 2488 coelestia
2608 2436 2882 2503 spectate,
2915 2438 2974 2488 et
3000 2435 3173 2506 rigidi
3202 2437 3263 2492 in
3277 2439 3602 2498 constantia

1992 2525 2193 2589 estote,
2223 2520 2295 2574 ad
2323 2520 2765 2576 similitudinem
2797 2537 2999 2591 cornu,
3031 2524 3185 2595 quod.
3216 2525 3275 2581 in
3295 2542 3467 2584 carne
3482 2545 3602 2584 ma-

1992 2626 2156 2676 nens,
2180 2610 2450 2664 eamdem
2473 2626 2708 2666 carnem
2734 2611 2975 2681 excedit,
3009 2617 3066 2669 et
3085 2628 3216 2672 cum
3239 2615 3492 2689 rigidum
3505 2613 3600 2689 sit,

1991 2697 2064 2751 ad
2083 2698 2262 2751 altum
2291 2697 2497 2752 tendit.

2061 2786 2176 2840 Hoc
2207 2788 2401 2840 autem
2428 2789 2938 2856 pramonstratum
2964 2791 3048 2857 est
3070 2789 3130 2844 in
3177 2789 3354 2863 priori
3384 2797 3598 2867 populo

1987 2874 2338 2940 Judaorum,
2359 2874 2454 2945 qui
2471 2873 2528 2928 in
2543 2875 2744 2930 diebus
2761 2874 2918 2930 festis
2929 2877 3237 2949 clangebat
3251 2880 3402 2937 tubis
3423 2883 3601 2940 ducti-

1988 2960 2134 3016 libus
2152 2963 2210 3015 et
2239 2961 2482 3016 corneis.
2513 2962 2771 3030 Jubilate,
2786 2963 3049 3035 inquam,
3057 2965 3238 3035 jubilo
3258 2968 3598 3043 devotionis,

1989 3053 2047 3105 et
2075 3051 2182 3105 hoc
2219 3052 2282 3105 in
2302 3057 2574 3122 conspectu
2600 3054 2736 3120 regis
2754 3052 2993 3121 Domini,
3039 3054 3098 3108 id
3151 3060 3236 3110 est
3278 3057 3408 3114 ideo
3464 3062 3600 3132 quia

1989 3138 2276 3194 meruistis
2301 3156 2420 3194 esse
2451 3139 2509 3194 in
2536 3144 2845 3211 conspectu
2875 3141 3008 3196 ﬁdei
3037 3141 3184 3198 illius
3198 3145 3294 3216 qui
3327 3163 3424 3201 rex
3441 3153 3526 3204 est
3538 3154 3598 3208 et

1987 3228 2266 3284 Dominus
2287 3227 2358 3284 de
2388 3228 2547 3299 cujus
2576 3232 2886 3300 conspectu
2911 3229 3075 3284 valde
3099 3231 3471 3302 jubilandum
3490 3242 3594 3295 est.

1990 3314 2132 3379 Quia
2157 3331 2292 3370 vero
2325 3319 2518 3386 posset
2547 3315 2737 3386 objici,
2764 3332 2896 3372 vere
2943 3333 3060 3372 non
3083 3318 3434 3390 jubilabunt,
3463 3325 3600 3397 quia

1986 3420 2103 3458 non
2126 3406 2420 3475 poterunt,
2437 3407 2674 3475 propter
2691 3404 2871 3460 moris
2883 3405 3225 3475 motionem,
3251 3409 3411 3465 addit
3429 3427 3442 3466 :
3460 3393 3596 3470 Dico
3629 3393 3637 3400 ’

1978 3491 2221 3562 jubilate,
2253 3493 2311 3546 et
2339 3491 2384 3545 si
2411 3507 2571 3546 mare
2603 3497 2830 3548 motum
2869 3493 3043 3549 fuerit
3073 3499 3273 3552 contra
3323 3515 3441 3566 vos,
3466 3517 3597 3574 qua

1983 3595 2132 3632 cura
2155 3579 2181 3632 ?
2207 3586 2482 3633 moueatur
2511 3579 2644 3634 satis
2681 3597 2786 3651 per
2814 3581 3216 3639 tribulationes
3251 3587 3489 3655 mare,id
3511 3592 3599 3646 est

1982 3667 2224 3739 p0pulus
2255 3667 2576 3721 amaricans
2589 3674 2765 3722 etnon
2790 3685 2966 3740 parva
2990 3685 3123 3740 pars
3137 3672 3332 3740 maris,
3359 3676 3459 3731 sed
3477 3677 3596 3748 ple-

1981 3754 2189 3820 nitudo,
2217 3753 2277 3807 id
2307 3757 2393 3807 est
2417 3755 2726 3809 multitudo
2753 3755 2870 3825 ejus
2895 3757 3090 3810 maris.
3113 3758 3193 3812 Ne
3216 3775 3349 3815 vero
3381 3761 3592 3818 intelli-

1983 3859 2250 3914 geremus
2273 3858 2433 3897 mare
2462 3843 2537 3898 ad
2554 3843 2830 3910 litteram,
2855 3843 3015 3898 addit
3027 3847 3089 3899 ut
3102 3845 3470 3918 determinet,
3488 3851 3594 3907 sci-

1982 3931 2113 3987 licet
2127 3932 2267 3986 orbis
2284 3938 2552 3987 terrarum
2568 3935 2886 3987 moveatur.
2918 3933 2997 3987 Ne
3019 3949 3156 3988 vero
3184 3935 3371 4005 ipsum
3391 3940 3594 3996 orbem

1983 4021 2344 4076 immobilem
2365 4020 2923 4092 accipiamus,adhuc
2944 4021 3314 4079 determinat.
3329 4025 3490 4094 Et,id
3509 4031 3597 4084 est

1983 4109 2296 4164 scilicetilli
2351 4111 2692 4164 moveantur
2739 4108 3000 4163 inﬁdeles
3047 4112 3144 4180 qui
3173 4109 3417 4167 habitant
3446 4117 3501 4168 in
3524 4132 3593 4172 eo

1985 4199 2144 4253 orbe.
2163 4199 2278 4255 Hoc
2307 4203 2505 4252 autem
2525 4213 2711 4268 neque
2722 4196 2942 4268 optatio
2967 4200 3052 4251 est
3071 4215 3259 4269 neque
3279 4203 3590 4272 concessio,

269 4299 514 4352 uiderunt
539 4314 674 4354 vera
695 4299 911 4354 visione
939 4300 1069 4353 ﬁdei
1101 4299 1335 4354 salutare
1358 4296 1465 4351 Dei
1485 4297 1672 4350 nostri.
1708 4294 1884 4349 Cate-
1905 4301 1956 4360 D
1986 4287 2085 4342 sed
2117 4303 2458 4352 sarcasmos,
2491 4285 2552 4339 id
2580 4288 2665 4338 est
2693 4285 3138 4339 hostilisirrisio.
3170 4286 3305 4342 Dico
3327 4304 3595 4347 movean-

268 4403 399 4441 rum
416 4387 593 4458 priori
606 4371 1187 4458 sententia390ad
1202 4386 1458 4440 litteram
1475 4384 1679 4438 melius
1692 4383 1882 4437 viden-

270 4478 363 4530 tur
381 4476 681 4547 sequentia
709 4476 1083 4531 concordare.
1133 4476 1267 4530 Dico
1300 4473 1452 4545 quod
1480 4472 1731 4526 Christus
1757 4472 1881 4525 dea:-

274 4570 380 4618 tera
413 4563 518 4617 Dei
532 4565 758 4618 saluauit
785 4581 966 4636 genus
996 4565 1412 4625 humanum,et
1433 4562 1717 4615 revelatus
1730 4563 1885 4614 estet

270 4651 478 4707 Judais
504 4657 561 4706 et
608 4653 901 4724 gentibus:
949 4647 1885 4719 ethacoccasionej-ubiluteDomi—

271 4757 358 4807 no,
393 4740 615 4796 Christo
641 4741 869 4795 intensa
894 4740 1197 4795 affectione
1224 4737 1546 4794 dilectionis
1561 4739 1617 4791 et
1635 4735 1886 4790 devotio-

272 4827 360 4885 nis
381 4831 550 4882 omnis
608 4835 774 4896 terra,
803 4828 862 4882 id
892 4833 976 4883 est
1036 4845 1239 4884 omnes
1272 4827 1625 4882 habitatores
1667 4828 1833 4878 terra
1868 4840 1882 4891 ;

273 4923 502 4982 cantate,
537 4916 594 4971 id
617 4920 701 4971 est
732 4917 879 4972 bene
911 4918 979 4972 de
1009 4934 1076 4972 eo
1095 4916 1366 4987 cogitate,
1393 4913 1546 4987 quod
1579 4911 1682 4983 ipsi
1702 4909 1883 4966 canti-

274 5022 404 5060 cum
439 5005 566 5071 erit,
599 5013 648 5060 et
673 5007 928 5061 exsultate
950 5005 1189 5060 interius
1212 5005 1361 5059 bene
1376 5001 1687 5075 cogitando
1710 5001 1779 5055 de
1793 5015 1883 5066 eo,

273 5100 320 5149 et
340 5095 571 5165 psallite.
605 5095 676 5150 Et
705 5092 1246 5166 exponitquomodo
1256 5093 1462 5163 jubeat
1477 5089 1740 5162 psallere,
1755 5103 1887 5142 cum

273 5182 467 5239 addit:
491 5182 738 5250 Psallite,
770 5183 1030 5254 inquam,
1065 5181 1294 5235 Domino
1317 5179 1562 5241 Christo,
1587 5177 1646 5232 id
1662 5178 1747 5231 est
1759 5193 1890 5230 can-

272 5274 412 5338 tate,
447 5274 506 5326 et
551 5272 660 5325 hoc
705 5273 761 5324 in
817 5271 1045 5339 cithara,
1075 5272 1128 5322 in
1177 5269 1408 5334 cithara,
1436 5267 1496 5321 id
1522 5269 1600 5320 est
1635 5265 1693 5319 in
1732 5265 1886 5320 bona

275 5359 609 5430 operatione
651 5361 1050 5415 membrorum
1083 5360 1429 5423 vestrorum,
1460 5371 1586 5425 qua
1618 5352 1888 5408 mortalia

271 5447 698 5504 suntinferioris
727 5451 945 5504 natura
960 5463 1135 5520 quam
1159 5445 1374 5512 anima,
1403 5443 1650 5514 ideoque
1683 5458 1785 5512 per
1805 5440 1881 5496 ci-

273 5537 502 5594 tharam
533 5535 908 5611 accipiuntur,
924 5553 1050 5609 qua
1073 5553 1104 5591 ο
1129 5531 1421 5592 ῂΐθΐίοιδὶ
1444 5533 1630 5603 sonat,
1654 5532 1710 5585 et
1730 5527 1885 5585 corio

1986 4381 2099 4444 tur,
2134 4371 2290 4448 quod
2321 4372 2925 4445 equidemcurandum
2956 4389 3075 4426 non
3107 4376 3212 4427 est.
3254 4375 3409 4431 Licet
3431 4379 3590 4436 enim

1986 4467 2344 4529 moveantur,
2363 4463 2591 4530 ﬂumina
2621 4464 2840 4526 tamen,
2867 4460 2924 4513 id
2951 4459 3243 4516 estﬁdeles
3269 4464 3412 4536 quia
3430 4466 3593 4525 fonte

1987 4551 2191 4607 Christi
2218 4549 2566 4621 prodeuntes
2621 4563 2741 4601 non
2773 4547 3044 4602 deﬁciunt
3089 4549 3232 4606 sicut
3257 4551 3516 4623 ﬂumina,
3557 4574 3593 4614 a

1985 4640 2144 4694 fonte
2159 4637 2414 4710 quolibet
2437 4639 2564 4690 orta
2577 4635 2971 4691 indesinenter
2985 4637 3191 4706 ﬂuunt,
3202 4640 3461 4710 plaudent
3472 4661 3590 4700 ma-

1985 4745 2078 4795 nu,
2107 4727 2166 4780 id
2179 4729 2263 4780 est
2273 4724 2632 4795 conjungent
2650 4722 2742 4777 hic
2758 4740 2890 4777 cum
2904 4724 3102 4780 latitia
3114 4727 3267 4782 bona
3280 4745 3454 4800 opera
3465 4748 3563 4787 sua
3574 4774 3590 4802 ,

1986 4818 2043 4873 et
2062 4816 2170 4871 hoc
2188 4814 2366 4880 simul,
2384 4813 2444 4868 id
2465 4816 2550 4867 est
2563 4829 2693 4867 cum
2721 4813 3051 4868 concordia.
3076 4813 3241 4878 Quod
3261 4819 3347 4870 est
3358 4817 3550 4875 dicere
3571 4837 3585 4876 :

1987 4903 2404 4961 concordanter
2426 4905 2483 4957 et
2505 4903 2857 4958 exsultanter
2900 4901 3048 4956 bene
3079 4903 3490 4972 operabuntur.
3524 4909 3593 4965 Et

1991 5010 2091 5066 per
2102 4993 2209 5047 hoc
2235 4991 2290 5044 in
2301 4991 2590 5062 nuitquod
2611 4993 2848 5062 propter
2869 4989 3325 5045 commotionem
3343 5009 3461 5048 non
3475 5011 3592 5050 ces-

1989 5084 2196 5138 sabunt
2220 5080 2460 5134 interius
2478 5096 2511 5133 a
2527 5077 2892 5148 jubilatioue,
2912 5077 3010 5147 qui
3030 5077 3279 5133 exterius
3322 5078 3592 5154 impediri

1989 5187 2104 5225 non
2118 5171 2391 5242 poterunt
2412 5167 2484 5221 ab
2501 5167 2853 5236 operatione.
2879 5164 3158 5220 Plaudere
3169 5165 3404 5238 quidem
3419 5174 3504 5226 est
3519 5189 3589 5229 ex

1986 5259 2184 5315 latitia
2213 5273 2342 5312 cum
2375 5255 2596 5325 impetu
2623 5270 2831 5308 manus
2860 5253 3234 5326 conjungere.
3257 5256 3391 5311 Dico
3433 5261 3591 5331 quod

1985 5351 2210 5418 ﬂumina
2228 5344 2492 5418 plaudent
2509 5347 2568 5397 et
2596 5343 2717 5415 ipsa
2740 5342 2946 5397 eadem
2972 5342 3273 5398 existentia
3286 5352 3504 5415 montes,
3528 5349 3590 5405 id

1989 5440 2073 5493 est
2091 5433 2357 5491 sublimia
2379 5432 2436 5486 in
2452 5431 2774 5497 virtutibus,
2788 5429 3120 5486 exsultabant
3137 5430 3196 5485 in
3226 5430 3442 5503 futuro,
3460 5451 3588 5508 qua

1992 5522 2296 5582 exsultatio
2345 5520 2650 5592 continget
2677 5524 3001 5591 aconspeetu
3045 5519 3283 5596 Domini,
3341 5520 3403 5583 id
3441 5528 3526 5582 est
3554 5543 3590 5584 ο,
