  <div class='ocr_page' id='page_1' title='image "/cluster/home/n/w/nwhite01/storage/ocr_20150623/152/hvd.32044054760103/583.png"; bbox 0 0 4008 6040; ppageno 0'>
   <div class='ocr_carea' id='block_1_1' title="bbox 398 259 535 322">
    <p class='ocr_par' dir='ltr' id='par_1_1' title="bbox 398 259 535 322">
     <span class='ocr_line' id='line_1_1' title="bbox 398 259 535 322; baseline -0.015 0"><span class='ocrx_word' id='word_1_1' title='bbox 398 259 535 322; x_wconf 71' lang='lat'><strong>“58</strong></span> 
     </span>
    </p>
   </div>
   <div class='ocr_carea' id='block_1_2' title="bbox 997 251 3089 319">
    <p class='ocr_par' dir='ltr' id='par_1_2' title="bbox 997 251 3089 319">
     <span class='ocr_line' id='line_1_2' title="bbox 997 251 3089 319; baseline -0.002 -1"><span class='ocrx_word' id='word_1_2' title='bbox 997 256 1059 319; x_wconf 77' lang='grc'><strong>8.</strong></span> <span class='ocrx_word' id='word_1_3' title='bbox 1097 253 1444 317; x_wconf 80' lang='lat' dir='ltr'><strong>BRUNONIS</strong></span> <span class='ocrx_word' id='word_1_4' title='bbox 1482 251 2114 316; x_wconf 73' lang='lat' dir='ltr'><strong>CARTHUSIANORUM</strong></span> <span class='ocrx_word' id='word_1_5' title='bbox 2150 253 2617 316; x_wconf 78' lang='lat' dir='ltr'><strong>INS&#39;I&#39;ITUTORIS</strong></span> <span class='ocrx_word' id='word_1_6' title='bbox 2655 253 2812 316; x_wconf 82' lang='lat' dir='ltr'><strong>OPP.</strong></span> <span class='ocrx_word' id='word_1_7' title='bbox 2850 252 3029 315; x_wconf 71' lang='lat' dir='ltr'><strong>PARS</strong></span> <span class='ocrx_word' id='word_1_8' title='bbox 3064 253 3089 312; x_wconf 83' lang='grc' dir='ltr'>ἰ</span> 
     </span>
    </p>
   </div>
   <div class='ocr_carea' id='block_1_3' title="bbox 3565 252 3711 315">
    <p class='ocr_par' dir='ltr' id='par_1_3' title="bbox 3565 252 3711 315">
     <span class='ocr_line' id='line_1_3' title="bbox 3565 252 3711 315; baseline 0.007 -1"><span class='ocrx_word' id='word_1_9' title='bbox 3565 252 3711 315; x_wconf 72' lang='lat'><strong>“56</strong></span> 
     </span>
    </p>
   </div>
   <div class='ocr_carea' id='block_1_4' title="bbox 405 374 3718 461">
    <p class='ocr_par' dir='ltr' id='par_1_4' title="bbox 405 374 3718 461">
     <span class='ocr_line' id='line_1_4' title="bbox 405 374 3718 461; baseline -0.002 -19"><span class='ocrx_word' id='word_1_10' title='bbox 405 382 705 461; x_wconf 64' lang='lat' dir='ltr'><strong>praisentis</strong></span> <span class='ocrx_word' id='word_1_11' title='bbox 731 381 950 441; x_wconf 83' lang='lat' dir='ltr'><strong>visione</strong></span> <span class='ocrx_word' id='word_1_12' title='bbox 979 381 1207 461; x_wconf 42' lang='lat' dir='ltr'><strong>Christi;</strong></span> <span class='ocrx_word' id='word_1_13' title='bbox 1242 382 1313 461; x_wconf 74' lang='lat' dir='ltr'><strong>Et</strong></span> <span class='ocrx_word' id='word_1_14' title='bbox 1334 397 1465 438; x_wconf 83' lang='lat' dir='ltr'><strong>vere</strong></span> <span class='ocrx_word' id='word_1_15' title='bbox 1493 396 1627 437; x_wconf 91' lang='lat' dir='ltr'><strong>eum</strong></span> <span class='ocrx_word' id='word_1_16' title='bbox 1645 379 2001 452; x_wconf 91' lang='lat' dir='ltr'><strong>conspicient</strong></span> <span class='ocrx_word' id='word_1_17' title='bbox 2025 381 2082 441; x_wconf 85' lang='lat' dir='ltr'><strong>A</strong></span> <span class='ocrx_word' id='word_1_18' title='bbox 2104 378 2287 436; x_wconf 90' lang='lat' dir='ltr'><strong>Deum</strong></span> <span class='ocrx_word' id='word_1_19' title='bbox 2304 380 2765 436; x_wconf 85' lang='lat' dir='ltr'><strong>honorarent.De</strong></span> <span class='ocrx_word' id='word_1_20' title='bbox 2780 378 2891 436; x_wconf 92' lang='lat' dir='ltr'><strong>hoc</strong></span> <span class='ocrx_word' id='word_1_21' title='bbox 2901 393 3035 436; x_wconf 89' lang='lat' dir='ltr'><strong>vero</strong></span> <span class='ocrx_word' id='word_1_22' title='bbox 3049 375 3268 451; x_wconf 89' lang='lat' dir='ltr'><strong>judicio</strong></span> <span class='ocrx_word' id='word_1_23' title='bbox 3281 378 3414 435; x_wconf 89' lang='lat' dir='ltr'><strong>sunt</strong></span> <span class='ocrx_word' id='word_1_24' title='bbox 3427 374 3535 451; x_wconf 89' lang='lat' dir='ltr'><strong>ipsi</strong></span> <span class='ocrx_word' id='word_1_25' title='bbox 3553 376 3718 435; x_wconf 72' lang='lat' dir='ltr'><strong>inex~</strong></span> 
     </span>
    </p>
   </div>
   <div class='ocr_carea' id='block_1_5' title="bbox 398 456 2003 547">
    <p class='ocr_par' dir='ltr' id='par_1_5' title="bbox 398 456 2003 547">
     <span class='ocr_line' id='line_1_5' title="bbox 398 456 2003 547; baseline -0.007 -15"><span class='ocrx_word' id='word_1_26' title='bbox 398 456 795 547; x_wconf 74' lang='lat' dir='ltr'><strong>corporaliter,</strong></span> <span class='ocrx_word' id='word_1_27' title='bbox 814 476 940 546; x_wconf 82' lang='lat' dir='ltr'><strong>quia</strong></span> <span class='ocrx_word' id='word_1_28' title='bbox 953 473 1074 545; x_wconf 90' lang='lat' dir='ltr'><strong>ipse</strong></span> <span class='ocrx_word' id='word_1_29' title='bbox 1242 456 1258 543; x_wconf 87' lang='lat' dir='ltr'><strong>I</strong></span> <span class='ocrx_word' id='word_1_30' title='bbox 1304 472 1464 537; x_wconf 80' lang='lat' dir='ltr'><strong>venit,</strong></span> <span class='ocrx_word' id='word_1_31' title='bbox 1480 469 1538 525; x_wconf 88' lang='lat' dir='ltr'>id</span> <span class='ocrx_word' id='word_1_32' title='bbox 1576 471 1661 524; x_wconf 90' lang='lat' dir='ltr'><strong>est</strong></span> <span class='ocrx_word' id='word_1_33' title='bbox 1680 467 1869 523; x_wconf 82' lang='lat' dir='ltr'><strong>veniet</strong></span> <span class='ocrx_word' id='word_1_34' title='bbox 1881 483 2003 522; x_wconf 86' lang='lat' dir='ltr'><strong>cor-</strong></span> 
     </span>
    </p>
   </div>
   <div class='ocr_carea' id='block_1_6' title="bbox 396 557 2001 635">
    <p class='ocr_par' dir='ltr' id='par_1_6' title="bbox 396 557 2001 635">
     <span class='ocr_line' id='line_1_6' title="bbox 396 557 2001 635; baseline -0.006 -16"><span class='ocrx_word' id='word_1_35' title='bbox 396 563 673 635; x_wconf 89' lang='lat' dir='ltr'><strong>poraliter</strong></span> <span class='ocrx_word' id='word_1_36' title='bbox 691 562 939 634; x_wconf 73' lang='lat' dir='ltr'><strong>judicare</strong></span> <span class='ocrx_word' id='word_1_37' title='bbox 967 567 1182 627; x_wconf 84' lang='lat' dir='ltr'><strong>terram,</strong></span> <span class='ocrx_word' id='word_1_38' title='bbox 1214 559 1271 614; x_wconf 90' lang='lat' dir='ltr'><strong>id</strong></span> <span class='ocrx_word' id='word_1_39' title='bbox 1300 561 1384 613; x_wconf 90' lang='lat' dir='ltr'><strong>est</strong></span> <span class='ocrx_word' id='word_1_40' title='bbox 1400 574 1601 613; x_wconf 91' lang='lat' dir='ltr'><strong>omnes</strong></span> <span class='ocrx_word' id='word_1_41' title='bbox 1630 557 2001 612; x_wconf 90' lang='lat' dir='ltr'><strong>homines.Et</strong></span> 
     </span>
    </p>
   </div>
   <div class='ocr_carea' id='block_1_7' title="bbox 394 645 1998 724">
    <p class='ocr_par' dir='ltr' id='par_1_7' title="bbox 394 645 1998 724">
     <span class='ocr_line' id='line_1_7' title="bbox 394 645 1998 724; baseline -0.006 -18"><span class='ocrx_word' id='word_1_42' title='bbox 394 655 533 708; x_wconf 87' lang='lat' dir='ltr'><strong>tunc</strong></span> <span class='ocrx_word' id='word_1_43' title='bbox 556 651 790 724; x_wconf 87' lang='lat' dir='ltr'><strong>quidem</strong></span> <span class='ocrx_word' id='word_1_44' title='bbox 809 649 1077 721; x_wconf 70' lang='lat' dir='ltr'><strong>judicabat</strong></span> <span class='ocrx_word' id='word_1_45' title='bbox 1103 649 1282 703; x_wconf 73' lang='lat' dir='ltr'><strong>orbem</strong></span> <span class='ocrx_word' id='word_1_46' title='bbox 1313 645 1559 713; x_wconf 77' lang='lat' dir='ltr'><strong>terrae,id</strong></span> <span class='ocrx_word' id='word_1_47' title='bbox 1585 649 1670 700; x_wconf 86' lang='lat' dir='ltr'><strong>est</strong></span> <span class='ocrx_word' id='word_1_48' title='bbox 1695 645 1998 716; x_wconf 85' lang='lat' dir='ltr'><strong>perfectos,</strong></span> 
     </span>
    </p>
   </div>
   <div class='ocr_carea' id='block_1_8' title="bbox 397 733 2003 811">
    <p class='ocr_par' dir='ltr' id='par_1_8' title="bbox 397 733 2003 811">
     <span class='ocr_line' id='line_1_8' title="bbox 397 733 2003 811; baseline -0.006 -17"><span class='ocrx_word' id='word_1_49' title='bbox 397 743 454 796; x_wconf 87' lang='lat' dir='ltr'><strong>in</strong></span> <span class='ocrx_word' id='word_1_50' title='bbox 471 741 709 811; x_wconf 87' lang='lat' dir='ltr'><strong>justitia,</strong></span> <span class='ocrx_word' id='word_1_51' title='bbox 735 736 1168 794; x_wconf 84' lang='lat' dir='ltr'><strong>remunerando</strong></span> <span class='ocrx_word' id='word_1_52' title='bbox 1183 752 1300 802; x_wconf 92' lang='lat' dir='ltr'><strong>eos,</strong></span> <span class='ocrx_word' id='word_1_53' title='bbox 1322 739 1370 788; x_wconf 89' lang='lat' dir='ltr'><strong>et</strong></span> <span class='ocrx_word' id='word_1_54' title='bbox 1384 733 1626 805; x_wconf 83' lang='lat' dir='ltr'><strong>populos,</strong></span> <span class='ocrx_word' id='word_1_55' title='bbox 1646 733 1927 800; x_wconf 82' lang='lat' dir='ltr'><strong>infideles,</strong></span> <span class='ocrx_word' id='word_1_56' title='bbox 1947 734 2003 785; x_wconf 87' lang='lat' dir='ltr'><strong>in</strong></span> 
     </span>
    </p>
   </div>
   <div class='ocr_carea' id='block_1_9' title="bbox 391 825 1224 902">
    <p class='ocr_par' dir='ltr' id='par_1_9' title="bbox 391 825 1224 902">
     <span class='ocr_line' id='line_1_9' title="bbox 391 825 1224 902; baseline -0.008 -17"><span class='ocrx_word' id='word_1_57' title='bbox 391 831 637 902; x_wconf 61' lang='lat' dir='ltr'><strong>«aequitate</strong></span> <span class='ocrx_word' id='word_1_58' title='bbox 660 828 815 899; x_wconf 91' lang='lat' dir='ltr'><strong>juste</strong></span> <span class='ocrx_word' id='word_1_59' title='bbox 871 825 1224 882; x_wconf 89' lang='lat' dir='ltr'><strong>damnando.</strong></span> 
     </span>
    </p>
   </div>
   <div class='ocr_carea' id='block_1_10' title="bbox 855 911 1545 969">
    <p class='ocr_par' dir='ltr' id='par_1_10' title="bbox 855 911 1545 969">
     <span class='ocr_line' id='line_1_10' title="bbox 855 911 1545 969; baseline -0.004 0"><span class='ocrx_word' id='word_1_60' title='bbox 855 916 924 969; x_wconf 83' lang='lat' dir='ltr'><strong>IN</strong></span> <span class='ocrx_word' id='word_1_61' title='bbox 963 913 1286 969; x_wconf 84' lang='lat' dir='ltr'><strong>PSALMUM</strong></span> <span class='ocrx_word' id='word_1_62' title='bbox 1322 911 1545 966; x_wconf 86' lang='lat' dir='ltr'><strong>XCVIII.</strong></span> 
     </span>
    </p>
   </div>
   <div class='ocr_carea' id='block_1_11' title="bbox 468 995 2002 1075">
    <p class='ocr_par' dir='ltr' id='par_1_11' title="bbox 468 995 2002 1075">
     <span class='ocr_line' id='line_1_11' title="bbox 468 995 2002 1075; baseline -0.007 -14"><span class='ocrx_word' id='word_1_63' title='bbox 468 1003 680 1061; x_wconf 87' lang='lat' dir='ltr'><strong>Psalmi</strong></span> <span class='ocrx_word' id='word_1_64' title='bbox 701 1001 1063 1075; x_wconf 89' lang='lat' dir='ltr'><strong>nonagesimi</strong></span> <span class='ocrx_word' id='word_1_65' title='bbox 1093 999 1275 1056; x_wconf 85' lang='lat' dir='ltr'><strong>octavi</strong></span> <span class='ocrx_word' id='word_1_66' title='bbox 1305 1002 1518 1058; x_wconf 81' lang='lat' dir='ltr'><strong>titulus.</strong></span> <span class='ocrx_word' id='word_1_67' title='bbox 1541 998 1788 1053; x_wconf 80' lang='lat' dir='ltr'><strong>Psalmus</strong></span> <span class='ocrx_word' id='word_1_68' title='bbox 1817 995 2002 1053; x_wconf 85' lang='lat' dir='ltr'><strong>David</strong></span> 
     </span>
    </p>
   </div>
   <div class='ocr_carea' id='block_1_12' title="bbox 395 1085 2002 1168">
    <p class='ocr_par' dir='ltr' id='par_1_12' title="bbox 395 1085 2002 1168">
     <span class='ocr_line' id='line_1_12' title="bbox 395 1085 2002 1168; baseline -0.007 -18"><span class='ocrx_word' id='word_1_69' title='bbox 395 1090 947 1168; x_wconf 84' lang='lat' dir='ltr'><strong>prophetee,agentis</strong></span> <span class='ocrx_word' id='word_1_70' title='bbox 964 1091 1167 1144; x_wconf 88' lang='lat' dir='ltr'><strong>contra</strong></span> <span class='ocrx_word' id='word_1_71' title='bbox 1185 1088 1445 1144; x_wconf 81' lang='lat' dir='ltr'><strong>infideles</strong></span> <span class='ocrx_word' id='word_1_72' title='bbox 1456 1089 1482 1143; x_wconf 89' lang='lat' dir='ltr'><strong>J</strong></span> <span class='ocrx_word' id='word_1_73' title='bbox 1489 1087 1681 1142; x_wconf 72' lang='lat' dir='ltr'><strong>udaeos</strong></span> <span class='ocrx_word' id='word_1_74' title='bbox 1695 1085 2002 1140; x_wconf 83' lang='lat' dir='ltr'><strong>irascentes</strong></span> 
     </span>
    </p>
   </div>
   <div class='ocr_carea' id='block_1_13' title="bbox 398 1173 2002 1252">
    <p class='ocr_par' dir='ltr' id='par_1_13' title="bbox 398 1173 2002 1252">
     <span class='ocr_line' id='line_1_13' title="bbox 398 1173 2002 1252; baseline -0.007 -15"><span class='ocrx_word' id='word_1_75' title='bbox 398 1183 468 1238; x_wconf 91' lang='lat' dir='ltr'><strong>de</strong></span> <span class='ocrx_word' id='word_1_76' title='bbox 481 1197 661 1252; x_wconf 90' lang='lat' dir='ltr'><strong>regno</strong></span> <span class='ocrx_word' id='word_1_77' title='bbox 688 1178 1234 1241; x_wconf 88' lang='lat' dir='ltr'><strong>Christi,ostendens</strong></span> <span class='ocrx_word' id='word_1_78' title='bbox 1255 1177 1405 1233; x_wconf 88' lang='lat' dir='ltr'><strong>iram</strong></span> <span class='ocrx_word' id='word_1_79' title='bbox 1442 1191 1643 1231; x_wconf 89' lang='lat' dir='ltr'><strong>eorum</strong></span> <span class='ocrx_word' id='word_1_80' title='bbox 1661 1173 1922 1228; x_wconf 80' lang='lat' dir='ltr'><strong>inutilem</strong></span> <span class='ocrx_word' id='word_1_81' title='bbox 1945 1173 2002 1226; x_wconf 87' lang='lat' dir='ltr'><strong>et</strong></span> 
     </span>
    </p>
   </div>
   <div class='ocr_carea' id='block_1_14' title="bbox 392 1263 1997 1341">
    <p class='ocr_par' dir='ltr' id='par_1_14' title="bbox 392 1263 1997 1341">
     <span class='ocr_line' id='line_1_14' title="bbox 392 1263 1997 1341; baseline -0.009 -14"><span class='ocrx_word' id='word_1_82' title='bbox 392 1269 684 1341; x_wconf 79' lang='lat' dir='ltr'><strong>injustam.</strong></span> <span class='ocrx_word' id='word_1_83' title='bbox 713 1267 979 1322; x_wconf 90' lang='lat' dir='ltr'><strong>Inutilem</strong></span> <span class='ocrx_word' id='word_1_84' title='bbox 1011 1265 1272 1338; x_wconf 90' lang='lat' dir='ltr'><strong>quidem,</strong></span> <span class='ocrx_word' id='word_1_85' title='bbox 1303 1263 1584 1336; x_wconf 90' lang='lat' dir='ltr'><strong>quoniam</strong></span> <span class='ocrx_word' id='word_1_86' title='bbox 1637 1263 1778 1316; x_wconf 85' lang='lat' dir='ltr'><strong>nihil</strong></span> <span class='ocrx_word' id='word_1_87' title='bbox 1815 1277 1997 1332; x_wconf 88' lang='lat' dir='ltr'><strong>regno</strong></span> 
     </span>
    </p>
   </div>
   <div class='ocr_carea' id='block_1_15' title="bbox 394 1349 1996 1429">
    <p class='ocr_par' dir='ltr' id='par_1_15' title="bbox 394 1349 1996 1429">
     <span class='ocr_line' id='line_1_15' title="bbox 394 1349 1996 1429; baseline -0.008 -15"><span class='ocrx_word' id='word_1_88' title='bbox 394 1357 609 1429; x_wconf 89' lang='lat' dir='ltr'><strong>ejusira</strong></span> <span class='ocrx_word' id='word_1_89' title='bbox 622 1373 824 1412; x_wconf 90' lang='lat' dir='ltr'><strong>eorum</strong></span> <span class='ocrx_word' id='word_1_90' title='bbox 850 1354 1102 1420; x_wconf 82' lang='lat' dir='ltr'><strong>nocebit,</strong></span> <span class='ocrx_word' id='word_1_91' title='bbox 1119 1370 1254 1408; x_wconf 90' lang='lat' dir='ltr'><strong>cum</strong></span> <span class='ocrx_word' id='word_1_92' title='bbox 1273 1353 1470 1408; x_wconf 86' lang='lat' dir='ltr'><strong>sedeat</strong></span> <span class='ocrx_word' id='word_1_93' title='bbox 1491 1367 1664 1423; x_wconf 88' lang='lat' dir='ltr'><strong>super</strong></span> <span class='ocrx_word' id='word_1_94' title='bbox 1684 1349 1996 1404; x_wconf 88' lang='lat' dir='ltr'><strong>Cherubim</strong></span> 
     </span>
    </p>
   </div>
   <div class='ocr_carea' id='block_1_16' title="bbox 396 1437 1996 1517">
    <p class='ocr_par' dir='ltr' id='par_1_16' title="bbox 396 1437 1996 1517">
     <span class='ocr_line' id='line_1_16' title="bbox 396 1437 1996 1517; baseline -0.007 -16"><span class='ocrx_word' id='word_1_95' title='bbox 396 1450 454 1502; x_wconf 90' lang='lat' dir='ltr'><strong>et</strong></span> <span class='ocrx_word' id='word_1_96' title='bbox 478 1447 685 1517; x_wconf 81' lang='lat' dir='ltr'><strong>regnet</strong></span> <span class='ocrx_word' id='word_1_97' title='bbox 704 1445 833 1515; x_wconf 87' lang='lat' dir='ltr'><strong>jam</strong></span> <span class='ocrx_word' id='word_1_98' title='bbox 851 1442 910 1497; x_wconf 91' lang='lat' dir='ltr'><strong>in</strong></span> <span class='ocrx_word' id='word_1_99' title='bbox 925 1442 1086 1504; x_wconf 91' lang='lat' dir='ltr'><strong>Sion,</strong></span> <span class='ocrx_word' id='word_1_100' title='bbox 1105 1445 1163 1495; x_wconf 89' lang='lat' dir='ltr'><strong>et</strong></span> <span class='ocrx_word' id='word_1_101' title='bbox 1193 1441 1252 1495; x_wconf 93' lang='lat' dir='ltr'><strong>in</strong></span> <span class='ocrx_word' id='word_1_102' title='bbox 1272 1440 1496 1512; x_wconf 86' lang='lat' dir='ltr'><strong>populis</strong></span> <span class='ocrx_word' id='word_1_103' title='bbox 1518 1439 1800 1511; x_wconf 89' lang='lat' dir='ltr'><strong>gentium.</strong></span> <span class='ocrx_word' id='word_1_104' title='bbox 1843 1437 1996 1508; x_wconf 88' lang='lat' dir='ltr'><strong>Inju-</strong></span> 
     </span>
    </p>
   </div>
   <div class='ocr_carea' id='block_1_17' title="bbox 396 1525 2000 1599">
    <p class='ocr_par' dir='ltr' id='par_1_17' title="bbox 396 1525 2000 1599">
     <span class='ocr_line' id='line_1_17' title="bbox 396 1525 2000 1599; baseline -0.007 -10"><span class='ocrx_word' id='word_1_105' title='bbox 396 1536 546 1590; x_wconf 84' lang='lat' dir='ltr'><strong>stam</strong></span> <span class='ocrx_word' id='word_1_106' title='bbox 559 1547 852 1599; x_wconf 87' lang='lat' dir='ltr'><strong>vero,cum</strong></span> <span class='ocrx_word' id='word_1_107' title='bbox 870 1531 1138 1586; x_wconf 89' lang='lat' dir='ltr'><strong>adversus</strong></span> <span class='ocrx_word' id='word_1_108' title='bbox 1159 1546 1293 1584; x_wconf 88' lang='lat' dir='ltr'><strong>eum</strong></span> <span class='ocrx_word' id='word_1_109' title='bbox 1308 1529 1650 1584; x_wconf 86' lang='lat' dir='ltr'><strong>moveantur</strong></span> <span class='ocrx_word' id='word_1_110' title='bbox 1674 1525 1770 1597; x_wconf 87' lang='lat' dir='ltr'><strong>qui</strong></span> <span class='ocrx_word' id='word_1_111' title='bbox 1786 1542 1902 1580; x_wconf 90' lang='lat' dir='ltr'><strong>non</strong></span> <span class='ocrx_word' id='word_1_112' title='bbox 1915 1527 2000 1578; x_wconf 89' lang='lat' dir='ltr'><strong>est</strong></span> 
     </span>
    </p>
   </div>
   <div class='ocr_carea' id='block_1_18' title="bbox 396 1614 1999 1690">
    <p class='ocr_par' dir='ltr' id='par_1_18' title="bbox 396 1614 1999 1690">
     <span class='ocr_line' id='line_1_18' title="bbox 396 1614 1999 1690; baseline -0.009 -9"><span class='ocrx_word' id='word_1_113' title='bbox 396 1639 599 1682; x_wconf 91' lang='lat' dir='ltr'><strong>recens</strong></span> <span class='ocrx_word' id='word_1_114' title='bbox 622 1623 789 1687; x_wconf 89' lang='lat' dir='ltr'><strong>Deus,</strong></span> <span class='ocrx_word' id='word_1_115' title='bbox 820 1620 920 1674; x_wconf 90' lang='lat' dir='ltr'><strong>sed</strong></span> <span class='ocrx_word' id='word_1_116' title='bbox 939 1634 1111 1690; x_wconf 91' lang='lat' dir='ltr'><strong>quem</strong></span> <span class='ocrx_word' id='word_1_117' title='bbox 1139 1619 1440 1672; x_wconf 89' lang='lat' dir='ltr'><strong>coluerunt</strong></span> <span class='ocrx_word' id='word_1_118' title='bbox 1463 1616 1696 1686; x_wconf 84' lang='lat' dir='ltr'><strong>Moyses,</strong></span> <span class='ocrx_word' id='word_1_119' title='bbox 1718 1616 1776 1669; x_wconf 92' lang='lat' dir='ltr'><strong>et</strong></span> <span class='ocrx_word' id='word_1_120' title='bbox 1807 1614 1999 1668; x_wconf 84' lang='lat' dir='ltr'><strong>Aaron</strong></span> 
     </span>
    </p>
   </div>
   <div class='ocr_carea' id='block_1_19' title="bbox 2101 467 3715 541">
    <p class='ocr_par' dir='ltr' id='par_1_19' title="bbox 2101 467 3715 541">
     <span class='ocr_line' id='line_1_19' title="bbox 2101 467 3715 541; baseline 0 -17"><span class='ocrx_word' id='word_1_121' title='bbox 2101 469 2394 524; x_wconf 89' lang='lat' dir='ltr'><strong>cusabiles.</strong></span> <span class='ocrx_word' id='word_1_122' title='bbox 2427 470 2511 524; x_wconf 88' lang='lat' dir='ltr'><strong>Tu</strong></span> <span class='ocrx_word' id='word_1_123' title='bbox 2539 469 2720 538; x_wconf 90' lang='lat' dir='ltr'><strong>enim,</strong></span> <span class='ocrx_word' id='word_1_124' title='bbox 2752 469 2860 525; x_wconf 91' lang='lat' dir='ltr'><strong>nisi</strong></span> <span class='ocrx_word' id='word_1_125' title='bbox 2908 469 3015 541; x_wconf 88' lang='lat' dir='ltr'><strong>ipsi</strong></span> <span class='ocrx_word' id='word_1_126' title='bbox 3049 467 3261 524; x_wconf 88' lang='lat' dir='ltr'><strong>duritia</strong></span> <span class='ocrx_word' id='word_1_127' title='bbox 3290 467 3715 524; x_wconf 82' lang='lat' dir='ltr'><strong>incredulitatis</strong></span> 
     </span>
    </p>
   </div>
   <div class='ocr_carea' id='block_1_20' title="bbox 2103 555 3715 629">
    <p class='ocr_par' dir='ltr' id='par_1_20' title="bbox 2103 555 3715 629">
     <span class='ocr_line' id='line_1_20' title="bbox 2103 555 3715 629; baseline 0.001 -17"><span class='ocrx_word' id='word_1_128' title='bbox 2103 556 2448 626; x_wconf 85' lang='lat' dir='ltr'><strong>obstiterint,</strong></span> <span class='ocrx_word' id='word_1_129' title='bbox 2465 559 2699 629; x_wconf 87' lang='lat' dir='ltr'><strong>parasti,</strong></span> <span class='ocrx_word' id='word_1_130' title='bbox 2731 557 2790 612; x_wconf 92' lang='lat' dir='ltr'><strong>id</strong></span> <span class='ocrx_word' id='word_1_131' title='bbox 2816 559 2900 613; x_wconf 91' lang='lat' dir='ltr'><strong>est</strong></span> <span class='ocrx_word' id='word_1_132' title='bbox 2929 555 3177 628; x_wconf 90' lang='lat' dir='ltr'><strong>parabis,</strong></span> <span class='ocrx_word' id='word_1_133' title='bbox 3199 573 3303 628; x_wconf 92' lang='lat' dir='ltr'><strong>per</strong></span> <span class='ocrx_word' id='word_1_134' title='bbox 3327 557 3600 628; x_wconf 80' lang='lat' dir='ltr'><strong>gratiam,</strong></span> <span class='ocrx_word' id='word_1_135' title='bbox 3631 557 3715 613; x_wconf 83' lang='lat' dir='ltr'><strong>di-</strong></span> 
     </span>
    </p>
   </div>
   <div class='ocr_carea' id='block_1_21' title="bbox 2101 643 3715 717">
    <p class='ocr_par' dir='ltr' id='par_1_21' title="bbox 2101 643 3715 717">
     <span class='ocr_line' id='line_1_21' title="bbox 2101 643 3715 717; baseline 0.002 -19"><span class='ocrx_word' id='word_1_136' title='bbox 2101 648 2368 713; x_wconf 81' lang='lat' dir='ltr'><strong>rectiones,</strong></span> <span class='ocrx_word' id='word_1_137' title='bbox 2400 645 2614 702; x_wconf 89' lang='lat' dir='ltr'><strong>scilicet</strong></span> <span class='ocrx_word' id='word_1_138' title='bbox 2650 649 2713 700; x_wconf 91' lang='lat' dir='ltr'><strong>tu</strong></span> <span class='ocrx_word' id='word_1_139' title='bbox 2742 662 2840 700; x_wconf 92' lang='lat' dir='ltr'><strong>eos</strong></span> <span class='ocrx_word' id='word_1_140' title='bbox 2870 645 2965 717; x_wconf 91' lang='lat' dir='ltr'><strong>qui</strong></span> <span class='ocrx_word' id='word_1_141' title='bbox 2997 661 3100 716; x_wconf 87' lang='lat' dir='ltr'><strong>per</strong></span> <span class='ocrx_word' id='word_1_142' title='bbox 3129 643 3535 701; x_wconf 78' lang='lat' dir='ltr'><strong>infidelitatem</strong></span> <span class='ocrx_word' id='word_1_143' title='bbox 3575 648 3715 703; x_wconf 84' lang='lat' dir='ltr'><strong>sunt</strong></span> 
     </span>
    </p>
   </div>
   <div class='ocr_carea' id='block_1_22' title="bbox 2103 732 2832 801">
    <p class='ocr_par' dir='ltr' id='par_1_22' title="bbox 2103 732 2832 801">
     <span class='ocr_line' id='line_1_22' title="bbox 2103 732 2832 801; baseline 0 -14"><span class='ocrx_word' id='word_1_144' title='bbox 2103 732 2350 801; x_wconf 90' lang='lat' dir='ltr'><strong>dislorti,</strong></span> <span class='ocrx_word' id='word_1_145' title='bbox 2377 733 2620 789; x_wconf 90' lang='lat' dir='ltr'><strong>directos</strong></span> <span class='ocrx_word' id='word_1_146' title='bbox 2640 733 2832 790; x_wconf 85' lang='lat' dir='ltr'><strong>facies.</strong></span> 
     </span>
    </p>
   </div>
   <div class='ocr_carea' id='block_1_23' title="bbox 2175 821 3706 894">
    <p class='ocr_par' dir='ltr' id='par_1_23' title="bbox 2175 821 3706 894">
     <span class='ocr_line' id='line_1_23' title="bbox 2175 821 3706 894; baseline 0.002 -18"><span class='ocrx_word' id='word_1_147' title='bbox 2175 821 2420 894; x_wconf 84' lang='lat' dir='ltr'><strong>Exponit</strong></span> <span class='ocrx_word' id='word_1_148' title='bbox 2448 838 2590 894; x_wconf 88' lang='lat' dir='ltr'><strong>ergo</strong></span> <span class='ocrx_word' id='word_1_149' title='bbox 2619 838 2759 894; x_wconf 91' lang='lat' dir='ltr'><strong>quas</strong></span> <span class='ocrx_word' id='word_1_150' title='bbox 2786 821 3096 877; x_wconf 79' lang='lat' dir='ltr'><strong>directiones</strong></span> <span class='ocrx_word' id='word_1_151' title='bbox 3122 821 3182 876; x_wconf 91' lang='lat' dir='ltr'><strong>in</strong></span> <span class='ocrx_word' id='word_1_152' title='bbox 3207 821 3287 877; x_wconf 89' lang='lat' dir='ltr'><strong>eis</strong></span> <span class='ocrx_word' id='word_1_153' title='bbox 3308 824 3551 893; x_wconf 84' lang='lat' dir='ltr'><strong>parabit,</strong></span> <span class='ocrx_word' id='word_1_154' title='bbox 3569 839 3706 879; x_wconf 88' lang='lat' dir='ltr'><strong>cum</strong></span> 
     </span>
    </p>
   </div>
   <div class='ocr_carea' id='block_1_24' title="bbox 2103 908 3712 980">
    <p class='ocr_par' dir='ltr' id='par_1_24' title="bbox 2103 908 3712 980">
     <span class='ocr_line' id='line_1_24' title="bbox 2103 908 3712 980; baseline 0.002 -17"><span class='ocrx_word' id='word_1_155' title='bbox 2103 908 2262 964; x_wconf 90' lang='lat' dir='ltr'><strong>addit</strong></span> <span class='ocrx_word' id='word_1_156' title='bbox 2292 927 2304 964; x_wconf 91' lang='lat'>:</span> <span class='ocrx_word' id='word_1_157' title='bbox 2335 909 2560 966; x_wconf 89' lang='lat' dir='ltr'><strong>Scilicet</strong></span> <span class='ocrx_word' id='word_1_158' title='bbox 2604 916 2660 965; x_wconf 84' lang='lat' dir='ltr'><strong>tu</strong></span> <span class='ocrx_word' id='word_1_159' title='bbox 2686 912 2866 980; x_wconf 77' lang='lat' dir='ltr'><strong>fecisti</strong></span> <span class='ocrx_word' id='word_1_160' title='bbox 2890 910 2948 966; x_wconf 89' lang='lat' dir='ltr'><strong>id</strong></span> <span class='ocrx_word' id='word_1_161' title='bbox 2978 914 3061 965; x_wconf 91' lang='lat' dir='ltr'><strong>est</strong></span> <span class='ocrx_word' id='word_1_162' title='bbox 3113 909 3287 966; x_wconf 83' lang='lat' dir='ltr'><strong>facies</strong></span> <span class='ocrx_word' id='word_1_163' title='bbox 3317 913 3372 965; x_wconf 88' lang='lat' dir='ltr'><strong>in</strong></span> <span class='ocrx_word' id='word_1_164' title='bbox 3423 912 3505 967; x_wconf 90' lang='lat' dir='ltr'><strong>eis</strong></span> <span class='ocrx_word' id='word_1_165' title='bbox 3549 911 3712 967; x_wconf 84' lang='lat' dir='ltr'><strong>factis</strong></span> 
     </span>
    </p>
   </div>
   <div class='ocr_carea' id='block_1_25' title="bbox 2099 997 3709 1072">
    <p class='ocr_par' dir='ltr' id='par_1_25' title="bbox 2099 997 3709 1072">
     <span class='ocr_line' id='line_1_25' title="bbox 2099 997 3709 1072; baseline 0.002 -22"><span class='ocrx_word' id='word_1_166' title='bbox 2099 997 2293 1065; x_wconf 84' lang='lat' dir='ltr'><strong>Jacob,</strong></span> <span class='ocrx_word' id='word_1_167' title='bbox 2324 997 2384 1053; x_wconf 92' lang='lat' dir='ltr'><strong>id</strong></span> <span class='ocrx_word' id='word_1_168' title='bbox 2413 999 2882 1055; x_wconf 88' lang='lat' dir='ltr'><strong>estluctatoribus</strong></span> <span class='ocrx_word' id='word_1_169' title='bbox 2901 999 3418 1070; x_wconf 86' lang='lat' dir='ltr'><strong>perinoperantem</strong></span> <span class='ocrx_word' id='word_1_170' title='bbox 3433 1000 3709 1072; x_wconf 82' lang='lat' dir='ltr'><strong>gratiam,</strong></span> 
     </span>
    </p>
   </div>
   <div class='ocr_carea' id='block_1_26' title="bbox 2089 1085 3715 1160">
    <p class='ocr_par' dir='ltr' id='par_1_26' title="bbox 2089 1085 3715 1160">
     <span class='ocr_line' id='line_1_26' title="bbox 2089 1085 3715 1160; baseline 0.004 -22"><span class='ocrx_word' id='word_1_171' title='bbox 2089 1085 2445 1156; x_wconf 84' lang='lat' dir='ltr'><strong>judicium,ut</strong></span> <span class='ocrx_word' id='word_1_172' title='bbox 2463 1103 2520 1141; x_wconf 88' lang='lat' dir='ltr'><strong>se</strong></span> <span class='ocrx_word' id='word_1_173' title='bbox 2540 1103 2668 1142; x_wconf 91' lang='lat' dir='ltr'><strong>reos</strong></span> <span class='ocrx_word' id='word_1_174' title='bbox 2697 1087 2756 1142; x_wconf 89' lang='lat' dir='ltr'><strong>in</strong></span> <span class='ocrx_word' id='word_1_175' title='bbox 2777 1087 3126 1142; x_wconf 90' lang='lat' dir='ltr'><strong>conscientia</strong></span> <span class='ocrx_word' id='word_1_176' title='bbox 3135 1088 3420 1158; x_wconf 87' lang='lat' dir='ltr'><strong>judicent,</strong></span> <span class='ocrx_word' id='word_1_177' title='bbox 3438 1091 3496 1144; x_wconf 90' lang='lat' dir='ltr'><strong>et</strong></span> <span class='ocrx_word' id='word_1_178' title='bbox 3511 1092 3715 1160; x_wconf 88' lang='lat' dir='ltr'><strong>postea</strong></span> 
     </span>
    </p>
   </div>
   <div class='ocr_carea' id='block_1_27' title="bbox 2089 1175 3707 1250">
    <p class='ocr_par' dir='ltr' id='par_1_27' title="bbox 2089 1175 3707 1250">
     <span class='ocr_line' id='line_1_27' title="bbox 2089 1175 3707 1250; baseline 0.003 -23"><span class='ocrx_word' id='word_1_179' title='bbox 2089 1175 2384 1245; x_wconf 81' lang='lat' dir='ltr'><strong>justitiam,</strong></span> <span class='ocrx_word' id='word_1_180' title='bbox 2407 1179 2470 1230; x_wconf 93' lang='lat' dir='ltr'><strong>ut</strong></span> <span class='ocrx_word' id='word_1_181' title='bbox 2499 1177 2557 1230; x_wconf 90' lang='lat' dir='ltr'><strong>in</strong></span> <span class='ocrx_word' id='word_1_182' title='bbox 2588 1176 2893 1232; x_wconf 87' lang='lat' dir='ltr'><strong>virtutibus</strong></span> <span class='ocrx_word' id='word_1_183' title='bbox 2924 1178 2982 1232; x_wconf 89' lang='lat' dir='ltr'><strong>et</strong></span> <span class='ocrx_word' id='word_1_184' title='bbox 3011 1177 3282 1250; x_wconf 88' lang='lat' dir='ltr'><strong>operibus</strong></span> <span class='ocrx_word' id='word_1_185' title='bbox 3293 1177 3707 1248; x_wconf 84' lang='lat' dir='ltr'><strong>justiﬁcentur.</strong></span> 
     </span>
    </p>
   </div>
   <div class='ocr_carea' id='block_1_28' title="bbox 2100 1262 3713 1338">
    <p class='ocr_par' dir='ltr' id='par_1_28' title="bbox 2100 1262 3713 1338">
     <span class='ocr_line' id='line_1_28' title="bbox 2100 1262 3713 1338; baseline 0.003 -22"><span class='ocrx_word' id='word_1_186' title='bbox 2100 1262 2198 1316; x_wconf 85' lang='lat' dir='ltr'><strong>Vel</strong></span> <span class='ocrx_word' id='word_1_187' title='bbox 2228 1263 2476 1318; x_wconf 88' lang='lat' dir='ltr'><strong>ostensio</strong></span> <span class='ocrx_word' id='word_1_188' title='bbox 2499 1281 2533 1318; x_wconf 90' lang='lat' dir='ltr'><strong>a</strong></span> <span class='ocrx_word' id='word_1_189' title='bbox 2557 1264 2728 1320; x_wconf 86' lang='lat' dir='ltr'><strong>simili</strong></span> <span class='ocrx_word' id='word_1_190' title='bbox 2752 1265 2829 1319; x_wconf 89' lang='lat' dir='ltr'><strong>sic</strong></span> <span class='ocrx_word' id='word_1_191' title='bbox 2857 1281 2977 1319; x_wconf 89' lang='lat' dir='ltr'><strong>esse</strong></span> <span class='ocrx_word' id='word_1_192' title='bbox 3007 1268 3197 1336; x_wconf 88' lang='lat' dir='ltr'><strong>potest</strong></span> <span class='ocrx_word' id='word_1_193' title='bbox 3219 1283 3231 1320; x_wconf 93' lang='lat'><strong>:</strong></span> <span class='ocrx_word' id='word_1_194' title='bbox 3253 1265 3387 1320; x_wconf 92' lang='lat' dir='ltr'><strong>Dico</strong></span> <span class='ocrx_word' id='word_1_195' title='bbox 3433 1267 3592 1338; x_wconf 91' lang='lat' dir='ltr'><strong>quod</strong></span> <span class='ocrx_word' id='word_1_196' title='bbox 3618 1267 3713 1320; x_wconf 84' lang='lat' dir='ltr'><strong>ho-</strong></span> 
     </span>
    </p>
   </div>
   <div class='ocr_carea' id='block_1_29' title="bbox 2099 1352 3714 1426">
    <p class='ocr_par' dir='ltr' id='par_1_29' title="bbox 2099 1352 3714 1426">
     <span class='ocr_line' id='line_1_29' title="bbox 2099 1352 3714 1426; baseline 0.004 -23"><span class='ocrx_word' id='word_1_197' title='bbox 2099 1368 2198 1404; x_wconf 89' lang='lat' dir='ltr'><strong>nor</strong></span> <span class='ocrx_word' id='word_1_198' title='bbox 2217 1354 2352 1420; x_wconf 83' lang='lat' dir='ltr'><strong>regis</strong></span> <span class='ocrx_word' id='word_1_199' title='bbox 2379 1352 2580 1424; x_wconf 87' lang='lat' dir='ltr'><strong>diliget</strong></span> <span class='ocrx_word' id='word_1_200' title='bbox 2619 1353 2914 1423; x_wconf 82' lang='lat' dir='ltr'><strong>judicium,</strong></span> <span class='ocrx_word' id='word_1_201' title='bbox 2968 1354 3123 1425; x_wconf 91' lang='lat' dir='ltr'><strong>quod</strong></span> <span class='ocrx_word' id='word_1_202' title='bbox 3154 1354 3390 1426; x_wconf 89' lang='lat' dir='ltr'><strong>quidem</strong></span> <span class='ocrx_word' id='word_1_203' title='bbox 3425 1355 3714 1425; x_wconf 88' lang='lat' dir='ltr'><strong>judicium</strong></span> 
     </span>
    </p>
   </div>
   <div class='ocr_carea' id='block_1_30' title="bbox 2101 1438 3705 1514">
    <p class='ocr_par' dir='ltr' id='par_1_30' title="bbox 2101 1438 3705 1514">
     <span class='ocr_line' id='line_1_30' title="bbox 2101 1438 3705 1514; baseline 0.003 -22"><span class='ocrx_word' id='word_1_204' title='bbox 2101 1438 2208 1493; x_wconf 91' lang='lat' dir='ltr'><strong>nisi</strong></span> <span class='ocrx_word' id='word_1_205' title='bbox 2235 1439 2342 1509; x_wconf 88' lang='lat' dir='ltr'><strong>ipsi</strong></span> <span class='ocrx_word' id='word_1_206' title='bbox 2372 1441 2846 1511; x_wconf 69' lang='lat' dir='ltr'><strong>repugnaverint,</strong></span> <span class='ocrx_word' id='word_1_207' title='bbox 2875 1442 2935 1496; x_wconf 90' lang='lat' dir='ltr'><strong>in</strong></span> <span class='ocrx_word' id='word_1_208' title='bbox 2966 1442 3047 1497; x_wconf 91' lang='lat' dir='ltr'><strong>eis</strong></span> <span class='ocrx_word' id='word_1_209' title='bbox 3063 1458 3166 1514; x_wconf 89' lang='lat' dir='ltr'><strong>per</strong></span> <span class='ocrx_word' id='word_1_210' title='bbox 3185 1442 3434 1514; x_wconf 86' lang='lat' dir='ltr'><strong>gratiam</strong></span> <span class='ocrx_word' id='word_1_211' title='bbox 3450 1443 3705 1514; x_wconf 86' lang='lat' dir='ltr'><strong>parabis.</strong></span> 
     </span>
    </p>
   </div>
   <div class='ocr_carea' id='block_1_31' title="bbox 2103 1527 3716 1602">
    <p class='ocr_par' dir='ltr' id='par_1_31' title="bbox 2103 1527 3716 1602">
     <span class='ocr_line' id='line_1_31' title="bbox 2103 1527 3716 1602; baseline 0.003 -21"><span class='ocrx_word' id='word_1_212' title='bbox 2103 1528 2167 1581; x_wconf 88' lang='lat' dir='ltr'><strong>Et</strong></span> <span class='ocrx_word' id='word_1_213' title='bbox 2186 1527 2319 1582; x_wconf 92' lang='lat' dir='ltr'><strong>inde</strong></span> <span class='ocrx_word' id='word_1_214' title='bbox 2340 1529 2446 1583; x_wconf 90' lang='lat' dir='ltr'><strong>hoc</strong></span> <span class='ocrx_word' id='word_1_215' title='bbox 2461 1530 2895 1599; x_wconf 89' lang='lat' dir='ltr'><strong>comprobatur,</strong></span> <span class='ocrx_word' id='word_1_216' title='bbox 2929 1530 3064 1602; x_wconf 87' lang='lat' dir='ltr'><strong>quia</strong></span> <span class='ocrx_word' id='word_1_217' title='bbox 3083 1538 3140 1584; x_wconf 89' lang='lat' dir='ltr'><strong>tu</strong></span> <span class='ocrx_word' id='word_1_218' title='bbox 3148 1531 3274 1600; x_wconf 91' lang='lat' dir='ltr'><strong>jam</strong></span> <span class='ocrx_word' id='word_1_219' title='bbox 3293 1531 3352 1586; x_wconf 85' lang='lat' dir='ltr'><strong>in</strong></span> <span class='ocrx_word' id='word_1_220' title='bbox 3377 1531 3574 1586; x_wconf 89' lang='lat' dir='ltr'><strong>multis</strong></span> <span class='ocrx_word' id='word_1_221' title='bbox 3589 1531 3716 1587; x_wconf 83' lang='lat' dir='ltr'><strong>aliis</strong></span> 
     </span>
    </p>
   </div>
   <div class='ocr_carea' id='block_1_32' title="bbox 2099 1602 3716 1690">
    <p class='ocr_par' dir='ltr' id='par_1_32' title="bbox 2099 1602 3716 1690">
     <span class='ocr_line' id='line_1_32' title="bbox 2099 1602 3716 1690; baseline 0.004 -22"><span class='ocrx_word' id='word_1_222' title='bbox 2099 1614 2261 1670; x_wconf 89' lang='lat' dir='ltr'><strong>factis</strong></span> <span class='ocrx_word' id='word_1_223' title='bbox 2292 1615 2427 1670; x_wconf 90' lang='lat' dir='ltr'><strong>Sion</strong></span> <span class='ocrx_word' id='word_1_224' title='bbox 2445 1619 2659 1687; x_wconf 85' lang='lat' dir='ltr'><strong>parasti</strong></span> <span class='ocrx_word' id='word_1_225' title='bbox 2675 1618 2983 1672; x_wconf 80' lang='lat' dir='ltr'><strong>directiones</strong></span> <span class='ocrx_word' id='word_1_226' title='bbox 3274 1636 3407 1674; x_wconf 90' lang='lat' dir='ltr'><strong>cum</strong></span> <span class='ocrx_word' id='word_1_227' title='bbox 3485 1619 3716 1676; x_wconf 72' lang='lat' dir='ltr'><strong>distorti</strong></span> 
     </span>
    </p>
   </div>
   <div class='ocr_carea' id='block_1_33' title="bbox 397 1701 3718 1779">
    <p class='ocr_par' dir='ltr' id='par_1_33' title="bbox 397 1701 3718 1779">
     <span class='ocr_line' id='line_1_33' title="bbox 397 1701 3718 1779; baseline -0.001 -11"><span class='ocrx_word' id='word_1_228' title='bbox 397 1713 454 1768; x_wconf 86' lang='lat' dir='ltr'><strong>et</strong></span> <span class='ocrx_word' id='word_1_229' title='bbox 484 1709 737 1775; x_wconf 84' lang='lat' dir='ltr'><strong>Samuel,</strong></span> <span class='ocrx_word' id='word_1_230' title='bbox 785 1709 841 1762; x_wconf 91' lang='lat' dir='ltr'><strong>et</strong></span> <span class='ocrx_word' id='word_1_231' title='bbox 865 1704 1052 1761; x_wconf 91' lang='lat' dir='ltr'><strong>cuncti</strong></span> <span class='ocrx_word' id='word_1_232' title='bbox 1109 1705 1205 1776; x_wconf 89' lang='lat' dir='ltr'><strong>qui</strong></span> <span class='ocrx_word' id='word_1_233' title='bbox 1255 1703 1408 1774; x_wconf 87' lang='lat' dir='ltr'><strong>apud</strong></span> <span class='ocrx_word' id='word_1_234' title='bbox 1445 1702 1670 1756; x_wconf 68' lang='lat' dir='ltr'><strong>Iudaeos</strong></span> <span class='ocrx_word' id='word_1_235' title='bbox 1713 1701 2003 1755; x_wconf 75' lang='lat' dir='ltr'><strong>habentur</strong></span> <span class='ocrx_word' id='word_1_236' title='bbox 2022 1706 2072 1763; x_wconf 96' lang='lat' dir='ltr'>B</span> <span class='ocrx_word' id='word_1_237' title='bbox 2101 1708 2310 1771; x_wconf 87' lang='lat' dir='ltr'><strong>essent,</strong></span> <span class='ocrx_word' id='word_1_238' title='bbox 2345 1704 2556 1760; x_wconf 89' lang='lat' dir='ltr'><strong>scilicet</strong></span> <span class='ocrx_word' id='word_1_239' title='bbox 2577 1712 2634 1759; x_wconf 85' lang='lat' dir='ltr'><strong>tu</strong></span> <span class='ocrx_word' id='word_1_240' title='bbox 2657 1707 2836 1776; x_wconf 80' lang='lat' dir='ltr'><strong>fecisti</strong></span> <span class='ocrx_word' id='word_1_241' title='bbox 2863 1707 2921 1761; x_wconf 92' lang='lat' dir='ltr'><strong>in</strong></span> <span class='ocrx_word' id='word_1_242' title='bbox 2943 1707 3027 1762; x_wconf 92' lang='lat' dir='ltr'><strong>eis</strong></span> <span class='ocrx_word' id='word_1_243' title='bbox 3044 1707 3316 1778; x_wconf 86' lang='lat' dir='ltr'><strong>judicium</strong></span> <span class='ocrx_word' id='word_1_244' title='bbox 3343 1715 3393 1762; x_wconf 89' lang='lat' dir='ltr'><strong>et</strong></span> <span class='ocrx_word' id='word_1_245' title='bbox 3405 1708 3718 1779; x_wconf 84' lang='lat' dir='ltr'><strong>justitiam.</strong></span> 
     </span>
    </p>
   </div>
   <div class='ocr_carea' id='block_1_34' title="bbox 398 1789 2003 1857">
    <p class='ocr_par' dir='ltr' id='par_1_34' title="bbox 398 1789 2003 1857">
     <span class='ocr_line' id='line_1_34' title="bbox 398 1789 2003 1857; baseline -0.007 -3"><span class='ocrx_word' id='word_1_246' title='bbox 398 1795 844 1855; x_wconf 88' lang='lat' dir='ltr'><strong>auctorizabiles.</strong></span> <span class='ocrx_word' id='word_1_247' title='bbox 869 1795 985 1848; x_wconf 86' lang='lat' dir='ltr'><strong>Hoc</strong></span> <span class='ocrx_word' id='word_1_248' title='bbox 1015 1796 1209 1848; x_wconf 89' lang='lat' dir='ltr'><strong>autem</strong></span> <span class='ocrx_word' id='word_1_249' title='bbox 1232 1809 1300 1846; x_wconf 92' lang='lat' dir='ltr'><strong>ea</strong></span> <span class='ocrx_word' id='word_1_250' title='bbox 1317 1789 1808 1857; x_wconf 85' lang='lat' dir='ltr'><strong>intentionefacit,</strong></span> <span class='ocrx_word' id='word_1_251' title='bbox 1831 1791 2003 1843; x_wconf 90' lang='lat' dir='ltr'><strong>uteos</strong></span> 
     </span>
    </p>
   </div>
   <div class='ocr_carea' id='block_1_35' title="bbox 396 1876 2003 1952">
    <p class='ocr_par' dir='ltr' id='par_1_35' title="bbox 396 1876 2003 1952">
     <span class='ocr_line' id='line_1_35' title="bbox 396 1876 2003 1952; baseline -0.007 -9"><span class='ocrx_word' id='word_1_252' title='bbox 396 1886 468 1943; x_wconf 90' lang='lat' dir='ltr'><strong>ad</strong></span> <span class='ocrx_word' id='word_1_253' title='bbox 493 1888 599 1942; x_wconf 90' lang='lat' dir='ltr'><strong>hac</strong></span> <span class='ocrx_word' id='word_1_254' title='bbox 631 1884 718 1939; x_wconf 88' lang='lat' dir='ltr'><strong>ira</strong></span> <span class='ocrx_word' id='word_1_255' title='bbox 752 1884 1002 1948; x_wconf 87' lang='lat' dir='ltr'><strong>revocet,</strong></span> <span class='ocrx_word' id='word_1_256' title='bbox 1031 1883 1154 1935; x_wconf 90' lang='lat' dir='ltr'><strong>tum</strong></span> <span class='ocrx_word' id='word_1_257' title='bbox 1185 1879 1321 1952; x_wconf 89' lang='lat' dir='ltr'><strong>quia</strong></span> <span class='ocrx_word' id='word_1_258' title='bbox 1339 1879 1552 1949; x_wconf 89' lang='lat' dir='ltr'><strong>injusta</strong></span> <span class='ocrx_word' id='word_1_259' title='bbox 1599 1880 1836 1943; x_wconf 89' lang='lat' dir='ltr'><strong>est,tum</strong></span> <span class='ocrx_word' id='word_1_260' title='bbox 1869 1876 2003 1948; x_wconf 89' lang='lat' dir='ltr'><strong>quia</strong></span> 
     </span>
    </p>
   </div>
   <div class='ocr_carea' id='block_1_36' title="bbox 393 1965 1999 2042">
    <p class='ocr_par' dir='ltr' id='par_1_36' title="bbox 393 1965 1999 2042">
     <span class='ocr_line' id='line_1_36' title="bbox 393 1965 1999 2042; baseline -0.009 -10"><span class='ocrx_word' id='word_1_261' title='bbox 393 1974 630 2042; x_wconf 90' lang='lat' dir='ltr'><strong>inutilis,</strong></span> <span class='ocrx_word' id='word_1_262' title='bbox 663 1976 722 2029; x_wconf 91' lang='lat' dir='ltr'><strong>et</strong></span> <span class='ocrx_word' id='word_1_263' title='bbox 751 1971 829 2027; x_wconf 91' lang='lat' dir='ltr'><strong>sic</strong></span> <span class='ocrx_word' id='word_1_264' title='bbox 851 1971 922 2026; x_wconf 91' lang='lat' dir='ltr'><strong>ad</strong></span> <span class='ocrx_word' id='word_1_265' title='bbox 942 1969 1333 2025; x_wconf 79' lang='lat' dir='ltr'><strong>confitendum</strong></span> <span class='ocrx_word' id='word_1_266' title='bbox 1356 1970 1472 2023; x_wconf 90' lang='lat' dir='ltr'><strong>Deo</strong></span> <span class='ocrx_word' id='word_1_267' title='bbox 1513 1965 1734 2023; x_wconf 88' lang='lat' dir='ltr'><strong>Christo</strong></span> <span class='ocrx_word' id='word_1_268' title='bbox 1780 1965 1999 2020; x_wconf 88' lang='lat' dir='ltr'><strong>invitet.</strong></span> 
     </span>
    </p>
   </div>
   <div class='ocr_carea' id='block_1_37' title="bbox 394 2056 2004 2137">
    <p class='ocr_par' dir='ltr' id='par_1_37' title="bbox 394 2056 2004 2137">
     <span class='ocr_line' id='line_1_37' title="bbox 394 2056 2004 2137; baseline -0.009 -16"><span class='ocrx_word' id='word_1_269' title='bbox 394 2064 528 2137; x_wconf 80' lang='lat' dir='ltr'><strong>Agit</strong></span> <span class='ocrx_word' id='word_1_270' title='bbox 547 2067 742 2118; x_wconf 89' lang='lat' dir='ltr'><strong>autem</strong></span> <span class='ocrx_word' id='word_1_271' title='bbox 770 2076 931 2124; x_wconf 87' lang='lat' dir='ltr'><strong>more</strong></span> <span class='ocrx_word' id='word_1_272' title='bbox 948 2057 1282 2131; x_wconf 88' lang='lat' dir='ltr'><strong>prophetico</strong></span> <span class='ocrx_word' id='word_1_273' title='bbox 1311 2057 1381 2112; x_wconf 93' lang='lat' dir='ltr'><strong>de</strong></span> <span class='ocrx_word' id='word_1_274' title='bbox 1408 2056 1622 2121; x_wconf 88' lang='lat' dir='ltr'><strong>futuro,</strong></span> <span class='ocrx_word' id='word_1_275' title='bbox 1651 2070 1753 2128; x_wconf 88' lang='lat' dir='ltr'><strong>per</strong></span> <span class='ocrx_word' id='word_1_276' title='bbox 1775 2057 2004 2124; x_wconf 88' lang='lat' dir='ltr'><strong>tempus</strong></span> 
     </span>
    </p>
   </div>
   <div class='ocr_carea' id='block_1_38' title="bbox 397 2152 775 2228">
    <p class='ocr_par' dir='ltr' id='par_1_38' title="bbox 397 2152 775 2228">
     <span class='ocr_line' id='line_1_38' title="bbox 397 2152 775 2228; baseline -0.016 -18"><span class='ocrx_word' id='word_1_277' title='bbox 397 2152 775 2228; x_wconf 60' lang='lat' dir='ltr'><strong>prasteritum.</strong></span> 
     </span>
    </p>
   </div>
   <div class='ocr_carea' id='block_1_39' title="bbox 468 2229 2002 2306">
    <p class='ocr_par' dir='ltr' id='par_1_39' title="bbox 468 2229 2002 2306">
     <span class='ocr_line' id='line_1_39' title="bbox 468 2229 2002 2306; baseline -0.008 -10"><span class='ocrx_word' id='word_1_278' title='bbox 468 2242 731 2298; x_wconf 82' lang='lat' dir='ltr'><strong>Dominus</strong></span> <span class='ocrx_word' id='word_1_279' title='bbox 763 2237 1021 2294; x_wconf 86' lang='lat' dir='ltr'><strong>Christus</strong></span> <span class='ocrx_word' id='word_1_280' title='bbox 1077 2236 1336 2306; x_wconf 85' lang='lat' dir='ltr'><strong>regnavit,</strong></span> <span class='ocrx_word' id='word_1_281' title='bbox 1384 2233 1443 2288; x_wconf 91' lang='lat' dir='ltr'><strong>id</strong></span> <span class='ocrx_word' id='word_1_282' title='bbox 1475 2235 1560 2287; x_wconf 90' lang='lat' dir='ltr'><strong>est</strong></span> <span class='ocrx_word' id='word_1_283' title='bbox 1610 2247 1858 2304; x_wconf 88' lang='lat' dir='ltr'><strong>regnum</strong></span> <span class='ocrx_word' id='word_1_284' title='bbox 1898 2229 2002 2284; x_wconf 91' lang='lat' dir='ltr'><strong>sibi</strong></span> 
     </span>
    </p>
   </div>
   <div class='ocr_carea' id='block_1_40' title="bbox 401 2320 2001 2392">
    <p class='ocr_par' dir='ltr' id='par_1_40' title="bbox 401 2320 2001 2392">
     <span class='ocr_line' id='line_1_40' title="bbox 401 2320 2001 2392; baseline -0.011 -5"><span class='ocrx_word' id='word_1_285' title='bbox 401 2328 669 2392; x_wconf 89' lang='lat' dir='ltr'><strong>obtinuit,</strong></span> <span class='ocrx_word' id='word_1_286' title='bbox 700 2328 916 2383; x_wconf 86' lang='lat' dir='ltr'><strong>calcata</strong></span> <span class='ocrx_word' id='word_1_287' title='bbox 930 2328 1140 2391; x_wconf 90' lang='lat' dir='ltr'><strong>morte,</strong></span> <span class='ocrx_word' id='word_1_288' title='bbox 1175 2325 1233 2377; x_wconf 90' lang='lat' dir='ltr'><strong>et</strong></span> <span class='ocrx_word' id='word_1_289' title='bbox 1262 2320 1396 2376; x_wconf 90' lang='lat' dir='ltr'><strong>inde</strong></span> <span class='ocrx_word' id='word_1_290' title='bbox 1409 2321 2001 2390; x_wconf 85' lang='lat' dir='ltr'><strong>irascanturquantum</strong></span> 
     </span>
    </p>
   </div>
   <div class='ocr_carea' id='block_1_41' title="bbox 399 2408 2003 2487">
    <p class='ocr_par' dir='ltr' id='par_1_41' title="bbox 399 2408 2003 2487">
     <span class='ocr_line' id='line_1_41' title="bbox 399 2408 2003 2487; baseline -0.009 -14"><span class='ocrx_word' id='word_1_291' title='bbox 399 2417 578 2473; x_wconf 81' lang='lat' dir='ltr'><strong>velint</strong></span> <span class='ocrx_word' id='word_1_292' title='bbox 597 2415 785 2487; x_wconf 84' lang='lat' dir='ltr'><strong>populi</strong></span> <span class='ocrx_word' id='word_1_293' title='bbox 803 2414 1134 2469; x_wconf 67' lang='lat' dir='ltr'><strong>Iudaeorum</strong></span> <span class='ocrx_word' id='word_1_294' title='bbox 1162 2408 1464 2464; x_wconf 91' lang='lat' dir='ltr'><strong>increduli.</strong></span> <span class='ocrx_word' id='word_1_295' title='bbox 1498 2408 1613 2462; x_wconf 89' lang='lat' dir='ltr'><strong>Hoc</strong></span> <span class='ocrx_word' id='word_1_296' title='bbox 1640 2410 1833 2462; x_wconf 90' lang='lat' dir='ltr'><strong>autem</strong></span> <span class='ocrx_word' id='word_1_297' title='bbox 1885 2421 2003 2459; x_wconf 91' lang='lat' dir='ltr'><strong>non</strong></span> 
     </span>
    </p>
   </div>
   <div class='ocr_carea' id='block_1_42' title="bbox 406 2493 2004 2574">
    <p class='ocr_par' dir='ltr' id='par_1_42' title="bbox 406 2493 2004 2574">
     <span class='ocr_line' id='line_1_42' title="bbox 406 2493 2004 2574; baseline -0.009 -13"><span class='ocrx_word' id='word_1_298' title='bbox 406 2505 545 2561; x_wconf 92' lang='lat' dir='ltr'><strong>dicit</strong></span> <span class='ocrx_word' id='word_1_299' title='bbox 574 2504 648 2559; x_wconf 89' lang='lat' dir='ltr'><strong>ad</strong></span> <span class='ocrx_word' id='word_1_300' title='bbox 674 2501 1056 2574; x_wconf 90' lang='lat' dir='ltr'><strong>optationem,</strong></span> <span class='ocrx_word' id='word_1_301' title='bbox 1076 2498 1174 2553; x_wconf 88' lang='lat' dir='ltr'><strong>sed</strong></span> <span class='ocrx_word' id='word_1_302' title='bbox 1193 2498 1266 2552; x_wconf 92' lang='lat' dir='ltr'><strong>ad</strong></span> <span class='ocrx_word' id='word_1_303' title='bbox 1292 2496 1549 2569; x_wconf 89' lang='lat' dir='ltr'><strong>ipsorum</strong></span> <span class='ocrx_word' id='word_1_304' title='bbox 1573 2493 2004 2549; x_wconf 87' lang='lat' dir='ltr'><strong>irrisionem.Ac</strong></span> 
     </span>
    </p>
   </div>
   <div class='ocr_carea' id='block_1_43' title="bbox 401 2580 2005 2660">
    <p class='ocr_par' dir='ltr' id='par_1_43' title="bbox 401 2580 2005 2660">
     <span class='ocr_line' id='line_1_43' title="bbox 401 2580 2005 2660; baseline -0.008 -12"><span class='ocrx_word' id='word_1_305' title='bbox 401 2592 448 2651; x_wconf 88' lang='lat' dir='ltr'><strong>si</strong></span> <span class='ocrx_word' id='word_1_306' title='bbox 502 2591 718 2648; x_wconf 89' lang='lat' dir='ltr'><strong>diceret</strong></span> <span class='ocrx_word' id='word_1_307' title='bbox 750 2607 762 2644; x_wconf 88' lang='lat'>:</span> <span class='ocrx_word' id='word_1_308' title='bbox 793 2588 992 2660; x_wconf 90' lang='lat' dir='ltr'><strong>Populi</strong></span> <span class='ocrx_word' id='word_1_309' title='bbox 1047 2586 1282 2658; x_wconf 86' lang='lat' dir='ltr'><strong>quidem</strong></span> <span class='ocrx_word' id='word_1_310' title='bbox 1337 2584 1658 2639; x_wconf 86' lang='lat' dir='ltr'><strong>irascuntur</strong></span> <span class='ocrx_word' id='word_1_311' title='bbox 1705 2582 1775 2636; x_wconf 92' lang='lat' dir='ltr'><strong>de</strong></span> <span class='ocrx_word' id='word_1_312' title='bbox 1832 2580 2005 2654; x_wconf 89' lang='lat' dir='ltr'><strong>ipsius</strong></span> 
     </span>
    </p>
   </div>
   <div class='ocr_carea' id='block_1_44' title="bbox 403 2670 2002 2753">
    <p class='ocr_par' dir='ltr' id='par_1_44' title="bbox 403 2670 2002 2753">
     <span class='ocr_line' id='line_1_44' title="bbox 403 2670 2002 2753; baseline -0.009 -15"><span class='ocrx_word' id='word_1_313' title='bbox 403 2697 609 2753; x_wconf 91' lang='lat' dir='ltr'><strong>regno,</strong></span> <span class='ocrx_word' id='word_1_314' title='bbox 633 2679 733 2734; x_wconf 91' lang='lat' dir='ltr'><strong>sed</strong></span> <span class='ocrx_word' id='word_1_315' title='bbox 764 2694 891 2749; x_wconf 63' lang='lat' dir='ltr'><strong>quas</strong></span> <span class='ocrx_word' id='word_1_316' title='bbox 923 2691 1060 2730; x_wconf 88' lang='lat' dir='ltr'><strong>cura</strong></span> <span class='ocrx_word' id='word_1_317' title='bbox 1084 2675 1111 2729; x_wconf 87' lang='lat'>?</span> <span class='ocrx_word' id='word_1_318' title='bbox 1137 2674 1458 2728; x_wconf 87' lang='lat' dir='ltr'><strong>irascantur</strong></span> <span class='ocrx_word' id='word_1_319' title='bbox 1495 2673 1776 2743; x_wconf 90' lang='lat' dir='ltr'><strong>quantum</strong></span> <span class='ocrx_word' id='word_1_320' title='bbox 1804 2670 2002 2738; x_wconf 89' lang='lat' dir='ltr'><strong>velint,</strong></span> 
     </span>
    </p>
   </div>
   <div class='ocr_carea' id='block_1_45' title="bbox 400 2758 2003 2842">
    <p class='ocr_par' dir='ltr' id='par_1_45' title="bbox 400 2758 2003 2842">
     <span class='ocr_line' id='line_1_45' title="bbox 400 2758 2003 2842; baseline -0.009 -16"><span class='ocrx_word' id='word_1_321' title='bbox 400 2771 522 2842; x_wconf 90' lang='lat' dir='ltr'><strong>ipse</strong></span> <span class='ocrx_word' id='word_1_322' title='bbox 543 2772 744 2823; x_wconf 86' lang='lat' dir='ltr'><strong>tamen</strong></span> <span class='ocrx_word' id='word_1_323' title='bbox 775 2767 1001 2836; x_wconf 83' lang='lat' dir='ltr'><strong>regnat,</strong></span> <span class='ocrx_word' id='word_1_324' title='bbox 1035 2765 1092 2841; x_wconf 74' lang='lat' dir='ltr'><strong>et</strong></span> <span class='ocrx_word' id='word_1_325' title='bbox 1113 2761 1240 2816; x_wconf 86' lang='lat' dir='ltr'><strong>sine</strong></span> <span class='ocrx_word' id='word_1_326' title='bbox 1262 2761 1376 2814; x_wconf 85' lang='lat' dir='ltr'><strong>fine</strong></span> <span class='ocrx_word' id='word_1_327' title='bbox 1399 2759 1683 2832; x_wconf 87' lang='lat' dir='ltr'><strong>regnabit.</strong></span> <span class='ocrx_word' id='word_1_328' title='bbox 1702 2758 2003 2827; x_wconf 91' lang='lat' dir='ltr'><strong>Dominus,</strong></span> 
     </span>
    </p>
   </div>
   <div class='ocr_carea' id='block_1_46' title="bbox 403 2846 2004 2928">
    <p class='ocr_par' dir='ltr' id='par_1_46' title="bbox 403 2846 2004 2928">
     <span class='ocr_line' id='line_1_46' title="bbox 403 2846 2004 2928; baseline -0.009 -14"><span class='ocrx_word' id='word_1_329' title='bbox 403 2858 664 2928; x_wconf 88' lang='lat' dir='ltr'><strong>inquam,</strong></span> <span class='ocrx_word' id='word_1_330' title='bbox 697 2855 792 2926; x_wconf 86' lang='lat' dir='ltr'><strong>qui</strong></span> <span class='ocrx_word' id='word_1_331' title='bbox 813 2852 951 2907; x_wconf 86' lang='lat' dir='ltr'><strong>sedet</strong></span> <span class='ocrx_word' id='word_1_332' title='bbox 974 2867 1127 2921; x_wconf 83' lang='lat' dir='ltr'><strong>super</strong></span> <span class='ocrx_word' id='word_1_333' title='bbox 1155 2847 1460 2917; x_wconf 84' lang='lat' dir='ltr'><strong>Cherubi-m,</strong></span> <span class='ocrx_word' id='word_1_334' title='bbox 1490 2848 1548 2902; x_wconf 93' lang='lat' dir='ltr'><strong>id</strong></span> <span class='ocrx_word' id='word_1_335' title='bbox 1577 2852 1662 2902; x_wconf 90' lang='lat' dir='ltr'><strong>est</strong></span> <span class='ocrx_word' id='word_1_336' title='bbox 1689 2846 1787 2919; x_wconf 87' lang='lat' dir='ltr'><strong>qui</strong></span> <span class='ocrx_word' id='word_1_337' title='bbox 1817 2847 2004 2902; x_wconf 92' lang='lat' dir='ltr'><strong>domi-</strong></span> 
     </span>
    </p>
   </div>
   <div class='ocr_carea' id='block_1_47' title="bbox 403 2933 2006 3009">
    <p class='ocr_par' dir='ltr' id='par_1_47' title="bbox 403 2933 2006 3009">
     <span class='ocr_line' id='line_1_47' title="bbox 403 2933 2006 3009; baseline -0.011 -5"><span class='ocrx_word' id='word_1_338' title='bbox 403 2947 574 3004; x_wconf 85' lang='lat' dir='ltr'><strong>natur</strong></span> <span class='ocrx_word' id='word_1_339' title='bbox 602 2940 938 2999; x_wconf 89' lang='lat' dir='ltr'><strong>sublimibus</strong></span> <span class='ocrx_word' id='word_1_340' title='bbox 979 2938 1268 3009; x_wconf 87' lang='lat' dir='ltr'><strong>spiritibus</strong></span> <span class='ocrx_word' id='word_1_341' title='bbox 1313 2937 1642 3005; x_wconf 88' lang='lat' dir='ltr'><strong>Cherubim,</strong></span> <span class='ocrx_word' id='word_1_342' title='bbox 1675 2950 1918 2990; x_wconf 91' lang='lat' dir='ltr'><strong>manens</strong></span> <span class='ocrx_word' id='word_1_343' title='bbox 1946 2933 2006 2988; x_wconf 93' lang='lat' dir='ltr'><strong>in</strong></span> 
     </span>
    </p>
   </div>
   <div class='ocr_carea' id='block_1_48' title="bbox 2103 1793 3712 1869">
    <p class='ocr_par' dir='ltr' id='par_1_48' title="bbox 2103 1793 3712 1869">
     <span class='ocr_line' id='line_1_48' title="bbox 2103 1793 3712 1869; baseline 0.002 -21"><span class='ocrx_word' id='word_1_344' title='bbox 2103 1794 2274 1848; x_wconf 88' lang='lat' dir='ltr'><strong>Facta</strong></span> <span class='ocrx_word' id='word_1_345' title='bbox 2298 1793 2595 1863; x_wconf 87' lang='lat' dir='ltr'><strong>optatione</strong></span> <span class='ocrx_word' id='word_1_346' title='bbox 2621 1795 2694 1848; x_wconf 90' lang='lat' dir='ltr'><strong>ad</strong></span> <span class='ocrx_word' id='word_1_347' title='bbox 2719 1795 2954 1850; x_wconf 88' lang='lat' dir='ltr'><strong>eosdem</strong></span> <span class='ocrx_word' id='word_1_348' title='bbox 2978 1796 3049 1850; x_wconf 91' lang='lat' dir='ltr'><strong>de</strong></span> <span class='ocrx_word' id='word_1_349' title='bbox 3070 1797 3525 1868; x_wconf 88' lang='lat' dir='ltr'><strong>quibusoptavit.</strong></span> <span class='ocrx_word' id='word_1_350' title='bbox 3551 1798 3712 1869; x_wconf 81' lang='lat' dir='ltr'><strong>Apo-</strong></span> 
     </span>
    </p>
   </div>
   <div class='ocr_carea' id='block_1_49' title="bbox 2104 1882 3712 1956">
    <p class='ocr_par' dir='ltr' id='par_1_49' title="bbox 2104 1882 3712 1956">
     <span class='ocr_line' id='line_1_49' title="bbox 2104 1882 3712 1956; baseline 0.002 -20"><span class='ocrx_word' id='word_1_351' title='bbox 2104 1882 2401 1952; x_wconf 83' lang='lat' dir='ltr'><strong>stropham</strong></span> <span class='ocrx_word' id='word_1_352' title='bbox 2435 1882 2846 1938; x_wconf 85' lang='lat' dir='ltr'><strong>exhortationis</strong></span> <span class='ocrx_word' id='word_1_353' title='bbox 2873 1883 2951 1938; x_wconf 90' lang='lat' dir='ltr'><strong>sic</strong></span> <span class='ocrx_word' id='word_1_354' title='bbox 2992 1884 3146 1939; x_wconf 86' lang='lat' dir='ltr'><strong>facit.</strong></span> <span class='ocrx_word' id='word_1_355' title='bbox 3198 1884 3344 1956; x_wconf 90' lang='lat' dir='ltr'><strong>Opto</strong></span> <span class='ocrx_word' id='word_1_356' title='bbox 3374 1884 3636 1956; x_wconf 91' lang='lat' dir='ltr'><strong>quidem,</strong></span> <span class='ocrx_word' id='word_1_357' title='bbox 3678 1901 3712 1940; x_wconf 90' lang='grc' dir='ltr'>ο</span> 
     </span>
    </p>
   </div>
   <div class='ocr_carea' id='block_1_50' title="bbox 2102 1969 3718 2037">
    <p class='ocr_par' dir='ltr' id='par_1_50' title="bbox 2102 1969 3718 2037">
     <span class='ocr_line' id='line_1_50' title="bbox 2102 1969 3718 2037; baseline 0.002 -13"><span class='ocrx_word' id='word_1_358' title='bbox 2102 1969 2282 2024; x_wconf 76' lang='lat' dir='ltr'><strong>Judaei</strong></span> <span class='ocrx_word' id='word_1_359' title='bbox 2302 1969 2604 2037; x_wconf 89' lang='lat' dir='ltr'><strong>increduli,</strong></span> <span class='ocrx_word' id='word_1_360' title='bbox 2637 1972 2700 2024; x_wconf 91' lang='lat' dir='ltr'><strong>ut</strong></span> <span class='ocrx_word' id='word_1_361' title='bbox 2725 1972 2908 2025; x_wconf 91' lang='lat' dir='ltr'><strong>Deum</strong></span> <span class='ocrx_word' id='word_1_362' title='bbox 2939 1972 3093 2027; x_wconf 91' lang='lat' dir='ltr'><strong>bona</strong></span> <span class='ocrx_word' id='word_1_363' title='bbox 3122 1971 3482 2027; x_wconf 81' lang='lat' dir='ltr'><strong>confessione</strong></span> <span class='ocrx_word' id='word_1_364' title='bbox 3495 1974 3718 2028; x_wconf 77' lang='lat' dir='ltr'><strong>exalte-</strong></span> 
     </span>
    </p>
   </div>
   <div class='ocr_carea' id='block_1_51' title="bbox 2104 2057 3713 2128">
    <p class='ocr_par' dir='ltr' id='par_1_51' title="bbox 2104 2057 3713 2128">
     <span class='ocr_line' id='line_1_51' title="bbox 2104 2057 3713 2128; baseline 0.002 -16"><span class='ocrx_word' id='word_1_365' title='bbox 2104 2057 2194 2126; x_wconf 89' lang='lat' dir='ltr'><strong>tis,</strong></span> <span class='ocrx_word' id='word_1_366' title='bbox 2228 2061 2287 2112; x_wconf 92' lang='lat' dir='ltr'><strong>et</strong></span> <span class='ocrx_word' id='word_1_367' title='bbox 2311 2058 2496 2113; x_wconf 89' lang='lat' dir='ltr'><strong>videte</strong></span> <span class='ocrx_word' id='word_1_368' title='bbox 2530 2061 2591 2112; x_wconf 90' lang='lat' dir='ltr'><strong>ut</strong></span> <span class='ocrx_word' id='word_1_369' title='bbox 2618 2058 2699 2114; x_wconf 90' lang='lat' dir='ltr'><strong>sic</strong></span> <span class='ocrx_word' id='word_1_370' title='bbox 2728 2059 2968 2115; x_wconf 84' lang='lat' dir='ltr'><strong>faciatis.</strong></span> <span class='ocrx_word' id='word_1_371' title='bbox 3001 2060 3275 2128; x_wconf 79' lang='lat' dir='ltr'><strong>Exaltate,</strong></span> <span class='ocrx_word' id='word_1_372' title='bbox 3305 2060 3516 2116; x_wconf 87' lang='lat' dir='ltr'><strong>scilicet</strong></span> <span class='ocrx_word' id='word_1_373' title='bbox 3573 2061 3713 2128; x_wconf 85' lang='lat' dir='ltr'><strong>fide,</strong></span> 
     </span>
    </p>
   </div>
   <div class='ocr_carea' id='block_1_52' title="bbox 2104 2145 3717 2217">
    <p class='ocr_par' dir='ltr' id='par_1_52' title="bbox 2104 2145 3717 2217">
     <span class='ocr_line' id='line_1_52' title="bbox 2104 2145 3717 2217; baseline 0.002 -17"><span class='ocrx_word' id='word_1_374' title='bbox 2104 2147 2163 2200; x_wconf 93' lang='lat' dir='ltr'><strong>et</strong></span> <span class='ocrx_word' id='word_1_375' title='bbox 2192 2145 2518 2211; x_wconf 86' lang='lat' dir='ltr'><strong>devotione,</strong></span> <span class='ocrx_word' id='word_1_376' title='bbox 2548 2149 2606 2200; x_wconf 92' lang='lat' dir='ltr'><strong>et</strong></span> <span class='ocrx_word' id='word_1_377' title='bbox 2630 2163 2804 2217; x_wconf 89' lang='lat' dir='ltr'><strong>opere</strong></span> <span class='ocrx_word' id='word_1_378' title='bbox 2828 2146 3120 2201; x_wconf 88' lang='lat' dir='ltr'><strong>Dominum</strong></span> <span class='ocrx_word' id='word_1_379' title='bbox 3157 2147 3446 2202; x_wconf 87' lang='lat' dir='ltr'><strong>Christum</strong></span> <span class='ocrx_word' id='word_1_380' title='bbox 3468 2165 3586 2203; x_wconf 90' lang='lat' dir='ltr'><strong>non</strong></span> <span class='ocrx_word' id='word_1_381' title='bbox 3621 2164 3717 2203; x_wconf 85' lang='lat' dir='ltr'><strong>re-</strong></span> 
     </span>
    </p>
   </div>
   <div class='ocr_carea' id='block_1_53' title="bbox 2102 2235 3718 2308">
    <p class='ocr_par' dir='ltr' id='par_1_53' title="bbox 2102 2235 3718 2308">
     <span class='ocr_line' id='line_1_53' title="bbox 2102 2235 3718 2308; baseline 0.002 -20"><span class='ocrx_word' id='word_1_382' title='bbox 2102 2237 2330 2291; x_wconf 88' lang='lat' dir='ltr'><strong>centem</strong></span> <span class='ocrx_word' id='word_1_383' title='bbox 2359 2235 2551 2302; x_wconf 89' lang='lat' dir='ltr'><strong>Deum,</strong></span> <span class='ocrx_word' id='word_1_384' title='bbox 2580 2235 2680 2289; x_wconf 90' lang='lat' dir='ltr'><strong>sed</strong></span> <span class='ocrx_word' id='word_1_385' title='bbox 2725 2235 3065 2290; x_wconf 87' lang='lat' dir='ltr'><strong>existentem</strong></span> <span class='ocrx_word' id='word_1_386' title='bbox 3097 2237 3278 2290; x_wconf 91' lang='lat' dir='ltr'><strong>Deum</strong></span> <span class='ocrx_word' id='word_1_387' title='bbox 3311 2241 3568 2303; x_wconf 84' lang='lat' dir='ltr'><strong>nostrum,</strong></span> <span class='ocrx_word' id='word_1_388' title='bbox 3617 2237 3718 2308; x_wconf 87' lang='lat' dir='ltr'><strong>qui</strong></span> 
     </span>
    </p>
   </div>
   <div class='ocr_carea' id='block_1_54' title="bbox 2103 2321 3716 2394">
    <p class='ocr_par' dir='ltr' id='par_1_54' title="bbox 2103 2321 3716 2394">
     <span class='ocr_line' id='line_1_54' title="bbox 2103 2321 3716 2394; baseline 0.002 -18"><span class='ocrx_word' id='word_1_389' title='bbox 2103 2323 2400 2394; x_wconf 67' lang='lat' dir='ltr'><strong>propheta:</strong></span> <span class='ocrx_word' id='word_1_390' title='bbox 2425 2339 2641 2378; x_wconf 91' lang='lat' dir='ltr'><strong>sumus.</strong></span> <span class='ocrx_word' id='word_1_391' title='bbox 2677 2321 2820 2386; x_wconf 88' lang='lat' dir='ltr'><strong>Quia</strong></span> <span class='ocrx_word' id='word_1_392' title='bbox 2840 2340 2973 2379; x_wconf 88' lang='lat' dir='ltr'><strong>vero</strong></span> <span class='ocrx_word' id='word_1_393' title='bbox 2996 2322 3220 2378; x_wconf 86' lang='lat' dir='ltr'><strong>dixerat</strong></span> <span class='ocrx_word' id='word_1_394' title='bbox 3238 2324 3434 2390; x_wconf 85' lang='lat' dir='ltr'><strong>Deum,</strong></span> <span class='ocrx_word' id='word_1_395' title='bbox 3459 2342 3534 2379; x_wconf 91' lang='lat' dir='ltr'><strong>ne</strong></span> <span class='ocrx_word' id='word_1_396' title='bbox 3557 2323 3716 2380; x_wconf 86' lang='lat' dir='ltr'><strong>vide-</strong></span> 
     </span>
    </p>
   </div>
   <div class='ocr_carea' id='block_1_55' title="bbox 2102 2411 3719 2481">
    <p class='ocr_par' dir='ltr' id='par_1_55' title="bbox 2102 2411 3719 2481">
     <span class='ocr_line' id='line_1_55' title="bbox 2102 2411 3719 2481; baseline 0.003 -18"><span class='ocrx_word' id='word_1_397' title='bbox 2102 2414 2261 2464; x_wconf 87' lang='lat' dir='ltr'><strong>retur</strong></span> <span class='ocrx_word' id='word_1_398' title='bbox 2306 2411 2448 2464; x_wconf 86' lang='lat' dir='ltr'><strong>velle</strong></span> <span class='ocrx_word' id='word_1_399' title='bbox 2501 2413 2564 2465; x_wconf 89' lang='lat' dir='ltr'><strong>ut</strong></span> <span class='ocrx_word' id='word_1_400' title='bbox 2593 2413 2822 2465; x_wconf 90' lang='lat' dir='ltr'><strong>tantum</strong></span> <span class='ocrx_word' id='word_1_401' title='bbox 2875 2411 2997 2481; x_wconf 87' lang='lat' dir='ltr'><strong>ejus</strong></span> <span class='ocrx_word' id='word_1_402' title='bbox 3023 2411 3291 2467; x_wconf 90' lang='lat' dir='ltr'><strong>divinitas</strong></span> <span class='ocrx_word' id='word_1_403' title='bbox 3346 2413 3719 2476; x_wconf 83' lang='lat' dir='ltr'><strong>exaltaretur,</strong></span> 
     </span>
    </p>
   </div>
   <div class='ocr_carea' id='block_1_56' title="bbox 2104 2499 3716 2571">
    <p class='ocr_par' dir='ltr' id='par_1_56' title="bbox 2104 2499 3716 2571">
     <span class='ocr_line' id='line_1_56' title="bbox 2104 2499 3716 2571; baseline 0.002 -18"><span class='ocrx_word' id='word_1_404' title='bbox 2104 2499 2264 2554; x_wconf 88' lang='lat' dir='ltr'><strong>addit</strong></span> <span class='ocrx_word' id='word_1_405' title='bbox 2289 2517 2300 2554; x_wconf 94' lang='lat'>:</span> <span class='ocrx_word' id='word_1_406' title='bbox 2321 2499 2397 2553; x_wconf 88' lang='lat' dir='ltr'><strong>Et</strong></span> <span class='ocrx_word' id='word_1_407' title='bbox 2426 2500 2662 2568; x_wconf 86' lang='lat' dir='ltr'><strong>adorate,</strong></span> <span class='ocrx_word' id='word_1_408' title='bbox 2694 2499 2752 2554; x_wconf 92' lang='lat' dir='ltr'><strong>id</strong></span> <span class='ocrx_word' id='word_1_409' title='bbox 2781 2502 2869 2555; x_wconf 91' lang='lat' dir='ltr'><strong>est</strong></span> <span class='ocrx_word' id='word_1_410' title='bbox 2896 2517 3125 2556; x_wconf 90' lang='lat' dir='ltr'><strong>summo</strong></span> <span class='ocrx_word' id='word_1_411' title='bbox 3149 2501 3305 2556; x_wconf 89' lang='lat' dir='ltr'><strong>cultu</strong></span> <span class='ocrx_word' id='word_1_412' title='bbox 3330 2502 3716 2571; x_wconf 87' lang='lat' dir='ltr'><strong>veneramini,</strong></span> 
     </span>
    </p>
   </div>
   <div class='ocr_carea' id='block_1_57' title="bbox 2102 2587 3719 2662">
    <p class='ocr_par' dir='ltr' id='par_1_57' title="bbox 2102 2587 3719 2662">
     <span class='ocr_line' id='line_1_57' title="bbox 2102 2587 3719 2662; baseline 0.004 -22"><span class='ocrx_word' id='word_1_413' title='bbox 2102 2587 2381 2641; x_wconf 87' lang='lat' dir='ltr'><strong>scabellum</strong></span> <span class='ocrx_word' id='word_1_414' title='bbox 2405 2589 2601 2658; x_wconf 88' lang='lat' dir='ltr'><strong>pedum</strong></span> <span class='ocrx_word' id='word_1_415' title='bbox 2650 2588 2784 2659; x_wconf 78' lang='lat' dir='ltr'><strong>ejus,</strong></span> <span class='ocrx_word' id='word_1_416' title='bbox 2817 2588 2876 2642; x_wconf 92' lang='lat' dir='ltr'><strong>id</strong></span> <span class='ocrx_word' id='word_1_417' title='bbox 2905 2592 2991 2643; x_wconf 91' lang='lat' dir='ltr'><strong>est</strong></span> <span class='ocrx_word' id='word_1_418' title='bbox 3036 2605 3243 2660; x_wconf 88' lang='lat' dir='ltr'><strong>corpus</strong></span> <span class='ocrx_word' id='word_1_419' title='bbox 3284 2590 3426 2661; x_wconf 90' lang='lat' dir='ltr'><strong>ejus,</strong></span> <span class='ocrx_word' id='word_1_420' title='bbox 3458 2592 3719 2662; x_wconf 81' lang='lat' dir='ltr'><strong>quoniam</strong></span> 
     </span>
    </p>
   </div>
   <div class='ocr_carea' id='block_1_58' title="bbox 2104 2675 3718 2750">
    <p class='ocr_par' dir='ltr' id='par_1_58' title="bbox 2104 2675 3718 2750">
     <span class='ocr_line' id='line_1_58' title="bbox 2104 2675 3718 2750; baseline 0.003 -22"><span class='ocrx_word' id='word_1_421' title='bbox 2104 2681 2344 2731; x_wconf 82' lang='lat' dir='ltr'><strong>sanctum</strong></span> <span class='ocrx_word' id='word_1_422' title='bbox 2368 2682 2443 2731; x_wconf 84' lang='lat' dir='ltr'><strong>est</strong></span> <span class='ocrx_word' id='word_1_423' title='bbox 2473 2675 2527 2730; x_wconf 91' lang='lat' dir='ltr'><strong>in</strong></span> <span class='ocrx_word' id='word_1_424' title='bbox 2557 2676 2719 2731; x_wconf 90' lang='lat' dir='ltr'><strong>omni</strong></span> <span class='ocrx_word' id='word_1_425' title='bbox 2740 2676 3115 2746; x_wconf 87' lang='lat' dir='ltr'><strong>perfectione.</strong></span> <span class='ocrx_word' id='word_1_426' title='bbox 3139 2677 3314 2732; x_wconf 91' lang='lat' dir='ltr'><strong>Sedes</strong></span> <span class='ocrx_word' id='word_1_427' title='bbox 3325 2677 3560 2750; x_wconf 80' lang='lat' dir='ltr'><strong>quidem</strong></span> <span class='ocrx_word' id='word_1_428' title='bbox 3575 2678 3718 2733; x_wconf 88' lang='lat' dir='ltr'><strong>divi-</strong></span> 
     </span>
    </p>
   </div>
   <div class='ocr_carea' id='block_1_59' title="bbox 2105 2763 3718 2838">
    <p class='ocr_par' dir='ltr' id='par_1_59' title="bbox 2105 2763 3718 2838">
     <span class='ocr_line' id='line_1_59' title="bbox 2105 2763 3718 2838; baseline 0.002 -22"><span class='ocrx_word' id='word_1_429' title='bbox 2105 2763 2320 2831; x_wconf 87' lang='lat' dir='ltr'><strong>nitatis,</strong></span> <span class='ocrx_word' id='word_1_430' title='bbox 2353 2763 2550 2818; x_wconf 89' lang='lat' dir='ltr'><strong>anima</strong></span> <span class='ocrx_word' id='word_1_431' title='bbox 2579 2763 2815 2832; x_wconf 89' lang='lat' dir='ltr'><strong>dicitur;</strong></span> <span class='ocrx_word' id='word_1_432' title='bbox 2843 2765 3154 2820; x_wconf 89' lang='lat' dir='ltr'><strong>scabellum</strong></span> <span class='ocrx_word' id='word_1_433' title='bbox 3177 2781 3310 2820; x_wconf 88' lang='lat' dir='ltr'><strong>vero</strong></span> <span class='ocrx_word' id='word_1_434' title='bbox 3337 2766 3577 2838; x_wconf 89' lang='lat' dir='ltr'><strong>pedum,</strong></span> <span class='ocrx_word' id='word_1_435' title='bbox 3596 2766 3718 2836; x_wconf 86' lang='lat' dir='ltr'><strong>ejus</strong></span> 
     </span>
    </p>
   </div>
   <div class='ocr_carea' id='block_1_60' title="bbox 2106 2851 3719 2924">
    <p class='ocr_par' dir='ltr' id='par_1_60' title="bbox 2106 2851 3719 2924">
     <span class='ocr_line' id='line_1_60' title="bbox 2106 2851 3719 2924; baseline 0.002 -20"><span class='ocrx_word' id='word_1_436' title='bbox 2106 2867 2332 2922; x_wconf 88' lang='lat' dir='ltr'><strong>corpus,</strong></span> <span class='ocrx_word' id='word_1_437' title='bbox 2377 2852 2513 2924; x_wconf 88' lang='lat' dir='ltr'><strong>quia</strong></span> <span class='ocrx_word' id='word_1_438' title='bbox 2567 2867 2698 2906; x_wconf 90' lang='lat' dir='ltr'><strong>cum</strong></span> <span class='ocrx_word' id='word_1_439' title='bbox 2723 2851 2784 2905; x_wconf 90' lang='lat' dir='ltr'><strong>in</strong></span> <span class='ocrx_word' id='word_1_440' title='bbox 2833 2854 3077 2924; x_wconf 87' lang='lat' dir='ltr'><strong>utroque</strong></span> <span class='ocrx_word' id='word_1_441' title='bbox 3137 2852 3318 2908; x_wconf 85' lang='lat' dir='ltr'><strong>deitas</strong></span> <span class='ocrx_word' id='word_1_442' title='bbox 3347 2853 3719 2924; x_wconf 73' lang='lat' dir='ltr'><strong>spiritualiter</strong></span> 
     </span>
    </p>
   </div>
   <div class='ocr_carea' id='block_1_61' title="bbox 2104 2937 3716 3013">
    <p class='ocr_par' dir='ltr' id='par_1_61' title="bbox 2104 2937 3716 3013">
     <span class='ocr_line' id='line_1_61' title="bbox 2104 2937 3716 3013; baseline 0.003 -22"><span class='ocrx_word' id='word_1_443' title='bbox 2104 2937 2406 3006; x_wconf 88' lang='lat' dir='ltr'><strong>inhabitet,</strong></span> <span class='ocrx_word' id='word_1_444' title='bbox 2438 2941 2698 3010; x_wconf 90' lang='lat' dir='ltr'><strong>superior</strong></span> <span class='ocrx_word' id='word_1_445' title='bbox 2740 2943 2938 2994; x_wconf 89' lang='lat' dir='ltr'><strong>tamen</strong></span> <span class='ocrx_word' id='word_1_446' title='bbox 2971 2940 3032 2995; x_wconf 91' lang='lat' dir='ltr'><strong>in</strong></span> <span class='ocrx_word' id='word_1_447' title='bbox 3069 2940 3350 3013; x_wconf 87' lang='lat' dir='ltr'><strong>dignitate</strong></span> <span class='ocrx_word' id='word_1_448' title='bbox 3379 2945 3466 2996; x_wconf 88' lang='lat' dir='ltr'><strong>est</strong></span> <span class='ocrx_word' id='word_1_449' title='bbox 3495 2941 3716 3010; x_wconf 89' lang='lat' dir='ltr'><strong>anima,</strong></span> 
     </span>
    </p>
   </div>
   <div class='ocr_carea' id='block_1_62' title="bbox 403 3017 3719 3101">
    <p class='ocr_par' dir='ltr' id='par_1_62' title="bbox 403 3017 3719 3101">
     <span class='ocr_line' id='line_1_62' title="bbox 403 3017 3719 3101; baseline -0.001 -13"><span class='ocrx_word' id='word_1_450' title='bbox 403 3033 484 3088; x_wconf 90' lang='lat' dir='ltr'><strong>eis</strong></span> <span class='ocrx_word' id='word_1_451' title='bbox 509 3029 824 3088; x_wconf 88' lang='lat' dir='ltr'><strong>secundum</strong></span> <span class='ocrx_word' id='word_1_452' title='bbox 853 3026 1230 3082; x_wconf 88' lang='lat' dir='ltr'><strong>subtilitatem</strong></span> <span class='ocrx_word' id='word_1_453' title='bbox 1256 3024 1461 3080; x_wconf 79' lang='lat' dir='ltr'><strong>divinae</strong></span> <span class='ocrx_word' id='word_1_454' title='bbox 1479 3022 2004 3095; x_wconf 90' lang='lat' dir='ltr'><strong>contemplationis.</strong></span> <span class='ocrx_word' id='word_1_455' title='bbox 2034 3017 2080 3077; x_wconf 88' lang='lat' dir='ltr'><strong>C</strong></span> <span class='ocrx_word' id='word_1_456' title='bbox 2107 3043 2314 3099; x_wconf 87' lang='lat' dir='ltr'><strong>corpus</strong></span> <span class='ocrx_word' id='word_1_457' title='bbox 2334 3031 2528 3082; x_wconf 88' lang='lat' dir='ltr'><strong>autem</strong></span> <span class='ocrx_word' id='word_1_458' title='bbox 2555 3027 2811 3082; x_wconf 89' lang='lat' dir='ltr'><strong>inferius.</strong></span> <span class='ocrx_word' id='word_1_459' title='bbox 2837 3026 2994 3083; x_wconf 90' lang='lat' dir='ltr'><strong>Sicut</strong></span> <span class='ocrx_word' id='word_1_460' title='bbox 3005 3029 3169 3083; x_wconf 91' lang='lat' dir='ltr'><strong>sedes</strong></span> <span class='ocrx_word' id='word_1_461' title='bbox 3193 3028 3431 3100; x_wconf 88' lang='lat' dir='ltr'><strong>alicujus</strong></span> <span class='ocrx_word' id='word_1_462' title='bbox 3454 3029 3719 3101; x_wconf 88' lang='lat' dir='ltr'><strong>superior</strong></span> 
     </span>
    </p>
   </div>
   <div class='ocr_carea' id='block_1_63' title="bbox 403 3111 2006 3188">
    <p class='ocr_par' dir='ltr' id='par_1_63' title="bbox 403 3111 2006 3188">
     <span class='ocr_line' id='line_1_63' title="bbox 403 3111 2006 3188; baseline -0.007 -13"><span class='ocrx_word' id='word_1_463' title='bbox 403 3119 688 3175; x_wconf 82' lang='lat' dir='ltr'><strong>Moveatur</strong></span> <span class='ocrx_word' id='word_1_464' title='bbox 717 3117 892 3188; x_wconf 90' lang='lat' dir='ltr'><strong>igitur</strong></span> <span class='ocrx_word' id='word_1_465' title='bbox 924 3122 1084 3181; x_wconf 77' lang='lat' dir='ltr'><strong>terra,</strong></span> <span class='ocrx_word' id='word_1_466' title='bbox 1113 3113 1171 3168; x_wconf 92' lang='lat' dir='ltr'><strong>id</strong></span> <span class='ocrx_word' id='word_1_467' title='bbox 1203 3117 1288 3167; x_wconf 91' lang='lat' dir='ltr'><strong>est</strong></span> <span class='ocrx_word' id='word_1_468' title='bbox 1316 3113 1421 3184; x_wconf 90' lang='lat' dir='ltr'><strong>ipsi</strong></span> <span class='ocrx_word' id='word_1_469' title='bbox 1452 3111 1647 3185; x_wconf 90' lang='lat' dir='ltr'><strong>populi</strong></span> <span class='ocrx_word' id='word_1_470' title='bbox 1675 3111 2006 3167; x_wconf 73' lang='lat' dir='ltr'><strong>Iudaeorum</strong></span> 
     </span>
    </p>
   </div>
   <div class='ocr_carea' id='block_1_64' title="bbox 402 3198 2006 3274">
    <p class='ocr_par' dir='ltr' id='par_1_64' title="bbox 402 3198 2006 3274">
     <span class='ocr_line' id='line_1_64' title="bbox 402 3198 2006 3274; baseline -0.009 -9"><span class='ocrx_word' id='word_1_471' title='bbox 402 3204 963 3274; x_wconf 84' lang='lat' dir='ltr'><strong>terreni,secundum</strong></span> <span class='ocrx_word' id='word_1_472' title='bbox 981 3200 1380 3256; x_wconf 89' lang='lat' dir='ltr'><strong>terrenitatem</strong></span> <span class='ocrx_word' id='word_1_473' title='bbox 1397 3199 1792 3270; x_wconf 89' lang='lat' dir='ltr'><strong>inquietentur</strong></span> <span class='ocrx_word' id='word_1_474' title='bbox 1803 3198 2006 3252; x_wconf 87' lang='lat' dir='ltr'><strong>adver-</strong></span> 
     </span>
    </p>
   </div>
   <div class='ocr_carea' id='block_1_65' title="bbox 405 3283 2006 3361">
    <p class='ocr_par' dir='ltr' id='par_1_65' title="bbox 405 3283 2006 3361">
     <span class='ocr_line' id='line_1_65' title="bbox 405 3283 2006 3361; baseline -0.007 -10"><span class='ocrx_word' id='word_1_475' title='bbox 405 3313 498 3352; x_wconf 89' lang='lat' dir='ltr'><strong>sus</strong></span> <span class='ocrx_word' id='word_1_476' title='bbox 510 3311 642 3349; x_wconf 89' lang='lat' dir='ltr'><strong>eum</strong></span> <span class='ocrx_word' id='word_1_477' title='bbox 661 3311 676 3361; x_wconf 87' lang='lat'><strong>;</strong></span> <span class='ocrx_word' id='word_1_478' title='bbox 708 3309 827 3348; x_wconf 91' lang='lat' dir='ltr'><strong>non</strong></span> <span class='ocrx_word' id='word_1_479' title='bbox 847 3293 1042 3345; x_wconf 89' lang='lat' dir='ltr'><strong>tamen</strong></span> <span class='ocrx_word' id='word_1_480' title='bbox 1060 3289 1181 3360; x_wconf 90' lang='lat' dir='ltr'><strong>ejus</strong></span> <span class='ocrx_word' id='word_1_481' title='bbox 1196 3302 1674 3358; x_wconf 89' lang='lat' dir='ltr'><strong>regnum,eorum</strong></span> <span class='ocrx_word' id='word_1_482' title='bbox 1689 3283 2006 3340; x_wconf 88' lang='lat' dir='ltr'><strong>adversatio</strong></span> 
     </span>
    </p>
   </div>
   <div class='ocr_carea' id='block_1_66' title="bbox 405 3373 2011 3457">
    <p class='ocr_par' dir='ltr' id='par_1_66' title="bbox 405 3373 2011 3457">
     <span class='ocr_line' id='line_1_66' title="bbox 405 3373 2011 3457; baseline -0.008 -17"><span class='ocrx_word' id='word_1_483' title='bbox 405 3383 619 3457; x_wconf 86' lang='lat' dir='ltr'><strong>poterit</strong></span> <span class='ocrx_word' id='word_1_484' title='bbox 634 3382 886 3446; x_wconf 90' lang='lat' dir='ltr'><strong>abolere,</strong></span> <span class='ocrx_word' id='word_1_485' title='bbox 909 3394 1041 3434; x_wconf 91' lang='lat' dir='ltr'><strong>cum</strong></span> <span class='ocrx_word' id='word_1_486' title='bbox 1076 3377 1221 3431; x_wconf 89' lang='lat' dir='ltr'><strong>adeo</strong></span> <span class='ocrx_word' id='word_1_487' title='bbox 1251 3379 1455 3448; x_wconf 90' lang='lat' dir='ltr'><strong>potens</strong></span> <span class='ocrx_word' id='word_1_488' title='bbox 1505 3375 1594 3442; x_wconf 90' lang='lat' dir='ltr'><strong>sit,</strong></span> <span class='ocrx_word' id='word_1_489' title='bbox 1629 3374 1783 3447; x_wconf 91' lang='lat' dir='ltr'><strong>quod</strong></span> <span class='ocrx_word' id='word_1_490' title='bbox 1813 3373 2011 3429; x_wconf 89' lang='lat' dir='ltr'><strong>sedeat</strong></span> 
     </span>
    </p>
   </div>
   <div class='ocr_carea' id='block_1_67' title="bbox 407 3463 2010 3544">
    <p class='ocr_par' dir='ltr' id='par_1_67' title="bbox 407 3463 2010 3544">
     <span class='ocr_line' id='line_1_67' title="bbox 407 3463 2010 3544; baseline -0.007 -15"><span class='ocrx_word' id='word_1_491' title='bbox 407 3488 578 3544; x_wconf 89' lang='lat' dir='ltr'><strong>super</strong></span> <span class='ocrx_word' id='word_1_492' title='bbox 609 3467 938 3526; x_wconf 89' lang='lat' dir='ltr'><strong>Cherubim.</strong></span> <span class='ocrx_word' id='word_1_493' title='bbox 967 3464 1234 3521; x_wconf 90' lang='lat' dir='ltr'><strong>Ostendit</strong></span> <span class='ocrx_word' id='word_1_494' title='bbox 1260 3464 1437 3536; x_wconf 88' lang='lat' dir='ltr'><strong>igitur</strong></span> <span class='ocrx_word' id='word_1_495' title='bbox 1461 3463 1520 3520; x_wconf 91' lang='lat' dir='ltr'><strong>in</strong></span> <span class='ocrx_word' id='word_1_496' title='bbox 1547 3463 1750 3536; x_wconf 90' lang='lat' dir='ltr'><strong>quibus</strong></span> <span class='ocrx_word' id='word_1_497' title='bbox 1805 3465 2010 3534; x_wconf 88' lang='lat' dir='ltr'><strong>regnet</strong></span> 
     </span>
    </p>
   </div>
   <div class='ocr_carea' id='block_1_68' title="bbox 406 3550 2010 3628">
    <p class='ocr_par' dir='ltr' id='par_1_68' title="bbox 406 3550 2010 3628">
     <span class='ocr_line' id='line_1_68' title="bbox 406 3550 2010 3628; baseline -0.009 -10"><span class='ocrx_word' id='word_1_498' title='bbox 406 3561 485 3618; x_wconf 90' lang='lat' dir='ltr'><strong>sic</strong></span> <span class='ocrx_word' id='word_1_499' title='bbox 512 3577 525 3615; x_wconf 91' lang='lat'>:</span> <span class='ocrx_word' id='word_1_500' title='bbox 556 3557 689 3614; x_wconf 92' lang='lat' dir='ltr'><strong>Dico</strong></span> <span class='ocrx_word' id='word_1_501' title='bbox 709 3564 848 3612; x_wconf 87' lang='lat' dir='ltr'><strong>terra</strong></span> <span class='ocrx_word' id='word_1_502' title='bbox 873 3560 1164 3610; x_wconf 86' lang='lat' dir='ltr'><strong>moveatur.</strong></span> <span class='ocrx_word' id='word_1_503' title='bbox 1191 3554 1314 3623; x_wconf 91' lang='lat' dir='ltr'><strong>Ipse</strong></span> <span class='ocrx_word' id='word_1_504' title='bbox 1336 3555 1532 3607; x_wconf 90' lang='lat' dir='ltr'><strong>tamen</strong></span> <span class='ocrx_word' id='word_1_505' title='bbox 1558 3552 1820 3606; x_wconf 86' lang='lat' dir='ltr'><strong>Dominus</strong></span> <span class='ocrx_word' id='word_1_506' title='bbox 1852 3550 2010 3628; x_wconf 83' lang='lat' dir='ltr'><strong>Chri-</strong></span> 
     </span>
    </p>
   </div>
   <div class='ocr_carea' id='block_1_69' title="bbox 407 3639 2008 3718">
    <p class='ocr_par' dir='ltr' id='par_1_69' title="bbox 407 3639 2008 3718">
     <span class='ocr_line' id='line_1_69' title="bbox 407 3639 2008 3718; baseline -0.008 -13"><span class='ocrx_word' id='word_1_507' title='bbox 407 3653 523 3706; x_wconf 89' lang='lat' dir='ltr'><strong>stus</strong></span> <span class='ocrx_word' id='word_1_508' title='bbox 553 3662 773 3718; x_wconf 80' lang='lat' dir='ltr'><strong>magnus</strong></span> <span class='ocrx_word' id='word_1_509' title='bbox 797 3644 1097 3716; x_wconf 86' lang='lat' dir='ltr'><strong>reputatur</strong></span> <span class='ocrx_word' id='word_1_510' title='bbox 1121 3643 1177 3695; x_wconf 87' lang='lat' dir='ltr'><strong>in</strong></span> <span class='ocrx_word' id='word_1_511' title='bbox 1214 3639 1369 3709; x_wconf 85' lang='lat' dir='ltr'><strong>Sion,</strong></span> <span class='ocrx_word' id='word_1_512' title='bbox 1403 3640 1461 3694; x_wconf 92' lang='lat' dir='ltr'><strong>id</strong></span> <span class='ocrx_word' id='word_1_513' title='bbox 1491 3643 1577 3695; x_wconf 90' lang='lat' dir='ltr'><strong>est</strong></span> <span class='ocrx_word' id='word_1_514' title='bbox 1605 3639 1799 3694; x_wconf 81' lang='lat' dir='ltr'><strong>fideles</strong></span> <span class='ocrx_word' id='word_1_515' title='bbox 1825 3655 1892 3694; x_wconf 91' lang='lat' dir='ltr'><strong>ex</strong></span> <span class='ocrx_word' id='word_1_516' title='bbox 1910 3640 2008 3693; x_wconf 83' lang='lat' dir='ltr'><strong>Ju-</strong></span> 
     </span>
    </p>
   </div>
   <div class='ocr_carea' id='block_1_70' title="bbox 407 3723 2008 3809">
    <p class='ocr_par' dir='ltr' id='par_1_70' title="bbox 407 3723 2008 3809">
     <span class='ocr_line' id='line_1_70' title="bbox 407 3723 2008 3809; baseline -0.01 -15"><span class='ocrx_word' id='word_1_517' title='bbox 407 3723 565 3803; x_wconf 61' lang='lat' dir='ltr'><strong>deeis,</strong></span> <span class='ocrx_word' id='word_1_518' title='bbox 588 3734 685 3809; x_wconf 90' lang='lat' dir='ltr'><strong>qui</strong></span> <span class='ocrx_word' id='word_1_519' title='bbox 704 3734 834 3805; x_wconf 90' lang='lat' dir='ltr'><strong>jam</strong></span> <span class='ocrx_word' id='word_1_520' title='bbox 856 3734 989 3787; x_wconf 89' lang='lat' dir='ltr'><strong>sunt</strong></span> <span class='ocrx_word' id='word_1_521' title='bbox 1024 3729 1183 3796; x_wconf 90' lang='lat' dir='ltr'><strong>Sion,</strong></span> <span class='ocrx_word' id='word_1_522' title='bbox 1215 3742 1496 3798; x_wconf 87' lang='lat' dir='ltr'><strong>magnum</strong></span> <span class='ocrx_word' id='word_1_523' title='bbox 1521 3741 1721 3797; x_wconf 86' lang='lat' dir='ltr'><strong>regem</strong></span> <span class='ocrx_word' id='word_1_524' title='bbox 1741 3741 1875 3780; x_wconf 91' lang='lat' dir='ltr'><strong>eum</strong></span> <span class='ocrx_word' id='word_1_525' title='bbox 1888 3741 2008 3780; x_wconf 88' lang='lat' dir='ltr'><strong>esse</strong></span> 
     </span>
    </p>
   </div>
   <div class='ocr_carea' id='block_1_71' title="bbox 405 3813 2010 3898">
    <p class='ocr_par' dir='ltr' id='par_1_71' title="bbox 405 3813 2010 3898">
     <span class='ocr_line' id='line_1_71' title="bbox 405 3813 2010 3898; baseline -0.011 -16"><span class='ocrx_word' id='word_1_526' title='bbox 405 3825 780 3898; x_wconf 88' lang='lat' dir='ltr'><strong>cognoscunt,</strong></span> <span class='ocrx_word' id='word_1_527' title='bbox 797 3827 845 3876; x_wconf 83' lang='lat' dir='ltr'><strong>et</strong></span> <span class='ocrx_word' id='word_1_528' title='bbox 861 3818 1087 3874; x_wconf 77' lang='lat' dir='ltr'><strong>excelsus</strong></span> <span class='ocrx_word' id='word_1_529' title='bbox 1115 3820 1219 3884; x_wconf 89' lang='lat' dir='ltr'><strong>est,</strong></span> <span class='ocrx_word' id='word_1_530' title='bbox 1250 3815 1308 3870; x_wconf 89' lang='lat' dir='ltr'><strong>id</strong></span> <span class='ocrx_word' id='word_1_531' title='bbox 1339 3817 1423 3869; x_wconf 91' lang='lat' dir='ltr'><strong>est</strong></span> <span class='ocrx_word' id='word_1_532' title='bbox 1453 3813 1823 3884; x_wconf 90' lang='lat' dir='ltr'><strong>omnipotens</strong></span> <span class='ocrx_word' id='word_1_533' title='bbox 1858 3829 2010 3883; x_wconf 82' lang='lat' dir='ltr'><strong>super</strong></span> 
     </span>
    </p>
   </div>
   <div class='ocr_carea' id='block_1_72' title="bbox 405 3901 2008 3983">
    <p class='ocr_par' dir='ltr' id='par_1_72' title="bbox 405 3901 2008 3983">
     <span class='ocr_line' id='line_1_72' title="bbox 405 3901 2008 3983; baseline -0.01 -13"><span class='ocrx_word' id='word_1_534' title='bbox 405 3931 580 3971; x_wconf 86' lang='lat' dir='ltr'><strong>omnes</strong></span> <span class='ocrx_word' id='word_1_535' title='bbox 598 3910 838 3983; x_wconf 84' lang='lat' dir='ltr'><strong>populos,</strong></span> <span class='ocrx_word' id='word_1_536' title='bbox 873 3907 1070 3962; x_wconf 84' lang='lat' dir='ltr'><strong>ﬁdeles</strong></span> <span class='ocrx_word' id='word_1_537' title='bbox 1095 3921 1158 3959; x_wconf 88' lang='lat' dir='ltr'><strong>ex</strong></span> <span class='ocrx_word' id='word_1_538' title='bbox 1175 3902 1461 3975; x_wconf 88' lang='lat' dir='ltr'><strong>gentibus,</strong></span> <span class='ocrx_word' id='word_1_539' title='bbox 1491 3901 1548 3956; x_wconf 93' lang='lat' dir='ltr'><strong>id</strong></span> <span class='ocrx_word' id='word_1_540' title='bbox 1560 3904 1645 3958; x_wconf 89' lang='lat' dir='ltr'><strong>est</strong></span> <span class='ocrx_word' id='word_1_541' title='bbox 1660 3904 1862 3974; x_wconf 89' lang='lat' dir='ltr'><strong>gentes</strong></span> <span class='ocrx_word' id='word_1_542' title='bbox 1874 3917 2008 3955; x_wconf 91' lang='lat' dir='ltr'><strong>eum</strong></span> 
     </span>
    </p>
   </div>
   <div class='ocr_carea' id='block_1_73' title="bbox 404 3992 2005 4073">
    <p class='ocr_par' dir='ltr' id='par_1_73' title="bbox 404 3992 2005 4073">
     <span class='ocr_line' id='line_1_73' title="bbox 404 3992 2005 4073; baseline -0.011 -14"><span class='ocrx_word' id='word_1_543' title='bbox 404 3994 1232 4073; x_wconf 87' lang='lat' dir='ltr'><strong>cognoscuntomnipotentem</strong></span> <span class='ocrx_word' id='word_1_544' title='bbox 1264 3994 1323 4046; x_wconf 90' lang='lat' dir='ltr'><strong>et</strong></span> <span class='ocrx_word' id='word_1_545' title='bbox 1336 4006 1506 4062; x_wconf 91' lang='lat' dir='ltr'><strong>super</strong></span> <span class='ocrx_word' id='word_1_546' title='bbox 1523 4006 1619 4045; x_wconf 89' lang='lat' dir='ltr'><strong>eas</strong></span> <span class='ocrx_word' id='word_1_547' title='bbox 1637 3992 2005 4062; x_wconf 89' lang='lat' dir='ltr'><strong>regnantem.</strong></span> 
     </span>
    </p>
   </div>
   <div class='ocr_carea' id='block_1_74' title="bbox 407 4075 2010 4155">
    <p class='ocr_par' dir='ltr' id='par_1_74' title="bbox 407 4075 2010 4155">
     <span class='ocr_line' id='line_1_74' title="bbox 407 4075 2010 4155; baseline -0.009 -11"><span class='ocrx_word' id='word_1_548' title='bbox 407 4089 552 4155; x_wconf 88' lang='lat' dir='ltr'><strong>Quia</strong></span> <span class='ocrx_word' id='word_1_549' title='bbox 571 4087 791 4141; x_wconf 85' lang='lat' dir='ltr'><strong>dixerat</strong></span> <span class='ocrx_word' id='word_1_550' title='bbox 817 4086 1133 4146; x_wconf 79' lang='lat' dir='ltr'><strong>irascantur,</strong></span> <span class='ocrx_word' id='word_1_551' title='bbox 1166 4095 1240 4134; x_wconf 91' lang='lat' dir='ltr'><strong>ne</strong></span> <span class='ocrx_word' id='word_1_552' title='bbox 1268 4079 1559 4133; x_wconf 89' lang='lat' dir='ltr'><strong>videretur</strong></span> <span class='ocrx_word' id='word_1_553' title='bbox 1611 4077 1720 4131; x_wconf 93' lang='lat' dir='ltr'><strong>hoc</strong></span> <span class='ocrx_word' id='word_1_554' title='bbox 1759 4075 2010 4148; x_wconf 79' lang='lat' dir='ltr'><strong>Optative</strong></span> 
     </span>
    </p>
   </div>
   <div class='ocr_carea' id='block_1_75' title="bbox 407 4165 2008 4242">
    <p class='ocr_par' dir='ltr' id='par_1_75' title="bbox 407 4165 2008 4242">
     <span class='ocr_line' id='line_1_75' title="bbox 407 4165 2008 4242; baseline -0.01 -9"><span class='ocrx_word' id='word_1_555' title='bbox 407 4176 631 4242; x_wconf 84' lang='lat' dir='ltr'><strong>dixisse,</strong></span> <span class='ocrx_word' id='word_1_556' title='bbox 657 4172 849 4228; x_wconf 87' lang='lat' dir='ltr'><strong>addit:</strong></span> <span class='ocrx_word' id='word_1_557' title='bbox 876 4167 1146 4234; x_wconf 88' lang='lat' dir='ltr'><strong>Quamvis</strong></span> <span class='ocrx_word' id='word_1_558' title='bbox 1202 4165 1444 4221; x_wconf 83' lang='lat' dir='ltr'><strong>dixerim</strong></span> <span class='ocrx_word' id='word_1_559' title='bbox 1486 4168 1783 4219; x_wconf 86' lang='lat' dir='ltr'><strong>irascantur</strong></span> <span class='ocrx_word' id='word_1_560' title='bbox 1801 4165 2008 4236; x_wconf 81' lang='lat' dir='ltr'><strong>populi,</strong></span> 
     </span>
    </p>
   </div>
   <div class='ocr_carea' id='block_1_76' title="bbox 404 4253 2009 4334">
    <p class='ocr_par' dir='ltr' id='par_1_76' title="bbox 404 4253 2009 4334">
     <span class='ocr_line' id='line_1_76' title="bbox 404 4253 2009 4334; baseline -0.011 -11"><span class='ocrx_word' id='word_1_561' title='bbox 404 4268 602 4323; x_wconf 87' lang='lat' dir='ltr'><strong>tamen</strong></span> <span class='ocrx_word' id='word_1_562' title='bbox 633 4259 823 4334; x_wconf 91' lang='lat' dir='ltr'><strong>potius</strong></span> <span class='ocrx_word' id='word_1_563' title='bbox 853 4260 988 4328; x_wconf 89' lang='lat' dir='ltr'><strong>opto</strong></span> <span class='ocrx_word' id='word_1_564' title='bbox 1020 4253 1286 4322; x_wconf 90' lang='lat' dir='ltr'><strong>Domine,</strong></span> <span class='ocrx_word' id='word_1_565' title='bbox 1313 4255 1666 4323; x_wconf 82' lang='lat' dir='ltr'><strong>conﬁteantur</strong></span> <span class='ocrx_word' id='word_1_566' title='bbox 1689 4255 1894 4308; x_wconf 87' lang='lat' dir='ltr'><strong>nomini</strong></span> <span class='ocrx_word' id='word_1_567' title='bbox 1921 4259 2009 4306; x_wconf 91' lang='lat' dir='ltr'><strong>tuo</strong></span> 
     </span>
    </p>
   </div>
   <div class='ocr_carea' id='block_1_77' title="bbox 403 4340 2010 4423">
    <p class='ocr_par' dir='ltr' id='par_1_77' title="bbox 403 4340 2010 4423">
     <span class='ocr_line' id='line_1_77' title="bbox 403 4340 2010 4423; baseline -0.009 -14"><span class='ocrx_word' id='word_1_568' title='bbox 403 4369 618 4423; x_wconf 81' lang='lat' dir='ltr'><strong>magno,</strong></span> <span class='ocrx_word' id='word_1_569' title='bbox 641 4348 795 4422; x_wconf 91' lang='lat' dir='ltr'><strong>quod</strong></span> <span class='ocrx_word' id='word_1_570' title='bbox 817 4349 902 4402; x_wconf 89' lang='lat' dir='ltr'><strong>est</strong></span> <span class='ocrx_word' id='word_1_571' title='bbox 931 4343 1230 4407; x_wconf 89' lang='lat' dir='ltr'><strong>Dominus,</strong></span> <span class='ocrx_word' id='word_1_572' title='bbox 1257 4341 1470 4397; x_wconf 89' lang='lat' dir='ltr'><strong>scilicet</strong></span> <span class='ocrx_word' id='word_1_573' title='bbox 1503 4340 1778 4396; x_wconf 87' lang='lat' dir='ltr'><strong>desistant</strong></span> <span class='ocrx_word' id='word_1_574' title='bbox 1810 4342 1882 4396; x_wconf 90' lang='lat' dir='ltr'><strong>ab</strong></span> <span class='ocrx_word' id='word_1_575' title='bbox 1905 4341 2010 4396; x_wconf 89' lang='lat' dir='ltr'><strong>hac</strong></span> 
     </span>
    </p>
   </div>
   <div class='ocr_carea' id='block_1_78' title="bbox 404 4429 2013 4511">
    <p class='ocr_par' dir='ltr' id='par_1_78' title="bbox 404 4429 2013 4511">
     <span class='ocr_line' id='line_1_78' title="bbox 404 4429 2013 4511; baseline -0.01 -12"><span class='ocrx_word' id='word_1_576' title='bbox 404 4444 512 4511; x_wconf 89' lang='lat' dir='ltr'><strong>ira,</strong></span> <span class='ocrx_word' id='word_1_577' title='bbox 545 4445 602 4496; x_wconf 91' lang='lat' dir='ltr'><strong>et</strong></span> <span class='ocrx_word' id='word_1_578' title='bbox 627 4439 802 4494; x_wconf 85' lang='lat' dir='ltr'><strong>fidem</strong></span> <span class='ocrx_word' id='word_1_579' title='bbox 832 4435 1111 4490; x_wconf 86' lang='lat' dir='ltr'><strong>habentes</strong></span> <span class='ocrx_word' id='word_1_580' title='bbox 1133 4432 1424 4487; x_wconf 88' lang='lat' dir='ltr'><strong>honorent</strong></span> <span class='ocrx_word' id='word_1_581' title='bbox 1453 4432 1508 4484; x_wconf 88' lang='lat' dir='ltr'><strong>te</strong></span> <span class='ocrx_word' id='word_1_582' title='bbox 1538 4429 1728 4498; x_wconf 90' lang='lat' dir='ltr'><strong>laude,</strong></span> <span class='ocrx_word' id='word_1_583' title='bbox 1758 4429 1892 4502; x_wconf 89' lang='lat' dir='ltr'><strong>quia</strong></span> <span class='ocrx_word' id='word_1_584' title='bbox 1920 4445 2013 4484; x_wconf 86' lang='lat' dir='ltr'><strong>vo-</strong></span> 
     </span>
    </p>
   </div>
   <div class='ocr_carea' id='block_1_79' title="bbox 406 4517 2012 4589">
    <p class='ocr_par' dir='ltr' id='par_1_79' title="bbox 406 4517 2012 4589">
     <span class='ocr_line' id='line_1_79' title="bbox 406 4517 2012 4589; baseline -0.01 -3"><span class='ocrx_word' id='word_1_585' title='bbox 406 4529 552 4586; x_wconf 91' lang='lat' dir='ltr'><strong>caris</strong></span> <span class='ocrx_word' id='word_1_586' title='bbox 580 4541 784 4584; x_wconf 89' lang='lat' dir='ltr'><strong>eorum</strong></span> <span class='ocrx_word' id='word_1_587' title='bbox 814 4521 1093 4579; x_wconf 89' lang='lat' dir='ltr'><strong>Dominus</strong></span> <span class='ocrx_word' id='word_1_588' title='bbox 1113 4537 1127 4589; x_wconf 91' lang='lat'><strong>;</strong></span> <span class='ocrx_word' id='word_1_589' title='bbox 1154 4522 1212 4575; x_wconf 91' lang='lat' dir='ltr'><strong>et</strong></span> <span class='ocrx_word' id='word_1_590' title='bbox 1231 4517 1615 4574; x_wconf 90' lang='lat' dir='ltr'><strong>necessarium</strong></span> <span class='ocrx_word' id='word_1_591' title='bbox 1629 4521 1733 4586; x_wconf 92' lang='lat' dir='ltr'><strong>est,</strong></span> <span class='ocrx_word' id='word_1_592' title='bbox 1753 4517 2012 4589; x_wconf 86' lang='lat' dir='ltr'><strong>quoniam</strong></span> 
     </span>
    </p>
   </div>
   <div class='ocr_carea' id='block_1_80' title="bbox 405 4605 2015 4676">
    <p class='ocr_par' dir='ltr' id='par_1_80' title="bbox 405 4605 2015 4676">
     <span class='ocr_line' id='line_1_80' title="bbox 405 4605 2015 4676; baseline -0.01 -1"><span class='ocrx_word' id='word_1_593' title='bbox 405 4621 517 4676; x_wconf 92' lang='lat' dir='ltr'><strong>hoc</strong></span> <span class='ocrx_word' id='word_1_594' title='bbox 546 4630 762 4672; x_wconf 89' lang='lat' dir='ltr'><strong>nomen</strong></span> <span class='ocrx_word' id='word_1_595' title='bbox 778 4610 1005 4666; x_wconf 86' lang='lat' dir='ltr'><strong>terribile</strong></span> <span class='ocrx_word' id='word_1_596' title='bbox 1020 4613 1124 4676; x_wconf 89' lang='lat' dir='ltr'><strong>est,</strong></span> <span class='ocrx_word' id='word_1_597' title='bbox 1146 4607 1206 4662; x_wconf 91' lang='lat' dir='ltr'><strong>id</strong></span> <span class='ocrx_word' id='word_1_598' title='bbox 1226 4611 1310 4663; x_wconf 90' lang='lat' dir='ltr'><strong>est</strong></span> <span class='ocrx_word' id='word_1_599' title='bbox 1325 4606 1707 4662; x_wconf 88' lang='lat' dir='ltr'><strong>metuendum</strong></span> <span class='ocrx_word' id='word_1_600' title='bbox 1729 4605 1940 4676; x_wconf 91' lang='lat' dir='ltr'><strong>impiis,</strong></span> <span class='ocrx_word' id='word_1_601' title='bbox 1956 4609 2015 4660; x_wconf 91' lang='lat' dir='ltr'><strong>et</strong></span> 
     </span>
    </p>
   </div>
   <div class='ocr_carea' id='block_1_81' title="bbox 404 4693 2010 4766">
    <p class='ocr_par' dir='ltr' id='par_1_81' title="bbox 404 4693 2010 4766">
     <span class='ocr_line' id='line_1_81' title="bbox 404 4693 2010 4766; baseline -0.008 -6"><span class='ocrx_word' id='word_1_602' title='bbox 404 4712 667 4766; x_wconf 83' lang='lat' dir='ltr'><strong>sanctum,</strong></span> <span class='ocrx_word' id='word_1_603' title='bbox 693 4701 754 4755; x_wconf 91' lang='lat' dir='ltr'><strong>id</strong></span> <span class='ocrx_word' id='word_1_604' title='bbox 769 4701 854 4754; x_wconf 91' lang='lat' dir='ltr'><strong>est</strong></span> <span class='ocrx_word' id='word_1_605' title='bbox 883 4695 1152 4762; x_wconf 90' lang='lat' dir='ltr'><strong>amabile,</strong></span> <span class='ocrx_word' id='word_1_606' title='bbox 1159 4695 1484 4766; x_wconf 89' lang='lat' dir='ltr'><strong>jucundum</strong></span> <span class='ocrx_word' id='word_1_607' title='bbox 1498 4694 1686 4749; x_wconf 90' lang='lat' dir='ltr'><strong>bonis.</strong></span> <span class='ocrx_word' id='word_1_608' title='bbox 1709 4693 2010 4748; x_wconf 85' lang='lat' dir='ltr'><strong>Audiendo</strong></span> 
     </span>
    </p>
   </div>
   <div class='ocr_carea' id='block_1_82' title="bbox 407 4781 2015 4854">
    <p class='ocr_par' dir='ltr' id='par_1_82' title="bbox 407 4781 2015 4854">
     <span class='ocr_line' id='line_1_82' title="bbox 407 4781 2015 4854; baseline -0.011 -2"><span class='ocrx_word' id='word_1_609' title='bbox 407 4796 564 4853; x_wconf 90' lang='lat' dir='ltr'><strong>enim</strong></span> <span class='ocrx_word' id='word_1_610' title='bbox 586 4806 721 4848; x_wconf 90' lang='lat' dir='ltr'><strong>eum</strong></span> <span class='ocrx_word' id='word_1_611' title='bbox 747 4803 869 4843; x_wconf 90' lang='lat' dir='ltr'><strong>esse</strong></span> <span class='ocrx_word' id='word_1_612' title='bbox 889 4783 1204 4841; x_wconf 89' lang='lat' dir='ltr'><strong>Dominum</strong></span> <span class='ocrx_word' id='word_1_613' title='bbox 1231 4783 1519 4850; x_wconf 90' lang='lat' dir='ltr'><strong>omninm,</strong></span> <span class='ocrx_word' id='word_1_614' title='bbox 1539 4782 1611 4836; x_wconf 89' lang='lat' dir='ltr'><strong>de</strong></span> <span class='ocrx_word' id='word_1_615' title='bbox 1642 4781 2015 4854; x_wconf 90' lang='lat' dir='ltr'><strong>nequitiasua</strong></span> 
     </span>
    </p>
   </div>
   <div class='ocr_carea' id='block_1_83' title="bbox 407 4869 2016 4948">
    <p class='ocr_par' dir='ltr' id='par_1_83' title="bbox 407 4869 2016 4948">
     <span class='ocr_line' id='line_1_83' title="bbox 407 4869 2016 4948; baseline -0.011 -7"><span class='ocrx_word' id='word_1_616' title='bbox 407 4882 676 4941; x_wconf 90' lang='lat' dir='ltr'><strong>metuunt</strong></span> <span class='ocrx_word' id='word_1_617' title='bbox 695 4874 857 4948; x_wconf 89' lang='lat' dir='ltr'><strong>impii</strong></span> <span class='ocrx_word' id='word_1_618' title='bbox 888 4870 1322 4929; x_wconf 88' lang='lat' dir='ltr'><strong>damnationem</strong></span> <span class='ocrx_word' id='word_1_619' title='bbox 1345 4887 1358 4939; x_wconf 93' lang='lat'><strong>;</strong></span> <span class='ocrx_word' id='word_1_620' title='bbox 1382 4870 1521 4940; x_wconf 88' lang='lat' dir='ltr'><strong>justi</strong></span> <span class='ocrx_word' id='word_1_621' title='bbox 1540 4887 1675 4925; x_wconf 90' lang='lat' dir='ltr'><strong>vero</strong></span> <span class='ocrx_word' id='word_1_622' title='bbox 1709 4871 1780 4924; x_wconf 90' lang='lat' dir='ltr'><strong>de</strong></span> <span class='ocrx_word' id='word_1_623' title='bbox 1792 4869 2016 4941; x_wconf 87' lang='lat' dir='ltr'><strong>justitia</strong></span> 
     </span>
    </p>
   </div>
   <div class='ocr_carea' id='block_1_84' title="bbox 408 4957 2016 5030">
    <p class='ocr_par' dir='ltr' id='par_1_84' title="bbox 408 4957 2016 5030">
     <span class='ocr_line' id='line_1_84' title="bbox 408 4957 2016 5030; baseline -0.011 -1"><span class='ocrx_word' id='word_1_624' title='bbox 408 4989 510 5029; x_wconf 89' lang='lat' dir='ltr'><strong>sua</strong></span> <span class='ocrx_word' id='word_1_625' title='bbox 523 4962 1058 5025; x_wconf 88' lang='lat' dir='ltr'><strong>remunerationem</strong></span> <span class='ocrx_word' id='word_1_626' title='bbox 1076 4960 1423 5030; x_wconf 87' lang='lat' dir='ltr'><strong>exspectant.</strong></span> <span class='ocrx_word' id='word_1_627' title='bbox 1445 4957 1720 5012; x_wconf 90' lang='lat' dir='ltr'><strong>Sanctum</strong></span> <span class='ocrx_word' id='word_1_628' title='bbox 1740 4975 1844 5030; x_wconf 92' lang='lat' dir='ltr'><strong>pro</strong></span> <span class='ocrx_word' id='word_1_629' title='bbox 1859 4975 2016 5013; x_wconf 90' lang='lat' dir='ltr'><strong>ama-</strong></span> 
     </span>
    </p>
   </div>
   <div class='ocr_carea' id='block_1_85' title="bbox 403 5046 2019 5131">
    <p class='ocr_par' dir='ltr' id='par_1_85' title="bbox 403 5046 2019 5131">
     <span class='ocr_line' id='line_1_85' title="bbox 403 5046 2019 5131; baseline -0.011 -14"><span class='ocrx_word' id='word_1_630' title='bbox 403 5061 505 5118; x_wconf 90' lang='lat' dir='ltr'><strong>bili</strong></span> <span class='ocrx_word' id='word_1_631' title='bbox 544 5056 798 5131; x_wconf 85' lang='lat' dir='ltr'><strong>ponitur,</strong></span> <span class='ocrx_word' id='word_1_632' title='bbox 822 5068 890 5107; x_wconf 91' lang='lat' dir='ltr'><strong>eo</strong></span> <span class='ocrx_word' id='word_1_633' title='bbox 922 5049 1078 5121; x_wconf 91' lang='lat' dir='ltr'><strong>quod</strong></span> <span class='ocrx_word' id='word_1_634' title='bbox 1103 5046 1241 5102; x_wconf 90' lang='lat' dir='ltr'><strong>illud</strong></span> <span class='ocrx_word' id='word_1_635' title='bbox 1262 5062 1438 5102; x_wconf 90' lang='lat' dir='ltr'><strong>omne</strong></span> <span class='ocrx_word' id='word_1_636' title='bbox 1466 5047 1621 5118; x_wconf 91' lang='lat' dir='ltr'><strong>quod</strong></span> <span class='ocrx_word' id='word_1_637' title='bbox 1638 5050 1900 5102; x_wconf 90' lang='lat' dir='ltr'><strong>sanctum</strong></span> <span class='ocrx_word' id='word_1_638' title='bbox 1933 5051 2019 5101; x_wconf 90' lang='lat' dir='ltr'><strong>est</strong></span> 
     </span>
    </p>
   </div>
   <div class='ocr_carea' id='block_1_86' title="bbox 410 5133 2018 5221">
    <p class='ocr_par' dir='ltr' id='par_1_86' title="bbox 410 5133 2018 5221">
     <span class='ocr_line' id='line_1_86' title="bbox 410 5133 2018 5221; baseline -0.011 -15"><span class='ocrx_word' id='word_1_639' title='bbox 410 5149 656 5221; x_wconf 86' lang='lat' dir='ltr'><strong>dignum</strong></span> <span class='ocrx_word' id='word_1_640' title='bbox 691 5145 778 5198; x_wconf 89' lang='lat' dir='ltr'><strong>est</strong></span> <span class='ocrx_word' id='word_1_641' title='bbox 801 5137 1006 5195; x_wconf 88' lang='lat' dir='ltr'><strong>amari.</strong></span> <span class='ocrx_word' id='word_1_642' title='bbox 1035 5135 1171 5192; x_wconf 93' lang='lat' dir='ltr'><strong>Dico</strong></span> <span class='ocrx_word' id='word_1_643' title='bbox 1200 5133 1648 5206; x_wconf 84' lang='lat' dir='ltr'><strong>conﬁteantur,id</strong></span> <span class='ocrx_word' id='word_1_644' title='bbox 1675 5138 1760 5188; x_wconf 90' lang='lat' dir='ltr'><strong>est</strong></span> <span class='ocrx_word' id='word_1_645' title='bbox 1780 5135 2018 5189; x_wconf 90' lang='lat' dir='ltr'><strong>laudent</strong></span> 
     </span>
    </p>
   </div>
   <div class='ocr_carea' id='block_1_87' title="bbox 406 5221 2018 5294">
    <p class='ocr_par' dir='ltr' id='par_1_87' title="bbox 406 5221 2018 5294">
     <span class='ocr_line' id='line_1_87' title="bbox 406 5221 2018 5294; baseline -0.012 -2"><span class='ocrx_word' id='word_1_646' title='bbox 406 5241 465 5294; x_wconf 91' lang='lat' dir='ltr'><strong>et</strong></span> <span class='ocrx_word' id='word_1_647' title='bbox 493 5232 785 5290; x_wconf 89' lang='lat' dir='ltr'><strong>honorent</strong></span> <span class='ocrx_word' id='word_1_648' title='bbox 811 5242 1028 5283; x_wconf 90' lang='lat' dir='ltr'><strong>nomen</strong></span> <span class='ocrx_word' id='word_1_649' title='bbox 1057 5228 1243 5290; x_wconf 87' lang='lat' dir='ltr'><strong>tuum,</strong></span> <span class='ocrx_word' id='word_1_650' title='bbox 1268 5225 1326 5276; x_wconf 90' lang='lat' dir='ltr'><strong>et</strong></span> <span class='ocrx_word' id='word_1_651' title='bbox 1374 5222 1508 5294; x_wconf 85' lang='lat' dir='ltr'><strong>quia</strong></span> <span class='ocrx_word' id='word_1_652' title='bbox 1535 5222 1702 5276; x_wconf 83' lang='lat' dir='ltr'><strong>honor</strong></span> <span class='ocrx_word' id='word_1_653' title='bbox 1729 5221 1831 5289; x_wconf 88' lang='lat' dir='ltr'><strong>tui,</strong></span> <span class='ocrx_word' id='word_1_654' title='bbox 1885 5224 2018 5292; x_wconf 83' lang='lat' dir='ltr'><strong>regis</strong></span> 
     </span>
    </p>
   </div>
   <div class='ocr_carea' id='block_1_88' title="bbox 401 5308 2016 5392">
    <p class='ocr_par' dir='ltr' id='par_1_88' title="bbox 401 5308 2016 5392">
     <span class='ocr_line' id='line_1_88' title="bbox 401 5308 2016 5392; baseline -0.009 -12"><span class='ocrx_word' id='word_1_655' title='bbox 401 5325 600 5392; x_wconf 81' lang='lat' dir='ltr'><strong>diligit,</strong></span> <span class='ocrx_word' id='word_1_656' title='bbox 632 5319 692 5374; x_wconf 89' lang='lat' dir='ltr'><strong>id</strong></span> <span class='ocrx_word' id='word_1_657' title='bbox 721 5319 805 5372; x_wconf 90' lang='lat' dir='ltr'><strong>est</strong></span> <span class='ocrx_word' id='word_1_658' title='bbox 833 5314 1008 5384; x_wconf 84' lang='lat' dir='ltr'><strong>exigit</strong></span> <span class='ocrx_word' id='word_1_659' title='bbox 1025 5313 1318 5384; x_wconf 82' lang='lat' dir='ltr'><strong>judicium,</strong></span> <span class='ocrx_word' id='word_1_660' title='bbox 1372 5311 1430 5364; x_wconf 90' lang='lat' dir='ltr'><strong>id</strong></span> <span class='ocrx_word' id='word_1_661' title='bbox 1473 5313 1559 5364; x_wconf 90' lang='lat' dir='ltr'><strong>est</strong></span> <span class='ocrx_word' id='word_1_662' title='bbox 1597 5308 2016 5366; x_wconf 84' lang='lat' dir='ltr'><strong>confessionem</strong></span> 
     </span>
    </p>
   </div>
   <div class='ocr_carea' id='block_1_89' title="bbox 405 5397 2015 5485">
    <p class='ocr_par' dir='ltr' id='par_1_89' title="bbox 405 5397 2015 5485">
     <span class='ocr_line' id='line_1_89' title="bbox 405 5397 2015 5485; baseline -0.007 -19"><span class='ocrx_word' id='word_1_663' title='bbox 405 5412 798 5485; x_wconf 87' lang='lat' dir='ltr'><strong>peccatorum,</strong></span> <span class='ocrx_word' id='word_1_664' title='bbox 821 5402 1032 5459; x_wconf 90' lang='lat' dir='ltr'><strong>scilicet</strong></span> <span class='ocrx_word' id='word_1_665' title='bbox 1048 5403 1109 5455; x_wconf 92' lang='lat' dir='ltr'><strong>ut</strong></span> <span class='ocrx_word' id='word_1_666' title='bbox 1135 5417 1194 5455; x_wconf 91' lang='lat' dir='ltr'><strong>se</strong></span> <span class='ocrx_word' id='word_1_667' title='bbox 1219 5397 1644 5471; x_wconf 89' lang='lat' dir='ltr'><strong>ipsosjudicent</strong></span> <span class='ocrx_word' id='word_1_668' title='bbox 1664 5401 2015 5468; x_wconf 87' lang='lat' dir='ltr'><strong>peccatores,</strong></span> 
     </span>
    </p>
   </div>
   <div class='ocr_carea' id='block_1_90' title="bbox 404 5485 2018 5572">
    <p class='ocr_par' dir='ltr' id='par_1_90' title="bbox 404 5485 2018 5572">
     <span class='ocr_line' id='line_1_90' title="bbox 404 5485 2018 5572; baseline -0.007 -21"><span class='ocrx_word' id='word_1_669' title='bbox 404 5503 467 5556; x_wconf 87' lang='lat' dir='ltr'><strong>et</strong></span> <span class='ocrx_word' id='word_1_670' title='bbox 495 5497 566 5556; x_wconf 83' lang='lat' dir='ltr'><strong>de</strong></span> <span class='ocrx_word' id='word_1_671' title='bbox 598 5491 844 5572; x_wconf 88' lang='lat' dir='ltr'><strong>peccatis</strong></span> <span class='ocrx_word' id='word_1_672' title='bbox 902 5488 1244 5561; x_wconf 80' lang='lat' dir='ltr'><strong>pceniteant,</strong></span> <span class='ocrx_word' id='word_1_673' title='bbox 1300 5486 1477 5557; x_wconf 80' lang='lat' dir='ltr'><strong>Aliter</strong></span> <span class='ocrx_word' id='word_1_674' title='bbox 1523 5485 1684 5558; x_wconf 77' lang='lat' dir='ltr'><strong>enim</strong></span> <span class='ocrx_word' id='word_1_675' title='bbox 1717 5502 1831 5560; x_wconf 84' lang='lat' dir='ltr'><strong>non</strong></span> <span class='ocrx_word' id='word_1_676' title='bbox 1864 5490 2018 5561; x_wconf 85' lang='lat' dir='ltr'><strong>recte</strong></span> 
     </span>
    </p>
   </div>
   <div class='ocr_carea' id='block_1_91' title="bbox 2110 3115 3719 3189">
    <p class='ocr_par' dir='ltr' id='par_1_91' title="bbox 2110 3115 3719 3189">
     <span class='ocr_line' id='line_1_91' title="bbox 2110 3115 3719 3189; baseline 0.002 -19"><span class='ocrx_word' id='word_1_677' title='bbox 2110 3118 2214 3178; x_wconf 90' lang='lat' dir='ltr'><strong>est,</strong></span> <span class='ocrx_word' id='word_1_678' title='bbox 2246 3118 2302 3170; x_wconf 92' lang='lat' dir='ltr'><strong>et</strong></span> <span class='ocrx_word' id='word_1_679' title='bbox 2331 3115 2642 3170; x_wconf 90' lang='lat' dir='ltr'><strong>scabellum</strong></span> <span class='ocrx_word' id='word_1_680' title='bbox 2690 3115 2952 3183; x_wconf 87' lang='lat' dir='ltr'><strong>inferius,</strong></span> <span class='ocrx_word' id='word_1_681' title='bbox 2978 3133 3111 3171; x_wconf 92' lang='lat' dir='ltr'><strong>cum</strong></span> <span class='ocrx_word' id='word_1_682' title='bbox 3143 3115 3203 3172; x_wconf 90' lang='lat' dir='ltr'><strong>in</strong></span> <span class='ocrx_word' id='word_1_683' title='bbox 3233 3120 3479 3189; x_wconf 89' lang='lat' dir='ltr'><strong>utroque</strong></span> <span class='ocrx_word' id='word_1_684' title='bbox 3532 3134 3719 3173; x_wconf 83' lang='lat' dir='ltr'><strong>sessor</strong></span> 
     </span>
    </p>
   </div>
   <div class='ocr_carea' id='block_1_92' title="bbox 2107 3201 3720 3275">
    <p class='ocr_par' dir='ltr' id='par_1_92' title="bbox 2107 3201 3720 3275">
     <span class='ocr_line' id='line_1_92' title="bbox 2107 3201 3720 3275; baseline 0.002 -19"><span class='ocrx_word' id='word_1_685' title='bbox 2107 3201 2409 3258; x_wconf 79' lang='lat' dir='ltr'><strong>inhabitet.</strong></span> <span class='ocrx_word' id='word_1_686' title='bbox 2445 3204 2512 3257; x_wconf 90' lang='lat' dir='ltr'><strong>Et</strong></span> <span class='ocrx_word' id='word_1_687' title='bbox 2537 3204 2684 3258; x_wconf 91' lang='lat' dir='ltr'><strong>bene</strong></span> <span class='ocrx_word' id='word_1_688' title='bbox 2709 3204 2991 3258; x_wconf 82' lang='lat' dir='ltr'><strong>scabellum</strong></span> <span class='ocrx_word' id='word_1_689' title='bbox 3012 3205 3212 3275; x_wconf 87' lang='lat' dir='ltr'><strong>pedum</strong></span> <span class='ocrx_word' id='word_1_690' title='bbox 3241 3204 3398 3270; x_wconf 91' lang='lat' dir='ltr'><strong>dicit,</strong></span> <span class='ocrx_word' id='word_1_691' title='bbox 3428 3208 3491 3260; x_wconf 90' lang='lat' dir='ltr'><strong>ut</strong></span> <span class='ocrx_word' id='word_1_692' title='bbox 3515 3206 3720 3260; x_wconf 86' lang='lat' dir='ltr'><strong>innuat</strong></span> 
     </span>
    </p>
   </div>
   <div class='ocr_carea' id='block_1_93' title="bbox 2108 3290 3718 3360">
    <p class='ocr_par' dir='ltr' id='par_1_93' title="bbox 2108 3290 3718 3360">
     <span class='ocr_line' id='line_1_93' title="bbox 2108 3290 3718 3360; baseline 0.002 -14"><span class='ocrx_word' id='word_1_693' title='bbox 2108 3290 2184 3346; x_wconf 93' lang='lat' dir='ltr'><strong>ibi</strong></span> <span class='ocrx_word' id='word_1_694' title='bbox 2220 3291 2529 3347; x_wconf 86' lang='lat' dir='ltr'><strong>divinitatis</strong></span> <span class='ocrx_word' id='word_1_695' title='bbox 2560 3308 2681 3348; x_wconf 90' lang='lat' dir='ltr'><strong>esse</strong></span> <span class='ocrx_word' id='word_1_696' title='bbox 2710 3293 3156 3360; x_wconf 86' lang='lat' dir='ltr'><strong>habitationem,</strong></span> <span class='ocrx_word' id='word_1_697' title='bbox 3182 3310 3214 3348; x_wconf 91' lang='lat' dir='ltr'><strong>a</strong></span> <span class='ocrx_word' id='word_1_698' title='bbox 3232 3293 3612 3349; x_wconf 88' lang='lat' dir='ltr'><strong>similitudine</strong></span> <span class='ocrx_word' id='word_1_699' title='bbox 3631 3311 3718 3349; x_wconf 84' lang='lat' dir='ltr'><strong>se-</strong></span> 
     </span>
    </p>
   </div>
   <div class='ocr_carea' id='block_1_94' title="bbox 2109 3379 3722 3452">
    <p class='ocr_par' dir='ltr' id='par_1_94' title="bbox 2109 3379 3722 3452">
     <span class='ocr_line' id='line_1_94' title="bbox 2109 3379 3722 3452; baseline 0.001 -18"><span class='ocrx_word' id='word_1_700' title='bbox 2109 3379 2296 3434; x_wconf 91' lang='lat' dir='ltr'><strong>dentis</strong></span> <span class='ocrx_word' id='word_1_701' title='bbox 2322 3379 2418 3451; x_wconf 91' lang='lat' dir='ltr'><strong>qui</strong></span> <span class='ocrx_word' id='word_1_702' title='bbox 2442 3396 2615 3451; x_wconf 90' lang='lat' dir='ltr'><strong>super</strong></span> <span class='ocrx_word' id='word_1_703' title='bbox 2662 3379 2973 3435; x_wconf 90' lang='lat' dir='ltr'><strong>scabellum</strong></span> <span class='ocrx_word' id='word_1_704' title='bbox 2995 3379 3135 3435; x_wconf 92' lang='lat' dir='ltr'><strong>illud</strong></span> <span class='ocrx_word' id='word_1_705' title='bbox 3183 3381 3372 3435; x_wconf 88' lang='lat' dir='ltr'><strong>existit</strong></span> <span class='ocrx_word' id='word_1_706' title='bbox 3418 3380 3514 3435; x_wconf 75' lang='lat' dir='ltr'><strong>ubi</strong></span> <span class='ocrx_word' id='word_1_707' title='bbox 3545 3382 3722 3452; x_wconf 87' lang='lat' dir='ltr'><strong>pedes</strong></span> 
     </span>
    </p>
   </div>
   <div class='ocr_carea' id='block_1_95' title="bbox 2106 3468 3721 3542">
    <p class='ocr_par' dir='ltr' id='par_1_95' title="bbox 2106 3468 3721 3542">
     <span class='ocr_line' id='line_1_95' title="bbox 2106 3468 3721 3542; baseline 0 -19"><span class='ocrx_word' id='word_1_708' title='bbox 2106 3472 2288 3524; x_wconf 89' lang='lat' dir='ltr'><strong>tenet.</strong></span> <span class='ocrx_word' id='word_1_709' title='bbox 2323 3469 2484 3525; x_wconf 90' lang='lat' dir='ltr'><strong>Unde</strong></span> <span class='ocrx_word' id='word_1_710' title='bbox 2502 3468 2845 3524; x_wconf 89' lang='lat' dir='ltr'><strong>Dominusin</strong></span> <span class='ocrx_word' id='word_1_711' title='bbox 2864 3468 3191 3540; x_wconf 87' lang='lat' dir='ltr'><strong>Evangelio,</strong></span> <span class='ocrx_word' id='word_1_712' title='bbox 3217 3491 3246 3520; x_wconf 90' lang='grc'><strong>‹‹</strong></span> <span class='ocrx_word' id='word_1_713' title='bbox 3276 3468 3482 3537; x_wconf 84' lang='lat' dir='ltr'><strong>Nolite,</strong></span> <span class='ocrx_word' id='word_1_714' title='bbox 3511 3469 3721 3542; x_wconf 88' lang='lat' dir='ltr'><strong>inquit,</strong></span> 
     </span>
    </p>
   </div>
   <div class='ocr_carea' id='block_1_96' title="bbox 2102 3556 3725 3628">
    <p class='ocr_par' dir='ltr' id='par_1_96' title="bbox 2102 3556 3725 3628">
     <span class='ocr_line' id='line_1_96' title="bbox 2102 3556 3725 3628; baseline 0 -16"><span class='ocrx_word' id='word_1_715' title='bbox 2102 3557 2301 3628; x_wconf 90' lang='lat' dir='ltr'><strong>jurare</strong></span> <span class='ocrx_word' id='word_1_716' title='bbox 2337 3573 2441 3628; x_wconf 90' lang='lat' dir='ltr'><strong>per</strong></span> <span class='ocrx_word' id='word_1_717' title='bbox 2479 3558 2707 3623; x_wconf 74' lang='lat' dir='ltr'><strong>coelum,</strong></span> <span class='ocrx_word' id='word_1_718' title='bbox 2767 3557 2901 3628; x_wconf 87' lang='lat' dir='ltr'><strong>quia</strong></span> <span class='ocrx_word' id='word_1_719' title='bbox 2931 3556 3031 3611; x_wconf 90' lang='lat' dir='ltr'><strong>Dei</strong></span> <span class='ocrx_word' id='word_1_720' title='bbox 3060 3556 3224 3611; x_wconf 89' lang='lat' dir='ltr'><strong>sedes</strong></span> <span class='ocrx_word' id='word_1_721' title='bbox 3253 3561 3365 3624; x_wconf 86' lang='lat' dir='ltr'><strong>est;</strong></span> <span class='ocrx_word' id='word_1_722' title='bbox 3399 3574 3588 3628; x_wconf 88' lang='lat' dir='ltr'><strong>neque</strong></span> <span class='ocrx_word' id='word_1_723' title='bbox 3618 3574 3725 3628; x_wconf 88' lang='lat' dir='ltr'><strong>per</strong></span> 
     </span>
    </p>
   </div>
   <div class='ocr_carea' id='block_1_97' title="bbox 2111 3644 3722 3718">
    <p class='ocr_par' dir='ltr' id='par_1_97' title="bbox 2111 3644 3722 3718">
     <span class='ocr_line' id='line_1_97' title="bbox 2111 3644 3722 3718; baseline 0 -18"><span class='ocrx_word' id='word_1_724' title='bbox 2111 3645 2808 3718; x_wconf 88' lang='lat' dir='ltr'><strong>terram,quiascabellum</strong></span> <span class='ocrx_word' id='word_1_725' title='bbox 2824 3644 3039 3716; x_wconf 90' lang='lat' dir='ltr'><strong>pedum</strong></span> <span class='ocrx_word' id='word_1_726' title='bbox 3058 3645 3182 3716; x_wconf 90' lang='lat' dir='ltr'><strong>ejus</strong></span> <span class='ocrx_word' id='word_1_727' title='bbox 3197 3649 3281 3699; x_wconf 90' lang='lat' dir='ltr'><strong>est</strong></span> <span class='ocrx_word' id='word_1_728' title='bbox 3293 3644 3519 3717; x_wconf 80' lang='lat' dir='ltr'><strong>(Matth.</strong></span> <span class='ocrx_word' id='word_1_729' title='bbox 3540 3663 3590 3712; x_wconf 89' lang='lat' dir='ltr'><strong>v,</strong></span> <span class='ocrx_word' id='word_1_730' title='bbox 3609 3647 3722 3716; x_wconf 78' lang='lat'><strong>35).</strong></span> 
     </span>
    </p>
   </div>
   <div class='ocr_carea' id='block_1_98' title="bbox 2114 3732 3726 3805">
    <p class='ocr_par' dir='ltr' id='par_1_98' title="bbox 2114 3732 3726 3805">
     <span class='ocr_line' id='line_1_98' title="bbox 2114 3732 3726 3805; baseline 0.004 -22"><span class='ocrx_word' id='word_1_731' title='bbox 2114 3755 2142 3783; x_wconf 86' lang='grc'><strong>‹‹</strong></span> <span class='ocrx_word' id='word_1_732' title='bbox 2175 3733 2322 3797; x_wconf 91' lang='lat' dir='ltr'><strong>Quid</strong></span> <span class='ocrx_word' id='word_1_733' title='bbox 2343 3750 2480 3804; x_wconf 87' lang='lat' dir='ltr'><strong>ergo</strong></span> <span class='ocrx_word' id='word_1_734' title='bbox 2510 3749 2615 3804; x_wconf 91' lang='lat' dir='ltr'><strong>per</strong></span> <span class='ocrx_word' id='word_1_735' title='bbox 2630 3733 2836 3789; x_wconf 70' lang='lat' dir='ltr'><strong>crelum</strong></span> <span class='ocrx_word' id='word_1_736' title='bbox 2855 3732 3298 3804; x_wconf 88' lang='lat' dir='ltr'><strong>competentius,</strong></span> <span class='ocrx_word' id='word_1_737' title='bbox 3323 3750 3500 3805; x_wconf 89' lang='lat' dir='ltr'><strong>quam</strong></span> <span class='ocrx_word' id='word_1_738' title='bbox 3524 3735 3726 3790; x_wconf 81' lang='lat' dir='ltr'><strong>anima</strong></span> 
     </span>
    </p>
   </div>
   <div class='ocr_carea' id='block_1_99' title="bbox 2111 3821 3723 3891">
    <p class='ocr_par' dir='ltr' id='par_1_99' title="bbox 2111 3821 3723 3891">
     <span class='ocr_line' id='line_1_99' title="bbox 2111 3821 3723 3891; baseline 0.001 -15"><span class='ocrx_word' id='word_1_739' title='bbox 2111 3821 2341 3876; x_wconf 86' lang='lat' dir='ltr'><strong>Domini</strong></span> <span class='ocrx_word' id='word_1_740' title='bbox 2386 3822 2536 3887; x_wconf 86' lang='lat' dir='ltr'><strong>Jesu,</strong></span> <span class='ocrx_word' id='word_1_741' title='bbox 2597 3837 2834 3876; x_wconf 91' lang='lat' dir='ltr'><strong>omnem</strong></span> <span class='ocrx_word' id='word_1_742' title='bbox 2900 3823 3362 3891; x_wconf 87' lang='lat' dir='ltr'><strong>supercoelestem</strong></span> <span class='ocrx_word' id='word_1_743' title='bbox 3393 3825 3723 3877; x_wconf 87' lang='lat' dir='ltr'><strong>creaturam</strong></span> 
     </span>
    </p>
   </div>
   <div class='ocr_carea' id='block_1_100' title="bbox 2110 3907 3719 3980">
    <p class='ocr_par' dir='ltr' id='par_1_100' title="bbox 2110 3907 3719 3980">
     <span class='ocr_line' id='line_1_100' title="bbox 2110 3907 3719 3980; baseline 0.002 -17"><span class='ocrx_word' id='word_1_744' title='bbox 2110 3908 2392 3980; x_wconf 87' lang='lat' dir='ltr'><strong>dignitate</strong></span> <span class='ocrx_word' id='word_1_745' title='bbox 2409 3907 3168 3980; x_wconf 85' lang='lat' dir='ltr'><strong>superexcellens,accipitur</strong></span> <span class='ocrx_word' id='word_1_746' title='bbox 3188 3909 3215 3963; x_wconf 78' lang='lat' dir='ltr'><strong>‘I</strong></span> <span class='ocrx_word' id='word_1_747' title='bbox 3229 3924 3335 3980; x_wconf 92' lang='lat' dir='ltr'><strong>per</strong></span> <span class='ocrx_word' id='word_1_748' title='bbox 3349 3912 3572 3964; x_wconf 89' lang='lat' dir='ltr'><strong>terram</strong></span> <span class='ocrx_word' id='word_1_749' title='bbox 3585 3927 3719 3966; x_wconf 87' lang='lat' dir='ltr'><strong>vero</strong></span> 
     </span>
    </p>
   </div>
   <div class='ocr_carea' id='block_1_101' title="bbox 2108 3995 3720 4070">
    <p class='ocr_par' dir='ltr' id='par_1_101' title="bbox 2108 3995 3720 4070">
     <span class='ocr_line' id='line_1_101' title="bbox 2108 3995 3720 4070; baseline 0.001 -18"><span class='ocrx_word' id='word_1_750' title='bbox 2108 4013 2241 4052; x_wconf 88' lang='lat' dir='ltr'><strong>caro</strong></span> <span class='ocrx_word' id='word_1_751' title='bbox 2259 3996 2382 4068; x_wconf 88' lang='lat' dir='ltr'><strong>ejus</strong></span> <span class='ocrx_word' id='word_1_752' title='bbox 2394 3998 2627 4050; x_wconf 89' lang='lat' dir='ltr'><strong>terrena</strong></span> <span class='ocrx_word' id='word_1_753' title='bbox 2637 4000 2791 4052; x_wconf 88' lang='lat' dir='ltr'><strong>recte</strong></span> <span class='ocrx_word' id='word_1_754' title='bbox 2805 3995 3530 4070; x_wconf 87' lang='lat' dir='ltr'><strong>designatur.Quapropter</strong></span> <span class='ocrx_word' id='word_1_755' title='bbox 3541 3999 3720 4054; x_wconf 87' lang='lat' dir='ltr'><strong>etiam</strong></span> 
     </span>
    </p>
   </div>
   <div class='ocr_carea' id='block_1_102' title="bbox 2110 4083 3724 4157">
    <p class='ocr_par' dir='ltr' id='par_1_102' title="bbox 2110 4083 3724 4157">
     <span class='ocr_line' id='line_1_102' title="bbox 2110 4083 3724 4157; baseline 0.002 -17"><span class='ocrx_word' id='word_1_756' title='bbox 2110 4085 2250 4141; x_wconf 90' lang='lat' dir='ltr'><strong>dum</strong></span> <span class='ocrx_word' id='word_1_757' title='bbox 2269 4086 2743 4151; x_wconf 88' lang='lat' dir='ltr'><strong>oramus,terram</strong></span> <span class='ocrx_word' id='word_1_758' title='bbox 2763 4083 3158 4139; x_wconf 89' lang='lat' dir='ltr'><strong>osculamurin</strong></span> <span class='ocrx_word' id='word_1_759' title='bbox 3174 4085 3339 4157; x_wconf 86' lang='lat' dir='ltr'><strong>signo</strong></span> <span class='ocrx_word' id='word_1_760' title='bbox 3353 4086 3546 4141; x_wconf 90' lang='lat' dir='ltr'><strong>carnis</strong></span> <span class='ocrx_word' id='word_1_761' title='bbox 3567 4087 3724 4143; x_wconf 85' lang='lat' dir='ltr'><strong>Chri-</strong></span> 
     </span>
    </p>
   </div>
   <div class='ocr_carea' id='block_1_103' title="bbox 2109 4170 3003 4242">
    <p class='ocr_par' dir='ltr' id='par_1_103' title="bbox 2109 4170 3003 4242">
     <span class='ocr_line' id='line_1_103' title="bbox 2109 4170 3003 4242; baseline -0.001 -16"><span class='ocrx_word' id='word_1_762' title='bbox 2109 4171 2203 4240; x_wconf 90' lang='lat' dir='ltr'><strong>sti,</strong></span> <span class='ocrx_word' id='word_1_763' title='bbox 2233 4187 2360 4242; x_wconf 61' lang='lat' dir='ltr'><strong>quas</strong></span> <span class='ocrx_word' id='word_1_764' title='bbox 2382 4170 2452 4225; x_wconf 93' lang='lat' dir='ltr'><strong>de</strong></span> <span class='ocrx_word' id='word_1_765' title='bbox 2482 4173 2638 4225; x_wconf 89' lang='lat' dir='ltr'><strong>terra</strong></span> <span class='ocrx_word' id='word_1_766' title='bbox 2660 4174 2854 4225; x_wconf 90' lang='lat' dir='ltr'><strong>creata</strong></span> <span class='ocrx_word' id='word_1_767' title='bbox 2876 4171 3003 4226; x_wconf 85' lang='lat' dir='ltr'><strong>fuit.</strong></span> 
     </span>
    </p>
   </div>
   <div class='ocr_carea' id='block_1_104' title="bbox 2181 4258 3722 4324">
    <p class='ocr_par' dir='ltr' id='par_1_104' title="bbox 2181 4258 3722 4324">
     <span class='ocr_line' id='line_1_104' title="bbox 2181 4258 3722 4324; baseline 0.003 -10"><span class='ocrx_word' id='word_1_768' title='bbox 2181 4258 2466 4324; x_wconf 89' lang='lat' dir='ltr'><strong>Quoniam</strong></span> <span class='ocrx_word' id='word_1_769' title='bbox 2491 4262 2686 4314; x_wconf 90' lang='lat' dir='ltr'><strong>autem</strong></span> <span class='ocrx_word' id='word_1_770' title='bbox 2717 4259 3027 4314; x_wconf 90' lang='lat' dir='ltr'><strong>Dominum</strong></span> <span class='ocrx_word' id='word_1_771' title='bbox 3058 4259 3344 4315; x_wconf 86' lang='lat' dir='ltr'><strong>Christum</strong></span> <span class='ocrx_word' id='word_1_772' title='bbox 3366 4261 3550 4317; x_wconf 90' lang='lat' dir='ltr'><strong>Deum</strong></span> <span class='ocrx_word' id='word_1_773' title='bbox 3572 4278 3722 4318; x_wconf 52' lang='lat' dir='ltr'><strong>asse</strong></span> 
     </span>
    </p>
   </div>
   <div class='ocr_carea' id='block_1_105' title="bbox 2109 4347 3718 4420">
    <p class='ocr_par' dir='ltr' id='par_1_105' title="bbox 2109 4347 3718 4420">
     <span class='ocr_line' id='line_1_105' title="bbox 2109 4347 3718 4420; baseline 0.002 -17"><span class='ocrx_word' id='word_1_774' title='bbox 2109 4351 2326 4415; x_wconf 88' lang='lat' dir='ltr'><strong>ruerat,</strong></span> <span class='ocrx_word' id='word_1_775' title='bbox 2352 4348 2461 4402; x_wconf 93' lang='lat' dir='ltr'><strong>hoc</strong></span> <span class='ocrx_word' id='word_1_776' title='bbox 2498 4347 2834 4402; x_wconf 88' lang='lat' dir='ltr'><strong>auctoritate</strong></span> <span class='ocrx_word' id='word_1_777' title='bbox 2865 4347 3037 4420; x_wconf 80' lang='lat' dir='ltr'><strong>Moysi</strong></span> <span class='ocrx_word' id='word_1_778' title='bbox 3060 4353 3206 4404; x_wconf 65' lang='lat' dir='ltr'><strong>eteae</strong></span> <span class='ocrx_word' id='word_1_779' title='bbox 3221 4351 3478 4405; x_wconf 90' lang='lat' dir='ltr'><strong>terorum</strong></span> <span class='ocrx_word' id='word_1_780' title='bbox 3506 4351 3718 4406; x_wconf 81' lang='lat' dir='ltr'><strong>confir-</strong></span> 
     </span>
    </p>
   </div>
   <div class='ocr_carea' id='block_1_106' title="bbox 2113 4435 3721 4510">
    <p class='ocr_par' dir='ltr' id='par_1_106' title="bbox 2113 4435 3721 4510">
     <span class='ocr_line' id='line_1_106' title="bbox 2113 4435 3721 4510; baseline 0.002 -19"><span class='ocrx_word' id='word_1_781' title='bbox 2113 4438 2254 4504; x_wconf 91' lang='lat' dir='ltr'><strong>mat,</strong></span> <span class='ocrx_word' id='word_1_782' title='bbox 2277 4435 2382 4490; x_wconf 89' lang='lat' dir='ltr'><strong>sic:</strong></span> <span class='ocrx_word' id='word_1_783' title='bbox 2402 4435 2692 4490; x_wconf 88' lang='lat' dir='ltr'><strong>Adhortor</strong></span> <span class='ocrx_word' id='word_1_784' title='bbox 2720 4451 2818 4490; x_wconf 88' lang='lat' dir='ltr'><strong>vos</strong></span> <span class='ocrx_word' id='word_1_785' title='bbox 2848 4439 2911 4490; x_wconf 91' lang='lat' dir='ltr'><strong>ut</strong></span> <span class='ocrx_word' id='word_1_786' title='bbox 2940 4438 3122 4491; x_wconf 89' lang='lat' dir='ltr'><strong>Deum</strong></span> <span class='ocrx_word' id='word_1_787' title='bbox 3152 4438 3408 4493; x_wconf 89' lang='lat' dir='ltr'><strong>exaltetis</strong></span> <span class='ocrx_word' id='word_1_788' title='bbox 3436 4438 3589 4510; x_wconf 89' lang='lat' dir='ltr'><strong>quod</strong></span> <span class='ocrx_word' id='word_1_789' title='bbox 3609 4439 3721 4494; x_wconf 74' lang='lat' dir='ltr'><strong>uti~</strong></span> 
     </span>
    </p>
   </div>
   <div class='ocr_carea' id='block_1_107' title="bbox 2112 4522 3722 4595">
    <p class='ocr_par' dir='ltr' id='par_1_107' title="bbox 2112 4522 3722 4595">
     <span class='ocr_line' id='line_1_107' title="bbox 2112 4522 3722 4595; baseline 0.002 -19"><span class='ocrx_word' id='word_1_790' title='bbox 2112 4539 2224 4594; x_wconf 90' lang='lat' dir='ltr'><strong>que</strong></span> <span class='ocrx_word' id='word_1_791' title='bbox 2251 4522 2583 4578; x_wconf 87' lang='lat' dir='ltr'><strong>faciendum</strong></span> <span class='ocrx_word' id='word_1_792' title='bbox 2624 4525 2728 4578; x_wconf 90' lang='lat' dir='ltr'><strong>cst.</strong></span> <span class='ocrx_word' id='word_1_793' title='bbox 2790 4523 3009 4595; x_wconf 91' lang='lat' dir='ltr'><strong>Dignus</strong></span> <span class='ocrx_word' id='word_1_794' title='bbox 3037 4523 3195 4579; x_wconf 91' lang='lat' dir='ltr'><strong>enim</strong></span> <span class='ocrx_word' id='word_1_795' title='bbox 3238 4529 3325 4580; x_wconf 90' lang='lat' dir='ltr'><strong>est</strong></span> <span class='ocrx_word' id='word_1_796' title='bbox 3349 4526 3722 4593; x_wconf 74' lang='lat' dir='ltr'><strong>exultatione,</strong></span> 
     </span>
    </p>
   </div>
   <div class='ocr_carea' id='block_1_108' title="bbox 2112 4611 3727 4684">
    <p class='ocr_par' dir='ltr' id='par_1_108' title="bbox 2112 4611 3727 4684">
     <span class='ocr_line' id='line_1_108' title="bbox 2112 4611 3727 4684; baseline 0.001 -19"><span class='ocrx_word' id='word_1_797' title='bbox 2112 4627 2243 4666; x_wconf 91' lang='lat' dir='ltr'><strong>cum</strong></span> <span class='ocrx_word' id='word_1_798' title='bbox 2269 4627 2472 4665; x_wconf 91' lang='lat' dir='ltr'><strong>recens</strong></span> <span class='ocrx_word' id='word_1_799' title='bbox 2524 4612 2672 4666; x_wconf 91' lang='lat' dir='ltr'><strong>Deus</strong></span> <span class='ocrx_word' id='word_1_800' title='bbox 2720 4628 2837 4667; x_wconf 90' lang='lat' dir='ltr'><strong>non</strong></span> <span class='ocrx_word' id='word_1_801' title='bbox 2879 4611 2970 4666; x_wconf 91' lang='lat' dir='ltr'><strong>sit.</strong></span> <span class='ocrx_word' id='word_1_802' title='bbox 3021 4612 3165 4667; x_wconf 86' lang='lat' dir='ltr'><strong>Nam</strong></span> <span class='ocrx_word' id='word_1_803' title='bbox 3188 4612 3399 4684; x_wconf 77' lang='lat' dir='ltr'><strong>Moyses</strong></span> <span class='ocrx_word' id='word_1_804' title='bbox 3429 4621 3476 4668; x_wconf 88' lang='lat' dir='ltr'><strong>et</strong></span> <span class='ocrx_word' id='word_1_805' title='bbox 3503 4613 3727 4669; x_wconf 64' lang='lat' dir='ltr'><strong>Aaron-</strong></span> 
     </span>
    </p>
   </div>
   <div class='ocr_carea' id='block_1_109' title="bbox 2112 4698 3723 4770">
    <p class='ocr_par' dir='ltr' id='par_1_109' title="bbox 2112 4698 3723 4770">
     <span class='ocr_line' id='line_1_109' title="bbox 2112 4698 3723 4770; baseline 0.002 -17"><span class='ocrx_word' id='word_1_806' title='bbox 2112 4715 2255 4770; x_wconf 92' lang='lat' dir='ltr'><strong>quos</strong></span> <span class='ocrx_word' id='word_1_807' title='bbox 2284 4698 2711 4754; x_wconf 85' lang='lat' dir='ltr'><strong>auctorizabiles</strong></span> <span class='ocrx_word' id='word_1_808' title='bbox 2737 4699 2981 4768; x_wconf 88' lang='lat' dir='ltr'><strong>habetis,</strong></span> <span class='ocrx_word' id='word_1_809' title='bbox 3013 4701 3247 4756; x_wconf 88' lang='lat' dir='ltr'><strong>fuerunt</strong></span> <span class='ocrx_word' id='word_1_810' title='bbox 3271 4703 3325 4755; x_wconf 90' lang='lat' dir='ltr'><strong>in</strong></span> <span class='ocrx_word' id='word_1_811' title='bbox 3345 4702 3699 4757; x_wconf 77' lang='lat' dir='ltr'><strong>sacerdotibus</strong></span> <span class='ocrx_word' id='word_1_812' title='bbox 3710 4743 3723 4770; x_wconf 73' lang='lat'><strong>-,</strong></span> 
     </span>
    </p>
   </div>
   <div class='ocr_carea' id='block_1_110' title="bbox 2111 4787 3730 4859">
    <p class='ocr_par' dir='ltr' id='par_1_110' title="bbox 2111 4787 3730 4859">
     <span class='ocr_line' id='line_1_110' title="bbox 2111 4787 3730 4859; baseline 0.001 -17"><span class='ocrx_word' id='word_1_813' title='bbox 2111 4787 2170 4842; x_wconf 91' lang='lat' dir='ltr'><strong>id</strong></span> <span class='ocrx_word' id='word_1_814' title='bbox 2188 4790 2273 4842; x_wconf 89' lang='lat' dir='ltr'><strong>est</strong></span> <span class='ocrx_word' id='word_1_815' title='bbox 2300 4787 2360 4840; x_wconf 87' lang='lat' dir='ltr'><strong>in</strong></span> <span class='ocrx_word' id='word_1_816' title='bbox 2391 4802 2635 4840; x_wconf 87' lang='lat' dir='ltr'><strong>numero</strong></span> <span class='ocrx_word' id='word_1_817' title='bbox 2664 4787 3028 4842; x_wconf 90' lang='lat' dir='ltr'><strong>sacerdotum</strong></span> <span class='ocrx_word' id='word_1_818' title='bbox 3055 4789 3189 4859; x_wconf 85' lang='lat' dir='ltr'><strong>ejus.</strong></span> <span class='ocrx_word' id='word_1_819' title='bbox 3223 4789 3366 4844; x_wconf 88' lang='lat' dir='ltr'><strong>Cum</strong></span> <span class='ocrx_word' id='word_1_820' title='bbox 3397 4789 3534 4844; x_wconf 93' lang='lat' dir='ltr'><strong>dicit</strong></span> <span class='ocrx_word' id='word_1_821' title='bbox 3563 4793 3618 4844; x_wconf 85' lang='lat' dir='ltr'><strong>in</strong></span> <span class='ocrx_word' id='word_1_822' title='bbox 3639 4809 3730 4845; x_wconf 88' lang='lat' dir='ltr'><strong>sa-</strong></span> 
     </span>
    </p>
   </div>
   <div class='ocr_carea' id='block_1_111' title="bbox 2114 4874 3725 4940">
    <p class='ocr_par' dir='ltr' id='par_1_111' title="bbox 2114 4874 3725 4940">
     <span class='ocr_line' id='line_1_111' title="bbox 2114 4874 3725 4940; baseline 0.002 -11"><span class='ocrx_word' id='word_1_823' title='bbox 2114 4874 2425 4940; x_wconf 87' lang='lat' dir='ltr'><strong>cerdotibus,</strong></span> <span class='ocrx_word' id='word_1_824' title='bbox 2464 4874 2677 4928; x_wconf 90' lang='lat' dir='ltr'><strong>multos</strong></span> <span class='ocrx_word' id='word_1_825' title='bbox 2697 4889 2828 4928; x_wconf 91' lang='lat' dir='ltr'><strong>cum</strong></span> <span class='ocrx_word' id='word_1_826' title='bbox 2857 4875 3122 4931; x_wconf 86' lang='lat' dir='ltr'><strong>habuisse</strong></span> <span class='ocrx_word' id='word_1_827' title='bbox 3151 4876 3474 4932; x_wconf 88' lang='lat' dir='ltr'><strong>sacerdotes</strong></span> <span class='ocrx_word' id='word_1_828' title='bbox 3508 4877 3725 4934; x_wconf 87' lang='lat' dir='ltr'><strong>innuit.</strong></span> 
     </span>
    </p>
   </div>
   <div class='ocr_carea' id='block_1_112' title="bbox 2115 4961 3730 5034">
    <p class='ocr_par' dir='ltr' id='par_1_112' title="bbox 2115 4961 3730 5034">
     <span class='ocr_line' id='line_1_112' title="bbox 2115 4961 3730 5034; baseline 0.002 -18"><span class='ocrx_word' id='word_1_829' title='bbox 2115 4961 2443 5016; x_wconf 87' lang='lat' dir='ltr'><strong>Notandum</strong></span> <span class='ocrx_word' id='word_1_830' title='bbox 2463 4964 2655 5016; x_wconf 90' lang='lat' dir='ltr'><strong>autem</strong></span> <span class='ocrx_word' id='word_1_831' title='bbox 2668 4962 2894 5034; x_wconf 84' lang='lat' dir='ltr'><strong>Moysen</strong></span> <span class='ocrx_word' id='word_1_832' title='bbox 2909 4981 3025 5018; x_wconf 91' lang='lat' dir='ltr'><strong>non</strong></span> <span class='ocrx_word' id='word_1_833' title='bbox 3039 4964 3209 5020; x_wconf 87' lang='lat' dir='ltr'><strong>fuisse</strong></span> <span class='ocrx_word' id='word_1_834' title='bbox 3235 4965 3730 5032; x_wconf 88' lang='lat' dir='ltr'><strong>sacerdotem,sed</strong></span> 
     </span>
    </p>
   </div>
   <div class='ocr_carea' id='block_1_113' title="bbox 2117 5049 3727 5126">
    <p class='ocr_par' dir='ltr' id='par_1_113' title="bbox 2117 5049 3727 5126">
     <span class='ocr_line' id='line_1_113' title="bbox 2117 5049 3727 5126; baseline 0.003 -22"><span class='ocrx_word' id='word_1_835' title='bbox 2117 5049 2247 5104; x_wconf 91' lang='lat' dir='ltr'><strong>ideo</strong></span> <span class='ocrx_word' id='word_1_836' title='bbox 2281 5049 2337 5103; x_wconf 89' lang='lat' dir='ltr'><strong>in</strong></span> <span class='ocrx_word' id='word_1_837' title='bbox 2368 5049 2732 5103; x_wconf 89' lang='lat' dir='ltr'><strong>sacerdotum</strong></span> <span class='ocrx_word' id='word_1_838' title='bbox 2773 5068 3017 5106; x_wconf 89' lang='lat' dir='ltr'><strong>numero</strong></span> <span class='ocrx_word' id='word_1_839' title='bbox 3049 5052 3302 5123; x_wconf 87' lang='lat' dir='ltr'><strong>ponitur,</strong></span> <span class='ocrx_word' id='word_1_840' title='bbox 3327 5052 3462 5125; x_wconf 88' lang='lat' dir='ltr'><strong>quia</strong></span> <span class='ocrx_word' id='word_1_841' title='bbox 3489 5070 3596 5126; x_wconf 89' lang='lat' dir='ltr'><strong>pro</strong></span> <span class='ocrx_word' id='word_1_842' title='bbox 3621 5071 3727 5126; x_wconf 88' lang='lat' dir='ltr'><strong>po-</strong></span> 
     </span>
    </p>
   </div>
   <div class='ocr_carea' id='block_1_114' title="bbox 2117 5137 3732 5212">
    <p class='ocr_par' dir='ltr' id='par_1_114' title="bbox 2117 5137 3732 5212">
     <span class='ocr_line' id='line_1_114' title="bbox 2117 5137 3732 5212; baseline 0.004 -22"><span class='ocrx_word' id='word_1_843' title='bbox 2117 5137 2252 5207; x_wconf 91' lang='lat' dir='ltr'><strong>pulo</strong></span> <span class='ocrx_word' id='word_1_844' title='bbox 2283 5137 2625 5191; x_wconf 81' lang='lat' dir='ltr'><strong>sacrificasse</strong></span> <span class='ocrx_word' id='word_1_845' title='bbox 2675 5137 2884 5208; x_wconf 91' lang='lat' dir='ltr'><strong>legitur</strong></span> <span class='ocrx_word' id='word_1_846' title='bbox 2911 5143 2969 5193; x_wconf 90' lang='lat' dir='ltr'><strong>et</strong></span> <span class='ocrx_word' id='word_1_847' title='bbox 2998 5155 3210 5208; x_wconf 89' lang='lat' dir='ltr'><strong>orasse,</strong></span> <span class='ocrx_word' id='word_1_848' title='bbox 3252 5141 3407 5212; x_wconf 89' lang='lat' dir='ltr'><strong>quod</strong></span> <span class='ocrx_word' id='word_1_849' title='bbox 3437 5141 3512 5196; x_wconf 87' lang='lat' dir='ltr'><strong>ad</strong></span> <span class='ocrx_word' id='word_1_850' title='bbox 3545 5158 3732 5196; x_wconf 71' lang='lat' dir='ltr'><strong>sacer~</strong></span> 
     </span>
    </p>
   </div>
   <div class='ocr_carea' id='block_1_115' title="bbox 2119 5224 3726 5300">
    <p class='ocr_par' dir='ltr' id='par_1_115' title="bbox 2119 5224 3726 5300">
     <span class='ocr_line' id='line_1_115' title="bbox 2119 5224 3726 5300; baseline 0.004 -22"><span class='ocrx_word' id='word_1_851' title='bbox 2119 5225 2282 5279; x_wconf 88' lang='lat' dir='ltr'><strong>dotes</strong></span> <span class='ocrx_word' id='word_1_852' title='bbox 2303 5224 2538 5296; x_wconf 90' lang='lat' dir='ltr'><strong>quidem</strong></span> <span class='ocrx_word' id='word_1_853' title='bbox 2562 5224 2865 5281; x_wconf 88' lang='lat' dir='ltr'><strong>attinebat.</strong></span> <span class='ocrx_word' id='word_1_854' title='bbox 2901 5226 2980 5280; x_wconf 88' lang='lat' dir='ltr'><strong>Et</strong></span> <span class='ocrx_word' id='word_1_855' title='bbox 3005 5227 3247 5295; x_wconf 88' lang='lat' dir='ltr'><strong>Samuel,</strong></span> <span class='ocrx_word' id='word_1_856' title='bbox 3277 5229 3565 5300; x_wconf 88' lang='lat' dir='ltr'><strong>propheta</strong></span> <span class='ocrx_word' id='word_1_857' title='bbox 3584 5246 3726 5285; x_wconf 90' lang='lat' dir='ltr'><strong>con-</strong></span> 
     </span>
    </p>
   </div>
   <div class='ocr_carea' id='block_1_116' title="bbox 2116 5315 3729 5390">
    <p class='ocr_par' dir='ltr' id='par_1_116' title="bbox 2116 5315 3729 5390">
     <span class='ocr_line' id='line_1_116' title="bbox 2116 5315 3729 5390; baseline 0.005 -23"><span class='ocrx_word' id='word_1_858' title='bbox 2116 5315 2234 5367; x_wconf 86' lang='lat' dir='ltr'><strong>tem</strong></span> <span class='ocrx_word' id='word_1_859' title='bbox 2240 5329 2527 5384; x_wconf 87' lang='lat' dir='ltr'><strong>poraneus</strong></span> <span class='ocrx_word' id='word_1_860' title='bbox 2544 5330 2851 5380; x_wconf 90' lang='lat' dir='ltr'><strong>meus,non</strong></span> <span class='ocrx_word' id='word_1_861' title='bbox 2876 5332 3063 5387; x_wconf 70' lang='lat' dir='ltr'><strong>parvae</strong></span> <span class='ocrx_word' id='word_1_862' title='bbox 3081 5317 3436 5372; x_wconf 86' lang='lat' dir='ltr'><strong>auctoritatis</strong></span> <span class='ocrx_word' id='word_1_863' title='bbox 3458 5319 3610 5390; x_wconf 90' lang='lat' dir='ltr'><strong>apud</strong></span> <span class='ocrx_word' id='word_1_864' title='bbox 3629 5337 3729 5375; x_wconf 85' lang='lat' dir='ltr'><strong>vos</strong></span> 
     </span>
    </p>
   </div>
   <div class='ocr_carea' id='block_1_117' title="bbox 2118 5400 3734 5480">
    <p class='ocr_par' dir='ltr' id='par_1_117' title="bbox 2118 5400 3734 5480">
     <span class='ocr_line' id='line_1_117' title="bbox 2118 5400 3734 5480; baseline 0.006 -26"><span class='ocrx_word' id='word_1_865' title='bbox 2118 5400 2381 5468; x_wconf 83' lang='lat' dir='ltr'><strong>existens,</strong></span> <span class='ocrx_word' id='word_1_866' title='bbox 2419 5404 2505 5455; x_wconf 91' lang='lat' dir='ltr'><strong>est</strong></span> <span class='ocrx_word' id='word_1_867' title='bbox 2531 5406 2668 5455; x_wconf 83' lang='lat' dir='ltr'><strong>inter</strong></span> <span class='ocrx_word' id='word_1_868' title='bbox 2694 5419 2796 5469; x_wconf 81' lang='lat' dir='ltr'><strong>eos,</strong></span> <span class='ocrx_word' id='word_1_869' title='bbox 2832 5403 2889 5458; x_wconf 91' lang='lat' dir='ltr'><strong>id</strong></span> <span class='ocrx_word' id='word_1_870' title='bbox 2913 5406 2999 5458; x_wconf 90' lang='lat' dir='ltr'><strong>est</strong></span> <span class='ocrx_word' id='word_1_871' title='bbox 3026 5404 3085 5458; x_wconf 90' lang='lat' dir='ltr'><strong>in</strong></span> <span class='ocrx_word' id='word_1_872' title='bbox 3114 5421 3360 5461; x_wconf 89' lang='lat' dir='ltr'><strong>numero</strong></span> <span class='ocrx_word' id='word_1_873' title='bbox 3373 5423 3600 5474; x_wconf 90' lang='lat' dir='ltr'><strong>eorum,</strong></span> <span class='ocrx_word' id='word_1_874' title='bbox 3633 5413 3734 5480; x_wconf 74' lang='lat' dir='ltr'><strong>qui</strong></span> 
     </span>
    </p>
   </div>
   <div class='ocr_carea' id='block_1_118' title="bbox 2117 5489 3723 5570">
    <p class='ocr_par' dir='ltr' id='par_1_118' title="bbox 2117 5489 3723 5570">
     <span class='ocr_line' id='line_1_118' title="bbox 2117 5489 3723 5570; baseline 0.007 -28"><span class='ocrx_word' id='word_1_875' title='bbox 2117 5491 2365 5554; x_wconf 81' lang='lat' dir='ltr'><strong>invocant</strong></span> <span class='ocrx_word' id='word_1_876' title='bbox 2391 5505 2584 5552; x_wconf 76' lang='lat' dir='ltr'><strong>nomen</strong></span> <span class='ocrx_word' id='word_1_877' title='bbox 2609 5489 2742 5561; x_wconf 84' lang='lat' dir='ltr'><strong>ejus,</strong></span> <span class='ocrx_word' id='word_1_878' title='bbox 2774 5491 2931 5562; x_wconf 85' lang='lat' dir='ltr'><strong>quod</strong></span> <span class='ocrx_word' id='word_1_879' title='bbox 2970 5494 3056 5547; x_wconf 88' lang='lat' dir='ltr'><strong>est</strong></span> <span class='ocrx_word' id='word_1_880' title='bbox 3083 5492 3378 5560; x_wconf 89' lang='lat' dir='ltr'><strong>Dominus,</strong></span> <span class='ocrx_word' id='word_1_881' title='bbox 3417 5492 3476 5549; x_wconf 90' lang='lat' dir='ltr'><strong>id</strong></span> <span class='ocrx_word' id='word_1_882' title='bbox 3509 5497 3723 5570; x_wconf 79' lang='lat' dir='ltr'><strong>estqui</strong></span> 
     </span>
    </p>
   </div>
  </div>
