3998 6026
210 315 350 382 ηδτ
1192 303 1548 368 EXposmo
1583 300 1654 362 IN
1693 295 2026 360 PSALMOS.
2051 332 2120 349 -μ
2148 299 2343 361 PSAL.
2374 299 2528 364 XCIX
3370 303 3507 369 uss

209 444 269 504 in
301 443 552 521 puritate
585 438 720 500 fidei
750 451 883 497 eum
931 433 1246 496 Dominum
1287 431 1513 490 vocant.
1558 427 1637 484 Ne
1674 440 1807 521 vero
1844 425 1898 486 A
1923 424 2106 482 David
2154 427 2450 501 prophetae
2495 427 2678 485 factus
2723 428 2780 484 in
2824 426 3164 500 confessione,
3209 426 3268 486 id
3314 429 3401 487 est
3449 428 3510 488 in

223 536 570 608 objiceretur
599 549 727 604 quae
765 546 920 596 cura,
953 527 998 583 si
1042 543 1176 583 eum
1221 523 1646 585 invocaverunt,
1677 515 1813 589 quia
1922 517 2321 573 exhortatione
2361 517 2732 573 confessionis
2776 517 2980 574 diVintB
3027 518 3230 574 laudis.
3266 520 3333 574 Et
3360 518 3510 578 bene

213 603 455 682 forsitan
489 603 711 691 decepti
763 619 1017 680 fuerunt,
1051 615 1211 671 addit
1242 630 1253 667 :
1289 609 1608 666 Invocabant
1655 603 1814 660 Cbri-
1916 605 2153 675 quidem
2186 606 2393 660 dicitur
2411 606 2656 677 psalmus
2681 609 2736 661 in
2757 608 3094 676 confessione.
3123 609 3186 661 In
3213 608 3321 663 hoc
3352 607 3510 662 enim

214 719 388 781 stum,
406 713 663 783 inquam,
680 707 996 773 Dominum,
1030 711 1078 759 et
1104 706 1229 774 ipse,
1257 699 1355 772 qui
1378 697 1616 767 simplex
1641 694 1816 748 homo
1917 695 2139 764 psalmo
2159 696 2448 765 Propheta
2460 694 2938 750 omneshomines
2953 695 3025 750 ad
3039 695 3509 752 Dominilaudem

225 803 450 858 videtur
472 781 627 857 vobis
647 801 705 852 et
725 797 1033 868 impotens,
1053 789 1364 847 exaudiebat
1393 800 1479 840 eos
1506 784 1732 853 Moysen
1763 781 1821 834 et
1919 782 2313 839 conﬁtendam
2345 783 2546 839 invitat
2567 784 3138 856 quandoquidem,ut
3155 784 3211 838 in
3231 784 3513 855 superiori

214 891 513 955 Aaron,ut
540 885 943 958 impetrarent,
970 885 1026 937 et
1058 877 1363 950 loquebatur
1391 876 1461 930 eis
1492 875 1548 927 in
1575 869 1818 925 columna
1917 872 2139 940 psalmo
2185 876 2476 928 ostensum
2509 877 2611 943 est,
2635 875 2762 946 jam
2804 875 2909 930 sibi
2954 890 3203 946 regnum
3243 874 3509 929 obtinuit.

219 980 394 1052 nubis,
431 977 490 1033 id
521 979 608 1032 est
635 975 696 1028 in
723 972 916 1028 officio
940 971 1224 1026 columnae
1256 963 1440 1031 nubis,
1463 963 1552 1016 vel
1573 957 1818 1013 existens
1987 960 2228 1016 Jubilate
2257 963 2508 1030 Domino,
2533 967 2702 1019 omnis
2725 971 2884 1018 terra.
2921 963 3091 1028 Quasi
3123 963 3303 1019 dicat:
3330 961 3518 1027 Quan-

220 1070 283 1126 in
315 1068 586 1122 columna
611 1060 908 1134 nubis,qui
938 1063 1131 1114 tamen
1153 1058 1277 1112 erat
1293 1047 1820 1124 ubique,nonloca—
1921 1045 2238 1120 doquidem
2267 1050 2546 1106 Dominus
2576 1051 2828 1106 Christus
2874 1051 3156 1122 regnavit,
3187 1067 3286 1107 vos
3318 1066 3519 1106 omnes

218 1158 371 1214 liter.
395 1155 626 1228 Legitur
651 1153 808 1208 enim
837 1149 1113 1205 Dominus
1136 1145 1216 1200 eis
1229 1144 1302 1198 ad
1319 1141 1527 1228 ostium
1549 1137 1819 1228 taberna-
1921 1137 2119 1228 populi
2152 1140 2341 1205 terrae,
2373 1141 2489 1193 tam
2515 1139 2693 1194 Judaei
2724 1156 2899 1210 quam
2941 1145 3162 1210 gentes,
3182 1139 3409 1210 jubilate
3437 1138 3517 1193 illi

219 1246 417 1303 culide
435 1244 706 1300 columna
722 1239 1119 1295 nubislocutus
1133 1233 1301 1288 fuisse
1327 1227 1518 1303 (Exod.
1540 1240 1726 1290 xxxm,
1744 1222 1819 1291 9),
1919 1223 2151 1279 Domino
2179 1226 2442 1282 interiori
2466 1225 2649 1298 jubilo
2678 1227 2918 1282 intonsae
2948 1227 3285 1284 devotionis.
3309 1227 3522 1299 thuia

226 1351 355 1409 quae
386 1350 482 1390 eos
513 1333 584 1387 ab
616 1333 757 1385 aestu
789 1327 902 1383 diei
947 1321 1345 1396 refrigerabat.
1386 1318 1588 1374 Utrum
1627 1315 1823 1409 autem
1923 1314 2109 1368 solum
2138 1315 2387 1385 jubilare
2435 1331 2554 1370 non
2593 1316 2820 1382 sufficit,
2847 1319 3032 1371 servite
3072 1316 3262 1372 eidem
3287 1319 3520 1377 Domino

223 1400 331 1496 per
356 1421 613 1493 angelos,
645 1435 719 1472 an
747 1415 1002 1488 quolibet
1031 1413 1140 1467 alio
1171 1409 1346 1465 modo
1376 1403 1689 1496 locutuseis
1710 1400 1827 1454 fue-
1925 1404 2269 1496 complendo
2297 1403 2452 1475 quod
2468 1403 2754 1476 praecipit;
2786 1405 2962 1459 ethoc
2975 1421 3092 1460 non
3115 1405 3274 1460 inviti
3290 1408 3352 1459 ut
3365 1404 3523 1476 prior

224 1513 558 1580 rit,certum
587 1524 705 1563 non
736 1505 999 1560 habetur.
1022 1503 1129 1555 Per
1143 1500 1474 1554 columnam
1502 1491 1669 1548 nubis
1689 1505 1824 1544 con-
1927 1492 2170 1563 pepulus
2200 1491 2532 1546 Judaeorum
2563 1491 2716 1559 fecit,
2751 1495 2806 1547 et
2834 1492 2980 1547 sicut
3008 1493 3191 1547 adhuc
3217 1492 3524 1547 mundanis

236 1618 381 1679 grue
408 1597 614 1656 Christi
639 1593 968 1651 humanitas
999 1589 1476 1663 praesignabatur,
1509 1599 1634 1656 quae
1665 1579 1830 1635 nobis
1929 1579 2179 1634 dominis
2209 1580 2454 1634 servitur
2485 1597 2617 1635 cum
2649 1580 2898 1649 tristitia,
2949 1582 3049 1636 sed
3095 1583 3152 1635 in
3201 1581 3406 1636 Laetitia.
3439 1579 3525 1634 Illi

237 1692 309 1749 ab
361 1686 658 1745 inccntivis
695 1684 966 1739 vitiorum
1003 1676 1371 1748 refrigerium
1435 1669 1696 1735 contulit,
1729 1683 1895 1749 per_
1930 1669 2146 1723 etenim
2177 1668 2408 1732 servire,
2439 1671 2523 1724 est
2560 1686 2826 1742 regnare.
2860 1671 2986 1725 Non
3031 1670 3110 1724 sic
3148 1671 3344 1724 autem
3399 1669 3526 1724 dico

237 1795 415 1854 quam
438 1775 603 1832 nobis
626 1770 1096 1830 divinitaslocuta
1118 1744 1236 1821 esse
1267 1762 1536 1826 creditur,
1561 1757 1830 1831 Apostolo
1853 1744 1902 1802 Β
1933 1759 1988 1812 in
2021 1758 2204 1811 latitia
2233 1759 2438 1823 servile,
2473 1760 2537 1812 ut
2561 1758 2806 1812 exterius
2854 1757 3052 1812 laetitia
3088 1757 3406 1824 simuletur,
3439 1757 3527 1815 in.

236 1845 464 1926 dicente
485 1866 562 1922 sic
583 1882 596 1920 :
619 1883 650 1916 ‹‹
668 1859 971 1918 Multifarie
985 1855 1294 1926 multisque
1313 1850 1500 1907 modis
1529 1848 1666 1902 olim
1688 1849 1834 1900 Deus
1934 1845 2109 1900 terius
2137 1849 2331 1900 autem
2361 1846 2591 1900 tristitia
2618 1846 2920 1913 habeatur,
2971 1845 3071 1900 sed
3118 1845 3422 1901 existentes
3473 1848 3533 1905 in

233 1960 479 2031 loquens
511 1952 765 2026 patribus
790 1950 848 2004 in
877 1945 1171 2021 prophetis
1185 1941 1489 1998 novissime
1509 1938 1729 1994 locutus
1751 1936 1836 1988 est
1934 1934 2298 2002 exsultatione,
2325 1933 2383 1988 id
2413 1937 2498 1988 est
2523 1933 2582 1988 in
2608 1934 2826 2000 laetitia,
2850 1937 3060 1989 introite
3083 1935 3365 1989 secretum
3393 1948 3530 1989 con-

232 2020 401 2104 nobis
431 2045 490 2100 in
511 2020 639 2097 lilio
671 2020 941 2114 (Hebrdi,
976 2037 1046 2107 1).
1080 2056 1108 2083 ››
1703 2113 1708 2114 γ
1935 2021 2186 2114 scientiae
2208 2024 2428 2076 vestras.
2459 2021 2623 2085 Quod
2651 2025 2736 2077 est
2765 2022 2954 2077 dicere
2981 2039 2993 2077 :
3019 2020 3531 2077 Interiuslastitiam

312 2109 734 2190 Convenientcr
760 2127 936 2182 etiam
956 2121 1287 2179 humanitas
1316 2121 1587 2174 columna
1607 2113 1833 2177 dicitur,
1934 2112 2089 2166 illam
2123 2110 2350 2165 habete.
2381 2111 2541 2165 Unde
2568 2109 2844 2165 Dominus
2879 2111 2938 2165 in
2971 2111 3298 2183 Evangelio.
3335 2131 3363 2161 ‹‹
3392 2110 3534 2165 Cum

240 2241 308 2282 eo
336 2221 494 2296 quod
524 2217 844 2274 admodum
872 2215 1154 2269 columnae
1179 2208 1574 2264 ﬁrmissimum
1608 2204 1679 2258 sit
1703 2199 1836 2256 fidei
1937 2199 2205 2265 oraveris,
2238 2199 2392 2253 intra
2421 2198 2480 2253 in
2513 2199 2839 2254 cubiculum
2870 2202 3034 2253 tuum
3063 2198 3287 2270 (Matth.
3307 2215 3382 2265 Vl,
3401 2200 3529 2264 6),»

239 2291 454 2368 nostra;
475 2305 945 2363 sustentaculum.
969 2301 1102 2357 Dico
1123 2298 1279 2372 quod
1298 2296 1606 2369 loquebatur
1635 2291 1705 2346 ad
1733 2306 1834 2344 eos.

237 2399 348 2472 Ipsi
403 2413 538 2452 vero
590 2393 950 2449 custodiebant
992 2387 1328 2443 credulitate
1379 2383 1673 2448 testimonia
1704 2379 1836 2449 ejus,

237 2488 298 2544 id
326 2489 412 2543 est
436 2485 634 2539 firmas
663 2479 1073 2554 promissiones
1102 2477 1245 2547 ejus,
1270 2476 1400 2546 post
1427 2474 1667 2541 longum
1699 2472 1841 2522 tem-

247 2592 354 2648 pus
387 2574 627 2636 futuras,
660 2586 800 2643 quas
821 2568 901 2623 eis
927 2583 1056 2621 cum
1072 2565 1406 2636 juramento
1424 2559 1758 2622 testabatur,
1785 2557 1843 2608 et

242 2662 603 2719 custodiebant
647 2675 752 2731 per
803 2654 1254 2726 completionem
1285 2655 1611 2722 praeceptum
1667 2659 1842 2700 omne

247 2752 371 2824 ejus
421 2747 755 2805 testimonio
814 2745 970 2817 quod
1021 2741 1280 2814 superius
1332 2738 1491 2794 dixit.
1522 2735 1657 2790 Dico
1696 2733 1844 2787 Deus

243 2840 558 2896 exaudiebat
588 2854 692 2904 eos,
720 2834 964 2890 etctiam
986 2831 1120 2885 inde
1148 2828 1288 2884 mihi
1308 2826 1468 2882 testis
1498 2841 1556 2878 es
1575 2822 1710 2896 quia
1740 2837 1846 2874 ve-

248 2946 381 2985 rum
398 2928 544 2983 dico.
570 2926 652 2979 Tu
668 2923 822 2978 enim
834 2964 847 2989 ,
863 2921 1092 2974 Domine
1108 2918 1328 2973 Christe
1343 2916 1488 2970 Deus
1502 2917 1694 2977 noster,
1727 2925 1844 2963 non

1935 2288 2150 2343 scilicet
2178 2287 2235 2342 in
2272 2287 2704 2342 conscientiam.
2722 2290 2783 2342 In
2798 2287 3172 2342 exsultatione
3193 2287 3318 2342 dico
3339 2286 3536 2342 habita

1938 2378 1994 2430 in
2017 2383 2290 2449 conspectu
2319 2376 2449 2448 ejus,
2473 2375 2532 2431 id
2563 2378 2648 2431 est
2669 2375 2728 2430 in
2754 2376 3192 2448 beneplacentia
3215 2376 3355 2446 ejus.
3371 2374 3538 2440 Quod

1940 2470 2025 2520 est
2045 2466 2233 2521 dicere
2259 2465 2426 2530 :Quee
2450 2464 2646 2520 laztitia
2675 2465 2916 2521 interior
2945 2465 3092 2520 bene
3119 2464 3367 2536 placebit
3394 2467 3536 2533 Deo,

1943 2554 2108 2609 aliter
2138 2554 2295 2610 enim
2327 2571 2445 2608 non
2497 2555 2768 2625 placeret.
2804 2554 2872 2607 Et
2898 2552 3194 2608 serviendo
3227 2552 3286 2607 in
3315 2552 3534 2622 Iustitia,

1939 2644 2119 2696 scitote
2139 2645 2391 2715 quoniam
2437 2641 2701 2697 Dominus
2749 2644 2907 2698 Jesus
2962 2645 3068 2713 ipse
3108 2647 3180 2695 est
3228 2641 3391 2708 Deus,
3441 2639 3540 2712 qui

1943 2729 2280 2802 simpliciter
2308 2731 2485 2785 homo
2510 2731 2658 2785 visus
2672 2735 2756 2784 est
2786 2729 3113 2784 incredulis.
3143 2731 3211 2784 Et
3239 2729 3373 2784 inde
3394 2731 3540 2783 Deus

1945 2818 2438 2890 comprobabilur,
2477 2821 2729 2890 quoniam
2767 2820 2872 2888 ipse
2913 2818 3060 2888 fecit,
3102 2818 3160 2872 id
3205 2821 3290 2872 est
3329 2815 3542 2872 creavit

1945 2924 2057 2974 nos,
2086 2912 2134 2961 et
2153 2905 2230 2960 sic
2269 2906 2423 2978 quod
2466 2909 2568 2976 ipsi
2593 2924 2696 2960 non
2719 2909 3010 2961 creavimus
3023 2924 3150 2977 .nos.
3186 2905 3350 2971 Quod
3381 2904 3540 2972 dicit,

245 3033 449 3073 recens
462 3013 775 3068 exaudiebas
800 3027 902 3072 eos,
927 3015 975 3064 et
998 3014 1055 3062 tu
1074 3007 1336 3077 propitius
1356 3003 1511 3075 fuisti
1529 3003 1620 3068 eis,
1643 2996 1844 3052 remit-
1876 3028 1922 3091 Ο
1947 3011 2064 3049 non
2089 2997 2189 3066 ipsi
2204 3011 2316 3062 nos,
2342 2996 2414 3050 ad
2436 2994 2985 3050 determinationem
3011 2994 3215 3064 prima:
3238 2992 3544 3048 creationis

246 3105 424 3160 tendo
446 3104 696 3176 peccata.
715 3100 794 3154 Ne
823 3114 958 3153 vero
986 3096 1332 3166 objiceretur
1361 3109 1373 3146 :
1406 3092 1538 3145 Ideo
1568 3085 1848 3160 propitius
1882 3081 1922 3091 “”
1947 3082 2202 3154 ponit,in
2225 3100 2338 3154 qua
2359 3083 2501 3137 nihil
2521 3099 2849 3154 operamur.
2869 3084 2932 3136 In
2945 3082 3192 3137 secunda
3205 3081 3362 3136 enim
3385 3097 3545 3136 crea-

247 3169 1599 3266 fuit,393quiaulciscinonpotuit,addit:Et
1627 3177 1759 3232 licet
1787 3175 1847 3228 in
1947 3173 2125 3240 tione,
2158 3187 2288 3226 cum
2340 3187 2374 3226 a
2420 3171 2520 3226 Dei
2572 3170 2761 3242 gratia
2808 3170 2868 3224 in
2912 3169 3213 3224 sanctitate
3257 3184 3545 3236 creamur,

255 3284 526 3343 omnibus
543 3277 787 3352 peccatis
808 3272 1171 3330 remittendis
1184 3287 1333 3326 esses
1344 3266 1848 3342 propitius,tamen
1950 3260 2334 3332 nosmetipsos
2372 3275 2474 3330 per
2504 3259 2750 3314 liberum
2777 3257 3082 3313 arbitrium
3112 3257 3171 3312 in
3195 3257 3399 3312 eadem
3421 3273 3549 3312 san-

253 3371 411 3429 fuisti
433 3370 687 3424 ulciscens
718 3367 774 3419 in
800 3379 976 3419 omnes
1001 3361 1393 3416 adinventiones
1421 3373 1623 3422 eorum,
1655 3353 1714 3407 id
1767 3351 1852 3405 est

252 3461 452 3519 omnia
471 3460 704 3530 peccata
719 3469 924 3509 eorum
946 3467 1074 3523 quae
1093 3466 1209 3504 non
1232 3466 1299 3503 ex
1318 3450 1375 3500 te
1390 3445 1734 3508 habuerunt,
1752 3438 1853 3495 sed

252 3550 359 3623 ipsi
387 3543 917 3610 invenerunt,ultus
935 3557 994 3594 es
1016 3555 1120 3612 per
1140 3538 1247 3592 hoc
1263 3534 1418 3607 quod
1442 3549 1539 3588 eos
1555 3532 1612 3586 in
1634 3534 1854 3585 terram

253 3620 652 3712 promissionis
666 3648 788 3686 non
799 3626 1106 3703 permisisti
1124 3623 1382 3679 introire.
1409 3623 1516 3675 Per
1531 3621 1638 3674 hoc
1659 3620 1854 3673 autem

255 3710 465 3793 innuit,
491 3721 691 3779 omnia
716 3716 1046 3790 peccatavel
1076 3715 1169 3769 hic
1196 3713 1284 3767 vel
1311 3711 1367 3765 in
1393 3710 1584 3764 futuro
1607 3724 1728 3762 esse
1749 3722 1855 3777 pu-

257 3816 493 3874 nienda.
527 3812 628 3866 Hic
654 3809 912 3882 quidem,
935 3821 1040 3877 per
1069 3799 1576 3874 compunctionem
1600 3800 1657 3851 et
1672 3793 1860 3850 carnis

259 3903 530 3962 multimo
539 3901 674 3956 dam
688 3897 748 3953 af
752 3895 1066 3952 ﬂictionem
1085 3909 1099 3961 ;
1115 3890 1175 3945 in
1196 3890 1388 3944 futuro
1402 3903 1560 3954 vero,
1579 3902 1683 3958 per
1702 3888 1864 3940 aeter-

259 4008 400 4050 nam
432 3987 893 4046 damnationem.
914 3983 980 4036 Et
1009 3996 1112 4052 per
1141 3979 1250 4034 hoc
1278 3975 1602 4031 incredulos
1627 3972 1862 4045 quidem

261 4081 535 4138 deterret.
553 4073 905 4130 Auctoritate
923 4067 1095 4140 Moysi
1117 4069 1174 4122 et
1213 4067 1553 4119 casterorum
1582 4059 1862 4132 apposita,

267 4166 732 4226 exhortationem
762 4159 974 4232 repetit
1002 4157 1101 4212 sic.
1138 4155 1180 4210 Ο
1210 4152 1393 4209 Judaei
1433 4146 1865 4214 increduli,'dixi

266 4256 424 4332 quod
451 4256 666 4325 Moyses
695 4253 753 4304 et
782 4249 976 4303 Aaron
1015 4244 1330 4299 Dominum
1363 4238 1647 4295 Christum
1678 4235 1866 4290 colue-

1950 3349 2145 3404 ctitate
2160 3364 2442 3404 creamus.
2465 3348 2530 3400 Et
2542 3346 2716 3402 etiam
2742 3348 2923 3401 scitote
2945 3348 3202 3419 quoniam
3229 3361 3426 3401 sumus
3444 3363 3547 3416 po-

1941 3437 2105 3509 pulus
2130 3438 2262 3509 ejus,
2285 3443 2334 3491 et
2363 3453 2478 3491 oves
2497 3453 2715 3508 pascua:
2735 3435 2868 3507 ejus.
2894 3435 3058 3500 Quod
3079 3437 3164 3490 est
3191 3433 3401 3490 dicere.
3435 3433 3552 3489 Hoc

1955 3527 2110 3598 quod
2137 3542 2332 3580 sumus
2354 3525 2601 3596 populus,
2635 3523 2692 3580 id
2746 3526 2831 3579 est
2869 3522 3241 3579 rationabiles
3285 3538 3388 3594 per
3417 3537 3553 3578 eum

1954 3630 2170 3669 sumus.
2205 3613 2488 3684 Populum
2521 3611 2677 3666 enim
2711 3611 2974 3677 dicimus,
3006 3626 3123 3666 non
3156 3609 3554 3666 collectionem

1957 3699 2443 3758 irrationabilium
2475 3699 2836 3767 animalium,
2867 3698 2968 3754 sed
2997 3696 3450 3753 rationabilium.
3489 3698 3558 3754 Et

1955 3793 2066 3847 hoc
2089 3789 2243 3862 quod
2273 3805 2469 3842 sumus
2497 3786 2705 3855 oves,id
2735 3789 2820 3840 est
2845 3787 3130 3859 simplices
3161 3803 3196 3840 a
3227 3786 3382 3840 malo
3414 3783 3558 3843 sicut

1962 3896 2115 3946 oves,
2149 3894 2252 3949 per
2286 3892 2419 3931 eum
2453 3878 2557 3942 est,
2582 3880 2642 3930 et
2669 3891 2862 3929 sumus
2886 3891 3002 3929 oves
3012 3891 3229 3945 pascua:
3253 3873 3386 3943 ejus,
3420 3889 3562 3945 quas

1963 3967 2177 4022 scilicet
2206 3965 2325 4036 ipse
2356 3962 2537 4035 pascit
2565 3965 2624 4018 et
2653 3967 2884 4018 terreno
2916 3961 3041 4016 cibo
3070 3964 3126 4016 et
3153 3960 3454 4033 spirituali.

2037 4057 2105 4110 Et
2125 4054 2254 4110 ideo
2285 4069 2384 4108 vos
2409 4068 2613 4107 omnes
2632 4050 2896 4106 homines
2934 4049 3241 4105 existentes
3279 4051 3335 4102 in
3363 4049 3564 4118 confes-

1965 4147 2107 4200 sione
2143 4141 2327 4198 laudis
2568 4138 2709 4209 ejus,
2743 4139 2962 4192 introire
3002 4145 3188 4209 portas
3217 4137 3351 4208 ejus,
3391 4135 3451 4190 id
3481 4139 3568 4192 est

1969 4230 2440 4288 conformitatom
2469 4227 2862 4298 apostolorum
2908 4228 2966 4281 et
2997 4225 3438 4298 prOphetarum,
3471 4223 3568 4296 qui

269 4311 426 4414 runt,
461 4344 707 4413 ideoque
739 4353 943 4394 eorum
977 4331 1317 4390 auctoritate
1349 4326 1615 4388 convicti,
1646 4324 1872 4379 exaltate
1891 4317 1945 4376 D
1971 4324 2154 4395 porta:
2178 4321 2310 4374 sunt
2335 4333 2439 4388 per
2465 4313 2792 4370 doctrinam
2821 4330 2924 4386 per
2954 4330 3095 4386 quas
3111 4313 3184 4367 ad
3211 4329 3341 4367 cum
3373 4311 3572 4366 introi-

265 4435 533 4503 ﬁde,ore,
553 4432 610 4484 et
623 4445 796 4500 Opere
809 4426 1104 4482 Dominum
1122 4418 1408 4476 Christum
1422 4415 1594 4469 Deum
1618 4421 1868 4479 vestrum,

271 4501 397 4580 non
422 4521 737 4575 recentem.
766 4515 846 4568 Ne
875 4527 1009 4567 vero
1032 4509 1322 4564 videretur
1340 4501 1763 4558 humanitatem
1788 4515 1873 4554 re-

272 4624 528 4673 movere,
546 4603 739 4660 addit:
759 4601 835 4656 Et
866 4596 1176 4665 adorate,id
1191 4597 1277 4650 est
1299 4606 1568 4662 supremo
1596 4589 1751 4642 cultu
1777 4604 1872 4641 ve-

273 4691 784 4755 nereminieumin
810 4696 984 4744 monte
1011 4693 1190 4742 sancto
1217 4683 1349 4753 ejus,
1381 4679 1442 4734 id
1471 4679 1558 4733 est
1586 4676 1646 4731 in
1676 4677 1876 4731 adora-

273 4787 433 4842 tione
461 4778 862 4846 humanitatis,
897 4793 1026 4849 quas
1058 4776 1144 4828 est
1169 4787 1338 4826 mons
1365 4768 1596 4822 sanctus
1627 4764 1683 4818 in
1716 4759 1876 4818 omni

272 4869 725 4935 bonitate.Quod
738 4865 1054 4922 estdicere:
1073 4856 1412 4916 Venerando
1430 4852 1875 4916 humanitatem,

273 4958 636 5018 veneremini
663 4956 959 5013 deitatem.
983 4950 1157 5007 Aliter
1187 4946 1343 5002 enim
1368 4961 1485 4999 non
1516 4941 1875 5015 procederet.

274 5051 510 5105 Necesse
532 5051 617 5103 est
637 5048 834 5101 autem
854 5042 1192 5096 utmontem
1215 5035 1336 5106 ejus
1357 5028 1882 5099 adoretis,quoniam

275 5144 487 5193 sanctus
530 5136 625 5190 ille
678 5149 846 5188 mons
883 5131 988 5194 est,
1020 5126 1282 5180 Dominus
1320 5121 1465 5173 Deus
1494 5124 1684 5172 noster.
1718 5114 1883 5178 Quod

280 5229 366 5281 est
390 5223 580 5279 dicere
611 5239 622 5276 :
653 5221 787 5275 ldeo
821 5220 907 5273 est
932 5212 1264 5269 humanitas
1295 5205 1592 5262 adoranda
1608 5202 1882 5274 quoniam

281 5313 464 5370 deitas
494 5313 552 5366 et
571 5306 900 5364 humanitas
921 5304 1053 5358 sunt
1071 5317 1182 5354 una
1199 5297 1518 5366 eademque
1546 5307 1809 5364 persona.

767 5396 836 5450 ΙΝ
867 5389 1198 5448 PSAMMUM
1227 5386 1397 5442 XCIX.

355 5487 564 5547 Psalmi
616 5481 978 5556 nonagesimi
1019 5477 1159 5534 noni
1197 5475 1412 5529 titulus.
1459 5470 1527 5523 In
1567 5467 1884 5536 confessione

281 5574 750 5638 PsalmusDavid.
777 5554 942 5639 Quod
963 5570 1042 5625 sic
1064 5563 1385 5639 exponitur.
1401 5558 1654 5616 Psalmus
1673 5554 1778 5610 iste
1797 5556 1882 5609 est

1972 4427 2120 4466 mus.
2152 4406 2316 4471 Quod
2346 4408 2431 4460 est
2469 4403 2700 4458 dicere:
2738 4403 2988 4457 Laudate
3034 4417 3167 4455 eum
3215 4416 3336 4468 ore,
3365 4399 3477 4454 fide
3515 4401 3576 4455 et

1973 4513 2169 4569 opere,
2204 4494 2275 4549 ad
2301 4492 2772 4548 conformitatem
2811 4489 3227 4560 prophetarum
3258 4490 3316 4542 et
3343 4490 3572 4560 aposto-

1974 4587 2185 4640 lorum.
2221 4583 2289 4636 Et
2325 4581 2537 4634 introite
2567 4580 2706 4630 atria
2733 4577 2867 4647 ejus,
2900 4575 2957 4629 id
3000 4578 3086 4630 est
3129 4575 3574 4648 amplitudinem

1975 4670 2290 4736 charitatis,
2319 4684 2446 4740 quas
2464 4681 2566 4738 per
2593 4664 2737 4719 atria
2764 4664 3195 4735 designatur,eo
3217 4665 3372 4736 quod
3384 4667 3578 4736 ampla

1975 4759 2110 4814 sint.
2139 4759 2207 4812 Et
2232 4759 2538 4828 postquam
2562 4752 2620 4807 in
2648 4752 2807 4808 atriis
2835 4752 3078 4820 fueritis,
3103 4753 3280 4808 nolite
3309 4753 3572 4822 deficere,

1978 4847 2079 4903 sed
2099 4844 2422 4915 conﬁtemini
2443 4842 2523 4895 illi
2547 4843 2602 4895 in
2629 4842 2868 4912 hymnis,
2899 4840 2958 4895 id
2984 4842 3068 4894 est
3092 4840 3321 4894 laudate
3334 4838 3495 4894 illum
3517 4839 3576 4895 in

1980 4934 2298 5008 gratiarum
2331 4929 2676 4998 actionibus,
2710 4930 2851 4984 nihil
2894 4928 3051 4982 vobis
3085 4927 3451 4993 ascribentes,
3475 4928 3577 4982 sed

1983 5020 2264 5096 quidquid
2288 5019 2422 5074 boni
2455 5018 2512 5072 in
2533 5017 2689 5072 vobis
2719 5019 2824 5083 est,
2844 5015 2895 5070 ei
2921 5013 3429 5069 attribuentes.Vel
3455 5013 3534 5069 sic
3561 5032 3576 5071 :

1980 5114 2044 5166 In
2071 5107 2429 5165 confessione
2459 5107 2826 5177 peccatorum
2866 5103 3172 5157 existentes
3218 5102 3430 5156 introite
3447 5120 3578 5173 por-

1985 5208 2062 5254 tas
2091 5198 2224 5268 ejus,
2257 5195 2316 5250 id
2343 5197 2429 5249 est
2462 5192 2624 5247 initia
2657 5207 2911 5245 accessus
2943 5189 3083 5260 ejus.
3117 5187 3281 5252 Quod
3313 5191 3396 5242 est
3425 5189 3576 5246 dice-

1985 5301 2093 5341 re:
2134 5286 2242 5339 Per
2298 5283 2664 5354 peccatorum
2722 5275 3143 5331 confessionem
3195 5274 3449 5330 accedite
3506 5279 3580 5333 ad

1985 5389 2151 5438 eum;
2177 5388 2209 5424 a
2229 5367 2603 5424 similitudine
2626 5365 2793 5430 illius,
2809 5363 2905 5434 qui
2921 5364 2993 5417 ad
3019 5363 3259 5417 domum
3280 5363 3576 5433 accedens,

1985 5461 2143 5534 prius
2168 5461 2364 5532 portas
2387 5452 2760 5525 ingreditur.«
2778 5450 3011 5505 Initium
3025 5449 3183 5504 enim
3205 5448 3501 5520 sapientia:
3515 5454 3578 5508 ti-

1984 5564 2106 5606 mor
2137 5544 2369 5605 Domini
2395 5541 2570 5615 (Psal.
2600 5539 2808 5609 cx,lO.)
2866 5538 3259 5596 Pertimorem
3285 5539 3578 5610 enim,vc-
