3998 6026
436 269 574 334 “89

1034 267 1093 328 S.
1132 265 1476 329 BRUNONIS
1515 265 2146 328 CARTHUSIANORUM
2181 267 2649 331 INSTlTUTORIS
2689 269 2843 330 OPP.
2883 266 3060 329 PARS
3095 265 3122 329 Ι

3584 268 3783 330 (160

432 387 1208 451 nituradconfessionem.Et
1229 390 1532 465 postquam
1544 386 2099 463 portasintroieri—A
2127 389 2311 458 Quam
2338 390 2733 450 innocentiam
2763 389 3056 466 propalavi
3091 387 3166 447 ad
3209 386 3319 448 hoc
3375 389 3440 450 ut
3477 387 3760 453 familiae

430 482 522 551 tis,
540 482 675 540 facti
690 484 828 538 atria
847 483 979 553 ejus,
1008 480 1068 536 in
1092 480 1295 552 quibus
1322 479 1691 553 spiritualiter
1715 477 2022 545 inhabitet,

428 572 488 628 id
513 576 599 630 est
619 571 797 646 ampli
823 571 881 626 in
910 571 1186 626 charitate
1213 573 1270 625 et
1302 569 1461 624 omni
1483 569 1713 635 virtute,
1731 568 1803 622 ad
1824 567 2024 622 simili-

425 661 688 718 tudinem
723 660 1024 727 atriorum,
1058 660 1385 728 conﬁtemini
1409 658 1489 712 illi
1516 659 1571 711 in
1599 657 1833 727 hymnis,
1855 655 1915 710 id
1941 658 2026 711 est

425 751 656 806 laudate
683 750 845 806 illum
877 748 936 803 in
967 747 1284 820 gratiarum
1324 746 1664 802 actionibus.
1699 746 1766 799 Et
1813 744 2026 799 laudate

424 855 615 894 nomen
643 839 775 910 ejus,
804 838 959 911 quod
989 839 1074 892 est
1104 836 1400 893 Dominus.
1436 834 1601 900 Quod
1651 835 1735 888 est
1788 832 1976 888 dicere
2007 849 2020 888 :

421 928 548 983 Non
575 927 647 984 sit
664 927 823 983 vobis
840 926 1122 993 odiosum,
1139 926 1239 981 sed
1257 923 1725 996 laudabile,quod
1746 922 2025 977 Dominus

423 1020 678 1085 vocatur,
694 1014 992 1089 quoniam,
1019 1015 1150 1070 licet
1177 1015 1249 1070 sit
1277 1013 1576 1079 Dominus,
1606 1015 1662 1066 et
1678 1013 2023 1084 potestatem

425 1107 637 1163 habeat
651 1104 1039 1180 Opprimendi,
1058 1107 1256 1158 tamen
1277 1105 1455 1157 suavis
1476 1108 1569 1158 est.
1597 1102 1664 1156 Et
1693 1100 1753 1154 in
1782 1101 1890 1154 hoc
1918 1099 2022 1154 sci-

425 1196 558 1252 licet
576 1195 778 1262 suavis,
811 1194 1066 1266 quoniam
1085 1192 1446 1247 misericordia
1473 1191 1606 1261 ejus,
1639 1205 1814 1262 quam
1846 1204 2020 1259 gene-

422 1285 471 1341 ri
492 1285 747 1340 humano
769 1282 998 1337 exhibet
1018 1280 1394 1351 indulgendo,
1416 1279 1691 1334 duratura
1713 1280 1795 1331 est
1813 1279 1866 1330 in
1876 1283 2024 1331 aeter-

423 1391 573 1441 num,
599 1381 649 1428 et
679 1374 874 1428 veritas
897 1372 1030 1441 ejus,
1064 1369 1123 1424 id
1151 1372 1237 1424 est
1271 1384 1408 1422 vera
1456 1365 1757 1439 promissio
1783 1365 2022 1435 justitiae

424 1462 565 1532 ejus,
599 1478 711 1532 qua
739 1459 1002 1531 promisit
1032 1474 1164 1511 eum
1198 1456 1294 1527 qui
1323 1457 1505 1527 justus
1557 1456 1641 1509 est
1679 1453 1865 1509 adhuc
1899 1469 2020 1507 esse

421 1549 516 1604 hic
535 1547 986 1621 justificandum,
1003 1549 1061 1601 et
1076 1547 1136 1600 in
1152 1546 1345 1599 futuro
1369 1560 1488 1599 esse
1502 1543 2017 1608 remunerandum,

421 1638 697 1693 duratura
723 1639 809 1691 est
847 1651 1009 1708 usque
1040 1635 1095 1687 in
1123 1634 1514 1704 generationem
1559 1632 1823 1686 ultimam
1851 1629 2021 1700 hujus

421 1725 570 1792 vitta,
604 1740 782 1798 usque
808 1723 881 1779 ad
911 1738 1085 1796 quam
1114 1737 1344 1792 semper
1381 1721 1561 1792 justos
1604 1719 1787 1790 magis
1810 1716 2017 1789 justifi-

416 1814 570 1869 cahit
597 1817 646 1869 et
669 1828 848 1884 usque
879 1813 934 1865 in
960 1812 1371 1881 generationem,
1405 1808 1464 1863 id
1497 1811 1583 1864 est
1614 1823 1792 1880 usque
1825 1807 1886 1861 in
1918 1822 2018 1878 ge-

418 1902 781 1959 nerationem
806 1900 866 1954 in
894 1899 985 1954 die
1008 1898 1208 1970 judicii
1236 1898 1514 1966 futuram,
1545 1897 1606 1954 in
1639 1913 1753 1971 qua
1781 1895 2019 1952 eosdem

411 1991 598 2065 justos
627 1990 802 2064 digne
832 1986 1252 2044 remunerabit.

951 2130 1020 2188 1N
1057 2129 1384 2186 PSALMUM
1428 2127 1487 2183 C.

490 2257 703 2316 Psalmi
733 2254 1034 2312 centesimi
1064 2253 1278 2308 titulus.
1311 2252 1561 2307 Psalmus
1590 2250 1771 2306 David
1790 2252 2020 2323 prophe-

422 2345 867 2418 tw,ostendentis
877 2359 1050 2416 quam
1077 2342 1420 2397 innocenter
1431 2343 1488 2396 et
1500 2341 1652 2411 juste
1673 2357 1731 2395 se
1753 2338 2022 2394 habuerit

420 2438 480 2494 in
493 2454 594 2492 sua
609 2433 1043 2508 praelationem
1056 2431 1163 2486 hoc
1182 2447 1297 2485 non
1317 2429 1453 2484 dicit
1469 2429 1792 2484 intentione
1797 2429 2022 2500 jactan-

421 2527 539 2592 tiae,
557 2524 656 2579 sed
687 2523 760 2578 ad
787 2520 1224 2576 instructionem
1246 2519 1643 2590 praelatorum,
1671 2519 1734 2571 ut
1756 2517 2020 2586 exemplo

419 2614 561 2687 ejus,
596 2617 654 2668 et
682 2610 787 2683 ipsi
820 2626 878 2664 se
905 2608 1244 2665 innocenter
1271 2607 1544 2670 habeant,
1577 2608 1635 2660 et
1655 2606 1808 2677 juste
1836 2604 1894 2658 in
1920 2621 2023 2659 sua

417 2701 758 2779 praelatione
788 2698 996 2753 vivant.

489 2787 915 2846 Misem'cordiam
943 2790 992 2840 et
1013 2785 1278 2856 judicium
1306 2783 1404 2837 tibi
1428 2781 1747 2837 attribuens
1776 2781 2016 2849 cantabo,

417 2880 479 2938 id
498 2883 583 2935 est
604 2893 736 2932 cum
754 2873 1155 2940 delectatione,
1170 2873 1280 2927 hoc
1302 2871 1426 2926 aliis
1446 2869 2017 2934 annuntiabo,Domi-

417 2985 482 3024 ne
509 2969 638 3024 Jesu
666 2964 906 3021 Christe.
923 2965 999 3016 Ac
1018 2961 1063 3016 si
1089 2961 1240 3051 dicat
1256 2977 1277 3051 ξ
1306 2959 1458 3016 Multi
1471 2959 1704 3051 praelati
1723 2962 1778 3012 te
1801 2961 2014 3051 solum-
2043 2989 2092 3051 α

419 3056 594 3113 modo
624 3052 1056 3110 misericordem
1081 3048 1530 3114 considerantes,
1554 3063 1671 3102 non
1683 3047 1905 3118 justum
1927 3048 2018 3119 ju-

418 3146 626 3210 dicem,
643 3146 701 3198 et
729 3145 964 3214 peccata
983 3139 1343 3211 punientem,
1363 3153 1480 3191 non
1513 3135 1806 3208 puniendo
1824 3135 2015 3190 subdi-

418 3238 528 3302 tos,
560 3247 764 3288 eorum
795 3228 1042 3300 peccatis
1074 3224 1608 3295 consentiunt,quae
1632 3224 1756 3294 jam
1788 3223 2018 3294 ipsimet

420 3323 754 3394 operantur.
769 3319 841 3373 At
867 3332 975 3387 ego
1009 3314 1085 3368 sic
1106 3317 1162 3368 te
1179 3316 1453 3385 reputans
1483 3311 1936 3379 misericordem,
1955 3313 2020 3366 ut

418 3409 594 3466 etiam
610 3420 953 3478 cognoscam
978 3419 1101 3458 esse
1124 3404 1344 3456 castum
1369 3400 1652 3470 judicem,
1670 3400 1779 3455 hoc
1793 3399 1917 3454 aliis
1946 3399 2019 3455 ad

419 3496 858 3554 instructionem
889 3490 1154 3556 cantabo,
1177 3488 1236 3544 id
1256 3490 1341 3543 est
1370 3504 1502 3542 cum
1531 3488 1750 3543 cantico
1775 3488 1898 3543 aliis
1916 3505 2018 3544 an-

419 3585 718 3643 nuntiabo.
737 3584 802 3637 Et
820 3597 938 3636 non
961 3580 1146 3634 solum
1169 3578 1279 3632 hoc
1300 3577 1546 3644 cantabo,
1565 3576 1666 3631 sed
1688 3576 1863 3631 etiam
1869 3578 2018 3648 psal-

419 3674 546 3742 lam,
579 3672 640 3728 id
666 3674 745 3726 est
769 3671 919 3726 bene
950 3667 1255 3740 operabor.
1276 3663 1352 3719 Et
1371 3665 1618 3719 existens
1644 3667 1700 3718 in
1724 3670 1809 3719 via
1834 3667 2021 3720 imma-

417 3761 616 3828 culata,
648 3759 709 3815 id
739 3761 824 3814 est
856 3758 914 3813 in
947 3753 1298 3821 innocentia,
1319 3770 1448 3825 qua:
1472 3753 1562 3807 via
1587 3753 1696 3807 erit
1727 3753 1799 3808 ad
1819 3753 2015 3821 vitam,

417 3852 640 3924 perhoc
659 3847 974 3918 intelligam,
1006 3843 1216 3917 quando
1265 3844 1434 3897 venies
1473 3841 1543 3895 ad
1581 3859 1684 3909 me,
1726 3843 1785 3896 in
1823 3842 2016 3898 futuro

416 3955 520 4011 per
545 3934 1098 3994 remunerationem.
1115 3934 1193 3985 Ac
1214 3931 1259 3985 si
1287 3930 1502 3985 diceret
1530 3946 1542 3983 :
1573 3930 1696 3984 Non
1718 3929 1809 3984 hic
1829 3947 2019 3985 remu-

417 4026 608 4083 nerari
636 4023 1000 4094 exspectabo,
1015 4019 1115 4074 sed
1127 4020 1186 4072 in
1199 4019 1390 4073 futuro
1404 4021 1641 4089 propter
1657 4019 1872 4073 bonam
1887 4034 2019 4088 ope-

416 4113 726 4171 rationem.
757 4111 921 4165 Juxta
950 4107 1092 4162 illud
1125 4123 1138 4161 :
1175 4128 1202 4158 «
1233 4107 1301 4159 Et
1331 4107 1404 4160 ad
1447 4122 1578 4159 eum
1613 4106 1928 4174 veniemus,
1961 4109 2019 4162 et

419 4200 786 4258 mansionem
817 4195 969 4267 apud
1007 4211 1142 4249 eum
1180 4192 1457 4248 faciemus
1480 4193 1649 4263 (Joan
1700 4210 1812 4261 xxv,
1835 4195 1942 4266 23).
1987 4215 2015 4243 »
2043 4235 2093 4294 D

417 4292 516 4348 Vel
542 4286 872 4361 sicpsallam,
891 4284 945 4339 id
962 4286 1048 4338 est
1072 4283 1218 4337 bene
1232 4282 1538 4352 operabor,
1562 4284 1687 4336 etin
1709 4284 1797 4336 via
1827 4285 2017 4337 imma-

413 4379 608 4444 culata,
641 4376 702 4429 id
741 4377 825 4429 est
852 4372 912 4427 in
944 4368 1278 4426 innocentia
1319 4368 1567 4423 existens
1614 4370 1926 4439 intelligam,
1959 4369 2018 4424 id

417 4471 503 4524 est
527 4465 883 4521 intellectum
913 4457 1319 4516 rationabilem
1345 4457 1592 4525 habebo,
1608 4458 1745 4530 quid
1762 4459 1833 4512 sit
1847 4475 2020 4531 agen-

417 4556 558 4612 dum
587 4556 645 4608 et
673 4551 808 4624 quid
835 4548 1198 4622 fugiendum,
1239 4549 1296 4601 et
1323 4547 1433 4601 hoc
1461 4546 1590 4614 erit,
1618 4547 1828 4619 quando
1850 4550 2019 4603 venies

414 4643 485 4699 ad
506 4660 608 4710 me,
642 4655 759 4696 non
790 4637 1064 4703 localiter,
1083 4636 1183 4691 sed
1204 4651 1310 4707 per
1327 4635 1732 4707 inoperantem
1745 4637 2013 4708 gratiam.

417 4731 582 4798 Quod
621 4732 706 4785 est
752 4726 942 4782 dicere
976 4741 989 4778 :
1020 4739 1125 4794 per
1176 4723 1286 4778 hoc
1328 4723 1555 4794 psallam
1602 4730 1654 4778 et
1696 4725 2013 4796 intelligam,

414 4821 571 4896 quod
601 4820 656 4873 in
684 4834 766 4872 me
789 4817 979 4870 venies.
1016 4811 1278 4868 Ostendit
1304 4814 1499 4866 autem
1541 4829 1600 4867 se
1641 4813 1798 4884 prius
1845 4814 2014 4870 inno-

415 4909 666 4967 centiam
695 4903 953 4961 habuisse
984 4901 1097 4956 sic:
1132 4899 1254 4955 Dixi
1282 4915 1294 4953 :
1330 4897 1574 4954 Cantabo
1605 4903 2017 4959 misericordiam

413 5006 463 5054 et
479 4997 833 5070 judicium,et
849 4991 1079 5064 quando
1107 4989 1228 5043 haec
1241 4990 1473 5043 cantare
1489 4988 1871 5063 disposui,ego
1887 4992 2013 5063 jam

414 5087 658 5144 existens
689 5085 744 5136 in
775 5079 1072 5135 innocentia
1099 5075 1269 5131 cordis
1306 5077 1427 5142 mei,
1461 5074 1520 5130 id
1545 5080 1631 5131 est
1656 5077 2017 5135 in-innocen-

412 5176 496 5232 tia
519 5175 686 5229 bona:
715 5167 1099 5240 cogitationis,
1132 5181 1251 5219 non
1291 5164 1657 5220 solummodo
1679 5165 2015 5223 innocentia

413 5264 582 5319 bona:
806 5253 1160 5328 operationis
1173 5251 1628 5325 perambulabam,
1649 5253 1706 5308 id
1734 5259 1819 5308 est
1849 5257 2013 5312 valde

412 5347 796 5423 promovebar
820 5344 880 5398 in
910 5343 1032 5415 ipsa
1053 5340 1403 5396 innocentia.
1433 5341 1766 5396 Innocentia
1791 5343 1917 5399 dico
1941 5345 2015 5400 ad

414 5434 854 5493 instructionem
887 5429 1201 5502 proposita,
1250 5430 1306 5482 in
1341 5428 1510 5484 medio
1554 5429 1738 5484 domus
1776 5449 1924 5494 meae,
1955 5433 2016 5488 id

416 5529 502 5582 est
525 5524 584 5580 in
615 5520 922 5578 manifesto
958 5515 1193 5575 familiae
1245 5531 1412 5572 mese.
1451 5515 1616 5592 Quod
1651 5520 1736 5572 est
1775 5518 1964 5577 dicere
1996 5537 2009 5577 :

2125 498 2271 538 meae
2303 482 2505 538 darem
2546 482 2875 554 exemplum
2905 480 3277 550 innocentiae.

2196 571 2431 627 Ostensa
2456 571 2785 626 innocentia
2810 573 3091 642 quantum
3121 570 3179 624 in
3200 586 3280 638 se,
3308 570 3559 627 ostendit
3579 588 3764 645 quo-

2124 675 2235 732 que
2267 660 2500 715 alterius
2529 658 2823 731 injustitiee
2848 675 2907 713 se
2933 676 3050 714 non
3076 658 3424 714 consensisse
3455 659 3553 715 sic.
3585 662 3750 717 Non

2123 750 2308 803 solum
2332 749 2387 802 in
2417 750 2717 803 innocentia
2734 747 3128 820 perambulam,
3147 747 3248 802 sed
3264 746 3441 802 etiam
3463 766 3568 803 non
3583 765 3756 821 pro-

2112 837 2373 910 ponebam
2398 844 2519 891 ante
2547 837 2719 892 oculos
2747 854 2885 892 meos
2923 836 3246 905 interiores,
3281 853 3392 891 rem
3428 837 3745 909 injustam,

2123 926 2182 982 id
2212 930 2296 981 est
2324 926 2597 997 injustam
2630 925 3026 998 operationem
3057 923 3307 980 alterius.
3337 924 3503 990 Quod
3524 929 3609 980 est
3631 926 3752 982 di-

2123 1030 2252 1069 cere
2283 1031 2294 1068 :
2328 1031 2447 1069 non
2473 1014 2733 1087 placebat
2762 1012 2904 1067 mihi
2935 1012 3172 1068 alterius
3199 1012 3412 1084 injusta
3441 1015 3752 1085 operatio,

2123 1101 2240 1158 imo
2269 1102 2443 1157 etiam
2465 1103 2611 1158 odivi
2628 1104 2912 1174 facientem
2929 1102 3417 1172 praevaricationes,
3436 1101 3494 1156 id
3516 1107 3600 1156 est
3632 1103 3748 1157 in-

2117 1191 2298 1261 justas
2324 1193 2708 1263 operationes.
2739 1190 2884 1244 Nam
2912 1189 3125 1261 injusta
3146 1189 3430 1262 operatio,
3461 1189 3756 1246 mandati

2123 1279 2224 1335 Dei
2253 1279 2645 1352 praevaricatio
2679 1281 2785 1346 est,
2816 1279 3061 1352 ideoque
3115 1278 3248 1333 odio
3286 1278 3570 1334 habenda.
3601 1279 3750 1334 Non

2122 1369 2307 1423 solum
2335 1384 2468 1423 vero
2502 1384 2619 1424 non
2651 1367 2910 1423 consensi
2930 1383 3119 1439 prava:
3133 1367 3366 1422 alterius
3382 1367 3748 1440 operationi,

2121 1456 2223 1510 sed
2253 1456 2430 1511 etiam
2463 1456 2616 1529 quod
2635 1457 2822 1527 majus
2841 1460 2926 1511 est
2953 1472 3057 1510 non
3075 1455 3295 1510 adhaesit
3322 1456 3456 1510 mihi
3465 1472 3567 1528 per
3588 1472 3747 1512 con-

2122 1561 2353 1600 sensum
2384 1562 2472 1599 cor
2495 1562 2745 1616 pravum,
2780 1545 2840 1599 id
2871 1549 2957 1600 est
2983 1560 3160 1615 prava
3187 1546 3451 1600 voluntas
3467 1544 3742 1600 alterius.

2123 1632 2288 1698 Quod
2326 1637 2411 1689 est
2441 1634 2628 1689 dicere
2665 1651 2677 1689 :
2713 1633 2771 1689 Si
2811 1634 3051 1706 alicujus
3075 1633 3331 1706 comperi
3359 1649 3596 1704 pravam
3625 1650 3743 1689 vo-

2121 1723 2427 1790 luntatem,
2454 1739 2560 1776 non
2589 1722 2811 1777 adhaesit
2837 1723 2973 1776 mihi
2998 1763 3013 1789 ,
3042 1725 3104 1777 ut
3133 1720 3184 1776 ei
3212 1721 3626 1777 consentirem.
3656 1721 3740 1778 Et

2122 1826 2240 1865 non
2258 1812 2444 1866 solum
2463 1812 2571 1866 hoc
2592 1814 2714 1868 erat
2728 1812 2798 1866 de
2818 1811 3123 1877 extraneis,
3156 1809 3256 1865 sed
3277 1814 3334 1864 et
3359 1811 3403 1864 si
3425 1808 3552 1882 quis
3577 1809 3737 1866 mihi

2121 1898 2421 1954 familiaris
2451 1916 2485 1954 a
2512 1899 2667 1954 bona
2679 1900 2972 1955 voluntate
3003 1915 3275 1972 mea,per
3290 1899 3506 1953 malam
3526 1899 3739 1953 volun-

2122 1990 2301 2042 tatem
2334 1988 2666 2055 declinaret,
2686 2005 2805 2044 non
2835 1987 3201 2044 solummodo
3227 2002 3362 2042 eum
3389 1986 3521 2042 odio
3547 1986 3738 2042 habe-

2119 2075 2278 2145 bam,
2306 2076 2404 2131 sed
2434 2081 2492 2131 et
2514 2094 2619 2131 non
2645 2077 3036 2148 cognoscebam,
3068 2076 3128 2132 id
3157 2080 3244 2130 est
3272 2075 3350 2130 sic
3377 2091 3472 2129 me
3511 2074 3726 2130 adver-

2122 2181 2214 2219 sus
2246 2181 2380 2220 eum
2404 2164 2600 2232 habui,
2619 2180 2820 2235 aspere
2846 2163 3438 2237 redarguendo,quasi
3461 2179 3595 2218 eum
3607 2179 3736 2219 non

2121 2253 2684 2325 cognoscerem.Non
2699 2253 3106 2308 tantummodo
3133 2268 3267 2306 vero
3295 2251 3426 2307 odio
3438 2251 3735 2306 habebam

2122 2358 2366 2414 magnas
2380 2344 2855 2413 praevaricationes
2881 2343 3153 2412 facientes,
3174 2340 3273 2395 sed
3303 2340 3458 2412 quod
3484 2357 3732 2412 parvum

2123 2430 2367 2498 videtur,
2388 2431 2520 2485 licet
2545 2447 2827 2502 magnum
2847 2431 2936 2497 sit,
2963 2431 3319 2484 detrahentem
3333 2430 3582 2501 proximo
3609 2445 3733 2496 suo,

2130 2523 2190 2574 et
2221 2537 2336 2574 non
2371 2519 2619 2592 publice,
2637 2519 2738 2574 sed
2765 2525 2977 2584 secreto,
2998 2517 3358 2590 quodlevius,
3375 2532 3494 2571 non
3513 2516 3736 2572 solum-

2123 2608 2298 2664 modo
2332 2607 2466 2664 odio
2497 2608 2808 2675 habebam,
2832 2607 2930 2661 sed
2961 2607 3115 2679 quod
3136 2606 3324 2677 majus
3343 2609 3734 2678 est,perseque-

2124 2696 2552 2769 bar,aliquando
2579 2694 3210 2767 puniendo,aliquando
3227 2693 3733 2764 redarguendoEt

2121 2787 2296 2843 etiam
2319 2787 2467 2840 oculo
2485 2785 2826 2840 existentem
2845 2785 3063 2856 superbo
3087 2783 3380 2844 odiebam,
3397 2798 3515 2837 non
3538 2783 3728 2838 solum

2122 2876 2369 2947 superbo
2397 2875 2644 2941 actione,
2669 2873 2880 2928 scilicet
2902 2873 3064 2927 illum
3082 2872 3178 2943 qui
3205 2871 3309 2926 etsi
3339 2871 3582 2942 superbe
3605 2887 3727 2926 non

2123 2966 2480 3034 operaretur,
2507 2966 2706 3017 tamen
2739 2963 3020 3033 superbus
3039 2960 3097 3015 in
3129 2961 3430 3015 oculorum
3461 2962 3730 3030 respectu

2118 3052 2447 3106 notabatur.
2482 3052 2544 3104 ln
2578 3050 2753 3106 oculis
2778 3050 2937 3104 enim
2987 3048 3296 3121 aliquando
3327 3047 3600 3118 superbia
3627 3062 3727 3102 co-

2118 3139 2428 3212 gnoscitur.
2451 3138 2526 3192 Et
2558 3139 2732 3194 etiam
2763 3139 2896 3194 odio
2913 3138 3201 3194 habebam
3229 3136 3570 3191 existentem
3585 3138 3732 3191 insa-

2119 3227 2294 3284 tiabili
2315 3227 2488 3294 corde,
2520 3226 2577 3281 id
2618 3230 2703 3282 est
2752 3243 2991 3282 avarum
3032 3225 3129 3298 qui
3179 3241 3479 3297 nunquam
3521 3240 3729 3279 census

2118 3316 2285 3388 c0pia
2309 3319 2616 3383 saturatur,
2637 3317 2725 3370 vel
2753 3315 3013 3371 invidum
3039 3313 3137 3387 qui
3161 3329 3459 3386 nunquam
3489 3311 3730 3369 alterius

2119 3404 2289 3459 malis
2314 3403 2570 3459 satiatur.
2605 3404 2673 3458 Et
2707 3421 2826 3458 non
2855 3405 3041 3459 solum
3073 3419 3207 3457 eum
3245 3401 3376 3457 odio
3407 3400 3726 3470 habebam,

2120 3494 2222 3549 sed
2259 3496 2468 3548 etcum
2507 3493 2602 3546 hoc
2644 3508 2750 3546 non
2794 3492 3009 3548 edebam
3066 3490 3462 3563 corporaliter.
3504 3491 3576 3546 Et
3620 3507 3731 3563 per

2118 3583 2229 3637 hoc
2254 3581 2443 3636 innuit
2473 3581 2607 3653 quia
2645 3581 2866 3635 nullam
2898 3596 3029 3634 cum
3061 3596 3129 3634 eo
3159 3579 3448 3634 habebam
3480 3595 3725 3634 conver-

2120 3670 2426 3725 sationem.
2461 3668 2622 3723 Unde
2641 3667 2991 3723 Dominusin
3019 3667 3326 3738 Evangelio
3355 3684 3367 3722 :
3393 3688 3420 3717 «
3452 3667 3549 3738 qui
3567 3671 3730 3723 amat

2118 3761 2346 3829 patrem
2376 3773 2542 3813 suum
2575 3760 2634 3810 et
2662 3760 2910 3811 matrem
2956 3757 3261 3828 plusquam
3305 3772 3420 3822 me,
3465 3771 3586 3810 non
3642 3758 3728 3812 est

2119 3862 2214 3900 me
2243 3845 2449 3916 dignus
2481 3843 2703 3915 (Matth.
2737 3862 2790 3911 x,
2826 3846 2937 3911 37).
2970 3864 2998 3892 »

2188 3935 2323 3989 Dico
2355 3933 2511 4006 quod
2539 3933 2756 4004 superbo
2787 3933 2936 3988 oculo
2975 3939 3025 3986 et
3064 3933 3357 3988 insatiabili
3396 3933 3569 4001 corde,
3601 3950 3724 3989 cum

2116 4023 2212 4076 hoc
2238 4039 2344 4076 non
2368 4022 2600 4074 edebam.
2637 4020 2946 4089 Caeterum,
2978 4020 3114 4093 quia
3146 4037 3262 4076 non
3296 4021 3504 4076 sufﬁcit
3533 4023 3720 4078 malos

2119 4109 2250 4166 odio
2279 4109 2514 4175 habere,
2548 4109 2656 4163 nisi
2698 4110 2874 4165 etiam
2903 4110 3041 4166 boni
3073 4110 3408 4182 diligantur,
3440 4111 3580 4164 oculi
3618 4113 3725 4167 mei

2117 4197 2442 4264 interiores,
2457 4196 2517 4250 id
2537 4201 2623 4251 est
2636 4202 2928 4269 respectus
2947 4198 3398 4269 beneplacentiae
3414 4203 3723 4262 meae,sunt

2119 4287 2189 4341 ad
2206 4287 2380 4355 ﬁdeles
2412 4292 2582 4353 terra),
2615 4286 2676 4342 id
2702 4291 2786 4342 est
2816 4289 2983 4360 regni
3015 4287 3148 4342 mei.
3181 4287 3346 4351 Quod
3371 4290 3457 4341 est
3486 4287 3676 4344 dicere
3702 4306 3716 4343 :

2118 4374 2336 4430 Fideles
2369 4378 2426 4429 et
2449 4375 2586 4430 boni
2607 4377 2772 4448 regni
2805 4376 2922 4430 mei
2948 4375 3090 4430 mihi
3107 4377 3355 4447 placent,
3378 4377 3443 4429 ut
3469 4392 3586 4431 non
3604 4376 3721 4447 pri-

2115 4478 2248 4517 vem
2279 4479 2376 4517 eos
2405 4463 2627 4518 honore
2652 4463 3028 4535 praelationis,
3063 4464 3161 4519 sed
3195 4470 3254 4517 ut
3279 4464 3509 4530 sedeant,
3545 4463 3604 4518 id
3634 4466 3721 4518 est

2119 4554 2396 4606 maneant
2417 4566 2645 4605 mecum
2669 4551 2728 4605 in
2741 4568 2944 4622 regno.
2963 4551 3128 4616 Quod
3154 4555 3238 4606 est
3262 4550 3449 4606 dicere
3471 4570 3484 4605 :
3503 4550 3724 4607 Fideles

2117 4639 2338 4710 praelati
2371 4639 2512 4692 mihi
2543 4641 2791 4710 placent,
2821 4643 2882 4693 ut
2910 4639 3236 4694 nullatenus
3267 4639 3487 4694 honere
3512 4637 3723 4709 privati

2117 4744 2346 4782 mecum
2363 4731 2630 4798 regnent.
2650 4727 2785 4782 Dico
2818 4727 2973 4800 quod
3003 4727 3144 4784 oculi
3167 4730 3273 4783 mei
3298 4730 3432 4782 sunt
3455 4727 3526 4781 ad
3547 4727 3723 4796 ﬁdeles

2117 4823 2289 4883 terra»,
2306 4819 2364 4870 et
2379 4815 2485 4870 hoc
2499 4815 2726 4886 jamdiu
2752 4816 2860 4870 fuit
2889 4816 3045 4886 quod
3071 4816 3369 4880 ambulem,
3390 4815 3452 4871 id
3480 4818 3565 4871 est
3590 4831 3724 4886 per-

2116 4922 2381 4960 severans
2412 4907 2468 4958 in
2498 4907 2587 4960 via
2620 4905 2984 4973 immaculata,
3015 4906 3076 4962 id
3125 4910 3208 4961 est
3258 4907 3315 4960 in
3367 4905 3723 4973 innocentia,

2116 4993 2200 5046 hic
2219 4993 2354 5046 mihi
2379 4993 2722 5047 ministrabat
2754 4992 2812 5046 in
2844 5010 2877 5046 a
2893 4993 3346 5049 lministratione
3367 4993 3720 5066 reipublicae,

2116 5079 2329 5134 scilicet
2357 5080 2518 5135 illum
2535 5081 2632 5152 qui
2654 5085 2778 5135 erat
2799 5081 3371 5147 innocens,constitui
3387 5082 3721 5137 ministrum

2116 5171 2404 5235 meum,ut
2416 5169 2518 5224 sub
2537 5185 2629 5223 me
2644 5169 2937 5224 existcndo
2962 5169 3280 5224 minoribus
3302 5169 3550 5226 fideliter
3574 5187 3721 5242 prae—

2115 5255 2346 5311 sideret.
2380 5257 2513 5310 Dico
2541 5256 2695 5327 quod
2733 5255 3073 5312 existentem
3114 5258 3358 5328 superbo
3392 5259 3554 5313 oculo
3587 5259 3718 5314 odio

2116 5344 2422 5411 habebam,
2446 5347 2503 5397 et
2517 5344 2704 5398 adhuc
2730 5345 2864 5401 odio
2886 5346 3141 5413 habebo;
3177 5346 3271 5400 ille
3299 5346 3457 5399 enim
3487 5349 3582 5417 qui
3585 5347 3722 5416 facit

2116 5434 2436 5504 superbiam,
2466 5431 2525 5486 id
2557 5435 2641 5486 est
2665 5436 2973 5506 superbam
3006 5433 3293 5487 actionem
3318 5450 3596 5505 unquam,
3615 5451 3719 5487 non

2119 5521 2376 5593 habitabit
2407 5521 2464 5574 in
2492 5520 2662 5576 medio
2691 5522 2874 5578 domus
2903 5536 3050 5587 meae,
3069 5518 3128 5574 id
3150 5522 3236 5574 est
3253 5535 3368 5575 non
3400 5519 3721 5578 dominabi-
