3998 6026
238 340 375 402 H0!

1265 334 1623 410 mosmo
1656 349 1728 408 IN
1761 297 2097 412 pssmos.
2125 377 2200 396 —
2228 347 2425 410 psu.
2464 347 2534 410 Cl

3422 334 3560 419 iis:

233 463 332 521 tur
356 462 615 536 familia,
647 478 683 523 ι
702 462 1086 524 similitudine
1113 468 1516 541 praelatorum,
1546 469 1608 529 in
1645 469 1842 529 medio
1862 473 1919 535 Α
1948 458 2208 531 intonsus
2234 475 2393 530 recta
2418 474 2480 529 et
2506 470 2734 531 intonsa
2762 456 3065 532 devotione
3089 472 3289 534 factus.
3321 472 3400 534 Et
3427 476 3534 536 iste

235 551 447 611 domus
475 554 865 613 existentium.
897 558 1019 628 Vel,
1046 574 1155 615 non
1183 561 1448 617 habitabit
1485 564 1540 618 in
1565 564 1736 620 medio
1756 564 1848 621 do-

231 659 352 701 mus
380 661 529 712 meae,
552 644 611 700 id
635 648 741 714 est,
766 662 885 704 non
921 649 1414 706 manisfestabitur
1434 653 1492 707 in
1514 653 1843 709 communi-

232 734 354 789 tate
373 732 608 789 familia;
628 750 796 791 mese.
817 734 981 801 Quod
995 738 1080 792 est
1097 736 1287 793 dicere
1308 757 1325 792 :
1339 740 1556 796 Nullius
1568 742 1848 813 superbus

233 821 348 876 erit
371 838 632 895 unquam
652 822 796 883 mihi
811 824 1135 880 familiaris.
1161 827 1229 880 Et
1246 827 1362 895 ille,
1386 829 1485 900 qui
1497 829 1731 901 loquitur
1742 830 1846 885 ini-

231 927 368 984 qua,
399 909 459 967 id
487 914 574 967 est
603 912 986 981 adulationes,
1019 930 1128 968 non
1160 914 1361 972 direxit
1391 933 1649 990 unquam
1675 935 1755 988 se,
1789 918 1849 974 id

231 1001 319 1055 est
337 1015 457 1054 non
480 997 618 1055 fecit
634 1001 928 1057 adulando
948 1018 1008 1057 se
1028 1003 1459 1075 beneplacitum
1490 1009 1547 1061 in
1575 1013 1848 1079 conspectu

230 1087 509 1143 oculorum
550 1105 792 1144 meorum
837 1088 1203 1147 interiorum.
1258 1092 1424 1159 Quod
1472 1097 1559 1150 est
1606 1095 1794 1151 dicere
1829 1113 1844 1152 :

228 1174 427 1232 Nullus
465 1177 896 1234 adulationibus
945 1180 1061 1236 suis
1113 1182 1562 1240 considerationi
1608 1184 1848 1241 rationis

229 1274 381 1320 mea:
410 1262 647 1337 placuit,
674 1265 819 1322 sicut
836 1267 912 1324 ’de
938 1284 1102 1325 more
1134 1272 1444 1327 mundanis
1457 1271 1708 1327 dominis
1722 1273 1845 1345 pla-

229 1358 368 1411 cent
397 1351 751 1413 adulatores.
778 1358 1200 1435 Linguee_enim
1232 1361 1592 1418 adulantium
1607 1363 1849 1435 alligant

229 1376 368 1411 cent
397 1376 751 1413 adulatores.
779 1376 880 1414 mn
926 1376 1013 1416 uae
1041 1377 1200 1416 enim
1232 1376 1592 1418 adulantium
1607 1376 1849 1435 alligant.

229 1440 459 1501 animas
478 1444 539 1501 in
565 1446 834 1518 peccatis.
1082 1449 1204 1505 Dixi
1227 1450 1384 1523 quod
1410 1450 1767 1507 detrahentem
1791 1453 1849 1505 et

230 1532 575 1593 existentem
597 1536 823 1607 superbo
861 1537 1033 1596 oculo.
1063 1544 1113 1591 et
1162 1539 1437 1593 insatiabit
1474 1540 1629 1594 corde
1666 1556 1845 1611 perse-

229 1622 452 1693 quebar,
481 1625 559 1690 et,
589 1628 652 1679 ut
683 1623 1084 1680 universaliter
1113 1625 1324 1695 dicam,
1356 1640 1464 1699 ego
1503 1628 1746 1684 existens
1790 1631 1847 1682 in

1947 563 2150 618 clamor
2174 580 2320 619 meus
2347 562 2418 618 ad
2442 569 2490 619 te
2512 564 2707 632 veniat,
2724 561 2784 619 id
2811 565 2896 619 est
2921 580 3038 619 non
3069 565 3323 638 patiatur
3344 568 3544 640 repul-

1947 670 2093 720 sam,
2134 653 2233 708 sed
2262 652 2332 708 ad
2356 651 2624 708 effectum
2653 652 3021 725 perducatur,
3065 653 3317 710 admissa
3346 673 3379 711 a
3410 659 3544 725 te,a

1947 740 2322 797 similitudine
2350 741 2696 813 legatorum,
2729 741 2825 813 qui
2868 740 2928 794 in
2960 741 3284 796 thalamum
3314 743 3548 799 Domini

1947 830 2352 886 admittuntur.
2385 829 2631 902 Exponit
2659 845 2798 901 ergo
2830 828 2971 901 quid
2998 831 3148 896 oret,
3172 846 3306 884 cum
3337 831 3499 886 addit
3531 849 3551 887 :

1945 915 2073 974 Non
2100 925 2327 986 avertas,
2351 920 2460 973 etc.
2491 918 2656 983 Quod
2687 917 2764 972 sic
2805 916 3136 990 exponitur.
3172 917 3301 973 Cico
3357 919 3559 975 exaudi

1946 1007 2267 1063 clamorem
2289 1006 2569 1075 orationis
2586 1022 2753 1073 meae,
2776 1023 2904 1078 quae
2932 1006 3115 1062 oratio
3144 1005 3271 1062 talis
3303 1011 3405 1062 est.
3436 1007 3556 1065 Sci-

1946 1095 2081 1151 licet
2111 1113 2215 1153 oro
2245 1112 2312 1152 ne
2335 1103 2548 1151 avertas
2587 1095 2647 1150 in
2693 1094 2887 1151 futuro
2940 1096 3137 1165 faciem
3169 1102 3337 1164 tuam,
3370 1096 3428 1151 id
3462 1100 3550 1153 est

1945 1185 2317 1258 praesentiam
2347 1184 2695 1256 cognitionis
2719 1184 2802 1238 tui
2834 1202 2866 1238 a
2894 1200 2997 1251 me,
3014 1182 3069 1238 id
3086 1187 3171 1239 est
3199 1200 3233 1238 a
3264 1185 3427 1254 meis,
3451 1187 3555 1243 sci-

1944 1273 2079 1329 licet
2108 1274 2380 1348 permitte
2401 1288 2499 1329 eos
2524 1273 2585 1327 in
2605 1272 2799 1328 futuro
2818 1273 2892 1328 ad
2919 1271 3341 1328 beatitudinem
3357 1273 3553 1345 cogni-

1943 1361 2119 1418 tionis
2144 1362 2226 1417 tui
2257 1362 2577 1434 pervenire.
2610 1362 2680 1417 Et
2709 1364 2771 1416 ut
2807 1361 2980 1417 facies
3019 1364 3119 1416 tua
3161 1360 3222 1416 in
3250 1361 3445 1417 futuro
3474 1363 3548 1419 ab

1946 1450 2026 1505 eis
2055 1468 2173 1506 non
2196 1453 2486 1506 avertatur
2515 1449 2575 1504 in
2606 1450 2715 1505 hoc
2746 1450 2987 1517 mundo,
3029 1453 3086 1504 in
3120 1467 3434 1523 quacunque
3462 1450 3548 1507 die

1947 1539 2171 1594 tributor
2196 1538 2397 1595 inclina
2445 1538 2516 1593 ad
2543 1554 2627 1592 me
2664 1554 2847 1594 aurem
2887 1545 3057 1607 tuam,
3082 1537 3141 1592 id
3170 1541 3257 1594 est
3300 1538 3359 1594 in
3403 1556 3548 1612 quo-

1945 1642 2171 1699 cunque
2186 1630 2453 1697 tempore
2486 1625 2602 1681 mei
2628 1625 2868 1680 interius
2900 1625 3252 1681 tribulantur
3279 1643 3313 1681 a
3343 1642 3547 1698 pecca-

229 1712 521 1778 matutino,
552 1710 609 1766 id
655 1715 742 1767 est
769 1712 829 1766 in
858 1711 1119 1768 claritate
1158 1713 1511 1770 innocentia;
1557 1719 1615 1770 et
1651 1716 1842 1788 perfe-
1873 1766 1917 1788 η
1941 1717 2015 1771 tis
2036 1715 2169 1783 suis,
2203 1714 2400 1770 inclina
2433 1714 2513 1770 eis
2541 1730 2725 1769 aurem
2759 1720 2928 1777 tuam,
2959 1713 3020 1768 id
3059 1717 3146 1769 est
3183 1715 3273 1769 fac
3310 1716 3391 1771 eis
3415 1732 3549 1773 con-

508 1766 520 1778 ,
728 1766 735 1767 ,
988 1766 1113 1768 πί-
1564 1766 1613 1770 η
1651 1766 1810 1788 Γ---
1949 1766 2011 1771 -__
2037 1766 2169 1783 πη,
2894 1766 2928 1777 ν,
3184 1766 3267 1769 ___
3316 1766 3388 1771 η-
3420 1766 3523 1773 ----

229 1798 441 1854 ctionis
470 1799 827 1856 omnimodae
860 1802 1265 1871 interﬁciebam,
1298 1803 1357 1858 id
1387 1806 1473 1859 est
1519 1802 1843 1861 interficere
1873 1766 1919 1826 Β
1949 1803 2299 1859 descendere
2326 1801 2785 1859 misericordiam
2806 1805 3069 1870 tuam,ut
3089 1819 3188 1858 eos
3213 1803 3283 1858 de
3314 1805 3420 1860 hac
3442 1806 3547 1861 tri-

231 1887 640 1943 desiderabam
673 1905 853 1944 omnes
881 1897 1184 1961 peccatores
1235 1896 1408 1960 terra,
1437 1891 1496 1947 id
1553 1895 1637 1947 est
1676 1893 1844 1965 regni

228 1974 350 2031 mei
380 1975 699 2031 ’secundum
730 1978 886 2049 quod
909 1982 1238 2050 peccatores
1258 1984 1445 2036 erant.
1467 1981 1535 2035 Et
1549 1980 1658 2036 hoc
1688 1981 1840 2051 ideo,

229 2068 293 2119 ut
320 2064 668 2137 disperderem
694 2065 760 2119 de
786 2066 1021 2133 civitate,
1048 2066 1107 2122 id
1137 2070 1223 2122 est
1269 2068 1340 2123 de
1380 2070 1593 2141 populo
1624 2069 1849 2126 Domini

229 2152 322 2208 cui
353 2168 464 2226 ego
497 2152 905 2225 praesidebam,
952 2171 1129 2210 omnes
1174 2163 1443 2227 operantes
1487 2159 1839 2230 iniquitatem.

234 2242 401 2309 Quod
430 2247 519 2299 est
547 2243 739 2299 dicere
772 2260 785 2299 :
820 2243 912 2299 Sic
938 2259 1035 2299 eos
1066 2245 1391 2301 interficere
1441 2246 1842 2304 desiderabam

134 2389 141 2395 ,
233 2335 295 2389 ut
325 2330 515 2388 nullus
545 2344 750 2387 eorum
785 2330 844 2387 in
876 2335 1090 2405 populo
1109 2335 1340 2390 Domini
1370 2353 1612 2391 manens
1639 2354 1842 2411 Opera-

231 2424 399 2477 retur
426 2420 817 2493 iniquitatem,
842 2421 943 2476 sed
973 2423 1164 2478 omnis
1194 2424 1468 2496 iniquitas
1500 2430 1645 2481 esset
1677 2427 1737 2481 in
1765 2426 1845 2482 eis

236 2508 551 2577 destructa,
588 2512 649 2564 et
686 2508 917 2564 bonitas
960 2510 1261 2566 aedificata.
1309 2512 1642 2569 Notandum
1682 2531 1840 2582 sane,

232 2613 365 2653 cum
394 2596 536 2653 dicit
564 2615 578 2652 :
612 2598 975 2670 Persequebar
996 2599 1375 2669 detrahentem,
1403 2607 1598 2659 etcum
1621 2603 1718 2658 hoc
1739 2616 1845 2658 non

232 2686 468 2752 edebam,
497 2692 549 2740 et
561 2693 867 2757 peccatores
882 2688 1279 2758 interﬁciebam,
1296 2690 1728 2747 convenientius
1741 2690 1845 2746 im-

232 2772 556 2846 perfectum
569 2790 745 2845 quam
758 2774 1120 2848 prmteritum
1134 2778 1407 2849 posuisse.
1432 2779 1541 2833 Per
1560 2778 1669 2833 hoc
1682 2778 1842 2834 enim

228 2861 424 2918 innuit
446 2877 507 2917 se
523 2862 652 2934 jam
681 2861 780 2918 diu
800 2863 1120 2936 incoepisse,
1148 2869 1207 2921 et
1229 2866 1492 2923 nondum
1522 2867 1842 2937 finisse,sed

231 2950 421 3006 adhuc
444 2951 505 3007 in
525 2953 635 3008 hoc
662 2952 870 3008 eodem
904 2953 1230 3024 persistere.

765 3040 834 3094 IN
866 3040 1190 3097 PSALMUM
1220 3042 1306 3098 Cl.

304 3127 516 3184 Psalmi
547 3128 846 3185 eentesimi
878 3129 1055 3202 primi
1081 3130 1319 3186 Titulus.
1368 3132 1555 3188 Oratio
1584 3134 1842 3206 pauperis

231 3233 353 3273 cum
375 3220 568 3272 anxius
593 3218 782 3290 fuerit,
814 3225 865 3272 et
898 3233 1079 3274 coram
1129 3218 1358 3275 Domino
1397 3223 1685 3293 effundent
1722 3240 1843 3295 pre-

229 3322 341 3361 cem
367 3321 541 3360 suam.
581 3306 746 3371 Quod
791 3306 871 3361 sic
913 3307 1261 3379 exponitur:
1298 3311 1556 3366 Psalmus
1606 3312 1711 3367 iste
1755 3314 1841 3367 est

229 3388 401 3450 oratio
418 3397 693 3466 pauperis,
723 3393 782 3450 id
808 3398 894 3450 est
922 3396 980 3449 in
1004 3396 1113 3453 hoc
1142 3399 1366 3469 psalmo
1393 3402 1523 3455 orat
1558 3400 1834 3469 Christus,

229 3484 455 3555 pauper
483 3499 590 3556 pro
631 3483 798 3538 nobis
840 3484 1044 3551 factus,
1076 3502 1209 3540 cum
1244 3486 1399 3542 dives
1430 3491 1599 3556 esset,
1641 3492 1705 3543 ut
1735 3506 1839 3562 per

228 3572 353 3643 ejus
364 3566 765 3644 paupertatem
780 3572 981 3629 divites
994 3573 1445 3647 efﬁceremurUl
1462 3575 1588 3632 Cor.
1609 3594 1730 3647 vm,
1755 3579 1834 3651 9).

227 3659 494 3717 Ostendit
521 3664 713 3716 autem
748 3661 805 3716 in
846 3664 1069 3735 psalmo
1094 3666 1497 3736 paupertatem
1519 3682 1707 3734 suam,
1738 3667 1837 3723 ubi

229 3747 368 3804 dicit
395 3764 408 3803 :
439 3747 568 3804 Dies
587 3752 695 3803 mei
716 3751 853 3804 sicut
872 3751 1083 3819 umbra,
1117 3756 1226 3807 etc.
1261 3751 1394 3808 Dico
1461 3754 1616 3826 quod
1666 3759 1837 3810 oratio

222 3836 353 3891 haec
373 3839 457 3891 est
471 3839 727 3908 pauperis
758 3838 985 3905 Christi,
1003 3840 1156 3895 facta
1185 3858 1307 3896 cum
1340 3840 1449 3898 hoc
1478 3845 1644 3911 esset,
1678 3842 1835 3916 quod

220 3922 397 3993 fuerit
424 3926 637 3995 anxius,
668 3922 728 3979 id
746 3929 832 3980 est
859 3926 1132 3982 sollicitus
1162 3928 1232 3983 de
1256 3928 1580 4002 perditione
1602 3931 1834 4004 generis

223 4010 493 4080 humani,
525 4019 575 4067 et
621 4028 753 4068 cum
793 4014 903 4069 hoc
938 4018 1087 4071 esset
1128 4016 1285 4089 quod
1327 4018 1593 4089 eﬂ'uderit,
1645 4020 1706 4075 id
1750 4022 1837 4076 est

223 4100 384 4172 quod
408 4102 742 4173 cognoverit
760 4118 820 4158 se
834 4102 1148 4160 eﬂ‘usurum
1171 4105 1321 4160 hanc
1334 4123 1547 4178 precem
1571 4126 1723 4163 suam
1746 4126 1832 4164 co-

220 4202 354 4246 ram
375 4189 610 4244 Domino
637 4190 829 4255 Patre,
856 4190 915 4247 id
939 4196 1026 4248 est
1050 4193 1108 4248 in
1132 4193 1573 4266 beneplacentia
1602 4194 1832 4254 Domini

219 4274 431 4331 Patris.
451 4275 618 4342 Quod
635 4281 721 4333 est
741 4279 963 4335 dicere:
986 4281 1118 4337 Ideo
1138 4283 1288 4338 hanc
1310 4284 1638 4340 orationem
1672 4285 1827 4356 fecit,

1946 1892 2240 1947 bulatione
2285 1892 2511 1964 eripias,
2545 1908 2579 1946 a
2629 1890 3007 1946 similitudine
3061 1891 3293 1954 medici,
3345 1909 3546 1949 aurem

1944 1984 2164 2052 aegroto
2191 1979 2541 2035 inclinantis.
2567 1978 2635 2034 Et
2662 1979 2810 2035 bene
2841 1979 3006 2051 ponit
3037 1982 3093 2034 in
3121 1998 3432 2055 quacunque
3463 1981 3548 2037 die

1942 2072 2180 2141 prOpter
2210 2068 2486 2141 temporis
2503 2067 2911 2136 diversitatem,
2941 2084 3005 2123 ac
3032 2068 3077 2123 si
3102 2057 3252 2125 di'cat
3283 2087 3297 2125 :
3323 2070 3465 2126 Cum
3486 2069 3547 2125 in

1944 2156 2165 2212 diverso
2194 2160 2460 2229 tempore
2480 2157 2592 2211 sint
2608 2156 2941 2224 tribulandi,
2958 2156 3016 2212 in
3039 2174 3384 2230 quocunque
3404 2161 3549 2213 tem-

1942 2262 2083 2318 pore
2114 2246 2564 2313 tribulabuntnr,
2590 2262 2789 2300 aurem
2815 2246 2896 2300 eis
2925 2245 3018 2316 pie
3046 2246 3280 2301 inclina.
3307 2247 3443 2302 Dico
3463 2245 3550 2302 in-

1943 2335 2085 2389 clina
2112 2335 2186 2390 ad
2207 2350 2371 2389 meos
2393 2350 2613 2388 aurem.
2632 2333 2737 2388 Mei
2759 2332 2917 2388 enim
2939 2337 2996 2389 te
3012 2334 3070 2388 in
3083 2334 3550 2391 tribulationibus

1944 2423 2058 2478 Suis
2075 2422 2445 2489 invocabant,
2464 2422 2523 2477 id
2539 2424 2624 2477 est
2636 2422 2885 2477 orabunt
2901 2425 2958 2477 et
2979 2439 3116 2478 voce
3138 2425 3196 2478 et
3218 2423 3548 2480 devotione.

1943 2507 2011 2565 Et
2036 2513 2091 2565 in
2109 2527 2421 2583 quacunque
2448 2510 2532 2564 die
2556 2511 2866 2566 invocavero
2896 2515 2965 2579 te,
2990 2511 3049 2567 id
3078 2512 3165 2566 est
3186 2510 3245 2567 in
3286 2526 3546 2584 quocun-

1945 2616 2055 2672 que
2082 2602 2354 2671 tempore
2383 2598 2793 2662 tribulationis,
2812 2598 2930 2654 mei
2961 2599 3212 2655 orabunt
3240 2600 3319 2664 te,
3358 2596 3558 2655 exaudi

1942 2705 2045 2755 me,
2066 2687 2123 2743 id
2144 2691 2230 2742 est
2244 2704 2405 2743 meos
2438 2691 2501 2742 ut
2529 2687 2867 2759 impetrent,
2888 2690 2946 2743 et
2966 2689 3075 2743 hoc
3097 2688 3362 2752 velociter,
3383 2687 3442 2743 id
3467 2690 3555 2743 est

1942 2775 2277 2844 indilate,in
2308 2776 2414 2831 hac
2437 2776 2575 2843 vita,
2594 2774 2809 2831 scilicet
2838 2775 2936 2830 ubi
2964 2780 3194 2848 tempus
3210 2779 3297 2831 est
3313 2775 3550 2831 exaudi-

1942 2863 2134 2919 tionis.
2160 2865 2221 2918 In
2244 2863 2434 2919 futuro
2459 2864 2616 2918 enim
2634 2864 2823 2918 nullus
2842 2863 3197 2919 exaudietur.
3219 2864 3333 2919 Hoc
3352 2865 3549 2920 autem

1942 2951 2097 3007 idem
2128 2955 2216 3007 est
2244 2952 2302 3006 in
2325 2952 2609 3007 sententia
2639 2952 2795 3024 quod
2825 2953 3028 3007 inclina
3051 2970 3256 3020 aurem,
3280 2952 3387 3007 nisi
3415 2951 3553 3024 quia

1941 3040 2103 3096 addit
2129 3041 2388 3109 velociter,
2630 3043 2687 3095 et
2712 3043 2767 3095 in
2797 3057 3111 3113 quacunque
3138 3041 3222 3094 die
3242 3041 3550 3095 invocavero

1944 3134 2011 3185 te.
2043 3130 2112 3186 Et
2142 3131 2227 3185 est
2257 3146 2324 3184 ex
2372 3128 2703 3185 affectiones
2740 3129 2923 3184 nimia
2960 3129 3295 3203 repetitum.
3337 3129 3450 3184 Oro
3482 3147 3551 3184 ne

1942 3225 2149 3274 avertas
2179 3219 2250 3273 ab
2278 3217 2359 3273 eis
2384 3217 2441 3285 in
2474 3217 2669 3274 futuro
2692 3219 2909 3289 faciem,
2944 3220 3001 3274 et
3032 3222 3095 3273 ut
3125 3218 3205 3273 eis
3235 3234 3425 3273 aurem
3455 3217 3545 3274 in-

1942 3307 2140 3371 clines,
2172 3310 2235 3362 ut
2264 3307 2336 3361 de
2364 3306 2737 3362 tribulatione
2765 3311 3062 3365 eruantur.

2012 3396 2137 3452 Non
2154 3396 2338 3451 solum
2357 3387 2552 3450 autem
2564 3395 2673 3453 hoc
2696 3412 2819 3463 oro,
2840 3395 2940 3451 sed
2961 3399 3017 3451 et
3033 3412 3134 3452 oro
3152 3396 3285 3452 utin
3305 3396 3544 3453 immor-

1941 3482 2166 3539 talitem
2191 3483 2565 3547 reducantur,
2599 3486 2722 3556 quia
2747 3484 3054 3555 defecerunt
3080 3488 3214 3541 sicut
3235 3486 3419 3558 fumus
3434 3485 3544 3541 dies

1938 3573 2061 3640 mei,
2094 3571 2152 3626 id
2183 3574 2268 3625 est
2299 3571 2419 3626 dies
2448 3571 2578 3627 vitm
2608 3589 2875 3628 meorum
2902 3572 3013 3629 cito
3042 3570 3542 3630 defectibilesfacti

1939 3662 2071 3714 sunt
2094 3675 2199 3731 per
2222 3659 2429 3727 Adam,
2462 3652 2802 3715 ad‘modum
2840 3661 3008 3728 fumi,
3041 3662 3153 3717 cito
3203 3658 3537 3718 deficientis.

1937 3746 2015 3802 Et
2039 3746 2215 3802 etiam
2246 3762 2349 3802 oro
2376 3748 2440 3802 ut
2457 3763 2584 3802 ossa
2604 3764 2871 3803 meorum
2902 3750 3373 3804 corroborentur.
3394 3750 3539 3805 Nam

1937 3853 2049 3890 ossa
2076 3834 2272 3904 mea,id
2296 3839 2380 3891 est
2398 3834 2860 3891 intellectualitas
2879 3839 2937 3891 et
2956 3836 3202 3891 liberum
3234 3836 3539 3893 arbitrium

1937 3936 2065 3997 qua:
2096 3927 2231 3979 sunt
2259 3940 2407 3990 ossa,
2422 3922 2479 3978 id
2511 3927 2595 3978 est
2625 3922 2891 3979 fortiores
2913 3927 3104 3996 partes
3123 3924 3356 3988 animae,
3378 3941 3538 3981 meo-

1936 4029 2068 4068 rum
2094 4019 2372 4076 aruerunt,
2402 4014 2538 4067 sicut
2565 4014 2841 4081 cremium,
2873 4012 2933 4068 id
2963 4017 3049 4068 est
3073 4013 3187 4068 vim
3218 4031 3381 4068 suam
3437 4030 3544 4086 per

1936 4100 2216 4174 originale
2228 4103 2529 4175 peccatum
2541 4096 2960 4170 amiserunt,ad
2971 4100 3410 4158 similitudinem
3425 4118 3543 4158 cre-

1935 4188 2060 4257 mii,
2093 4189 2153 4244 in
2183 4189 2417 4245 frixorio
2449 4189 2642 4263 positi,
2675 4192 2740 4244 et
2777 4190 2995 4246 arendo
3028 4190 3143 4245 vim
3174 4188 3543 4267 pinguedinis

1934 4294 2051 4333 suae
2074 4277 2413 4333 amittentis.
2434 4278 2500 4332 Et
2528 4294 2660 4333 vere
2690 4276 3044 4333 defectibiles
3076 4278 3196 4333 dies
3224 4278 3459 4347 habent,
3482 4284 3542 4337 et

220 4363 362 4436 quia
389 4340 661 4421 sollicitus
691 4370 818 4422 erat
846 4368 919 4423 de
950 4367 1176 4425 defectu
1188 4374 1247 4425 et
1262 4371 1585 4441 perditione
1602 4340 1831 4444 generis
1856 4340 1909 4400 Β
1934 4382 2061 4424 ossa
2091 4367 2334 4423 arentia-
2366 4368 2511 4423 Nam
2535 4384 2816 4439 percussus
2858 4385 2977 4421 sum
3021 4375 3081 4422 ιιι
3121 4369 3331 4436 fenum,
3361 4370 3421 4425 id
3452 4374 3539 4426 est

216 4452 488 4521 humani,
523 4456 583 4509 et
607 4455 743 4527 quia
763 4456 1034 4528 cognovit
1054 4459 1282 4530 placere
1313 4459 1562 4516 Domino
1586 4462 1832 4532 Patri,ut

216 4539 375 4595 hanc
395 4555 634 4611 precem
658 4557 765 4613 pro
806 4545 989 4599 salute
1014 4545 1323 4601 hominum
1351 4546 1693 4604 eﬁ'underet.
1724 4550 1833 4606 No-

216 4627 467 4683 tandum
502 4629 658 4701 quod
683 4630 762 4686 ibi
791 4647 851 4687 se
878 4631 1313 4690 innuitanxium
1340 4635 1412 4691 de
1441 4637 1623 4693 salute
1644 4636 1831 4693 homi-

218 4731 364 4772 num
388 4732 531 4786 esse,
549 4732 683 4773 cum
704 4719 783 4775 sic
811 4735 918 4792 pro
955 4721 1038 4776 eis
1080 4724 1227 4790 orat,
1263 4723 1425 4795 quasi
1472 4740 1577 4796 pro
1632 4744 1711 4782 se.
1745 4726 1827 4783 lbi

215 4819 353 4860 vero
380 4805 532 4860 hanc
559 4805 887 4863 orationem
914 4810 1163 4867 Domino
1206 4812 1461 4884 placeret
1490 4812 1711 4885 innuit,
1730 4812 1828 4871 ubi

215 4889 276 4945 in
306 4890 679 4963 sequentibus
710 4896 977 4951 enuntiat
1031 4898 1288 4953 futuram
1347 4916 1468 4954 esse
1517 4901 1825 4959 hominum

213 4979 673 5051 reparationem,
704 4996 810 5053 pro
841 4999 957 5055 qua
986 4984 1047 5040 in
1090 4986 1372 5058 principio
1417 4989 1623 5059 psalmi
1675 4994 1820 5047 orat.

218 5066 297 5121 Ea
318 5082 456 5122 vero
488 5066 812 5125 intentione
835 5088 940 5142 pro
965 5072 1046 5127 eis
1071 5077 1218 5140 orat,
1253 5077 1311 5128 et
1338 5075 1687 5132 beneﬁcium
1732 5094 1823 5134 re-

215 5152 538 5225 parationis
579 5157 889 5213 hominum
934 5161 1219 5229 enuntiat,
1267 5165 1330 5215 ut
1363 5163 1470 5218 hac
1527 5165 1826 5222 occasione

217 5242 454 5297 devotos
502 5247 562 5298 et
592 5245 901 5302 benevolos
952 5265 1050 5304 eos
1096 5249 1195 5322 qui
1249 5266 1352 5321 per
1399 5267 1532 5306 eum
1572 5254 1828 5325 reparati

215 5333 350 5384 sunt
376 5330 575 5400 faciat,
604 5336 664 5387 et
696 5351 800 5405 per
848 5335 1007 5390 illam
1056 5336 1426 5392 devotionem
1486 5342 1826 5409 perveniant

217 5417 289 5471 ad
317 5420 599 5474 aeternam
632 5422 1007 5478 salvationem
1024 5468 1038 5481 .

284 5505 515 5561 Domine
546 5508 737 5576 Pater,
769 5511 970 5565 exaudi
990 5514 1284 5567 orationem
1322 5533 1495 5569 meam
1520 5519 1583 5571 ut
1634 5517 1819 5589 impe-

1933 4457 2050 4512 mei
2081 4460 2191 4512 ate
2216 4457 2467 4528 percussi
2480 4459 2537 4511 et
2560 4456 2994 4530 multati,poena
3008 4455 3226 4528 peccati
3250 4461 3383 4535 sunt
3395 4458 3535 4515 facti

1931 4543 2283 4600 defectibiles
2308 4548 2371 4599 ut
2400 4543 2623 4608 fenum,
2655 4543 2812 4614 quod
2841 4543 2955 4598 cito
2980 4543 3214 4599 avirore
3246 4545 3458 4615 deﬁcit,
3485 4554 3537 4603 et

1928 4649 2018 4687 cor
2038 4648 2215 4687 meum
2245 4634 2408 4699 aruit,
2426 4630 2486 4685 id
2508 4633 2592 4685 est
2605 4646 2730 4685 ossa
2743 4631 2934 4686 cordis
2945 4648 3211 4687 meorum
3232 4640 3530 4692 aruerunt.

1931 4720 2091 4785 Quod
2124 4724 2210 4775 est
2238 4719 2427 4775 dicere
2462 4736 2475 4774 :
2505 4721 2613 4774 Per
2632 4721 2740 4775 hoc
2775 4719 3113 4776 defectibilis
3139 4727 3225 4777 est
3248 4723 3398 4780 facta
3416 4726 3533 4781 vita

1929 4825 2220 4875 meorum,
2253 4810 2311 4862 et
2340 4824 2468 4863 ossa
2497 4822 2700 4863 eorum
2741 4808 3024 4865 interiora
3055 4810 3371 4879 debilitata,
3396 4813 3532 4884 quia

1927 4914 2025 4954 eos
2054 4896 2378 4968 percussisti
2412 4898 2765 4954 mortalitate
2796 4902 2854 4953 et
2883 4900 3285 4957 excaecatione.
3314 4902 3383 4955 Et
3410 4919 3527 4958 non

1927 4986 2221 5043 immerito
2250 4991 2382 5042 sunt
2412 4987 2685 5061 percussi,
2717 4989 2818 5043 sed
2846 4988 2975 5044 ideo
3013 4989 3149 5061 quia
3185 4989 3375 5045 oblitus
3410 5010 3527 5047 sum

1925 5077 2188 5131 comedere
2206 5091 2404 5148 panem
2426 5093 2620 5143 meum,
2649 5076 2708 5130 id
2739 5080 2825 5130 est
2855 5078 2969 5131 mei
3003 5077 3167 5132 obliti
3199 5082 3331 5134 sunt
3376 5094 3529 5136 com-

1925 5167 2095 5221 edere
2118 5183 2331 5239 panem
2352 5165 2766 5228 suum,scilicet
2797 5166 2959 5221 obliti
2989 5167 3225 5223 fuerunt
3254 5168 3310 5223 in
3341 5170 3527 5226 Adam

1925 5256 2081 5309 refici
2110 5271 2259 5327 pane
2294 5271 2427 5320 suo;
2463 5255 2520 5308 id
2551 5257 2635 5308 est
2664 5254 2994 5309 obedientia
3023 5255 3199 5310 divini
3230 5261 3525 5330 praecepti.

1927 5360 2054 5415 qua:
2068 5342 2147 5398 eis
2161 5346 2309 5397 esset
2324 5343 2487 5415 panis
2506 5342 2789 5397 salutaris.
2808 5342 2973 5407 Quod
2995 5347 3077 5399 est
3095 5344 3283 5399 dicere
3299 5364 3311 5400 :
3326 5348 3524 5405 Merito

1926 5432 2328 5487 inobedientite
2349 5446 2578 5499 eorum,
2604 5424 2782 5485 sunta
2801 5434 2854 5485 te
2886 5434 3159 5502 percussi.
3188 5434 3254 5487 Et
3275 5435 3369 5490 illa
3388 5438 3528 5493 obli-

1924 5521 2013 5575 vio
2044 5521 2387 5575 comedendi
2416 5534 2629 5592 panem
2661 5520 2906 5593 contigit
2933 5540 2966 5575 a
2993 5539 3114 5576 voce
3138 5525 3372 5593 gemitus
3402 5531 3525 5583 mei.

217 5594 393 5652 trem.
428 5595 566 5662 Quae
592 5597 777 5653 oratio
807 5613 926 5655 non
958 5603 1044 5656 est
1068 5602 1328 5672 remissa,
1354 5605 1455 5660 sed
1486 5608 1572 5661 est
1600 5607 1823 5663 clamor
1921 5609 1981 5664 id
2010 5613 2095 5663 est
2114 5624 2403 5665 meorum.
2450 5608 2600 5663 Dixit
2635 5609 2793 5664 enim
2840 5610 3101 5667 diabolus
3147 5612 3474 5688 deceptorie
3504 5634 3519 5675 :

544 5695 780 5755 Parnon.
826 5695 978 5754 CLII.

3207 5715 3275 5771 37
