4008 6040
464 294 602 358 1163

1067 280 1128 349 S.
1167 283 1514 348 BRUNONIS
1554 278 2188 346 CARTHUSIANORUM
2220 279 2693 345 INSTITUTORIS
2731 281 2887 344 OPP.
2927 280 3106 343 PARS
3143 283 3167 342 Ι

3635 280 3788 346 HM

461 446 493 482 «
527 424 584 481 Si
616 418 1005 489 comederitis,
1033 417 1192 475 eritis
1217 417 1364 474 sicut
1394 414 1472 472 dii
1500 414 1654 488 (Gen.
1682 430 1766 483 ιιι,
1791 410 2073 485 5).»Quod
2094 434 2149 493 Α
2245 412 2575 470 Notandum
2591 409 2906 485 quod,cum
2918 410 3360 485 per-Iudaeorum
3376 409 3788 485 superbiamse

463 518 552 574 est
583 513 772 570 dicere
803 528 815 567 :
846 511 978 566 Ideo
1007 524 1219 580 panem
1243 506 1549 562 comedere
1570 507 1702 559 sunt
1725 503 1908 570 obliti,
1932 502 2067 574 quia

464 601 798 675 deceptoria
811 617 915 654 vox
943 597 1156 652 diaboli
1174 613 1270 650 eos
1291 594 1537 665 decepit,
1556 611 1659 664 per
1683 609 1856 664 quam
1881 592 1954 646 ad
1976 592 2071 646 de-

463 691 679 746 fectum
695 689 1048 743 devenerunt
1072 683 1220 737 unde
1233 682 1544 752 smpissime
1567 684 1832 751 gemunt.
1853 680 2068 733 Nutan-

465 780 605 834 dum
619 777 933 850 quod,cum
949 790 1046 828 eos
1065 772 1272 826 merito
1292 769 1660 840 negligentiae
1675 785 1788 822 sua:
1804 768 1937 823 dicit
1950 783 2070 822 esse

463 883 781 940 percussos,
810 880 876 916 ex
908 864 1016 916 hoc
1050 859 1234 931 magis
1259 859 1364 913 sibi
1397 857 1589 911 reddit
1617 856 1914 922 obnoxios,
1937 872 2067 910 cum

463 972 570 1026 pro
599 953 677 1008 eis
702 955 826 1007 oret
843 954 1167 1020 tantopere,
1193 946 1287 1018 qui
1313 945 1557 1018 percussi
1581 948 1713 999 sunt
1732 944 1937 998 merito
1955 961 2070 998 sua:

468 1039 1044 1098 inobedientiaa.Cum
1068 1039 1262 1089 autem
1282 1051 1386 1106 per
1407 1050 1606 1088 vocem
1635 1032 1928 1087 diabolica:
1945 1049 2073 1102 sug-

467 1129 741 1202 gestionis
772 1144 870 1182 eos
907 1141 1168 1197 peccasse
1201 1122 1472 1189 ostendit,
1523 1122 1714 1175 locum
1767 1121 1848 1174 eis
1891 1120 2071 1174 venias

466 1218 622 1274 facit.
653 1217 708 1272 Si
742 1215 898 1269 enim
931 1213 1055 1268 sine
1095 1211 1465 1283 suggestione
1497 1209 1689 1280 aliqua
1719 1211 2070 1280 peccassent,

465 1304 694 1376 indigni
711 1303 891 1357 venias
906 1301 1134 1374 penitus
1150 1297 1865 1369 essent,quemadmodum
1879 1296 2073 1350 diabo-

463 1395 556 1450 lus
583 1392 760 1448 venia:
786 1393 977 1445 locum
1011 1387 1222 1453 amisit,
1255 1386 1531 1458 quoniam
1565 1403 1631 1439 ex
1661 1386 1782 1439 sola
1806 1383 2073 1456 superbia

469 1481 742 1554 peccavit.
777 1480 910 1534 Dico
939 1477 1094 1549 quod
1122 1475 1329 1531 oblivio
1349 1473 1592 1545 contigit
1623 1491 1655 1527 a
1676 1489 1811 1527 voce
1836 1471 2069 1537 diaboli,

467 1588 574 1643 per
604 1586 780 1642 quam
814 1583 1015 1622 vocem
1065 1565 1342 1636 quoniam
1402 1563 1454 1617 ei
1501 1561 1789 1617 obedivire
1833 1560 1966 1627 mei,
2016 1577 2071 1613 os

2171 503 2638 558 interficiendum
2658 503 2866 570 innuit,
2899 503 2958 557 in
2987 504 3097 558 hoc
3127 501 3313 573 magis
3343 502 3450 558 sibi
3497 503 3790 559 obnoxios

2170 592 2382 657 reddit,
2408 609 2538 646 cum
2563 609 2765 646 eorum
2786 595 3010 662 partem
3039 591 3302 646 ostendat
3332 596 3534 662 postea
3573 608 3680 662 per
3722 608 3788 646 se

2172 681 2528 746 salvandam,
2563 681 2823 752 quamvis
2849 697 2978 734 eum
3016 680 3223 749 injuste
3270 679 3443 733 morti
3483 680 3782 734 dederint.

2171 769 2270 823 Vel
2297 786 2396 823 ero
2423 771 2556 822 sicut
2587 772 2897 838 nycticorar
2937 771 2993 822 in
3029 768 3295 824 domicilio
3322 768 3612 833 habitans,
3634 769 3786 823 sicut

2173 857 2331 911 enim
2351 856 2679 927 nycticorax
2705 857 2824 912 avis
2840 861 3124 911 nocturna
3146 856 3204 910 in
3223 856 3516 912 domicilio
3527 856 3780 922 habitat,

2172 943 2250 999 sic
2277 948 2334 998 et
2365 961 2472 1015 ego
2506 961 2608 1016 per
2639 949 2752 999 tres
2783 945 2905 1000 dies
2923 944 3203 1015 passionis
3233 961 3399 1012 meas,
3420 948 3477 998 in
3505 945 3781 998 domicilio

2171 1033 2643 1098 conservabor,id
2666 1037 2751 1086 est
2773 1032 2829 1087 in
2851 1033 3097 1104 superba
3109 1035 3393 1106 potestate
3418 1033 3779 1099 Judaeorum,

2173 1137 2304 1192 quae
2334 1123 2571 1192 propter
2593 1121 3005 1176 sublimitatem
3025 1121 3377 1192 arrogantiae
3407 1137 3510 1192 per
3535 1120 3780 1176 domici-

2174 1211 2314 1264 lium
2348 1209 2708 1281 intelligitur,
2739 1212 2894 1282 quod
2921 1211 3180 1282 superius
3197 1210 3357 1266 estin
3380 1210 3578 1266 domo.
3615 1210 3782 1266 Unde

2176 1297 2526 1353 Dominusin
2554 1299 2880 1371 Evangelio.
2909 1323 2933 1349 α
2971 1299 3127 1354 Sicut
3151 1299 3259 1354 fuit
3285 1301 3459 1355 Jonas
3487 1300 3548 1354 in
3575 1301 3779 1353 ventre

2175 1386 2283 1440 ceti
2309 1385 2490 1441 tribus
2521 1387 2721 1442 diebus
2748 1392 2805 1442 et
2843 1387 3024 1443 tribus
3058 1388 3338 1454 noctibus,
3363 1389 3442 1442 sic
3472 1388 3583 1442 erit
3605 1386 3780 1442 Filius

2173 1473 2426 1529 hominis
2452 1474 2634 1530 tribus
2665 1475 2866 1531 diebus
2891 1480 2949 1530 et
2980 1476 3162 1532 tribus
3206 1476 3466 1531 noctibus
3497 1475 3559 1530 in
3601 1475 3779 1531 corde

2173 1566 2341 1617 terra:
2369 1562 2591 1632 (Matth.
2640 1581 2736 1631 xu,
2786 1566 2899 1634 40),
2940 1585 2967 1613 ››
3019 1565 3076 1618 in
3137 1567 3418 1636 potestate
3470 1562 3780 1618 voluntatis

468 1677 665 1724 meum,
699 1658 758 1712 id
793 1661 878 1711 est
926 1653 1348 1710 rationabilitas
1392 1667 1681 1720 meorum,
1714 1667 1843 1722 quae
1894 1652 1979 1704 est
2011 1661 2145 1720 osB
2173 1653 2538 1706 terrenorum
2565 1652 3164 1719 Judazorum,scilicet.
3190 1655 3250 1706 In
3273 1652 3384 1707 alia
3400 1652 3780 1706 translatione

469 1747 703 1812 animae,
725 1745 944 1800 adhaesit
975 1759 1079 1815 per
1115 1757 1457 1796 consensum
1502 1741 1656 1796 cami
1699 1756 1846 1805 meae,
1882 1738 1940 1791 id
1988 1740 2074 1791 est

470 1834 793 1894 carnalitati
827 1830 1296 1898 meorum..Quod
1331 1832 1416 1883 est
1440 1829 1628 1882 dicere
1654 1845 1666 1882 :
1695 1829 1809 1881 Hoc
1843 1827 1940 1880 illa
1969 1843 2072 1880 vox

473 1925 681 1994 effecit,
709 1929 771 1979 ut
813 1939 1079 1978 meorum
1123 1918 1584 1974 intellectualitas
1625 1935 1658 1972 a
1706 1915 2074 1972 sensualitate

473 2019 742 2089 superata
765 2014 855 2068 sit.
887 2015 1001 2067 Hoc
1032 2013 1228 2067 autem
1273 2009 1430 2064 idem
1490 2011 1575 2062 est
1619 2008 1774 2079 quod
1817 2005 2078 2078 superius

473 2105 716 2172 dixerat,
751 2105 896 2158 aruit
925 2119 1013 2157 cor
1039 2116 1232 2169 meum,
1266 2098 1365 2152 sed
1409 2114 1476 2152 ex
1515 2095 1715 2162 nimia,
1749 2112 1923 2166 quam
1971 2111 2076 2166 pro

470 2193 588 2251 suis
612 2193 808 2260 habet,
839 2189 1128 2246 anxietate
1176 2190 1261 2242 est
1293 2185 1627 2258 repetitum,
1650 2187 1712 2239 ut
1761 2183 1924 2238 citius
1970 2183 2076 2236 hu-

465 2281 629 2353 jusce
660 2281 742 2336 rei
769 2278 1146 2335 salvationem
1174 2276 1469 2347 impetret.

545 2371 782 2426 Ostensa
801 2366 1188 2440 percussione,
1211 2367 1268 2442 et
1299 2363 1505 2418 merito
1536 2360 1914 2434 percussionis
1947 2375 2078 2414 suo.-

474 2475 607 2514 rum
624 2461 687 2512 ut
700 2457 928 2511 veniam
945 2455 1026 2509 eis
1043 2449 1788 2523 citiusimpetret,enuntiat
1799 2451 2080 2520 quatenus

473 2564 579 2622 pro
593 2562 793 2601 eorum
807 2541 1172 2614 reparatione
1186 2541 1257 2594 sit
1274 2539 2077 2612 passurus,etresurrecturus,

474 2638 532 2691 et
558 2635 616 2690 in
635 2634 841 2689 malum
863 2629 1338 2697 ascensurus,sic.
1371 2627 1482 2682 Oro
1509 2629 1570 2680 ut
1611 2625 1935 2681 orationem
1976 2640 2080 2694 pro

473 2723 706 2780 miseria
720 2736 983 2776 meorum
1007 2719 1220 2773 factam
1234 2715 1657 2786 exaudias,qua=.
1671 2714 1904 2786 quidem
1919 2729 2084 2767 exau-

471 2812 686 2869 dienda
717 2813 823 2876 est,
858 2808 1048 2880 utipsi
1079 2809 1446 2879 reparentur.
1484 2805 1628 2858 Nam
1658 2806 1720 2856 ut
1769 2802 1874 2874 ipsi
1914 2818 2081 2873 repa-

473 2903 699 2966 rentur,
731 2898 919 2953 similis
950 2897 1129 2966 factus
1165 2911 1278 2948 sum
1300 2893 1541 2964 pelicano
1572 2890 1969 2956 solitudinis,id
1999 2891 2084 2943 est

2175 1740 2419 1794 habetur
2442 1743 2496 1793 in
2508 1743 2814 1811 parietinis.
2837 1742 3125 1796 Parietina
3144 1758 3276 1796 vero
3302 1742 3510 1796 domus
3532 1741 3783 1811 parietes

2176 1828 2552 1883 aedificiorum
2573 1830 2813 1884 dicimus
2834 1830 3158 1897 semirutos,
3181 1834 3241 1884 et
3263 1831 3600 1884 destructas.
3618 1828 3784 1884 Unde

2177 1916 2354 1971 etiam
2386 1934 2490 1988 per
2521 1918 2806 1989 parietina
2846 1919 3025 1974 Judaei
3073 1918 3278 1974 Christi
3322 1918 3604 1974 occisores
3632 1918 3785 1973 acci-

2178 2005 2434 2076 piuntur,
2467 2006 2586 2076 qui,
2620 2023 2753 2061 cum
2787 2007 2888 2062 Dei
2917 2008 3224 2064 aedificium
3259 2025 3380 2064 esse
3427 2008 3786 2076 debuissent,

2179 2110 2283 2166 per
2306 2095 2633 2164 superbiam
2653 2099 2710 2151 et
2728 2100 2937 2151 caetera
2956 2100 3190 2168 peccata
3210 2114 3313 2152 sua
3344 2113 3466 2152 sese
3489 2097 3758 2152 destruxe
3775 2126 3789 2136 -

2181 2184 2338 2237 runt.
2367 2183 2489 2237 Dixi
2521 2185 2676 2256 quod
2715 2203 2820 2256 pro
2859 2186 3227 2258 reparatione
3267 2202 3536 2241 meorum
3583 2185 3791 2242 similis

2182 2271 2319 2325 fiam
2337 2271 2683 2342 pelicano,et
2697 2273 2871 2328 etiam
2885 2290 2989 2344 pro
3003 2275 3110 2329 hac
3131 2274 3338 2329 eadem
3359 2290 3528 2329 causa
3543 2275 3788 2343 vigilavi,

2182 2357 2242 2413 id
2269 2362 2355 2413 est
2383 2376 2416 2414 a
2440 2363 2630 2416 morte
2663 2361 2755 2416 die
2786 2362 2956 2417 tertia
2985 2362 3290 2434 evigilabo,
3336 2366 3394 2418 et
3437 2366 3567 2434 post
3607 2363 3791 2431 [actus

2181 2464 2318 2515 sum,
2354 2447 2411 2504 id
2451 2451 2536 2504 est
2563 2449 2698 2504 [iam
2732 2450 2876 2506 sicut
2895 2468 3080 2522 passer
3102 2452 3370 2506 solitarius
3400 2453 3455 2504 in
3482 2458 3615 2507 tecto
3642 2449 3793 2504 nidi-

2184 2535 2384 2599 ficans,
2417 2537 2630 2593 scilicet
2655 2555 2754 2593 ero
2786 2539 2988 2594 similis
3015 2540 3230 2612 passeri
3258 2539 3514 2595 solitario
3547 2539 3607 2594 in
3635 2541 3790 2594 tecto

2185 2623 2528 2680 nidificanti.
2564 2626 2720 2682 Sicut
2753 2628 2911 2682 enim
2953 2645 3166 2698 passer,
3200 2628 3398 2683 relicto
3442 2632 3788 2684 caeterarum

2186 2712 2377 2768 avium
2426 2715 2742 2783 consortio,
2788 2716 3042 2771 solitarie
3089 2718 3148 2772 in
3193 2720 3343 2772 tecto
3391 2720 3786 2783 conversatur,

2186 2799 2262 2854 sic
2279 2806 2337 2856 et
2348 2819 2476 2874 ego,
2494 2804 2690 2858 relicto
2704 2805 3081 2876 corporaliter
3091 2807 3484 2875 apostolorum
3497 2805 3786 2860 consortio

2184 2892 2355 2945 ccelos
2368 2893 2833 2947 aceendenscum
2854 2895 3296 2966 Patre,regnum
3313 2894 3632 2949 solitarium
3649 2893 3790 2950 obti-

476 2990 735 3066 pelicano
753 2985 1038 3043 habitanti
1057 2985 1115 3039 in
1132 2982 1611 3038 solitudine.Nam
1627 2979 1772 3035 sicut
1789 2979 2082 3051 pelicanus
2109 3009 2154 3068 ο
2187 2979 2486 3034 nebo.Non
2506 2982 2690 3036 solum
2712 2985 2903 3036 autem
2922 2984 3247 3054 paravi,p_ro
3267 3000 3534 3038 meorum
3556 2999 3788 3055 repara-

478 3079 596 3137 avis
621 3080 707 3132 est
736 3074 1012 3140 solitaria,
1046 3072 1123 3126 sic
1169 3075 1228 3126 et
1255 3087 1362 3141 ego
1397 3067 1682 3124 solitarius
1713 3067 1912 3133 existo,
1943 3067 2083 3121 dum

477 3169 630 3224 solus
658 3166 716 3220 in
745 3163 1115 3220 immunitate
1142 3159 1359 3230 peccati
1392 3156 1654 3228 persisto.
1683 3156 1776 3210 Vel
1800 3155 2086 3210 solitarius

479 3273 630 3321 sum,
665 3251 915 3308 solitarie
944 3251 1014 3304 de
1027 3248 1261 3319 Virgine
1279 3249 1468 3300 natus.
1491 3245 1636 3299 Nulli
1661 3243 1817 3299 enim
1840 3243 1934 3297 alii
1957 3261 2090 3298 con-

481 3343 615 3414 tigit
646 3343 716 3396 de
747 3339 969 3412 virgine
1002 3336 1178 3392 nasci.
1217 3335 1344 3390 Sive
1381 3333 1556 3389 etiam
1606 3331 1910 3397 solitarius,
1938 3334 2090 3387 solus

484 3431 702 3488 scilicet
730 3445 833 3500 per
858 3444 952 3482 me
970 3427 1416 3480 resurrecturus.
1436 3423 1635 3476 Nullus
1650 3421 1806 3476 enim
1827 3421 1968 3475 alius
1989 3436 2092 3492 per

484 3537 545 3576 se
575 3516 905 3583 resurrexit,
955 3515 1052 3569 vel-
1088 3513 1511 3568 resurrecturus
1571 3513 1674 3564 est.
1735 3509 1898 3564 Unde
1958 3509 2092 3563 alibi

487 3606 823 3665 Psalmista:
853 3627 880 3655 «
900 3606 1054 3658 lnter
1077 3605 1338 3658 mortuos
1358 3600 1505 3655 liber
1524 3599 1700 3671 (Psal.
1721 3616 1953 3665 Lxxxvn,
1975 3601 2095 3668 6).»

489 3697 708 3756 Similis
721 3710 950 3768 quoque
968 3694 1104 3748 fiam
1121 3689 1467 3763 pelicano,in
1480 3688 1779 3760 sanguinis
1797 3687 2094 3755 effusione,

491 3791 550 3845 et
579 3787 639 3842 in
672 3785 922 3839 filiorum
948 3779 1348 3836 vivificatione.
1384 3777 1684 3834 Pelicanus
1723 3775 1880 3834 enim
1917 3777 2100 3846 pullos

491 3894 645 3942 suos,
667 3891 736 3930 eo
755 3872 912 3946 quod
935 3887 1070 3926 eum
1091 3869 1150 3924 in
1167 3868 1377 3924 faciem
1415 3866 1763 3938 percutiunt,
1792 3882 1826 3919 a
1868 3864 2098 3936 physio-

492 3964 639 4036 logis
662 3961 867 4018 dicitur
888 3958 1234 4013 interficere.
1252 3955 1468 4010 Deinde
1487 3957 1681 4008 autem
1695 3969 1896 4007 eorum
1915 3956 2102 4007 morte

495 4052 715 4118 anxius,
735 4047 1082 4121 sanguinem
1101 4045 1185 4100 sui
1207 4043 1402 4098 lateris
1421 4059 1592 4114 super
1616 4058 1714 4096 eos
1753 4040 2103 4096 effundendo

495 4139 829 4196 reviviscere
843 4134 1002 4190 facit.
1014 4134 1104 4188 Sic
1117 4132 1434 4187 etChristus
1447 4129 1592 4184 filios
1605 4128 1973 4195 suos,scilicet
1987 4145 2108 4184 om-

2190 3067 2346 3122 tionc
2371 3085 2464 3123 me
2494 3069 2808 3125 aSsimilare
2821 3071 3082 3142 pelicano
3100 3076 3158 3126 et
3180 3071 3542 3144 nycticoraci,
3574 3075 3632 3126 et
3660 3089 3788 3144 pas-

2193 3155 2326 3220 seri,
2356 3156 2453 3240 sgd
2478 3157 2654 3211 etiam
2675 3157 2950 3228 quoniam
2975 3175 3067 3212 me
3086 3159 3279 3214 adhoc
3303 3159 3517 3232 paravi,
3533 3161 3659 3230 jam
3688 3176 3791 3231 pro

2193 3259 2400 3298 eorum
2449 3247 2817 3316 reparatione
2846 3246 3127 3318 patiebar,
3161 3248 3315 3318 quod
3348 3255 3454 3301 tota
3485 3247 3590 3313 die,
3622 3247 3680 3302 id
3711 3251 3795 3302 est

2172 3329 2406 3402 -jugiter
2429 3335 2818 3403 exprobrabant
2831 3337 2965 3388 mihi
2979 3337 3186 3389 inimici
3203 3338 3307 3388 mei
3317 3334 3602 3389 Judaei.Et
3619 3335 3794 3389 etiam

2195 3417 2303 3473 hoc
2318 3422 2600 3491 patiebar,
2622 3423 2776 3493 quod
2794 3423 2874 3476 illi
2888 3422 3253 3478 inimicorum
3271 3426 3364 3494 qui
3381 3423 3676 3477 laudabant
3695 3439 3798 3489 me,

2196 3511 2807 3571 simulatoriedicendo
2837 3529 2849 3566 :
2879 3534 2907 3563 ‹‹
2934 3512 3217 3583 Magister,
3245 3512 3454 3568 scimus
3479 3511 3615 3584 quia
3632 3528 3803 3567 verax

2200 3621 2259 3660 es
2287 3601 2511 3674 (Matth.
2547 3617 2678 3665 χχιι,
2717 3603 2870 3667 16),»
2903 3604 3038 3666 etc.,
3078 3601 3341 3671 jurabant
3383 3600 3658 3655 adversum
3703 3619 3802 3668 me,

2202 3693 2259 3747 id
2293 3693 2376 3745 est
2401 3706 2507 3743 con
2509 3688 2866 3758 jurationem
2893 3688 3179 3744 faciebant
3205 3689 3505 3743 adversum
3528 3705 3646 3753 me,
3670 3706 3808 3762 quo-

2204 3780 2380 3838 modo
2415 3781 2650 3850 possent
2681 3793 2774 3831 me
2797 3777 2964 3832 laude
2981 3795 3083 3832 sua
3101 3777 3386 3850 decipere.
3405 3777 3648 3850 Exponit
3668 3795 3806 3850 ergo

2205 3883 2383 3942 quare
2431 3863 2534 3919 sibi
2585 3865 3031 3936 exprobrabant,
3071 3881 3203 3920 cum
3257 3865 3458 3920 addit:
3490 3866 3631 3920 Inde
3682 3867 3811 3920 mihi

2206 3952 2790 4027 exprobrabant,unde
2822 3953 3142 4007 laudandus
3189 3970 3371 4020 eram,
3421 3954 3556 4024 quia
3598 3954 3810 4008 scilicet

2208 4043 2622 4108 manducabam,
2651 4041 2709 4095 id
2741 4040 2984 4096 estmihi
3008 4041 3448 4112 incorporabam
3479 4058 3584 4112 per
3608 4043 3811 4098 doctri-

2209 4150 2348 4189 nam
2376 4129 2687 4196 cinercm,id
2713 4133 2798 4184 est
2821 4131 3152 4201 peccatores
3174 4131 3536 4202 pmnitentes,
3553 4140 3809 4204 tanquam

497 4247 572 4286 ne
594 4244 776 4301 genus
796 4226 1119 4280 humanum
1142 4219 1499 4275 mortalitate
1522 4216 1922 4286 damnavit,eo
1951 4217 2108 4288 quod
2131 4228 2184 4288 Ι)
2205 4237 2420 4293 panem,
2448 4219 2505 4273 id
2537 4222 2624 4272 est
2653 4217 2796 4272 sicut
2839 4218 3146 4290 discipulos
3185 4235 3363 4274 meos.
3397 4218 3494 4273 Vel
3523 4218 3602 4273 sic
3627 4236 3640 4272 :
3672 4219 3813 4283 Quia

499 4335 635 4376 eum
660 4317 717 4372 in
748 4313 955 4370 faciem
981 4311 1404 4383 percusserunt,
1439 4307 1498 4362 id
1529 4310 1614 4362 est
1636 4323 1739 4379 per
1769 4306 2106 4362 inobedien-

499 4407 644 4462 tiam
667 4404 804 4459 Adin
819 4400 993 4456 nimis
1014 4398 1405 4464 offenderunt,
1421 4412 1586 4450 more
1603 4411 1807 4450 eorum
1826 4394 1922 4466 qui
1945 4411 2111 4466 quos-

499 4496 640 4551 libet
656 4493 713 4547 in
734 4491 878 4546 facie
896 4487 1458 4560 percutiunt.Postea
1469 4483 1704 4556 quidem
1724 4481 2113 4560 eorummorti

503 4580 986 4654 compatiens,eos
998 4577 1209 4632 iterum
1222 4574 1307 4629 sui
1320 4571 1614 4644 sanguinis
1629 4571 1906 4626 effusione

502 4667 822 4727 viviﬁcavit.
853 4665 978 4720 Non
1002 4664 1187 4719 solum
1204 4665 1397 4716 autem
1414 4676 1512 4715 ero
1536 4659 1798 4731 pelicano
1822 4658 2024 4713 similis
2055 4657 2114 4712 in

506 4756 802 4831 sanguinis
833 4752 1128 4819 effusione,
1153 4751 1254 4806 sed
1282 4753 1340 4804 et
1383 4766 1483 4804 ero
1521 4750 1657 4803 sicut
1695 4750 2022 4818 nycticorax,
2056 4746 2116 4802 id

510 4852 594 4905 est
620 4845 820 4902 similis
848 4859 948 4898 ero
972 4837 1318 4913 nycticoraci
1367 4837 1428 4892 in
1479 4839 1688 4891 morte.
1745 4835 1904 4890 Sicut
1956 4836 2115 4890 enim

511 4936 839 5010 nycticorax
870 4930 1006 4997 avis,
1041 4945 1168 5001 quae
1207 4928 1376 4997 vulgo
1409 4925 1616 4980 dicitur
1662 4924 1846 4980 noctis
1892 4941 2114 4992 corvus,

511 5028 681 5082 nocte
712 5023 883 5087 volat,
913 5020 994 5073 ita
1024 5034 1132 5088 ego
1160 5015 1216 5069 in
1243 5016 1430 5068 morte
1453 5013 1725 5080 manebo,
1750 5015 1806 5066 et
1828 5013 1935 5067 hoc
1961 5013 2116 5083 quod

514 5132 613 5172 ero
629 5107 972 5184 nycticoraci
995 5104 1196 5160 similis
1211 5103 1510 5173 continget
1529 5104 1584 5155 in
1612 5101 1900 5166 domicilio,
1936 5105 1991 5154 et
2011 5117 2116 5172 per

515 5199 897 5264 domicilium,
920 5194 1246 5263 scilicetper
1270 5189 1600 5261 superbiam
1630 5189 2115 5260 Judseorum,qua3

514 5305 768 5360 congrue
799 5301 903 5358 per
927 5281 1285 5338 domicilium
1315 5278 1590 5349 accipitur
1611 5280 1848 5348 prepter
1865 5277 2118 5330 sublimi-

515 5385 722 5434 tatem.
757 5371 1122 5431 Domicilium
1172 5369 1331 5425 enim
1365 5370 1600 5423 vocatur
1639 5366 1869 5438 proprie
1901 5367 2116 5419 tectum

519 5469 746 5532 domus,
779 5462 935 5536 quod
967 5459 1224 5533 superius
1255 5460 1339 5514 est
1363 5455 1420 5512 in
1454 5455 1651 5510 domo.
1684 5454 1753 5508 Et
1782 5453 1988 5509 dicitur
2013 5454 2115 5509 do-

520 5553 819 5620 micilium,
848 5550 1007 5624 quasi
1036 5551 1241 5606 domus
1269 5545 1660 5620 supercilium.

2205 4311 2329 4382 jam
2360 4307 2502 4361 mihi
2527 4310 2692 4361 erant
2713 4306 2899 4377 panis,
2917 4306 2976 4361 id
3003 4310 3086 4361 est
3108 4307 3365 4378 jucunda
3382 4307 3812 4372 refectio.Quod

2214 4401 2300 4453 est
2318 4397 2508 4452 dicere
2535 4412 2547 4450 :
2567 4396 2699 4449 ldeo
2713 4411 2807 4449 me
2821 4394 2898 4449 im
2905 4395 3174 4468 properio
3189 4395 3430 4467 dignum
3453 4412 3578 4460 esse
3589 4401 3815 4467 reputa-

2217 4487 2378 4553 bant,
2413 4484 2548 4556 quia
2573 4483 2716 4538 sicut
2733 4484 2919 4554 justos
2950 4484 3030 4538 ita
3049 4487 3109 4538 et
3130 4486 3456 4555 peccatores
3475 4484 3816 4554 pasnitentes

2218 4574 2357 4629 mihi
2381 4573 2764 4640 attrahebam;
2783 4571 2881 4643 qui
2901 4588 3006 4642 per
3021 4571 3274 4627 cinerem
3297 4572 3722 4644 intelliguntur,
3749 4589 3816 4626 eo

2219 4663 2373 4736 quod
2391 4661 2736 4733 poenitentes
2750 4661 3014 4716 solebant
3029 4661 3283 4716 cinerem
3316 4677 3486 4732 super
3513 4666 3688 4734 caput
3714 4678 3816 4733 po-

2218 4767 2378 4817 nere,
2409 4749 2564 4822 quod
2595 4748 2825 4818 signum
2871 4753 2996 4803 erat
3023 4749 3291 4804 tristitize.
3332 4748 3410 4804 Et
3446 4749 3731 4804 miscebam
3760 4750 3817 4804 in

2216 4835 2611 4892 familiaritate
2643 4851 2777 4890 mea
2805 4843 2994 4906 potum
3034 4853 3230 4902 meum,
3266 4836 3323 4890 id
3376 4839 3463 4890 est
3492 4836 3683 4907 justas
3725 4836 3820 4908 qui

2219 4928 2386 4980 erant
2408 4923 2698 4994 jucundus
2727 4923 2868 4977 calix
2903 4941 3085 4990 meus,
3111 4941 3231 4978 cum
3259 4927 3411 4992 ﬂetu,
3443 4923 3500 4977 id
3555 4926 3640 4978 est
3691 4941 3820 4978 cum

2219 5012 2611 5085 peccatoribus
2637 5011 2970 5081 poanitendo
2990 5013 3278 5066 flentibus.
3302 5001 3465 5076 Quod
3487 5017 3574 5068 est
3594 5013 3815 5068 dicere:

2221 5103 2288 5156 Et
2309 5101 2499 5171 justus
2536 5103 2594 5154 et
2637 5104 2967 5172 peccatores
2995 5101 3376 5156 familiaritati
3406 5118 3552 5155 mea:
3604 5101 3818 5156 mistim

2219 5189 2631 5260 adjungebam.
2664 5188 2777 5242 Hoc
2810 5192 3005 5244 autem
3035 5193 3121 5242 est
3145 5189 3300 5260 quod
3327 5193 3385 5244 et
3427 5192 3653 5244 cinerem
3705 5199 3816 5244 tan-

2219 5296 2381 5349 quam
2403 5295 2602 5348 pancm
2633 5277 3044 5342 manducabam,
3073 5276 3185 5331 alia
3203 5277 3585 5333 similitudine
3611 5279 3685 5333 ad
3734 5279 3817 5332 in-

2218 5365 2600 5421 culcationem
2631 5364 2868 5419 dictum.

2289 5457 2484 5511 Posset
2497 5453 2707 5527 quieri:
2731 5454 2893 5508 Unde
2907 5453 2989 5508 eis
3005 5455 3167 5508 tanta
3182 5454 3485 5510 excaecatio
3525 5458 3587 5510 ut
3611 5455 3692 5510 sic
3719 5455 3817 5511 tibi

2220 5543 2604 5616 exprobarent
2620 5543 2647 5597 ?
2668 5542 2754 5596 Ad
2782 5543 2936 5615 quod
2957 5543 3036 5597 sic
3082 5543 3535 5615 respondetzfloc
3583 5545 3820 5617 contigit
