  <div class='ocr_page' id='page_1' title='image "/cluster/home/n/w/nwhite01/storage/ocr_20150623/152/hvd.32044054760103/588.png"; bbox 0 0 3998 6026; ppageno 0'>
   <div class='ocr_carea' id='block_1_1' title="bbox 233 316 373 381">
    <p class='ocr_par' dir='ltr' id='par_1_1' title="bbox 233 316 373 381">
     <span class='ocr_line' id='line_1_1' title="bbox 233 316 373 381; baseline -0.014 0"><span class='ocrx_word' id='word_1_1' title='bbox 233 316 373 381; x_wconf 67' lang='grc'><strong>1165</strong></span> 
     </span>
    </p>
   </div>
   <div class='ocr_carea' id='block_1_2' title="bbox 1251 306 2536 375">
    <p class='ocr_par' dir='ltr' id='par_1_2' title="bbox 1251 306 2536 375">
     <span class='ocr_line' id='line_1_2' title="bbox 1251 306 2536 375; baseline -0.002 0"><span class='ocrx_word' id='word_1_2' title='bbox 1251 308 1608 375; x_wconf 78' lang='lat' dir='ltr'><strong>RXPOSITIO</strong></span> <span class='ocrx_word' id='word_1_3' title='bbox 1640 310 1715 374; x_wconf 86' lang='lat' dir='ltr'>IN</span> <span class='ocrx_word' id='word_1_4' title='bbox 1749 307 2089 374; x_wconf 68' lang='lat' dir='ltr'><strong>PSALIOS.</strong></span> <span class='ocrx_word' id='word_1_5' title='bbox 2119 338 2190 358; x_wconf 86' lang='lat'><strong>--</strong></span> <span class='ocrx_word' id='word_1_6' title='bbox 2216 306 2416 373; x_wconf 79' lang='lat' dir='ltr'><strong>PSAL.</strong></span> <span class='ocrx_word' id='word_1_7' title='bbox 2467 309 2536 372; x_wconf 82' lang='lat' dir='ltr'><strong>CI</strong></span> 
     </span>
    </p>
   </div>
   <div class='ocr_carea' id='block_1_3' title="bbox 3409 313 3549 377">
    <p class='ocr_par' dir='ltr' id='par_1_3' title="bbox 3409 313 3549 377">
     <span class='ocr_line' id='line_1_3' title="bbox 3409 313 3549 377; baseline 0.014 -2"><span class='ocrx_word' id='word_1_8' title='bbox 3409 313 3549 377; x_wconf 70' lang='lat'><strong>“68</strong></span> 
     </span>
    </p>
   </div>
   <div class='ocr_carea' id='block_1_4' title="bbox 232 431 3553 512">
    <p class='ocr_par' dir='ltr' id='par_1_4' title="bbox 232 431 3553 512">
     <span class='ocr_line' id='line_1_4' title="bbox 232 431 3553 512; baseline 0 -15"><span class='ocrx_word' id='word_1_9' title='bbox 232 455 267 497; x_wconf 89' lang='lat' dir='ltr'><strong>a</strong></span> <span class='ocrx_word' id='word_1_10' title='bbox 284 435 446 512; x_wconf 80' lang='lat' dir='ltr'><strong>facie,</strong></span> <span class='ocrx_word' id='word_1_11' title='bbox 467 433 528 498; x_wconf 98' lang='lat' dir='ltr'><strong>id</strong></span> <span class='ocrx_word' id='word_1_12' title='bbox 547 436 635 497; x_wconf 86' lang='lat' dir='ltr'><strong>est</strong></span> <span class='ocrx_word' id='word_1_13' title='bbox 681 452 717 496; x_wconf 88' lang='lat' dir='ltr'><strong>a</strong></span> <span class='ocrx_word' id='word_1_14' title='bbox 770 432 1096 511; x_wconf 75' lang='lat' dir='ltr'><strong>praesentia,</strong></span> <span class='ocrx_word' id='word_1_15' title='bbox 1123 435 1240 507; x_wconf 62' lang='lat' dir='ltr'><strong>ira,</strong></span> <span class='ocrx_word' id='word_1_16' title='bbox 1266 434 1327 495; x_wconf 88' lang='lat' dir='ltr'><strong>id</strong></span> <span class='ocrx_word' id='word_1_17' title='bbox 1344 437 1430 495; x_wconf 85' lang='lat' dir='ltr'><strong>est</strong></span> <span class='ocrx_word' id='word_1_18' title='bbox 1443 450 1634 511; x_wconf 61' lang='lat' dir='ltr'><strong>parvas</strong></span> <span class='ocrx_word' id='word_1_19' title='bbox 1654 449 1841 511; x_wconf 68' lang='lat' dir='ltr'><strong>plenae</strong></span> <span class='ocrx_word' id='word_1_20' title='bbox 1864 434 1922 500; x_wconf 75' lang='grc' dir='ltr'>Α</span> <span class='ocrx_word' id='word_1_21' title='bbox 1948 434 2008 499; x_wconf 77' lang='lat' dir='ltr'><strong>in</strong></span> <span class='ocrx_word' id='word_1_22' title='bbox 2032 435 2374 509; x_wconf 74' lang='lat' dir='ltr'><strong>generatione</strong></span> <span class='ocrx_word' id='word_1_23' title='bbox 2412 436 2463 493; x_wconf 65' lang='grc' dir='ltr'>ει</span> <span class='ocrx_word' id='word_1_24' title='bbox 2486 434 2896 509; x_wconf 70' lang='lat' dir='ltr'><strong><em>generatim,</em></strong></span> <span class='ocrx_word' id='word_1_25' title='bbox 2954 432 3016 495; x_wconf 93' lang='lat' dir='ltr'><strong>id</strong></span> <span class='ocrx_word' id='word_1_26' title='bbox 3038 437 3125 497; x_wconf 90' lang='lat' dir='ltr'><strong>est</strong></span> <span class='ocrx_word' id='word_1_27' title='bbox 3151 431 3213 496; x_wconf 89' lang='lat' dir='ltr'><strong>in</strong></span> <span class='ocrx_word' id='word_1_28' title='bbox 3243 436 3553 511; x_wconf 65' lang='lat' dir='ltr'><strong>internum,</strong></span> 
     </span>
    </p>
   </div>
   <div class='ocr_carea' id='block_1_5' title="bbox 232 527 1849 604">
    <p class='ocr_par' dir='ltr' id='par_1_5' title="bbox 232 527 1849 604">
     <span class='ocr_line' id='line_1_5' title="bbox 232 527 1849 604; baseline -0.003 -17"><span class='ocrx_word' id='word_1_29' title='bbox 232 529 473 604; x_wconf 78' lang='lat' dir='ltr'><strong>peccati,</strong></span> <span class='ocrx_word' id='word_1_30' title='bbox 527 532 604 599; x_wconf 89' lang='lat' dir='ltr'><strong>et,</strong></span> <span class='ocrx_word' id='word_1_31' title='bbox 691 528 1077 598; x_wconf 80' lang='lat' dir='ltr'><strong>indignationis</strong></span> <span class='ocrx_word' id='word_1_32' title='bbox 1157 535 1283 595; x_wconf 66' lang='lat' dir='ltr'><strong>tuae,</strong></span> <span class='ocrx_word' id='word_1_33' title='bbox 1361 527 1421 583; x_wconf 93' lang='lat' dir='ltr'><strong>id</strong></span> <span class='ocrx_word' id='word_1_34' title='bbox 1474 529 1561 584; x_wconf 90' lang='lat' dir='ltr'><strong>est</strong></span> <span class='ocrx_word' id='word_1_35' title='bbox 1619 542 1849 599; x_wconf 81' lang='lat' dir='ltr'><strong><em>magnae</em></strong></span> 
     </span>
    </p>
   </div>
   <div class='ocr_carea' id='block_1_6' title="bbox 233 616 1851 695">
    <p class='ocr_par' dir='ltr' id='par_1_6' title="bbox 233 616 1851 695">
     <span class='ocr_line' id='line_1_6' title="bbox 233 616 1851 695; baseline -0.004 -18"><span class='ocrx_word' id='word_1_36' title='bbox 233 636 419 695; x_wconf 65' lang='lat' dir='ltr'><strong>poenae</strong></span> <span class='ocrx_word' id='word_1_37' title='bbox 443 636 479 675; x_wconf 91' lang='lat' dir='ltr'><strong>a</strong></span> <span class='ocrx_word' id='word_1_38' title='bbox 502 622 559 675; x_wconf 89' lang='lat' dir='ltr'><strong>te</strong></span> <span class='ocrx_word' id='word_1_39' title='bbox 586 617 731 673; x_wconf 91' lang='lat' dir='ltr'><strong>mihi</strong></span> <span class='ocrx_word' id='word_1_40' title='bbox 763 618 935 675; x_wconf 71' lang='lat' dir='ltr'><strong>datae.</strong></span> <span class='ocrx_word' id='word_1_41' title='bbox 957 618 1047 676; x_wconf 88' lang='lat' dir='ltr'><strong>Ira</strong></span> <span class='ocrx_word' id='word_1_42' title='bbox 1077 620 1135 673; x_wconf 90' lang='lat' dir='ltr'><strong>et</strong></span> <span class='ocrx_word' id='word_1_43' title='bbox 1188 616 1512 689; x_wconf 89' lang='lat' dir='ltr'><strong>indignatio</strong></span> <span class='ocrx_word' id='word_1_44' title='bbox 1543 632 1648 688; x_wconf 87' lang='lat' dir='ltr'><strong>pro</strong></span> <span class='ocrx_word' id='word_1_45' title='bbox 1678 631 1851 687; x_wconf 64' lang='lat' dir='ltr'><strong>praua</strong></span> 
     </span>
    </p>
   </div>
   <div class='ocr_carea' id='block_1_7' title="bbox 231 706 1845 782">
    <p class='ocr_par' dir='ltr' id='par_1_7' title="bbox 231 706 1845 782">
     <span class='ocr_line' id='line_1_7' title="bbox 231 706 1845 782; baseline -0.004 -15"><span class='ocrx_word' id='word_1_46' title='bbox 231 713 552 782; x_wconf 88' lang='lat' dir='ltr'><strong>ponuntur,</strong></span> <span class='ocrx_word' id='word_1_47' title='bbox 603 724 672 762; x_wconf 91' lang='lat' dir='ltr'><strong>eo</strong></span> <span class='ocrx_word' id='word_1_48' title='bbox 742 707 899 780; x_wconf 90' lang='lat' dir='ltr'><strong>quod</strong></span> <span class='ocrx_word' id='word_1_49' title='bbox 955 722 1142 779; x_wconf 63' lang='lat' dir='ltr'><strong>pugnae</strong></span> <span class='ocrx_word' id='word_1_50' title='bbox 1195 723 1366 762; x_wconf 88' lang='lat' dir='ltr'><strong>causa</strong></span> <span class='ocrx_word' id='word_1_51' title='bbox 1420 706 1647 761; x_wconf 90' lang='lat' dir='ltr'><strong>soleant</strong></span> <span class='ocrx_word' id='word_1_52' title='bbox 1701 722 1845 760; x_wconf 88' lang='lat' dir='ltr'><strong>esse.</strong></span> 
     </span>
    </p>
   </div>
   <div class='ocr_carea' id='block_1_8' title="bbox 233 793 1848 865">
    <p class='ocr_par' dir='ltr' id='par_1_8' title="bbox 233 793 1848 865">
     <span class='ocr_line' id='line_1_8' title="bbox 233 793 1848 865; baseline -0.005 -9"><span class='ocrx_word' id='word_1_53' title='bbox 233 798 401 864; x_wconf 83' lang='lat' dir='ltr'><strong>Quod</strong></span> <span class='ocrx_word' id='word_1_54' title='bbox 453 800 541 854; x_wconf 89' lang='lat' dir='ltr'><strong>est</strong></span> <span class='ocrx_word' id='word_1_55' title='bbox 593 795 783 852; x_wconf 88' lang='lat' dir='ltr'><strong>dicere</strong></span> <span class='ocrx_word' id='word_1_56' title='bbox 835 812 848 850; x_wconf 89' lang='lat'><strong>:</strong></span> <span class='ocrx_word' id='word_1_57' title='bbox 899 794 1045 860; x_wconf 84' lang='lat' dir='ltr'><strong>Quia</strong></span> <span class='ocrx_word' id='word_1_58' title='bbox 1093 811 1188 850; x_wconf 93' lang='lat' dir='ltr'><strong>me</strong></span> <span class='ocrx_word' id='word_1_59' title='bbox 1237 794 1511 850; x_wconf 83' lang='lat' dir='ltr'><strong>videbant</strong></span> <span class='ocrx_word' id='word_1_60' title='bbox 1563 793 1848 865; x_wconf 80' lang='lat' dir='ltr'><strong>majorem</strong></span> 
     </span>
    </p>
   </div>
   <div class='ocr_carea' id='block_1_9' title="bbox 232 882 1848 967">
    <p class='ocr_par' dir='ltr' id='par_1_9' title="bbox 232 882 1848 967">
     <span class='ocr_line' id='line_1_9' title="bbox 232 882 1848 967; baseline -0.006 -22"><span class='ocrx_word' id='word_1_61' title='bbox 232 892 294 946; x_wconf 90' lang='lat' dir='ltr'><strong>et</strong></span> <span class='ocrx_word' id='word_1_62' title='bbox 337 887 627 943; x_wconf 87' lang='lat' dir='ltr'><strong>minorem</strong></span> <span class='ocrx_word' id='word_1_63' title='bbox 679 900 914 967; x_wconf 64' lang='lat' dir='ltr'><strong>prauam</strong></span> <span class='ocrx_word' id='word_1_64' title='bbox 1017 883 1234 955; x_wconf 88' lang='lat' dir='ltr'><strong>peccati</strong></span> <span class='ocrx_word' id='word_1_65' title='bbox 1291 883 1429 939; x_wconf 62' lang='lat' dir='ltr'><strong>Adae</strong></span> <span class='ocrx_word' id='word_1_66' title='bbox 1485 882 1548 938; x_wconf 89' lang='lat' dir='ltr'><strong>in</strong></span> <span class='ocrx_word' id='word_1_67' title='bbox 1606 898 1848 956; x_wconf 90' lang='lat' dir='ltr'><strong>corpore</strong></span> 
     </span>
    </p>
   </div>
   <div class='ocr_carea' id='block_1_10' title="bbox 230 969 1846 1043">
    <p class='ocr_par' dir='ltr' id='par_1_10' title="bbox 230 969 1846 1043">
     <span class='ocr_line' id='line_1_10' title="bbox 230 969 1846 1043; baseline -0.006 -11"><span class='ocrx_word' id='word_1_68' title='bbox 230 976 407 1043; x_wconf 82' lang='lat' dir='ltr'><strong>ferre,</strong></span> <span class='ocrx_word' id='word_1_69' title='bbox 478 974 664 1031; x_wconf 91' lang='lat' dir='ltr'><strong>solum</strong></span> <span class='ocrx_word' id='word_1_70' title='bbox 721 972 1023 1033; x_wconf 84' lang='lat' dir='ltr'><strong>hominem</strong></span> <span class='ocrx_word' id='word_1_71' title='bbox 1070 971 1482 1039; x_wconf 81' lang='lat' dir='ltr'><strong>existimantes,</strong></span> <span class='ocrx_word' id='word_1_72' title='bbox 1543 970 1687 1026; x_wconf 87' lang='lat' dir='ltr'><strong>mihi</strong></span> <span class='ocrx_word' id='word_1_73' title='bbox 1734 969 1846 1024; x_wconf 90' lang='lat' dir='ltr'><strong>im-</strong></span> 
     </span>
    </p>
   </div>
   <div class='ocr_carea' id='block_1_11' title="bbox 232 1048 1847 1138">
    <p class='ocr_par' dir='ltr' id='par_1_11' title="bbox 232 1048 1847 1138">
     <span class='ocr_line' id='line_1_11' title="bbox 232 1048 1847 1138; baseline -0.009 -12"><span class='ocrx_word' id='word_1_74' title='bbox 232 1048 752 1138; x_wconf 81' lang='lat' dir='ltr'><strong>399properare</strong></span> <span class='ocrx_word' id='word_1_75' title='bbox 772 1077 891 1117; x_wconf 90' lang='lat' dir='ltr'><strong>non</strong></span> <span class='ocrx_word' id='word_1_76' title='bbox 912 1060 1276 1117; x_wconf 84' lang='lat' dir='ltr'><strong>dubitabant.</strong></span> <span class='ocrx_word' id='word_1_77' title='bbox 1307 1082 1335 1109; x_wconf 85' lang='lat'>«</span> <span class='ocrx_word' id='word_1_78' title='bbox 1368 1059 1426 1115; x_wconf 89' lang='lat' dir='ltr'><strong>Si</strong></span> <span class='ocrx_word' id='word_1_79' title='bbox 1457 1059 1616 1115; x_wconf 89' lang='lat' dir='ltr'><strong>enim</strong></span> <span class='ocrx_word' id='word_1_80' title='bbox 1632 1074 1847 1130; x_wconf 87' lang='lat' dir='ltr'><strong>cogno-</strong></span> 
     </span>
    </p>
   </div>
   <div class='ocr_carea' id='block_1_12' title="bbox 230 1147 1851 1225">
    <p class='ocr_par' dir='ltr' id='par_1_12' title="bbox 230 1147 1851 1225">
     <span class='ocr_line' id='line_1_12' title="bbox 230 1147 1851 1225; baseline -0.006 -15"><span class='ocrx_word' id='word_1_81' title='bbox 230 1155 471 1220; x_wconf 81' lang='lat' dir='ltr'><strong>v1ssent,</strong></span> <span class='ocrx_word' id='word_1_82' title='bbox 504 1167 804 1225; x_wconf 87' lang='lat' dir='ltr'><strong>nunquam</strong></span> <span class='ocrx_word' id='word_1_83' title='bbox 852 1149 1165 1205; x_wconf 91' lang='lat' dir='ltr'><strong>Dominum</strong></span> <span class='ocrx_word' id='word_1_84' title='bbox 1218 1148 1417 1221; x_wconf 70' lang='lat' dir='ltr'><strong>glorise</strong></span> <span class='ocrx_word' id='word_1_85' title='bbox 1443 1147 1851 1203; x_wconf 81' lang='lat' dir='ltr'><strong>crucifixissent</strong></span> 
     </span>
    </p>
   </div>
   <div class='ocr_carea' id='block_1_13' title="bbox 231 1235 1851 1325">
    <p class='ocr_par' dir='ltr' id='par_1_13' title="bbox 231 1235 1851 1325">
     <span class='ocr_line' id='line_1_13' title="bbox 231 1235 1851 1325; baseline -0.005 -28"><span class='ocrx_word' id='word_1_86' title='bbox 231 1240 429 1325; x_wconf 80' lang='lat' dir='ltr'><strong>(ICor,</strong></span> <span class='ocrx_word' id='word_1_87' title='bbox 460 1258 522 1308; x_wconf 90' lang='grc' dir='ltr'><strong>ιι,</strong></span> <span class='ocrx_word' id='word_1_88' title='bbox 552 1240 630 1312; x_wconf 87' lang='grc'><strong>8).</strong></span> <span class='ocrx_word' id='word_1_89' title='bbox 661 1260 691 1289; x_wconf 82' lang='grc'><strong>››</strong></span> <span class='ocrx_word' id='word_1_90' title='bbox 729 1240 796 1294; x_wconf 86' lang='lat' dir='ltr'><strong>Et</strong></span> <span class='ocrx_word' id='word_1_91' title='bbox 830 1255 964 1294; x_wconf 89' lang='lat' dir='ltr'><strong>vere</strong></span> <span class='ocrx_word' id='word_1_92' title='bbox 995 1236 1395 1309; x_wconf 88' lang='lat' dir='ltr'><strong>etindignatio</strong></span> <span class='ocrx_word' id='word_1_93' title='bbox 1418 1239 1480 1291; x_wconf 91' lang='lat' dir='ltr'><strong>et</strong></span> <span class='ocrx_word' id='word_1_94' title='bbox 1498 1235 1579 1292; x_wconf 89' lang='lat' dir='ltr'><strong>ita</strong></span> <span class='ocrx_word' id='word_1_95' title='bbox 1599 1238 1700 1291; x_wconf 89' lang='lat' dir='ltr'><strong>tua</strong></span> <span class='ocrx_word' id='word_1_96' title='bbox 1717 1237 1851 1290; x_wconf 90' lang='lat' dir='ltr'><strong>sunt</strong></span> 
     </span>
    </p>
   </div>
   <div class='ocr_carea' id='block_1_14' title="bbox 230 1324 1854 1396">
    <p class='ocr_par' dir='ltr' id='par_1_14' title="bbox 230 1324 1854 1396">
     <span class='ocr_line' id='line_1_14' title="bbox 230 1324 1854 1396; baseline -0.004 -9"><span class='ocrx_word' id='word_1_97' title='bbox 230 1324 294 1388; x_wconf 87' lang='lat' dir='ltr'><strong><em>in</em></strong></span> <span class='ocrx_word' id='word_1_98' title='bbox 325 1346 440 1386; x_wconf 89' lang='lat' dir='ltr'><strong>me.</strong></span> <span class='ocrx_word' id='word_1_99' title='bbox 470 1329 612 1396; x_wconf 81' lang='lat' dir='ltr'><strong>Quia</strong></span> <span class='ocrx_word' id='word_1_100' title='bbox 646 1328 778 1383; x_wconf 89' lang='lat' dir='ltr'><strong>licet</strong></span> <span class='ocrx_word' id='word_1_101' title='bbox 803 1326 978 1382; x_wconf 83' lang='lat' dir='ltr'><strong>fueris</strong></span> <span class='ocrx_word' id='word_1_102' title='bbox 1004 1343 1096 1381; x_wconf 91' lang='lat' dir='ltr'><strong>me</strong></span> <span class='ocrx_word' id='word_1_103' title='bbox 1125 1326 1351 1388; x_wconf 77' lang='lat' dir='ltr'><strong>elevans,</strong></span> <span class='ocrx_word' id='word_1_104' title='bbox 1382 1324 1451 1380; x_wconf 75' lang='lat' dir='ltr'><strong>id</strong></span> <span class='ocrx_word' id='word_1_105' title='bbox 1489 1328 1574 1379; x_wconf 88' lang='lat' dir='ltr'><strong>est</strong></span> <span class='ocrx_word' id='word_1_106' title='bbox 1599 1325 1854 1380; x_wconf 76' lang='lat' dir='ltr'><strong>exaltans</strong></span> 
     </span>
    </p>
   </div>
   <div class='ocr_carea' id='block_1_15' title="bbox 230 1413 1851 1485">
    <p class='ocr_par' dir='ltr' id='par_1_15' title="bbox 230 1413 1851 1485">
     <span class='ocr_line' id='line_1_15' title="bbox 230 1413 1851 1485; baseline -0.005 -9"><span class='ocrx_word' id='word_1_107' title='bbox 230 1419 294 1477; x_wconf 90' lang='lat' dir='ltr'><strong>in</strong></span> <span class='ocrx_word' id='word_1_108' title='bbox 321 1417 677 1485; x_wconf 84' lang='lat' dir='ltr'><strong>innocentia,</strong></span> <span class='ocrx_word' id='word_1_109' title='bbox 703 1420 903 1473; x_wconf 88' lang='lat' dir='ltr'><strong>tamen</strong></span> <span class='ocrx_word' id='word_1_110' title='bbox 934 1416 1148 1470; x_wconf 85' lang='lat' dir='ltr'><strong>allisisti</strong></span> <span class='ocrx_word' id='word_1_111' title='bbox 1171 1432 1274 1480; x_wconf 87' lang='lat' dir='ltr'><strong>me,</strong></span> <span class='ocrx_word' id='word_1_112' title='bbox 1296 1413 1356 1468; x_wconf 91' lang='lat' dir='ltr'><strong>id</strong></span> <span class='ocrx_word' id='word_1_113' title='bbox 1387 1413 1851 1469; x_wconf 73' lang='lat' dir='ltr'><strong>estlzesisti.Ecce</strong></span> 
     </span>
    </p>
   </div>
   <div class='ocr_carea' id='block_1_16' title="bbox 231 1501 1849 1581">
    <p class='ocr_par' dir='ltr' id='par_1_16' title="bbox 231 1501 1849 1581">
     <span class='ocr_line' id='line_1_16' title="bbox 231 1501 1849 1581; baseline -0.007 -16"><span class='ocrx_word' id='word_1_114' title='bbox 231 1507 534 1581; x_wconf 89' lang='lat' dir='ltr'><strong>quomodo</strong></span> <span class='ocrx_word' id='word_1_115' title='bbox 555 1506 800 1561; x_wconf 80' lang='lat' dir='ltr'><strong>allisisti:</strong></span> <span class='ocrx_word' id='word_1_116' title='bbox 824 1504 939 1559; x_wconf 86' lang='lat' dir='ltr'><strong>Hoc</strong></span> <span class='ocrx_word' id='word_1_117' title='bbox 965 1503 1167 1570; x_wconf 93' lang='lat' dir='ltr'><strong>modo,</strong></span> <span class='ocrx_word' id='word_1_118' title='bbox 1183 1501 1399 1558; x_wconf 84' lang='lat' dir='ltr'><strong>scilicet</strong></span> <span class='ocrx_word' id='word_1_119' title='bbox 1415 1501 1693 1573; x_wconf 91' lang='lat' dir='ltr'><strong>quoniam</strong></span> <span class='ocrx_word' id='word_1_120' title='bbox 1714 1501 1849 1555; x_wconf 76' lang='lat' dir='ltr'><strong>dies-</strong></span> 
     </span>
    </p>
   </div>
   <div class='ocr_carea' id='block_1_17' title="bbox 228 1589 1848 1659">
    <p class='ocr_par' dir='ltr' id='par_1_17' title="bbox 228 1589 1848 1659">
     <span class='ocr_line' id='line_1_17' title="bbox 228 1589 1848 1659; baseline -0.004 -8"><span class='ocrx_word' id='word_1_121' title='bbox 228 1598 337 1651; x_wconf 88' lang='lat' dir='ltr'><strong>mei</strong></span> <span class='ocrx_word' id='word_1_122' title='bbox 361 1598 496 1651; x_wconf 81' lang='lat' dir='ltr'><strong>sicut</strong></span> <span class='ocrx_word' id='word_1_123' title='bbox 526 1595 716 1648; x_wconf 90' lang='lat' dir='ltr'><strong>umbra</strong></span> <span class='ocrx_word' id='word_1_124' title='bbox 767 1593 1185 1659; x_wconf 75' lang='lat' dir='ltr'><strong>declinaverunt,</strong></span> <span class='ocrx_word' id='word_1_125' title='bbox 1214 1591 1276 1646; x_wconf 89' lang='lat' dir='ltr'><strong>id</strong></span> <span class='ocrx_word' id='word_1_126' title='bbox 1323 1594 1409 1646; x_wconf 88' lang='lat' dir='ltr'><strong>est</strong></span> <span class='ocrx_word' id='word_1_127' title='bbox 1435 1590 1557 1645; x_wconf 90' lang='lat' dir='ltr'><strong>dies</strong></span> <span class='ocrx_word' id='word_1_128' title='bbox 1586 1589 1714 1645; x_wconf 70' lang='lat' dir='ltr'><strong>vitae</strong></span> <span class='ocrx_word' id='word_1_129' title='bbox 1749 1590 1848 1645; x_wconf 89' lang='lat' dir='ltr'><strong>de-</strong></span> 
     </span>
    </p>
   </div>
   <div class='ocr_carea' id='block_1_18' title="bbox 228 1680 1846 1744">
    <p class='ocr_par' dir='ltr' id='par_1_18' title="bbox 228 1680 1846 1744">
     <span class='ocr_line' id='line_1_18' title="bbox 228 1680 1846 1744; baseline -0.006 0"><span class='ocrx_word' id='word_1_130' title='bbox 228 1684 512 1744; x_wconf 84' lang='lat' dir='ltr'><strong>fectihiles</strong></span> <span class='ocrx_word' id='word_1_131' title='bbox 530 1685 664 1740; x_wconf 88' lang='lat' dir='ltr'><strong>facti</strong></span> <span class='ocrx_word' id='word_1_132' title='bbox 700 1686 835 1738; x_wconf 88' lang='lat' dir='ltr'><strong>sunt</strong></span> <span class='ocrx_word' id='word_1_133' title='bbox 859 1683 933 1739; x_wconf 92' lang='lat' dir='ltr'><strong>ad</strong></span> <span class='ocrx_word' id='word_1_134' title='bbox 963 1683 1204 1738; x_wconf 91' lang='lat' dir='ltr'><strong>modum</strong></span> <span class='ocrx_word' id='word_1_135' title='bbox 1236 1681 1458 1736; x_wconf 72' lang='lat' dir='ltr'><strong>umbrae</strong></span> <span class='ocrx_word' id='word_1_136' title='bbox 1507 1680 1619 1735; x_wconf 92' lang='lat' dir='ltr'><strong>cito</strong></span> <span class='ocrx_word' id='word_1_137' title='bbox 1661 1684 1846 1735; x_wconf 88' lang='lat' dir='ltr'><strong>trans-</strong></span> 
     </span>
    </p>
   </div>
   <div class='ocr_carea' id='block_1_19' title="bbox 232 1761 1922 1843">
    <p class='ocr_par' dir='ltr' id='par_1_19' title="bbox 232 1761 1922 1843">
     <span class='ocr_line' id='line_1_19' title="bbox 232 1761 1922 1843; baseline -0.008 -9"><span class='ocrx_word' id='word_1_138' title='bbox 232 1774 442 1843; x_wconf 83' lang='lat' dir='ltr'><strong>euntis,</strong></span> <span class='ocrx_word' id='word_1_139' title='bbox 471 1773 657 1830; x_wconf 92' lang='lat' dir='ltr'><strong>utcito</strong></span> <span class='ocrx_word' id='word_1_140' title='bbox 681 1776 973 1827; x_wconf 85' lang='lat' dir='ltr'><strong>transeam</strong></span> <span class='ocrx_word' id='word_1_141' title='bbox 987 1771 1059 1826; x_wconf 92' lang='lat' dir='ltr'><strong>de</strong></span> <span class='ocrx_word' id='word_1_142' title='bbox 1069 1773 1240 1826; x_wconf 68' lang='lat' dir='ltr'><strong>aetate</strong></span> <span class='ocrx_word' id='word_1_143' title='bbox 1262 1769 1714 1840; x_wconf 71' lang='lat' dir='ltr'><strong>iuuatatem,quae</strong></span> <span class='ocrx_word' id='word_1_144' title='bbox 1733 1784 1850 1840; x_wconf 62' lang='grc' dir='ltr'>ραι·</span> <span class='ocrx_word' id='word_1_145' title='bbox 1872 1761 1922 1820; x_wconf 91' lang='grc' dir='ltr'>Β</span> 
     </span>
    </p>
   </div>
   <div class='ocr_carea' id='block_1_20' title="bbox 232 1856 1849 1932">
    <p class='ocr_par' dir='ltr' id='par_1_20' title="bbox 232 1856 1849 1932">
     <span class='ocr_line' id='line_1_20' title="bbox 232 1856 1849 1932; baseline -0.005 -13"><span class='ocrx_word' id='word_1_146' title='bbox 232 1880 310 1920; x_wconf 87' lang='lat' dir='ltr'><strong>na</strong></span> <span class='ocrx_word' id='word_1_147' title='bbox 336 1865 537 1918; x_wconf 89' lang='lat' dir='ltr'><strong>tamen</strong></span> <span class='ocrx_word' id='word_1_148' title='bbox 576 1860 771 1917; x_wconf 90' lang='lat' dir='ltr'><strong>minor</strong></span> <span class='ocrx_word' id='word_1_149' title='bbox 798 1863 884 1915; x_wconf 91' lang='lat' dir='ltr'><strong>est</strong></span> <span class='ocrx_word' id='word_1_150' title='bbox 914 1876 1090 1932; x_wconf 91' lang='lat' dir='ltr'><strong>quam</strong></span> <span class='ocrx_word' id='word_1_151' title='bbox 1112 1858 1299 1930; x_wconf 86' lang='lat' dir='ltr'><strong>passio</strong></span> <span class='ocrx_word' id='word_1_152' title='bbox 1327 1856 1744 1930; x_wconf 82' lang='lat' dir='ltr'><strong>angustiarum.</strong></span> <span class='ocrx_word' id='word_1_153' title='bbox 1779 1858 1849 1912; x_wconf 90' lang='lat' dir='ltr'><strong>Et</strong></span> 
     </span>
    </p>
   </div>
   <div class='ocr_carea' id='block_1_21' title="bbox 230 1945 1848 2022">
    <p class='ocr_par' dir='ltr' id='par_1_21' title="bbox 230 1945 1848 2022">
     <span class='ocr_line' id='line_1_21' title="bbox 230 1945 1848 2022; baseline -0.004 -14"><span class='ocrx_word' id='word_1_154' title='bbox 230 1953 342 2008; x_wconf 89' lang='lat' dir='ltr'><strong>hoc</strong></span> <span class='ocrx_word' id='word_1_155' title='bbox 370 1950 546 2007; x_wconf 88' lang='lat' dir='ltr'><strong>modo</strong></span> <span class='ocrx_word' id='word_1_156' title='bbox 599 1965 832 2022; x_wconf 90' lang='lat' dir='ltr'><strong>quoque</strong></span> <span class='ocrx_word' id='word_1_157' title='bbox 860 1965 943 2002; x_wconf 89' lang='lat' dir='ltr'><strong>me</strong></span> <span class='ocrx_word' id='word_1_158' title='bbox 967 1947 1194 2015; x_wconf 80' lang='lat' dir='ltr'><strong>allisisti,</strong></span> <span class='ocrx_word' id='word_1_159' title='bbox 1247 1945 1403 2018; x_wconf 90' lang='lat' dir='ltr'><strong>quod</strong></span> <span class='ocrx_word' id='word_1_160' title='bbox 1448 1961 1541 2015; x_wconf 89' lang='lat' dir='ltr'><strong>ego</strong></span> <span class='ocrx_word' id='word_1_161' title='bbox 1566 1946 1695 2001; x_wconf 86' lang='lat' dir='ltr'><strong>arui</strong></span> <span class='ocrx_word' id='word_1_162' title='bbox 1713 1947 1848 2001; x_wconf 87' lang='lat' dir='ltr'><strong>sicut</strong></span> 
     </span>
    </p>
   </div>
   <div class='ocr_carea' id='block_1_22' title="bbox 231 2034 1849 2111">
    <p class='ocr_par' dir='ltr' id='par_1_22' title="bbox 231 2034 1849 2111">
     <span class='ocr_line' id='line_1_22' title="bbox 231 2034 1849 2111; baseline -0.005 -16"><span class='ocrx_word' id='word_1_163' title='bbox 231 2040 423 2111; x_wconf 70' lang='lat' dir='ltr'><strong>fenum</strong></span> <span class='ocrx_word' id='word_1_164' title='bbox 438 2038 659 2094; x_wconf 87' lang='lat' dir='ltr'><strong>scilicet</strong></span> <span class='ocrx_word' id='word_1_165' title='bbox 686 2052 806 2093; x_wconf 84' lang='lat' dir='ltr'><strong>non</strong></span> <span class='ocrx_word' id='word_1_166' title='bbox 836 2034 1205 2092; x_wconf 87' lang='lat' dir='ltr'><strong>solummodo</strong></span> <span class='ocrx_word' id='word_1_167' title='bbox 1234 2034 1503 2088; x_wconf 90' lang='lat' dir='ltr'><strong>membra</strong></span> <span class='ocrx_word' id='word_1_168' title='bbox 1531 2048 1664 2088; x_wconf 90' lang='lat' dir='ltr'><strong>mea</strong></span> <span class='ocrx_word' id='word_1_169' title='bbox 1689 2049 1849 2088; x_wconf 89' lang='lat' dir='ltr'><strong>arue-</strong></span> 
     </span>
    </p>
   </div>
   <div class='ocr_carea' id='block_1_23' title="bbox 210 2123 1848 2201">
    <p class='ocr_par' dir='ltr' id='par_1_23' title="bbox 210 2123 1848 2201">
     <span class='ocr_line' id='line_1_23' title="bbox 210 2123 1848 2201; baseline -0.006 -14"><span class='ocrx_word' id='word_1_170' title='bbox 210 2132 391 2193; x_wconf 83' lang='lat' dir='ltr'><strong>runt,</strong></span> <span class='ocrx_word' id='word_1_171' title='bbox 418 2129 519 2185; x_wconf 91' lang='lat' dir='ltr'><strong>sed</strong></span> <span class='ocrx_word' id='word_1_172' title='bbox 538 2145 645 2201; x_wconf 83' lang='lat' dir='ltr'><strong>ego</strong></span> <span class='ocrx_word' id='word_1_173' title='bbox 670 2127 728 2183; x_wconf 93' lang='lat' dir='ltr'><strong>in</strong></span> <span class='ocrx_word' id='word_1_174' title='bbox 752 2126 987 2200; x_wconf 89' lang='lat' dir='ltr'><strong>propria</strong></span> <span class='ocrx_word' id='word_1_175' title='bbox 1028 2141 1277 2196; x_wconf 85' lang='lat' dir='ltr'><strong>persona</strong></span> <span class='ocrx_word' id='word_1_176' title='bbox 1306 2123 1615 2179; x_wconf 89' lang='lat' dir='ltr'><strong>arescibilis</strong></span> <span class='ocrx_word' id='word_1_177' title='bbox 1665 2124 1848 2179; x_wconf 87' lang='lat' dir='ltr'><strong>factus</strong></span> 
     </span>
    </p>
   </div>
   <div class='ocr_carea' id='block_1_24' title="bbox 232 2212 1850 2285">
    <p class='ocr_par' dir='ltr' id='par_1_24' title="bbox 232 2212 1850 2285">
     <span class='ocr_line' id='line_1_24' title="bbox 232 2212 1850 2285; baseline -0.006 -10"><span class='ocrx_word' id='word_1_178' title='bbox 232 2234 362 2276; x_wconf 87' lang='lat' dir='ltr'><strong>sum</strong></span> <span class='ocrx_word' id='word_1_179' title='bbox 387 2219 462 2273; x_wconf 87' lang='lat' dir='ltr'><strong>ad</strong></span> <span class='ocrx_word' id='word_1_180' title='bbox 491 2216 938 2273; x_wconf 87' lang='lat' dir='ltr'><strong>similitudinem</strong></span> <span class='ocrx_word' id='word_1_181' title='bbox 966 2213 1109 2281; x_wconf 91' lang='lat' dir='ltr'><strong>feni,</strong></span> <span class='ocrx_word' id='word_1_182' title='bbox 1143 2230 1272 2285; x_wconf 62' lang='lat' dir='ltr'><strong>quae</strong></span> <span class='ocrx_word' id='word_1_183' title='bbox 1327 2229 1498 2285; x_wconf 64' lang='lat' dir='ltr'><strong>paena</strong></span> <span class='ocrx_word' id='word_1_184' title='bbox 1545 2212 1735 2283; x_wconf 76' lang='lat' dir='ltr'><strong>major</strong></span> <span class='ocrx_word' id='word_1_185' title='bbox 1763 2215 1850 2267; x_wconf 92' lang='lat' dir='ltr'><strong>est</strong></span> 
     </span>
    </p>
   </div>
   <div class='ocr_carea' id='block_1_25' title="bbox 233 2299 1846 2379">
    <p class='ocr_par' dir='ltr' id='par_1_25' title="bbox 233 2299 1846 2379">
     <span class='ocr_line' id='line_1_25' title="bbox 233 2299 1846 2379; baseline -0.004 -18"><span class='ocrx_word' id='word_1_186' title='bbox 233 2322 412 2379; x_wconf 89' lang='lat' dir='ltr'><strong>quam</strong></span> <span class='ocrx_word' id='word_1_187' title='bbox 441 2305 667 2361; x_wconf 89' lang='lat' dir='ltr'><strong>dierum</strong></span> <span class='ocrx_word' id='word_1_188' title='bbox 702 2302 1124 2359; x_wconf 84' lang='lat' dir='ltr'><strong>defectibilitas.</strong></span> <span class='ocrx_word' id='word_1_189' title='bbox 1154 2300 1311 2356; x_wconf 91' lang='lat' dir='ltr'><strong>Sicut</strong></span> <span class='ocrx_word' id='word_1_190' title='bbox 1331 2300 1489 2354; x_wconf 91' lang='lat' dir='ltr'><strong>enim</strong></span> <span class='ocrx_word' id='word_1_191' title='bbox 1513 2299 1716 2356; x_wconf 89' lang='lat' dir='ltr'><strong>fenum</strong></span> <span class='ocrx_word' id='word_1_192' title='bbox 1734 2299 1846 2354; x_wconf 89' lang='lat' dir='ltr'><strong>cito</strong></span> 
     </span>
    </p>
   </div>
   <div class='ocr_carea' id='block_1_26' title="bbox 233 2388 1846 2466">
    <p class='ocr_par' dir='ltr' id='par_1_26' title="bbox 233 2388 1846 2466">
     <span class='ocr_line' id='line_1_26' title="bbox 233 2388 1846 2466; baseline -0.004 -17"><span class='ocrx_word' id='word_1_193' title='bbox 233 2393 443 2450; x_wconf 82' lang='lat' dir='ltr'><strong>arescit</strong></span> <span class='ocrx_word' id='word_1_194' title='bbox 471 2409 575 2466; x_wconf 89' lang='lat' dir='ltr'><strong>per</strong></span> <span class='ocrx_word' id='word_1_195' title='bbox 601 2390 983 2447; x_wconf 88' lang='lat' dir='ltr'><strong>secessionem</strong></span> <span class='ocrx_word' id='word_1_196' title='bbox 1005 2407 1040 2444; x_wconf 89' lang='lat' dir='ltr'><strong>a</strong></span> <span class='ocrx_word' id='word_1_197' title='bbox 1068 2389 1277 2456; x_wconf 90' lang='lat' dir='ltr'><strong>virore,</strong></span> <span class='ocrx_word' id='word_1_198' title='bbox 1309 2388 1388 2443; x_wconf 92' lang='lat' dir='ltr'><strong>sic</strong></span> <span class='ocrx_word' id='word_1_199' title='bbox 1407 2404 1516 2458; x_wconf 85' lang='lat' dir='ltr'><strong>ego</strong></span> <span class='ocrx_word' id='word_1_200' title='bbox 1529 2388 1846 2443; x_wconf 87' lang='lat' dir='ltr'><strong>secundum</strong></span> 
     </span>
    </p>
   </div>
   <div class='ocr_carea' id='block_1_27' title="bbox 231 2475 1846 2553">
    <p class='ocr_par' dir='ltr' id='par_1_27' title="bbox 231 2475 1846 2553">
     <span class='ocr_line' id='line_1_27' title="bbox 231 2475 1846 2553; baseline -0.005 -14"><span class='ocrx_word' id='word_1_201' title='bbox 231 2482 658 2540; x_wconf 87' lang='lat' dir='ltr'><strong>humanitatem</strong></span> <span class='ocrx_word' id='word_1_202' title='bbox 681 2496 786 2553; x_wconf 91' lang='lat' dir='ltr'><strong>per</strong></span> <span class='ocrx_word' id='word_1_203' title='bbox 823 2479 1079 2534; x_wconf 89' lang='lat' dir='ltr'><strong>assiduas</strong></span> <span class='ocrx_word' id='word_1_204' title='bbox 1100 2476 1396 2549; x_wconf 87' lang='lat' dir='ltr'><strong>passiones</strong></span> <span class='ocrx_word' id='word_1_205' title='bbox 1440 2475 1748 2531; x_wconf 91' lang='lat' dir='ltr'><strong>arescibilis</strong></span> <span class='ocrx_word' id='word_1_206' title='bbox 1762 2475 1846 2531; x_wconf 88' lang='lat' dir='ltr'><strong>fa-</strong></span> 
     </span>
    </p>
   </div>
   <div class='ocr_carea' id='block_1_28' title="bbox 233 2564 1849 2639">
    <p class='ocr_par' dir='ltr' id='par_1_28' title="bbox 233 2564 1849 2639">
     <span class='ocr_line' id='line_1_28' title="bbox 233 2564 1849 2639; baseline -0.006 -10"><span class='ocrx_word' id='word_1_207' title='bbox 233 2574 357 2629; x_wconf 90' lang='lat' dir='ltr'><strong>ctus</strong></span> <span class='ocrx_word' id='word_1_208' title='bbox 373 2587 499 2627; x_wconf 86' lang='lat' dir='ltr'><strong>sum</strong></span> <span class='ocrx_word' id='word_1_209' title='bbox 524 2587 558 2625; x_wconf 90' lang='lat' dir='ltr'><strong><em>a</em></strong></span> <span class='ocrx_word' id='word_1_210' title='bbox 575 2569 763 2625; x_wconf 87' lang='lat' dir='ltr'><strong>virore</strong></span> <span class='ocrx_word' id='word_1_211' title='bbox 776 2565 1450 2639; x_wconf 86' lang='lat' dir='ltr'><strong>impassibilitatis,quam</strong></span> <span class='ocrx_word' id='word_1_212' title='bbox 1464 2564 1729 2620; x_wconf 89' lang='lat' dir='ltr'><strong>homines</strong></span> <span class='ocrx_word' id='word_1_213' title='bbox 1744 2580 1849 2636; x_wconf 91' lang='lat' dir='ltr'><strong>per</strong></span> 
     </span>
    </p>
   </div>
   <div class='ocr_carea' id='block_1_29' title="bbox 232 2653 1851 2717">
    <p class='ocr_par' dir='ltr' id='par_1_29' title="bbox 232 2653 1851 2717">
     <span class='ocr_line' id='line_1_29' title="bbox 232 2653 1851 2717; baseline -0.004 -3"><span class='ocrx_word' id='word_1_214' title='bbox 232 2659 419 2717; x_wconf 79' lang='lat' dir='ltr'><strong>Adam</strong></span> <span class='ocrx_word' id='word_1_215' title='bbox 450 2657 787 2714; x_wconf 85' lang='lat' dir='ltr'><strong>amiserunt.</strong></span> <span class='ocrx_word' id='word_1_216' title='bbox 816 2657 925 2711; x_wconf 91' lang='lat' dir='ltr'><strong>Per</strong></span> <span class='ocrx_word' id='word_1_217' title='bbox 954 2654 1403 2710; x_wconf 89' lang='lat' dir='ltr'><strong>declinationem</strong></span> <span class='ocrx_word' id='word_1_218' title='bbox 1444 2653 1671 2709; x_wconf 88' lang='lat' dir='ltr'><strong>dierum</strong></span> <span class='ocrx_word' id='word_1_219' title='bbox 1700 2669 1851 2709; x_wconf 89' lang='lat' dir='ltr'><strong>mor-</strong></span> 
     </span>
    </p>
   </div>
   <div class='ocr_carea' id='block_1_30' title="bbox 232 2740 1849 2819">
    <p class='ocr_par' dir='ltr' id='par_1_30' title="bbox 232 2740 1849 2819">
     <span class='ocr_line' id='line_1_30' title="bbox 232 2740 1849 2819; baseline -0.006 -14"><span class='ocrx_word' id='word_1_220' title='bbox 232 2749 648 2819; x_wconf 81' lang='lat' dir='ltr'><strong>talitatem,per</strong></span> <span class='ocrx_word' id='word_1_221' title='bbox 659 2744 985 2801; x_wconf 87' lang='lat' dir='ltr'><strong>ariditatem</strong></span> <span class='ocrx_word' id='word_1_222' title='bbox 999 2746 1192 2798; x_wconf 89' lang='lat' dir='ltr'><strong>autem</strong></span> <span class='ocrx_word' id='word_1_223' title='bbox 1208 2741 1397 2801; x_wconf 89' lang='lat' dir='ltr'><strong>innuit</strong></span> <span class='ocrx_word' id='word_1_224' title='bbox 1407 2740 1849 2812; x_wconf 88' lang='lat' dir='ltr'><strong>passibilitatem</strong></span> 
     </span>
    </p>
   </div>
   <div class='ocr_carea' id='block_1_31' title="bbox 231 2829 1853 2907">
    <p class='ocr_par' dir='ltr' id='par_1_31' title="bbox 231 2829 1853 2907">
     <span class='ocr_line' id='line_1_31' title="bbox 231 2829 1853 2907; baseline -0.005 -14"><span class='ocrx_word' id='word_1_225' title='bbox 231 2836 333 2893; x_wconf 83' lang='lat' dir='ltr'><strong>Vel</strong></span> <span class='ocrx_word' id='word_1_226' title='bbox 352 2836 431 2892; x_wconf 89' lang='lat' dir='ltr'><strong>sic</strong></span> <span class='ocrx_word' id='word_1_227' title='bbox 454 2834 665 2907; x_wconf 83' lang='lat' dir='ltr'><strong>legitur</strong></span> <span class='ocrx_word' id='word_1_228' title='bbox 693 2852 727 2887; x_wconf 94' lang='lat' dir='ltr'><strong><em>a</em></strong></span> <span class='ocrx_word' id='word_1_229' title='bbox 758 2834 919 2903; x_wconf 82' lang='lat' dir='ltr'><strong>facie,</strong></span> <span class='ocrx_word' id='word_1_230' title='bbox 971 2835 1083 2889; x_wconf 88' lang='lat' dir='ltr'><strong>etc.</strong></span> <span class='ocrx_word' id='word_1_231' title='bbox 1137 2830 1261 2886; x_wconf 84' lang='lat' dir='ltr'><strong>Dixi</strong></span> <span class='ocrx_word' id='word_1_232' title='bbox 1303 2829 1460 2902; x_wconf 89' lang='lat' dir='ltr'><strong>quod</strong></span> <span class='ocrx_word' id='word_1_233' title='bbox 1486 2829 1853 2885; x_wconf 44' lang='lat' dir='ltr'><strong>mihi&#39;inimici</strong></span> 
     </span>
    </p>
   </div>
   <div class='ocr_carea' id='block_1_32' title="bbox 233 2918 1848 2995">
    <p class='ocr_par' dir='ltr' id='par_1_32' title="bbox 233 2918 1848 2995">
     <span class='ocr_line' id='line_1_32' title="bbox 233 2918 1848 2995; baseline -0.006 -15"><span class='ocrx_word' id='word_1_234' title='bbox 233 2927 341 2980; x_wconf 87' lang='lat' dir='ltr'><strong>mei</strong></span> <span class='ocrx_word' id='word_1_235' title='bbox 360 2922 768 2995; x_wconf 72' lang='lat' dir='ltr'><strong>exprobrabant,</strong></span> <span class='ocrx_word' id='word_1_236' title='bbox 802 2919 933 2976; x_wconf 90' lang='lat' dir='ltr'><strong>ideo</strong></span> <span class='ocrx_word' id='word_1_237' title='bbox 984 2918 1141 2992; x_wconf 88' lang='lat' dir='ltr'><strong>quod</strong></span> <span class='ocrx_word' id='word_1_238' title='bbox 1192 2920 1421 2974; x_wconf 85' lang='lat' dir='ltr'><strong>cinerem</strong></span> <span class='ocrx_word' id='word_1_239' title='bbox 1466 2923 1723 2989; x_wconf 81' lang='lat' dir='ltr'><strong>tanquam</strong></span> <span class='ocrx_word' id='word_1_240' title='bbox 1742 2933 1848 2989; x_wconf 78' lang='lat' dir='ltr'><strong>pa-</strong></span> 
     </span>
    </p>
   </div>
   <div class='ocr_carea' id='block_1_33' title="bbox 1949 526 3639 603">
    <p class='ocr_par' dir='ltr' id='par_1_33' title="bbox 1949 526 3639 603">
     <span class='ocr_line' id='line_1_33' title="bbox 1949 526 3639 603; baseline 0.002 -22"><span class='ocrx_word' id='word_1_241' title='bbox 1949 526 2095 593; x_wconf 91' lang='lat' dir='ltr'><strong>Quia</strong></span> <span class='ocrx_word' id='word_1_242' title='bbox 2118 544 2253 585; x_wconf 91' lang='lat' dir='ltr'><strong>vero</strong></span> <span class='ocrx_word' id='word_1_243' title='bbox 2281 527 2519 596; x_wconf 84' lang='lat' dir='ltr'><strong>obscure</strong></span> <span class='ocrx_word' id='word_1_244' title='bbox 2549 526 2788 596; x_wconf 85' lang='lat' dir='ltr'><strong>dixerat,</strong></span> <span class='ocrx_word' id='word_1_245' title='bbox 2816 528 3137 597; x_wconf 86' lang='lat' dir='ltr'><strong>memoriale,</strong></span> <span class='ocrx_word' id='word_1_246' title='bbox 3189 530 3424 603; x_wconf 83' lang='lat' dir='ltr'><strong>exponit</strong></span> <span class='ocrx_word' id='word_1_247' title='bbox 3443 530 3556 587; x_wconf 90' lang='lat' dir='ltr'><strong>hoc</strong></span> <span class='ocrx_word' id='word_1_248' title='bbox 3634 532 3639 537; x_wconf 73' lang='grc'><strong>“</strong></span> 
     </span>
    </p>
   </div>
   <div class='ocr_carea' id='block_1_34' title="bbox 1948 616 3556 675">
    <p class='ocr_par' dir='ltr' id='par_1_34' title="bbox 1948 616 3556 675">
     <span class='ocr_line' id='line_1_34' title="bbox 1948 616 3556 675; baseline 0.002 -4"><span class='ocrx_word' id='word_1_249' title='bbox 1948 616 2217 673; x_wconf 88' lang='lat' dir='ltr'><strong>addendo</strong></span> <span class='ocrx_word' id='word_1_250' title='bbox 2246 616 2326 672; x_wconf 90' lang='lat' dir='ltr'><strong>sic</strong></span> <span class='ocrx_word' id='word_1_251' title='bbox 2356 635 2369 671; x_wconf 90' lang='lat'><strong>:</strong></span> <span class='ocrx_word' id='word_1_252' title='bbox 2404 616 2545 672; x_wconf 88' lang='lat' dir='ltr'><strong>Vere</strong></span> <span class='ocrx_word' id='word_1_253' title='bbox 2574 617 2877 672; x_wconf 89' lang='lat' dir='ltr'><strong>memoriale</strong></span> <span class='ocrx_word' id='word_1_254' title='bbox 2907 619 3070 672; x_wconf 91' lang='lat' dir='ltr'><strong>tuum</strong></span> <span class='ocrx_word' id='word_1_255' title='bbox 3089 617 3267 674; x_wconf 91' lang='lat' dir='ltr'><strong>eritin</strong></span> <span class='ocrx_word' id='word_1_256' title='bbox 3286 618 3556 675; x_wconf 87' lang='lat' dir='ltr'><strong>omnibus</strong></span> 
     </span>
    </p>
   </div>
   <div class='ocr_carea' id='block_1_35' title="bbox 1948 706 2437 778">
    <p class='ocr_par' dir='ltr' id='par_1_35' title="bbox 1948 706 2437 778">
     <span class='ocr_line' id='line_1_35' title="bbox 1948 706 2437 778; baseline 0.002 -17"><span class='ocrx_word' id='word_1_257' title='bbox 1948 706 2437 778; x_wconf 89' lang='lat' dir='ltr'><strong>generationibus.</strong></span> 
     </span>
    </p>
   </div>
   <div class='ocr_carea' id='block_1_36' title="bbox 2020 840 3557 913">
    <p class='ocr_par' dir='ltr' id='par_1_36' title="bbox 2020 840 3557 913">
     <span class='ocr_line' id='line_1_36' title="bbox 2020 840 3557 913; baseline 0.004 -19"><span class='ocrx_word' id='word_1_258' title='bbox 2020 840 2105 894; x_wconf 84' lang='lat' dir='ltr'><strong>Tu</strong></span> <span class='ocrx_word' id='word_1_259' title='bbox 2136 840 2291 895; x_wconf 89' lang='lat' dir='ltr'><strong>enim</strong></span> <span class='ocrx_word' id='word_1_260' title='bbox 2330 840 2429 913; x_wconf 88' lang='lat' dir='ltr'><strong>qui</strong></span> <span class='ocrx_word' id='word_1_261' title='bbox 2460 840 2558 896; x_wconf 91' lang='lat' dir='ltr'><strong>diu</strong></span> <span class='ocrx_word' id='word_1_262' title='bbox 2583 841 2732 895; x_wconf 87' lang='lat' dir='ltr'><strong>visus</strong></span> <span class='ocrx_word' id='word_1_263' title='bbox 2763 859 2823 896; x_wconf 91' lang='lat' dir='ltr'><strong>es</strong></span> <span class='ocrx_word' id='word_1_264' title='bbox 2842 842 3063 913; x_wconf 89' lang='lat' dir='ltr'><strong>jacens,</strong></span> <span class='ocrx_word' id='word_1_265' title='bbox 3088 845 3145 897; x_wconf 92' lang='lat' dir='ltr'><strong>et</strong></span> <span class='ocrx_word' id='word_1_266' title='bbox 3178 844 3419 899; x_wconf 87' lang='lat' dir='ltr'><strong>salutem</strong></span> <span class='ocrx_word' id='word_1_267' title='bbox 3450 845 3557 900; x_wconf 83' lang='lat' dir='ltr'><strong>ho-</strong></span> 
     </span>
    </p>
   </div>
   <div class='ocr_carea' id='block_1_37' title="bbox 1948 927 3561 1001">
    <p class='ocr_par' dir='ltr' id='par_1_37' title="bbox 1948 927 3561 1001">
     <span class='ocr_line' id='line_1_37' title="bbox 1948 927 3561 1001; baseline 0.003 -18"><span class='ocrx_word' id='word_1_268' title='bbox 1948 927 2177 983; x_wconf 90' lang='lat' dir='ltr'><strong>minum</strong></span> <span class='ocrx_word' id='word_1_269' title='bbox 2202 928 2522 1001; x_wconf 86' lang='lat' dir='ltr'><strong>negligens,</strong></span> <span class='ocrx_word' id='word_1_270' title='bbox 2549 946 2829 1000; x_wconf 75' lang='lat' dir='ltr'><strong>exsurgens</strong></span> <span class='ocrx_word' id='word_1_271' title='bbox 2846 930 2918 985; x_wconf 92' lang='lat' dir='ltr'><strong>ad</strong></span> <span class='ocrx_word' id='word_1_272' title='bbox 2948 931 3324 989; x_wconf 88' lang='lat' dir='ltr'><strong>salvationem</strong></span> <span class='ocrx_word' id='word_1_273' title='bbox 3340 932 3561 988; x_wconf 83' lang='lat' dir='ltr'><strong>Misere-</strong></span> 
     </span>
    </p>
   </div>
   <div class='ocr_carea' id='block_1_38' title="bbox 1951 1016 3556 1090">
    <p class='ocr_par' dir='ltr' id='par_1_38' title="bbox 1951 1016 3556 1090">
     <span class='ocr_line' id='line_1_38' title="bbox 1951 1016 3556 1090; baseline 0.002 -17"><span class='ocrx_word' id='word_1_274' title='bbox 1951 1016 2082 1073; x_wconf 86' lang='lat' dir='ltr'><strong>beris</strong></span> <span class='ocrx_word' id='word_1_275' title='bbox 2108 1018 2262 1085; x_wconf 82' lang='lat' dir='ltr'><strong><em>Sion,</em></strong></span> <span class='ocrx_word' id='word_1_276' title='bbox 2279 1018 2338 1073; x_wconf 92' lang='lat' dir='ltr'><strong>id</strong></span> <span class='ocrx_word' id='word_1_277' title='bbox 2355 1021 2439 1073; x_wconf 90' lang='lat' dir='ltr'><strong>est</strong></span> <span class='ocrx_word' id='word_1_278' title='bbox 2462 1018 2610 1089; x_wconf 87' lang='lat' dir='ltr'><strong>parti</strong></span> <span class='ocrx_word' id='word_1_279' title='bbox 2639 1019 2968 1075; x_wconf 74' lang='lat' dir='ltr'><strong>Judmorum</strong></span> <span class='ocrx_word' id='word_1_280' title='bbox 3016 1021 3322 1090; x_wconf 70' lang='lat' dir='ltr'><strong>salvandae,</strong></span> <span class='ocrx_word' id='word_1_281' title='bbox 3353 1023 3556 1077; x_wconf 90' lang='lat' dir='ltr'><strong>remit-</strong></span> 
     </span>
    </p>
   </div>
   <div class='ocr_carea' id='block_1_39' title="bbox 1947 1105 3557 1184">
    <p class='ocr_par' dir='ltr' id='par_1_39' title="bbox 1947 1105 3557 1184">
     <span class='ocr_line' id='line_1_39' title="bbox 1947 1105 3557 1184; baseline 0.004 -24"><span class='ocrx_word' id='word_1_282' title='bbox 1947 1106 2125 1162; x_wconf 88' lang='lat' dir='ltr'><strong>tendo</strong></span> <span class='ocrx_word' id='word_1_283' title='bbox 2157 1105 2209 1160; x_wconf 91' lang='lat' dir='ltr'><strong>ei</strong></span> <span class='ocrx_word' id='word_1_284' title='bbox 2252 1110 2487 1178; x_wconf 90' lang='lat' dir='ltr'><strong>peccata</strong></span> <span class='ocrx_word' id='word_1_285' title='bbox 2530 1121 2634 1178; x_wconf 90' lang='lat' dir='ltr'><strong>per</strong></span> <span class='ocrx_word' id='word_1_286' title='bbox 2689 1107 3024 1179; x_wconf 77' lang='lat' dir='ltr'><strong>pmnitatem</strong></span> <span class='ocrx_word' id='word_1_287' title='bbox 3083 1112 3141 1163; x_wconf 88' lang='lat' dir='ltr'><strong>et</strong></span> <span class='ocrx_word' id='word_1_288' title='bbox 3193 1109 3390 1179; x_wconf 84' lang='lat' dir='ltr'><strong>fidem,</strong></span> <span class='ocrx_word' id='word_1_289' title='bbox 3430 1113 3557 1184; x_wconf 83' lang='lat' dir='ltr'><strong>quia</strong></span> 
     </span>
    </p>
   </div>
   <div class='ocr_carea' id='block_1_40' title="bbox 1944 1195 3555 1273">
    <p class='ocr_par' dir='ltr' id='par_1_40' title="bbox 1944 1195 3555 1273">
     <span class='ocr_line' id='line_1_40' title="bbox 1944 1195 3555 1273; baseline 0.004 -23"><span class='ocrx_word' id='word_1_290' title='bbox 1944 1195 2067 1267; x_wconf 88' lang='lat' dir='ltr'><strong>jam</strong></span> <span class='ocrx_word' id='word_1_291' title='bbox 2100 1195 2241 1249; x_wconf 86' lang='lat' dir='ltr'><strong>venit</strong></span> <span class='ocrx_word' id='word_1_292' title='bbox 2273 1201 2473 1266; x_wconf 84' lang='lat' dir='ltr'><strong>tempus</strong></span> <span class='ocrx_word' id='word_1_293' title='bbox 2490 1196 2771 1250; x_wconf 85' lang='lat' dir='ltr'><strong>miserendi</strong></span> <span class='ocrx_word' id='word_1_294' title='bbox 2792 1198 2923 1267; x_wconf 83' lang='lat' dir='ltr'><strong>ejus,</strong></span> <span class='ocrx_word' id='word_1_295' title='bbox 2958 1196 3174 1252; x_wconf 89' lang='lat' dir='ltr'><strong>scilicet</strong></span> <span class='ocrx_word' id='word_1_296' title='bbox 3195 1201 3424 1271; x_wconf 88' lang='lat' dir='ltr'><strong>tempus</strong></span> <span class='ocrx_word' id='word_1_297' title='bbox 3437 1202 3555 1273; x_wconf 87' lang='lat' dir='ltr'><strong>ple-</strong></span> 
     </span>
    </p>
   </div>
   <div class='ocr_carea' id='block_1_41' title="bbox 1951 1283 3558 1359">
    <p class='ocr_par' dir='ltr' id='par_1_41' title="bbox 1951 1283 3558 1359">
     <span class='ocr_line' id='line_1_41' title="bbox 1951 1283 3558 1359; baseline 0.004 -21"><span class='ocrx_word' id='word_1_298' title='bbox 1951 1283 2251 1343; x_wconf 88' lang='lat' dir='ltr'><strong>nitudinis.</strong></span> <span class='ocrx_word' id='word_1_299' title='bbox 2280 1284 2435 1355; x_wconf 91' lang='lat' dir='ltr'><strong>quod</strong></span> <span class='ocrx_word' id='word_1_300' title='bbox 2465 1284 2537 1338; x_wconf 89' lang='lat' dir='ltr'><strong>ab</strong></span> <span class='ocrx_word' id='word_1_301' title='bbox 2565 1287 2783 1339; x_wconf 67' lang='lat' dir='ltr'><strong>aeterno</strong></span> <span class='ocrx_word' id='word_1_302' title='bbox 2808 1284 3159 1355; x_wconf 89' lang='lat' dir='ltr'><strong>disposuisti,</strong></span> <span class='ocrx_word' id='word_1_303' title='bbox 3187 1290 3250 1341; x_wconf 89' lang='lat' dir='ltr'><strong>ut</strong></span> <span class='ocrx_word' id='word_1_304' title='bbox 3278 1287 3336 1341; x_wconf 93' lang='lat' dir='ltr'><strong>in</strong></span> <span class='ocrx_word' id='word_1_305' title='bbox 3351 1305 3417 1344; x_wconf 90' lang='lat' dir='ltr'><strong>eo</strong></span> <span class='ocrx_word' id='word_1_306' title='bbox 3435 1289 3558 1359; x_wconf 87' lang='lat' dir='ltr'><strong>ejus</strong></span> 
     </span>
    </p>
   </div>
   <div class='ocr_carea' id='block_1_42' title="bbox 1954 1370 3557 1447">
    <p class='ocr_par' dir='ltr' id='par_1_42' title="bbox 1954 1370 3557 1447">
     <span class='ocr_line' id='line_1_42' title="bbox 1954 1370 3557 1447; baseline 0.004 -21"><span class='ocrx_word' id='word_1_307' title='bbox 1954 1370 2090 1427; x_wconf 89' lang='lat' dir='ltr'><strong>Sion</strong></span> <span class='ocrx_word' id='word_1_308' title='bbox 2120 1370 2443 1426; x_wconf 89' lang='lat' dir='ltr'><strong>miserearis</strong></span> <span class='ocrx_word' id='word_1_309' title='bbox 2468 1392 2480 1427; x_wconf 92' lang='lat'>:</span> <span class='ocrx_word' id='word_1_310' title='bbox 2516 1370 2654 1438; x_wconf 82' lang='lat' dir='ltr'><strong>Quia</strong></span> <span class='ocrx_word' id='word_1_311' title='bbox 2700 1374 2862 1439; x_wconf 83' lang='lat' dir='ltr'><strong>venit,</strong></span> <span class='ocrx_word' id='word_1_312' title='bbox 2891 1372 3151 1445; x_wconf 90' lang='lat' dir='ltr'><strong>inquam,</strong></span> <span class='ocrx_word' id='word_1_313' title='bbox 3180 1381 3380 1447; x_wconf 81' lang='lat' dir='ltr'><strong>tempus</strong></span> <span class='ocrx_word' id='word_1_314' title='bbox 3404 1380 3557 1432; x_wconf 88' lang='lat' dir='ltr'><strong>mise-</strong></span> 
     </span>
    </p>
   </div>
   <div class='ocr_carea' id='block_1_43' title="bbox 1950 1460 3562 1534">
    <p class='ocr_par' dir='ltr' id='par_1_43' title="bbox 1950 1460 3562 1534">
     <span class='ocr_line' id='line_1_43' title="bbox 1950 1460 3562 1534; baseline 0.006 -22"><span class='ocrx_word' id='word_1_315' title='bbox 1950 1460 2121 1515; x_wconf 85' lang='lat' dir='ltr'><strong>rendi.</strong></span> <span class='ocrx_word' id='word_1_316' title='bbox 2150 1460 2267 1515; x_wconf 85' lang='lat' dir='ltr'><strong>Hoc</strong></span> <span class='ocrx_word' id='word_1_317' title='bbox 2298 1463 2492 1515; x_wconf 90' lang='lat' dir='ltr'><strong>autem</strong></span> <span class='ocrx_word' id='word_1_318' title='bbox 2526 1460 2736 1534; x_wconf 90' lang='lat' dir='ltr'><strong>repetit</strong></span> <span class='ocrx_word' id='word_1_319' title='bbox 2761 1476 2828 1515; x_wconf 83' lang='lat' dir='ltr'><strong>ex</strong></span> <span class='ocrx_word' id='word_1_320' title='bbox 2846 1460 3028 1517; x_wconf 91' lang='lat' dir='ltr'><strong>nimia</strong></span> <span class='ocrx_word' id='word_1_321' title='bbox 3053 1462 3355 1519; x_wconf 73' lang='lat' dir='ltr'><strong>affectione</strong></span> <span class='ocrx_word' id='word_1_322' title='bbox 3386 1466 3562 1521; x_wconf 87' lang='lat' dir='ltr'><strong>salva-</strong></span> 
     </span>
    </p>
   </div>
   <div class='ocr_carea' id='block_1_44' title="bbox 1949 1547 3559 1624">
    <p class='ocr_par' dir='ltr' id='par_1_44' title="bbox 1949 1547 3559 1624">
     <span class='ocr_line' id='line_1_44' title="bbox 1949 1547 3559 1624; baseline 0.003 -21"><span class='ocrx_word' id='word_1_323' title='bbox 1949 1547 2122 1603; x_wconf 88' lang='lat' dir='ltr'><strong>tionis</strong></span> <span class='ocrx_word' id='word_1_324' title='bbox 2147 1564 2404 1603; x_wconf 91' lang='lat' dir='ltr'><strong>suorum.</strong></span> <span class='ocrx_word' id='word_1_325' title='bbox 2441 1548 2509 1602; x_wconf 88' lang='lat' dir='ltr'><strong>Et</strong></span> <span class='ocrx_word' id='word_1_326' title='bbox 2535 1564 2641 1620; x_wconf 91' lang='lat' dir='ltr'><strong>per</strong></span> <span class='ocrx_word' id='word_1_327' title='bbox 2670 1548 2779 1603; x_wconf 91' lang='lat' dir='ltr'><strong>hoc</strong></span> <span class='ocrx_word' id='word_1_328' title='bbox 2805 1550 3147 1618; x_wconf 85' lang='lat' dir='ltr'><strong>misereberis,</strong></span> <span class='ocrx_word' id='word_1_329' title='bbox 3166 1555 3421 1624; x_wconf 83' lang='lat' dir='ltr'><strong>quoniam</strong></span> <span class='ocrx_word' id='word_1_330' title='bbox 3449 1571 3559 1608; x_wconf 86' lang='lat' dir='ltr'><strong>ser-</strong></span> 
     </span>
    </p>
   </div>
   <div class='ocr_carea' id='block_1_45' title="bbox 1949 1635 3561 1712">
    <p class='ocr_par' dir='ltr' id='par_1_45' title="bbox 1949 1635 3561 1712">
     <span class='ocr_line' id='line_1_45' title="bbox 1949 1635 3561 1712; baseline 0.004 -20"><span class='ocrx_word' id='word_1_331' title='bbox 1949 1638 2032 1692; x_wconf 82' lang='lat' dir='ltr'><strong>vis</strong></span> <span class='ocrx_word' id='word_1_332' title='bbox 2057 1639 2182 1704; x_wconf 86' lang='lat' dir='ltr'><strong>tuis,</strong></span> <span class='ocrx_word' id='word_1_333' title='bbox 2210 1636 2502 1707; x_wconf 90' lang='lat' dir='ltr'><strong>discipulis</strong></span> <span class='ocrx_word' id='word_1_334' title='bbox 2530 1635 2672 1691; x_wconf 90' lang='lat' dir='ltr'><strong>meis</strong></span> <span class='ocrx_word' id='word_1_335' title='bbox 2683 1637 3028 1708; x_wconf 85' lang='lat' dir='ltr'><strong>placuerunt,</strong></span> <span class='ocrx_word' id='word_1_336' title='bbox 3057 1638 3114 1694; x_wconf 93' lang='lat' dir='ltr'><strong>id</strong></span> <span class='ocrx_word' id='word_1_337' title='bbox 3143 1644 3229 1695; x_wconf 89' lang='lat' dir='ltr'><strong>est</strong></span> <span class='ocrx_word' id='word_1_338' title='bbox 3249 1642 3561 1712; x_wconf 85' lang='lat' dir='ltr'><strong>placebunt</strong></span> 
     </span>
    </p>
   </div>
   <div class='ocr_carea' id='block_1_46' title="bbox 1948 1724 3554 1800">
    <p class='ocr_par' dir='ltr' id='par_1_46' title="bbox 1948 1724 3554 1800">
     <span class='ocr_line' id='line_1_46' title="bbox 1948 1724 3554 1800; baseline 0.005 -21"><span class='ocrx_word' id='word_1_339' title='bbox 1948 1726 2146 1797; x_wconf 80' lang='lat' dir='ltr'><strong>lapides</strong></span> <span class='ocrx_word' id='word_1_340' title='bbox 2173 1726 2305 1797; x_wconf 85' lang='lat' dir='ltr'><strong>ejus,</strong></span> <span class='ocrx_word' id='word_1_341' title='bbox 2324 1724 2484 1792; x_wconf 91' lang='lat' dir='ltr'><strong>Sion,</strong></span> <span class='ocrx_word' id='word_1_342' title='bbox 2534 1725 2595 1779; x_wconf 91' lang='lat' dir='ltr'><strong>id</strong></span> <span class='ocrx_word' id='word_1_343' title='bbox 2622 1728 2707 1779; x_wconf 91' lang='lat' dir='ltr'><strong>est</strong></span> <span class='ocrx_word' id='word_1_344' title='bbox 2756 1724 3065 1797; x_wconf 72' lang='lat' dir='ltr'><strong>Scriptura:</strong></span> <span class='ocrx_word' id='word_1_345' title='bbox 3118 1731 3554 1800; x_wconf 88' lang='lat' dir='ltr'><strong>prophetarum,</strong></span> 
     </span>
    </p>
   </div>
   <div class='ocr_carea' id='block_1_47' title="bbox 1948 1813 3558 1888">
    <p class='ocr_par' dir='ltr' id='par_1_47' title="bbox 1948 1813 3558 1888">
     <span class='ocr_line' id='line_1_47' title="bbox 1948 1813 3558 1888; baseline 0.004 -20"><span class='ocrx_word' id='word_1_346' title='bbox 1948 1813 2046 1888; x_wconf 86' lang='lat' dir='ltr'><strong>qui</strong></span> <span class='ocrx_word' id='word_1_347' title='bbox 2075 1813 2565 1886; x_wconf 86' lang='lat' dir='ltr'><strong>fueruntlapides,</strong></span> <span class='ocrx_word' id='word_1_348' title='bbox 2600 1813 2656 1868; x_wconf 90' lang='lat' dir='ltr'><strong>id</strong></span> <span class='ocrx_word' id='word_1_349' title='bbox 2686 1817 2771 1868; x_wconf 91' lang='lat' dir='ltr'><strong>est</strong></span> <span class='ocrx_word' id='word_1_350' title='bbox 2822 1831 2926 1887; x_wconf 91' lang='lat' dir='ltr'><strong>per</strong></span> <span class='ocrx_word' id='word_1_351' title='bbox 2963 1815 3288 1872; x_wconf 89' lang='lat' dir='ltr'><strong>doctrinam</strong></span> <span class='ocrx_word' id='word_1_352' title='bbox 3320 1818 3558 1875; x_wconf 90' lang='lat' dir='ltr'><strong>fuerunt</strong></span> 
     </span>
    </p>
   </div>
   <div class='ocr_carea' id='block_1_48' title="bbox 1945 1901 3557 1975">
    <p class='ocr_par' dir='ltr' id='par_1_48' title="bbox 1945 1901 3557 1975">
     <span class='ocr_line' id='line_1_48' title="bbox 1945 1901 3557 1975; baseline 0.005 -20"><span class='ocrx_word' id='word_1_353' title='bbox 1945 1901 2163 1975; x_wconf 88' lang='lat' dir='ltr'><strong>lapides</strong></span> <span class='ocrx_word' id='word_1_354' title='bbox 2194 1901 2580 1971; x_wconf 83' lang='lat' dir='ltr'><strong>fundamenti,</strong></span> <span class='ocrx_word' id='word_1_355' title='bbox 2615 1901 2674 1956; x_wconf 91' lang='lat' dir='ltr'><strong>in</strong></span> <span class='ocrx_word' id='word_1_356' title='bbox 2728 1918 2978 1974; x_wconf 90' lang='lat' dir='ltr'><strong>quorum</strong></span> <span class='ocrx_word' id='word_1_357' title='bbox 3023 1904 3286 1961; x_wconf 89' lang='lat' dir='ltr'><strong>doctrina</strong></span> <span class='ocrx_word' id='word_1_358' title='bbox 3312 1907 3557 1963; x_wconf 89' lang='lat' dir='ltr'><strong>Ecclesia</strong></span> 
     </span>
    </p>
   </div>
   <div class='ocr_carea' id='block_1_49' title="bbox 1944 1989 3558 2065">
    <p class='ocr_par' dir='ltr' id='par_1_49' title="bbox 1944 1989 3558 2065">
     <span class='ocr_line' id='line_1_49' title="bbox 1944 1989 3558 2065; baseline 0.004 -21"><span class='ocrx_word' id='word_1_359' title='bbox 1944 1989 2237 2062; x_wconf 88' lang='lat' dir='ltr'><strong>primitiva</strong></span> <span class='ocrx_word' id='word_1_360' title='bbox 2266 1990 2623 2058; x_wconf 88' lang='lat' dir='ltr'><strong>fundaretur,</strong></span> <span class='ocrx_word' id='word_1_361' title='bbox 2656 1997 2705 2044; x_wconf 91' lang='lat' dir='ltr'><strong>et</strong></span> <span class='ocrx_word' id='word_1_362' title='bbox 2729 1989 2833 2062; x_wconf 90' lang='lat' dir='ltr'><strong>ipsi</strong></span> <span class='ocrx_word' id='word_1_363' title='bbox 2863 1991 3009 2046; x_wconf 86' lang='lat' dir='ltr'><strong>servi</strong></span> <span class='ocrx_word' id='word_1_364' title='bbox 3031 1994 3271 2065; x_wconf 88' lang='lat' dir='ltr'><strong>apostoli</strong></span> <span class='ocrx_word' id='word_1_365' title='bbox 3294 1995 3558 2052; x_wconf 88' lang='lat' dir='ltr'><strong>doctrina</strong></span> 
     </span>
    </p>
   </div>
   <div class='ocr_carea' id='block_1_50' title="bbox 1946 2078 3552 2155">
    <p class='ocr_par' dir='ltr' id='par_1_50' title="bbox 1946 2078 3552 2155">
     <span class='ocr_line' id='line_1_50' title="bbox 1946 2078 3552 2155; baseline 0.002 -20"><span class='ocrx_word' id='word_1_366' title='bbox 1946 2079 2203 2150; x_wconf 88' lang='lat' dir='ltr'><strong>lapidum</strong></span> <span class='ocrx_word' id='word_1_367' title='bbox 2235 2078 2372 2134; x_wconf 92' lang='lat' dir='ltr'><strong>Sion</strong></span> <span class='ocrx_word' id='word_1_368' title='bbox 2399 2078 2629 2147; x_wconf 88' lang='lat' dir='ltr'><strong>imbuti,</strong></span> <span class='ocrx_word' id='word_1_369' title='bbox 2662 2079 3048 2135; x_wconf 78' lang='lat' dir='ltr'><strong>miserebantur</strong></span> <span class='ocrx_word' id='word_1_370' title='bbox 3079 2088 3232 2137; x_wconf 70' lang='lat' dir='ltr'><strong>terra:</strong></span> <span class='ocrx_word' id='word_1_371' title='bbox 3252 2084 3364 2155; x_wconf 85' lang='lat' dir='ltr'><strong>ejus</strong></span> <span class='ocrx_word' id='word_1_372' title='bbox 3390 2084 3552 2154; x_wconf 90' lang='lat' dir='ltr'><strong>Sion,</strong></span> 
     </span>
    </p>
   </div>
   <div class='ocr_carea' id='block_1_51' title="bbox 1946 2167 3553 2240">
    <p class='ocr_par' dir='ltr' id='par_1_51' title="bbox 1946 2167 3553 2240">
     <span class='ocr_line' id='line_1_51' title="bbox 1946 2167 3553 2240; baseline 0.004 -18"><span class='ocrx_word' id='word_1_373' title='bbox 1946 2167 2007 2222; x_wconf 91' lang='lat' dir='ltr'><strong>id</strong></span> <span class='ocrx_word' id='word_1_374' title='bbox 2031 2171 2116 2221; x_wconf 90' lang='lat' dir='ltr'><strong>est</strong></span> <span class='ocrx_word' id='word_1_375' title='bbox 2131 2167 2361 2223; x_wconf 91' lang='lat' dir='ltr'><strong>illorum</strong></span> <span class='ocrx_word' id='word_1_376' title='bbox 2383 2167 2813 2223; x_wconf 87' lang='lat' dir='ltr'><strong>miserebuntur</strong></span> <span class='ocrx_word' id='word_1_377' title='bbox 2833 2168 2967 2240; x_wconf 91' lang='lat' dir='ltr'><strong>quia</strong></span> <span class='ocrx_word' id='word_1_378' title='bbox 2979 2170 3164 2225; x_wconf 89' lang='lat' dir='ltr'><strong>adhuc</strong></span> <span class='ocrx_word' id='word_1_379' title='bbox 3176 2175 3329 2226; x_wconf 88' lang='lat' dir='ltr'><strong>terra</strong></span> <span class='ocrx_word' id='word_1_380' title='bbox 3346 2176 3477 2227; x_wconf 86' lang='lat' dir='ltr'><strong>sunt</strong></span> <span class='ocrx_word' id='word_1_381' title='bbox 3494 2173 3553 2229; x_wconf 92' lang='lat' dir='ltr'><strong>in</strong></span> 
     </span>
    </p>
   </div>
   <div class='ocr_carea' id='block_1_52' title="bbox 1945 2254 3554 2328">
    <p class='ocr_par' dir='ltr' id='par_1_52' title="bbox 1945 2254 3554 2328">
     <span class='ocr_line' id='line_1_52' title="bbox 1945 2254 3554 2328; baseline 0.004 -19"><span class='ocrx_word' id='word_1_382' title='bbox 1945 2254 2179 2310; x_wconf 76' lang='lat' dir='ltr'><strong>Iudaico</strong></span> <span class='ocrx_word' id='word_1_383' title='bbox 2208 2255 2508 2328; x_wconf 91' lang='lat' dir='ltr'><strong>populo,id</strong></span> <span class='ocrx_word' id='word_1_384' title='bbox 2539 2259 2622 2310; x_wconf 90' lang='lat' dir='ltr'><strong>est</strong></span> <span class='ocrx_word' id='word_1_385' title='bbox 2648 2256 2892 2325; x_wconf 87' lang='lat' dir='ltr'><strong>terreni;</strong></span> <span class='ocrx_word' id='word_1_386' title='bbox 2915 2259 2998 2311; x_wconf 89' lang='lat' dir='ltr'><strong>vel</strong></span> <span class='ocrx_word' id='word_1_387' title='bbox 3032 2258 3272 2326; x_wconf 89' lang='lat' dir='ltr'><strong>terra,id</strong></span> <span class='ocrx_word' id='word_1_388' title='bbox 3294 2261 3554 2316; x_wconf 89' lang='lat' dir='ltr'><strong>estculti-</strong></span> 
     </span>
    </p>
   </div>
   <div class='ocr_carea' id='block_1_53' title="bbox 1947 2344 3554 2421">
    <p class='ocr_par' dir='ltr' id='par_1_53' title="bbox 1947 2344 3554 2421">
     <span class='ocr_line' id='line_1_53' title="bbox 1947 2344 3554 2421; baseline 0.003 -21"><span class='ocrx_word' id='word_1_389' title='bbox 1947 2344 2110 2411; x_wconf 86' lang='lat' dir='ltr'><strong>biles,</strong></span> <span class='ocrx_word' id='word_1_390' title='bbox 2137 2348 2199 2398; x_wconf 92' lang='lat' dir='ltr'><strong>ut</strong></span> <span class='ocrx_word' id='word_1_391' title='bbox 2220 2347 2375 2399; x_wconf 87' lang='lat' dir='ltr'><strong>terra</strong></span> <span class='ocrx_word' id='word_1_392' title='bbox 2399 2344 2675 2399; x_wconf 73' lang='lat' dir='ltr'><strong>doctrina:</strong></span> <span class='ocrx_word' id='word_1_393' title='bbox 2699 2362 2897 2400; x_wconf 89' lang='lat' dir='ltr'><strong>semen</strong></span> <span class='ocrx_word' id='word_1_394' title='bbox 2920 2346 2979 2401; x_wconf 90' lang='lat' dir='ltr'><strong>in</strong></span> <span class='ocrx_word' id='word_1_395' title='bbox 3001 2348 3173 2402; x_wconf 90' lang='lat' dir='ltr'><strong>corde</strong></span> <span class='ocrx_word' id='word_1_396' title='bbox 3193 2348 3554 2421; x_wconf 84' lang='lat' dir='ltr'><strong>recipientes,</strong></span> 
     </span>
    </p>
   </div>
   <div class='ocr_carea' id='block_1_54' title="bbox 1947 2432 3558 2500">
    <p class='ocr_par' dir='ltr' id='par_1_54' title="bbox 1947 2432 3558 2500">
     <span class='ocr_line' id='line_1_54' title="bbox 1947 2432 3558 2500; baseline 0.003 -13"><span class='ocrx_word' id='word_1_397' title='bbox 1947 2432 2350 2500; x_wconf 84' lang='lat' dir='ltr'><strong>miserebuntur,</strong></span> <span class='ocrx_word' id='word_1_398' title='bbox 2383 2432 2599 2487; x_wconf 89' lang='lat' dir='ltr'><strong>scilicet</strong></span> <span class='ocrx_word' id='word_1_399' title='bbox 2634 2436 2803 2487; x_wconf 66' lang='lat' dir='ltr'><strong>terra:</strong></span> <span class='ocrx_word' id='word_1_400' title='bbox 2834 2434 2885 2488; x_wconf 88' lang='lat' dir='ltr'><strong>ei</strong></span> <span class='ocrx_word' id='word_1_401' title='bbox 2917 2435 3242 2491; x_wconf 88' lang='lat' dir='ltr'><strong>doctrinam</strong></span> <span class='ocrx_word' id='word_1_402' title='bbox 3275 2437 3558 2493; x_wconf 80' lang='lat' dir='ltr'><strong>obscuris--</strong></span> 
     </span>
    </p>
   </div>
   <div class='ocr_carea' id='block_1_55' title="bbox 1946 2505 3561 2598">
    <p class='ocr_par' dir='ltr' id='par_1_55' title="bbox 1946 2505 3561 2598">
     <span class='ocr_line' id='line_1_55' title="bbox 1946 2505 3561 2598; baseline 0.004 -23"><span class='ocrx_word' id='word_1_403' title='bbox 1946 2520 2155 2576; x_wconf 88' lang='lat' dir='ltr'><strong>simam</strong></span> <span class='ocrx_word' id='word_1_404' title='bbox 2176 2505 3131 2594; x_wconf 75' lang='lat' dir='ltr'><strong>prophetarum400aperiendo,</strong></span> <span class='ocrx_word' id='word_1_405' title='bbox 3155 2527 3211 2579; x_wconf 92' lang='lat' dir='ltr'><strong>et</strong></span> <span class='ocrx_word' id='word_1_406' title='bbox 3232 2541 3335 2598; x_wconf 87' lang='lat' dir='ltr'><strong>per</strong></span> <span class='ocrx_word' id='word_1_407' title='bbox 3365 2525 3474 2582; x_wconf 88' lang='lat' dir='ltr'><strong>hoc</strong></span> <span class='ocrx_word' id='word_1_408' title='bbox 3485 2526 3561 2581; x_wconf 89' lang='lat' dir='ltr'><strong>ad</strong></span> 
     </span>
    </p>
   </div>
   <div class='ocr_carea' id='block_1_56' title="bbox 1950 2609 3562 2685">
    <p class='ocr_par' dir='ltr' id='par_1_56' title="bbox 1950 2609 3562 2685">
     <span class='ocr_line' id='line_1_56' title="bbox 1950 2609 3562 2685; baseline 0.005 -21"><span class='ocrx_word' id='word_1_409' title='bbox 1950 2610 2148 2676; x_wconf 80' lang='lat' dir='ltr'><strong>ﬁdem,</strong></span> <span class='ocrx_word' id='word_1_410' title='bbox 2182 2613 2240 2664; x_wconf 92' lang='lat' dir='ltr'><strong>et</strong></span> <span class='ocrx_word' id='word_1_411' title='bbox 2269 2609 2341 2665; x_wconf 92' lang='lat' dir='ltr'><strong>ad</strong></span> <span class='ocrx_word' id='word_1_412' title='bbox 2361 2609 2631 2682; x_wconf 89' lang='lat' dir='ltr'><strong>baptismi</strong></span> <span class='ocrx_word' id='word_1_413' title='bbox 2662 2611 2912 2683; x_wconf 89' lang='lat' dir='ltr'><strong>gratiam</strong></span> <span class='ocrx_word' id='word_1_414' title='bbox 2946 2629 3075 2666; x_wconf 89' lang='lat' dir='ltr'><strong>eam</strong></span> <span class='ocrx_word' id='word_1_415' title='bbox 3107 2615 3476 2685; x_wconf 81' lang='lat' dir='ltr'><strong>adducenda;</strong></span> <span class='ocrx_word' id='word_1_416' title='bbox 3500 2620 3562 2673; x_wconf 91' lang='lat' dir='ltr'><strong>et</strong></span> 
     </span>
    </p>
   </div>
   <div class='ocr_carea' id='block_1_57' title="bbox 1951 2698 3560 2774">
    <p class='ocr_par' dir='ltr' id='par_1_57' title="bbox 1951 2698 3560 2774">
     <span class='ocr_line' id='line_1_57' title="bbox 1951 2698 3560 2774; baseline 0.006 -22"><span class='ocrx_word' id='word_1_417' title='bbox 1951 2698 2055 2753; x_wconf 90' lang='lat' dir='ltr'><strong>iste</strong></span> <span class='ocrx_word' id='word_1_418' title='bbox 2080 2715 2273 2753; x_wconf 88' lang='lat' dir='ltr'><strong>versus</strong></span> <span class='ocrx_word' id='word_1_419' title='bbox 2298 2702 2451 2753; x_wconf 90' lang='lat' dir='ltr'><strong>totus</strong></span> <span class='ocrx_word' id='word_1_420' title='bbox 2480 2701 2566 2753; x_wconf 91' lang='lat' dir='ltr'><strong>est</strong></span> <span class='ocrx_word' id='word_1_421' title='bbox 2594 2715 2659 2753; x_wconf 91' lang='lat' dir='ltr'><strong>ac</strong></span> <span class='ocrx_word' id='word_1_422' title='bbox 2683 2699 2728 2753; x_wconf 91' lang='lat' dir='ltr'><strong>si</strong></span> <span class='ocrx_word' id='word_1_423' title='bbox 2759 2700 2836 2754; x_wconf 91' lang='lat' dir='ltr'><strong>sic</strong></span> <span class='ocrx_word' id='word_1_424' title='bbox 2870 2700 3114 2756; x_wconf 89' lang='lat' dir='ltr'><strong>diceret:</strong></span> <span class='ocrx_word' id='word_1_425' title='bbox 3135 2704 3242 2757; x_wconf 91' lang='lat' dir='ltr'><strong>Per</strong></span> <span class='ocrx_word' id='word_1_426' title='bbox 3272 2707 3560 2774; x_wconf 86' lang='lat' dir='ltr'><strong>apostolos</strong></span> 
     </span>
    </p>
   </div>
   <div class='ocr_carea' id='block_1_58' title="bbox 1950 2786 3561 2864">
    <p class='ocr_par' dir='ltr' id='par_1_58' title="bbox 1950 2786 3561 2864">
     <span class='ocr_line' id='line_1_58' title="bbox 1950 2786 3561 2864; baseline 0.002 -22"><span class='ocrx_word' id='word_1_427' title='bbox 1950 2786 2168 2843; x_wconf 75' lang='lat' dir='ltr'><strong>Iudaici</strong></span> <span class='ocrx_word' id='word_1_428' title='bbox 2198 2788 2409 2859; x_wconf 91' lang='lat' dir='ltr'><strong>populo</strong></span> <span class='ocrx_word' id='word_1_429' title='bbox 2436 2786 2832 2856; x_wconf 85' lang='lat' dir='ltr'><strong>misereberis;</strong></span> <span class='ocrx_word' id='word_1_430' title='bbox 2863 2804 2968 2860; x_wconf 92' lang='lat' dir='ltr'><strong>per</strong></span> <span class='ocrx_word' id='word_1_431' title='bbox 2984 2790 3440 2860; x_wconf 72' lang='lat' dir='ltr'><strong>apostolosdico,</strong></span> <span class='ocrx_word' id='word_1_432' title='bbox 3462 2792 3561 2864; x_wconf 92' lang='lat' dir='ltr'><strong>qui</strong></span> 
     </span>
    </p>
   </div>
   <div class='ocr_carea' id='block_1_59' title="bbox 1953 2874 3559 2945">
    <p class='ocr_par' dir='ltr' id='par_1_59' title="bbox 1953 2874 3559 2945">
     <span class='ocr_line' id='line_1_59' title="bbox 1953 2874 3559 2945; baseline 0.004 -15"><span class='ocrx_word' id='word_1_433' title='bbox 1953 2891 2086 2930; x_wconf 90' lang='lat' dir='ltr'><strong>eum</strong></span> <span class='ocrx_word' id='word_1_434' title='bbox 2108 2874 2439 2929; x_wconf 87' lang='lat' dir='ltr'><strong>testimonio</strong></span> <span class='ocrx_word' id='word_1_435' title='bbox 2488 2874 2904 2945; x_wconf 85' lang='lat' dir='ltr'><strong>prOphetarum</strong></span> <span class='ocrx_word' id='word_1_436' title='bbox 2936 2876 3008 2931; x_wconf 87' lang='lat' dir='ltr'><strong>ad</strong></span> <span class='ocrx_word' id='word_1_437' title='bbox 3038 2877 3215 2933; x_wconf 84' lang='lat' dir='ltr'><strong>ﬁdem</strong></span> <span class='ocrx_word' id='word_1_438' title='bbox 3253 2880 3559 2936; x_wconf 90' lang='lat' dir='ltr'><strong>vocabunt.</strong></span> 
     </span>
    </p>
   </div>
   <div class='ocr_carea' id='block_1_60' title="bbox 1952 2961 3564 3031">
    <p class='ocr_par' dir='ltr' id='par_1_60' title="bbox 1952 2961 3564 3031">
     <span class='ocr_line' id='line_1_60' title="bbox 1952 2961 3564 3031; baseline 0.005 -14"><span class='ocrx_word' id='word_1_439' title='bbox 1952 2963 2075 3018; x_wconf 84' lang='lat' dir='ltr'><strong>Non</strong></span> <span class='ocrx_word' id='word_1_440' title='bbox 2094 2962 2279 3017; x_wconf 91' lang='lat' dir='ltr'><strong>solum</strong></span> <span class='ocrx_word' id='word_1_441' title='bbox 2302 2977 2436 3017; x_wconf 91' lang='lat' dir='ltr'><strong>vero</strong></span> <span class='ocrx_word' id='word_1_442' title='bbox 2454 2961 2785 3017; x_wconf 76' lang='lat' dir='ltr'><strong>Iudaeorum</strong></span> <span class='ocrx_word' id='word_1_443' title='bbox 2804 2962 3451 3031; x_wconf 88' lang='lat' dir='ltr'><strong>miserebitur,vocando</strong></span> <span class='ocrx_word' id='word_1_444' title='bbox 3467 2986 3564 3025; x_wconf 90' lang='lat' dir='ltr'><strong>cos</strong></span> 
     </span>
    </p>
   </div>
   <div class='ocr_carea' id='block_1_61' title="bbox 233 3005 1846 3120">
    <p class='ocr_par' dir='ltr' id='par_1_61' title="bbox 233 3005 1846 3120">
     <span class='ocr_line' id='line_1_61' title="bbox 233 3005 1846 3078; baseline -0.007 -8"><span class='ocrx_word' id='word_1_445' title='bbox 233 3031 353 3071; x_wconf 88' lang='lat' dir='ltr'><strong>nem</strong></span> <span class='ocrx_word' id='word_1_446' title='bbox 373 3010 783 3077; x_wconf 84' lang='lat' dir='ltr'><strong>manducabam,</strong></span> <span class='ocrx_word' id='word_1_447' title='bbox 812 3011 871 3063; x_wconf 91' lang='lat' dir='ltr'><strong>et</strong></span> <span class='ocrx_word' id='word_1_448' title='bbox 894 3008 1018 3063; x_wconf 68' lang='lat' dir='ltr'><strong>haec</strong></span> <span class='ocrx_word' id='word_1_449' title='bbox 1043 3006 1315 3078; x_wconf 89' lang='lat' dir='ltr'><strong>impietas</strong></span> <span class='ocrx_word' id='word_1_450' title='bbox 1362 3005 1444 3061; x_wconf 91' lang='lat' dir='ltr'><strong>eis</strong></span> <span class='ocrx_word' id='word_1_451' title='bbox 1472 3005 1846 3076; x_wconf 88' lang='lat' dir='ltr'><strong>contingebat</strong></span> 
     </span>
     <span class='ocr_line' id='line_1_62' title="bbox 308 3088 1832 3120; baseline 0 0"><span class='ocrx_word' id='word_1_452' title='bbox 308 3104 333 3120; x_wconf 69' lang='grc' dir='ltr'><strong><em>ρ</em></strong></span> <span class='ocrx_word' id='word_1_453' title='bbox 401 3105 411 3115; x_wconf 80' lang='grc' dir='ltr'><strong>ο</strong></span> <span class='ocrx_word' id='word_1_454' title='bbox 463 3104 541 3120; x_wconf 65' lang='lat'><strong>-,,_-</strong></span> <span class='ocrx_word' id='word_1_455' title='bbox 592 3099 647 3120; x_wconf 67' lang='grc' dir='ltr'><strong>ξ]</strong></span> <span class='ocrx_word' id='word_1_456' title='bbox 691 3101 765 3120; x_wconf 50' lang='lat'><strong>-4</strong></span> <span class='ocrx_word' id='word_1_457' title='bbox 801 3114 824 3120; x_wconf 75' lang='lat'><strong>-</strong></span> <span class='ocrx_word' id='word_1_458' title='bbox 854 3095 1155 3120; x_wconf 70' lang='lat' dir='ltr'><strong>___.--_s:..</strong></span> <span class='ocrx_word' id='word_1_459' title='bbox 1187 3094 1285 3120; x_wconf 71' lang='grc' dir='ltr'><strong>ζ-..</strong></span> <span class='ocrx_word' id='word_1_460' title='bbox 1317 3096 1429 3120; x_wconf 72' lang='grc' dir='ltr'>ιη...</span> <span class='ocrx_word' id='word_1_461' title='bbox 1487 3110 1611 3120; x_wconf 63' lang='grc' dir='ltr'><strong>...η-ι</strong></span> <span class='ocrx_word' id='word_1_462' title='bbox 1643 3109 1736 3120; x_wconf 62' lang='grc' dir='ltr'><strong>Α..-</strong></span> <span class='ocrx_word' id='word_1_463' title='bbox 1754 3088 1832 3120; x_wconf 69' lang='lat'><strong>-..&#39;</strong></span> 
     </span>
    </p>
   </div>
   <div class='ocr_carea' id='block_1_62' title="bbox 1949 3005 3567 3120">
    <p class='ocr_par' dir='ltr' id='par_1_62' title="bbox 1952 3005 3567 3120">
     <span class='ocr_line' id='line_1_63' title="bbox 1952 3005 3564 3031; baseline 0.004 -16"><span class='ocrx_word' id='word_1_464' title='bbox 1952 3005 2075 3018; x_wconf 68' lang='grc' dir='ltr'><strong>ην..</strong></span> <span class='ocrx_word' id='word_1_465' title='bbox 2094 3005 2279 3017; x_wconf 54' lang='grc' dir='ltr'><strong>νων...</strong></span> <span class='ocrx_word' id='word_1_466' title='bbox 2312 3005 2389 3017; x_wconf 58' lang='grc' dir='ltr'><strong>η.</strong></span> <span class='ocrx_word' id='word_1_467' title='bbox 2404 3005 2434 3017; x_wconf 74' lang='grc' dir='ltr'><em>υ</em></span> <span class='ocrx_word' id='word_1_468' title='bbox 2454 3005 2670 3017; x_wconf 55' lang='grc' dir='ltr'><strong>-..νυν-</strong></span> <span class='ocrx_word' id='word_1_469' title='bbox 2688 3005 2785 3016; x_wconf 61' lang='grc' dir='ltr'><strong>υ...</strong></span> <span class='ocrx_word' id='word_1_470' title='bbox 2804 3005 2967 3018; x_wconf 58' lang='grc' dir='ltr'><strong>...κω</strong></span> <span class='ocrx_word' id='word_1_471' title='bbox 2982 3005 3159 3019; x_wconf 57' lang='lat' dir='ltr'><strong>ww...</strong></span> <span class='ocrx_word' id='word_1_472' title='bbox 3177 3007 3189 3031; x_wconf 95' lang='lat'><strong>,</strong></span> <span class='ocrx_word' id='word_1_473' title='bbox 3204 3005 3216 3019; x_wconf 83' lang='lat'><strong>.</strong></span> <span class='ocrx_word' id='word_1_474' title='bbox 3230 3005 3451 3023; x_wconf 67' lang='grc' dir='ltr'><strong>υυιιιωυ</strong></span> <span class='ocrx_word' id='word_1_475' title='bbox 3467 3005 3564 3025; x_wconf 67' lang='lat' dir='ltr'><strong>ws</strong></span> 
     </span>
     <span class='ocr_line' id='line_1_64' title="bbox 1952 3050 3567 3120; baseline 0.004 -14"><span class='ocrx_word' id='word_1_476' title='bbox 1952 3051 2024 3106; x_wconf 89' lang='lat' dir='ltr'><strong>ad</strong></span> <span class='ocrx_word' id='word_1_477' title='bbox 2051 3050 2249 3117; x_wconf 86' lang='lat' dir='ltr'><strong>fidem,</strong></span> <span class='ocrx_word' id='word_1_478' title='bbox 2276 3050 2376 3104; x_wconf 89' lang='lat' dir='ltr'><strong>sed</strong></span> <span class='ocrx_word' id='word_1_479' title='bbox 2405 3056 2455 3104; x_wconf 88' lang='lat' dir='ltr'><strong>et</strong></span> <span class='ocrx_word' id='word_1_480' title='bbox 2476 3056 2652 3119; x_wconf 86' lang='lat' dir='ltr'><strong>gentes</strong></span> <span class='ocrx_word' id='word_1_481' title='bbox 2678 3066 2781 3120; x_wconf 90' lang='lat' dir='ltr'><strong>per</strong></span> <span class='ocrx_word' id='word_1_482' title='bbox 2812 3050 3219 3108; x_wconf 85' lang='lat' dir='ltr'><strong>misericordiae</strong></span> <span class='ocrx_word' id='word_1_483' title='bbox 3238 3072 3440 3111; x_wconf 90' lang='lat' dir='ltr'><strong>eorum</strong></span> <span class='ocrx_word' id='word_1_484' title='bbox 3466 3059 3567 3113; x_wconf 88' lang='lat' dir='ltr'><strong>do-</strong></span> 
     </span>
    </p>
   </div>
   <div class='ocr_carea' id='block_1_63' title="bbox 233 3094 1847 3173">
    <p class='ocr_par' dir='ltr' id='par_1_63' title="bbox 233 3094 1847 3173">
     <span class='ocr_line' id='line_1_65' title="bbox 233 3094 1847 3173; baseline -0.007 -13"><span class='ocrx_word' id='word_1_485' title='bbox 233 3120 267 3160; x_wconf 91' lang='lat' dir='ltr'><strong><em>a</em></strong></span> <span class='ocrx_word' id='word_1_486' title='bbox 294 3104 565 3173; x_wconf 61' lang='lat' dir='ltr'><strong>facieirm,</strong></span> <span class='ocrx_word' id='word_1_487' title='bbox 592 3099 653 3155; x_wconf 92' lang='lat' dir='ltr'><strong>id</strong></span> <span class='ocrx_word' id='word_1_488' title='bbox 684 3101 770 3155; x_wconf 88' lang='lat' dir='ltr'><strong>est</strong></span> <span class='ocrx_word' id='word_1_489' title='bbox 797 3114 832 3153; x_wconf 89' lang='lat' dir='ltr'><strong>a</strong></span> <span class='ocrx_word' id='word_1_490' title='bbox 853 3095 1163 3170; x_wconf 66' lang='lat' dir='ltr'><strong>praesentia</strong></span> <span class='ocrx_word' id='word_1_491' title='bbox 1187 3094 1287 3150; x_wconf 82' lang='lat' dir='ltr'><strong>irae</strong></span> <span class='ocrx_word' id='word_1_492' title='bbox 1317 3096 1453 3161; x_wconf 68' lang='lat' dir='ltr'><strong>tuae,</strong></span> <span class='ocrx_word' id='word_1_493' title='bbox 1484 3110 1613 3165; x_wconf 73' lang='lat' dir='ltr'><strong>quae</strong></span> <span class='ocrx_word' id='word_1_494' title='bbox 1640 3109 1739 3149; x_wconf 90' lang='lat' dir='ltr'><strong>eos</strong></span> <span class='ocrx_word' id='word_1_495' title='bbox 1752 3110 1847 3148; x_wconf 86' lang='lat' dir='ltr'><strong>ex-</strong></span> 
     </span>
    </p>
   </div>
   <div class='ocr_carea' id='block_1_64' title="bbox 233 3180 1848 3256">
    <p class='ocr_par' dir='ltr' id='par_1_64' title="bbox 233 3180 1848 3256">
     <span class='ocr_line' id='line_1_66' title="bbox 233 3180 1848 3256; baseline -0.009 -7"><span class='ocrx_word' id='word_1_496' title='bbox 233 3191 564 3250; x_wconf 69' lang='lat' dir='ltr'><strong>caecaverat.</strong></span> <span class='ocrx_word' id='word_1_497' title='bbox 594 3189 661 3242; x_wconf 88' lang='lat' dir='ltr'><strong>Et</strong></span> <span class='ocrx_word' id='word_1_498' title='bbox 689 3202 807 3242; x_wconf 91' lang='lat' dir='ltr'><strong>non</strong></span> <span class='ocrx_word' id='word_1_499' title='bbox 840 3201 1028 3256; x_wconf 74' lang='lat' dir='ltr'><strong>parvae</strong></span> <span class='ocrx_word' id='word_1_500' title='bbox 1058 3183 1180 3249; x_wconf 73' lang='lat' dir='ltr'><strong>irae,</strong></span> <span class='ocrx_word' id='word_1_501' title='bbox 1212 3182 1313 3237; x_wconf 88' lang='lat' dir='ltr'><strong>sed</strong></span> <span class='ocrx_word' id='word_1_502' title='bbox 1356 3181 1765 3251; x_wconf 86' lang='lat' dir='ltr'><strong>indignationis,</strong></span> <span class='ocrx_word' id='word_1_503' title='bbox 1788 3180 1848 3235; x_wconf 94' lang='lat' dir='ltr'><strong>id</strong></span> 
     </span>
    </p>
   </div>
   <div class='ocr_carea' id='block_1_65' title="bbox 234 3268 1846 3340">
    <p class='ocr_par' dir='ltr' id='par_1_65' title="bbox 234 3268 1846 3340">
     <span class='ocr_line' id='line_1_67' title="bbox 234 3268 1846 3340; baseline -0.006 -7"><span class='ocrx_word' id='word_1_504' title='bbox 234 3280 321 3334; x_wconf 89' lang='lat' dir='ltr'><strong>est</strong></span> <span class='ocrx_word' id='word_1_505' title='bbox 346 3276 541 3332; x_wconf 70' lang='lat' dir='ltr'><strong>nimiae</strong></span> <span class='ocrx_word' id='word_1_506' title='bbox 562 3275 681 3330; x_wconf 65' lang='lat' dir='ltr'><strong>iraa.</strong></span> <span class='ocrx_word' id='word_1_507' title='bbox 717 3276 778 3328; x_wconf 93' lang='lat' dir='ltr'><strong>ln</strong></span> <span class='ocrx_word' id='word_1_508' title='bbox 805 3274 1047 3328; x_wconf 64' lang='lat' dir='ltr'><strong>Hebraeo</strong></span> <span class='ocrx_word' id='word_1_509' title='bbox 1077 3270 1555 3340; x_wconf 77' lang='lat' dir='ltr'><strong>habetur/amris.</strong></span> <span class='ocrx_word' id='word_1_510' title='bbox 1617 3270 1686 3323; x_wconf 90' lang='lat' dir='ltr'><strong>Et</strong></span> <span class='ocrx_word' id='word_1_511' title='bbox 1717 3268 1846 3324; x_wconf 89' lang='lat' dir='ltr'><strong>ideo</strong></span> 
     </span>
    </p>
   </div>
   <div class='ocr_carea' id='block_1_66' title="bbox 233 3357 1851 3435">
    <p class='ocr_par' dir='ltr' id='par_1_66' title="bbox 233 3357 1851 3435">
     <span class='ocr_line' id='line_1_68' title="bbox 233 3357 1851 3435; baseline -0.006 -14"><span class='ocrx_word' id='word_1_512' title='bbox 233 3365 422 3422; x_wconf 86' lang='lat' dir='ltr'><strong>adhuc</strong></span> <span class='ocrx_word' id='word_1_513' title='bbox 451 3363 592 3419; x_wconf 90' lang='lat' dir='ltr'><strong>mihi</strong></span> <span class='ocrx_word' id='word_1_514' title='bbox 621 3362 994 3435; x_wconf 88' lang='lat' dir='ltr'><strong>exprobrant,</strong></span> <span class='ocrx_word' id='word_1_515' title='bbox 1018 3359 1155 3431; x_wconf 91' lang='lat' dir='ltr'><strong>quia</strong></span> <span class='ocrx_word' id='word_1_516' title='bbox 1184 3358 1456 3413; x_wconf 90' lang='lat' dir='ltr'><strong>videbant</strong></span> <span class='ocrx_word' id='word_1_517' title='bbox 1480 3357 1638 3430; x_wconf 85' lang='lat' dir='ltr'><strong>quod</strong></span> <span class='ocrx_word' id='word_1_518' title='bbox 1667 3361 1728 3412; x_wconf 93' lang='lat' dir='ltr'><strong>tu</strong></span> <span class='ocrx_word' id='word_1_519' title='bbox 1754 3358 1851 3412; x_wconf 82' lang='lat' dir='ltr'><strong>ele-</strong></span> 
     </span>
    </p>
   </div>
   <div class='ocr_carea' id='block_1_67' title="bbox 232 3449 1669 3509">
    <p class='ocr_par' dir='ltr' id='par_1_67' title="bbox 232 3449 1669 3509">
     <span class='ocr_line' id='line_1_69' title="bbox 232 3449 1669 3509; baseline -0.007 0"><span class='ocrx_word' id='word_1_520' title='bbox 232 3471 364 3509; x_wconf 73' lang='lat' dir='ltr'><strong>van:</strong></span> <span class='ocrx_word' id='word_1_521' title='bbox 382 3453 593 3507; x_wconf 84' lang='lat' dir='ltr'><strong>allisisti</strong></span> <span class='ocrx_word' id='word_1_522' title='bbox 617 3468 719 3505; x_wconf 89' lang='lat' dir='ltr'><strong>me.</strong></span> <span class='ocrx_word' id='word_1_523' title='bbox 740 3450 871 3505; x_wconf 68' lang='lat' dir='ltr'><strong>Haec</strong></span> <span class='ocrx_word' id='word_1_524' title='bbox 893 3452 952 3504; x_wconf 87' lang='lat' dir='ltr'><strong>et</strong></span> <span class='ocrx_word' id='word_1_525' title='bbox 970 3452 1178 3504; x_wconf 64' lang='lat' dir='ltr'><strong>caetera</strong></span> <span class='ocrx_word' id='word_1_526' title='bbox 1205 3462 1321 3502; x_wconf 90' lang='lat' dir='ltr'><strong>non</strong></span> <span class='ocrx_word' id='word_1_527' title='bbox 1352 3449 1669 3501; x_wconf 90' lang='lat' dir='ltr'><strong>mutantur.</strong></span> 
     </span>
    </p>
   </div>
   <div class='ocr_carea' id='block_1_68' title="bbox 248 3533 1849 3608">
    <p class='ocr_par' dir='ltr' id='par_1_68' title="bbox 248 3533 1849 3608">
     <span class='ocr_line' id='line_1_70' title="bbox 248 3533 1849 3608; baseline -0.007 -9"><span class='ocrx_word' id='word_1_528' title='bbox 248 3596 253 3601; x_wconf 78' lang='lat'><strong>.</strong></span> <span class='ocrx_word' id='word_1_529' title='bbox 304 3539 750 3597; x_wconf 82' lang='lat' dir='ltr'><strong>Factaoratione</strong></span> <span class='ocrx_word' id='word_1_530' title='bbox 765 3538 836 3593; x_wconf 90' lang='lat' dir='ltr'><strong>de</strong></span> <span class='ocrx_word' id='word_1_531' title='bbox 856 3536 1223 3608; x_wconf 87' lang='lat' dir='ltr'><strong>reparatione</strong></span> <span class='ocrx_word' id='word_1_532' title='bbox 1268 3533 1721 3605; x_wconf 90' lang='lat' dir='ltr'><strong>suorum,ipsam</strong></span> <span class='ocrx_word' id='word_1_533' title='bbox 1751 3550 1849 3589; x_wconf 92' lang='lat' dir='ltr'><strong>eo-</strong></span> 
     </span>
    </p>
   </div>
   <div class='ocr_carea' id='block_1_69' title="bbox 233 3622 1854 3701">
    <p class='ocr_par' dir='ltr' id='par_1_69' title="bbox 233 3622 1854 3701">
     <span class='ocr_line' id='line_1_71' title="bbox 233 3622 1854 3701; baseline -0.006 -15"><span class='ocrx_word' id='word_1_534' title='bbox 233 3646 361 3686; x_wconf 89' lang='lat' dir='ltr'><strong>rum</strong></span> <span class='ocrx_word' id='word_1_535' title='bbox 385 3628 818 3701; x_wconf 86' lang='lat' dir='ltr'><strong>reparationem</strong></span> <span class='ocrx_word' id='word_1_536' title='bbox 842 3626 922 3680; x_wconf 88' lang='lat' dir='ltr'><strong>sic</strong></span> <span class='ocrx_word' id='word_1_537' title='bbox 940 3624 1204 3680; x_wconf 86' lang='lat' dir='ltr'><strong>enuntiat</strong></span> <span class='ocrx_word' id='word_1_538' title='bbox 1216 3639 1321 3694; x_wconf 90' lang='lat' dir='ltr'><strong>per</strong></span> <span class='ocrx_word' id='word_1_539' title='bbox 1351 3638 1484 3677; x_wconf 89' lang='lat' dir='ltr'><strong>eum</strong></span> <span class='ocrx_word' id='word_1_540' title='bbox 1506 3622 1854 3689; x_wconf 82' lang='lat' dir='ltr'><strong>futuram,ut</strong></span> 
     </span>
    </p>
   </div>
   <div class='ocr_carea' id='block_1_70' title="bbox 231 3709 1851 3788">
    <p class='ocr_par' dir='ltr' id='par_1_70' title="bbox 231 3709 1851 3788">
     <span class='ocr_line' id='line_1_72' title="bbox 231 3709 1851 3788; baseline -0.006 -14"><span class='ocrx_word' id='word_1_541' title='bbox 231 3733 330 3774; x_wconf 90' lang='lat' dir='ltr'><strong>eos</strong></span> <span class='ocrx_word' id='word_1_542' title='bbox 346 3716 534 3788; x_wconf 89' lang='lat' dir='ltr'><strong>magis</strong></span> <span class='ocrx_word' id='word_1_543' title='bbox 565 3714 772 3771; x_wconf 88' lang='lat' dir='ltr'><strong>reddat</strong></span> <span class='ocrx_word' id='word_1_544' title='bbox 793 3711 1090 3769; x_wconf 88' lang='lat' dir='ltr'><strong>obnoxios.</strong></span> <span class='ocrx_word' id='word_1_545' title='bbox 1113 3711 1219 3766; x_wconf 85' lang='lat' dir='ltr'><strong>Mei</strong></span> <span class='ocrx_word' id='word_1_546' title='bbox 1242 3710 1377 3766; x_wconf 85' lang='lat' dir='ltr'><strong>facti</strong></span> <span class='ocrx_word' id='word_1_547' title='bbox 1403 3709 1851 3765; x_wconf 70' lang='lat' dir='ltr'><strong>suntdet’cctihi-</strong></span> 
     </span>
    </p>
   </div>
   <div class='ocr_carea' id='block_1_71' title="bbox 229 3800 1849 3870">
    <p class='ocr_par' dir='ltr' id='par_1_71' title="bbox 229 3800 1849 3870">
     <span class='ocr_line' id='line_1_73' title="bbox 229 3800 1849 3870; baseline -0.006 -8"><span class='ocrx_word' id='word_1_548' title='bbox 229 3807 311 3862; x_wconf 83' lang='lat' dir='ltr'><strong>les</strong></span> <span class='ocrx_word' id='word_1_549' title='bbox 340 3805 487 3861; x_wconf 90' lang='lat' dir='ltr'><strong>sicut</strong></span> <span class='ocrx_word' id='word_1_550' title='bbox 517 3804 728 3870; x_wconf 83' lang='lat' dir='ltr'><strong>fumus,</strong></span> <span class='ocrx_word' id='word_1_551' title='bbox 761 3806 821 3857; x_wconf 89' lang='lat' dir='ltr'><strong>et</strong></span> <span class='ocrx_word' id='word_1_552' title='bbox 849 3816 978 3857; x_wconf 87' lang='lat' dir='ltr'><strong>ossa</strong></span> <span class='ocrx_word' id='word_1_553' title='bbox 1007 3815 1211 3855; x_wconf 90' lang='lat' dir='ltr'><strong>eorum</strong></span> <span class='ocrx_word' id='word_1_554' title='bbox 1229 3800 1524 3865; x_wconf 91' lang='lat' dir='ltr'><strong>aruerunt,</strong></span> <span class='ocrx_word' id='word_1_555' title='bbox 1540 3800 1597 3852; x_wconf 90' lang='lat' dir='ltr'><strong>et</strong></span> <span class='ocrx_word' id='word_1_556' title='bbox 1612 3813 1720 3869; x_wconf 91' lang='lat' dir='ltr'><strong>ego</strong></span> <span class='ocrx_word' id='word_1_557' title='bbox 1743 3813 1849 3868; x_wconf 91' lang='lat' dir='ltr'><strong>pro</strong></span> 
     </span>
    </p>
   </div>
   <div class='ocr_carea' id='block_1_72' title="bbox 232 3885 1847 3965">
    <p class='ocr_par' dir='ltr' id='par_1_72' title="bbox 232 3885 1847 3965">
     <span class='ocr_line' id='line_1_74' title="bbox 232 3885 1847 3965; baseline -0.009 -12"><span class='ocrx_word' id='word_1_558' title='bbox 232 3910 433 3955; x_wconf 81' lang='lat' dir='ltr'><strong>eorum</strong></span> <span class='ocrx_word' id='word_1_559' title='bbox 462 3891 829 3965; x_wconf 87' lang='lat' dir='ltr'><strong>reparatione</strong></span> <span class='ocrx_word' id='word_1_560' title='bbox 854 3888 1225 3944; x_wconf 86' lang='lat' dir='ltr'><strong>declinabiles</strong></span> <span class='ocrx_word' id='word_1_561' title='bbox 1246 3887 1366 3942; x_wconf 89' lang='lat' dir='ltr'><strong>dies</strong></span> <span class='ocrx_word' id='word_1_562' title='bbox 1395 3888 1606 3954; x_wconf 89' lang='lat' dir='ltr'><strong>habeo,</strong></span> <span class='ocrx_word' id='word_1_563' title='bbox 1660 3890 1718 3941; x_wconf 90' lang='lat' dir='ltr'><strong>et</strong></span> <span class='ocrx_word' id='word_1_564' title='bbox 1741 3885 1847 3940; x_wconf 86' lang='lat' dir='ltr'><strong>sic-</strong></span> 
     </span>
    </p>
   </div>
   <div class='ocr_carea' id='block_1_73' title="bbox 230 3975 1849 4042">
    <p class='ocr_par' dir='ltr' id='par_1_73' title="bbox 230 3975 1849 4042">
     <span class='ocr_line' id='line_1_75' title="bbox 230 3975 1849 4042; baseline -0.006 -4"><span class='ocrx_word' id='word_1_565' title='bbox 230 3986 295 4038; x_wconf 89' lang='lat' dir='ltr'><strong>ut</strong></span> <span class='ocrx_word' id='word_1_566' title='bbox 322 3983 524 4037; x_wconf 82' lang='lat' dir='ltr'><strong>fenum</strong></span> <span class='ocrx_word' id='word_1_567' title='bbox 549 3997 682 4037; x_wconf 87' lang='lat' dir='ltr'><strong>areo</strong></span> <span class='ocrx_word' id='word_1_568' title='bbox 709 3997 723 4036; x_wconf 90' lang='lat'><strong>:</strong></span> <span class='ocrx_word' id='word_1_569' title='bbox 758 3980 844 4034; x_wconf 85' lang='lat' dir='ltr'><strong>Tu</strong></span> <span class='ocrx_word' id='word_1_570' title='bbox 874 3984 1070 4032; x_wconf 88' lang='lat' dir='ltr'><strong>autem.</strong></span> <span class='ocrx_word' id='word_1_571' title='bbox 1098 3975 1325 4030; x_wconf 88' lang='lat' dir='ltr'><strong>Domine</strong></span> <span class='ocrx_word' id='word_1_572' title='bbox 1371 3977 1563 4042; x_wconf 90' lang='lat' dir='ltr'><strong>Pater,</strong></span> <span class='ocrx_word' id='word_1_573' title='bbox 1591 3976 1648 4028; x_wconf 89' lang='lat' dir='ltr'><strong>in</strong></span> <span class='ocrx_word' id='word_1_574' title='bbox 1693 3980 1849 4029; x_wconf 70' lang='lat' dir='ltr'><strong>aeter-</strong></span> 
     </span>
    </p>
   </div>
   <div class='ocr_carea' id='block_1_74' title="bbox 229 4063 1850 4141">
    <p class='ocr_par' dir='ltr' id='par_1_74' title="bbox 229 4063 1850 4141">
     <span class='ocr_line' id='line_1_76' title="bbox 229 4063 1850 4141; baseline -0.004 -15"><span class='ocrx_word' id='word_1_575' title='bbox 229 4085 668 4141; x_wconf 83' lang='lat' dir='ltr'><strong>numpermanes,</strong></span> <span class='ocrx_word' id='word_1_576' title='bbox 700 4067 760 4124; x_wconf 93' lang='lat' dir='ltr'><strong>id</strong></span> <span class='ocrx_word' id='word_1_577' title='bbox 789 4069 876 4123; x_wconf 90' lang='lat' dir='ltr'><strong>est</strong></span> <span class='ocrx_word' id='word_1_578' title='bbox 899 4068 957 4122; x_wconf 89' lang='lat' dir='ltr'><strong>et</strong></span> <span class='ocrx_word' id='word_1_579' title='bbox 981 4064 1263 4121; x_wconf 91' lang='lat' dir='ltr'><strong>Dominus</strong></span> <span class='ocrx_word' id='word_1_580' title='bbox 1291 4080 1373 4131; x_wconf 90' lang='lat' dir='ltr'><strong>es,</strong></span> <span class='ocrx_word' id='word_1_581' title='bbox 1404 4063 1850 4134; x_wconf 89' lang='lat' dir='ltr'><strong>etomnipotens</strong></span> 
     </span>
    </p>
   </div>
   <div class='ocr_carea' id='block_1_75' title="bbox 230 4150 1850 4227">
    <p class='ocr_par' dir='ltr' id='par_1_75' title="bbox 230 4150 1850 4227">
     <span class='ocr_line' id='line_1_77' title="bbox 230 4150 1850 4227; baseline -0.006 -12"><span class='ocrx_word' id='word_1_582' title='bbox 230 4162 290 4215; x_wconf 91' lang='lat' dir='ltr'><strong>et</strong></span> <span class='ocrx_word' id='word_1_583' title='bbox 313 4161 583 4215; x_wconf 66' lang='lat' dir='ltr'><strong>mternus.</strong></span> <span class='ocrx_word' id='word_1_584' title='bbox 612 4156 863 4227; x_wconf 83' lang='lat' dir='ltr'><strong>ideoque</strong></span> <span class='ocrx_word' id='word_1_585' title='bbox 897 4156 1061 4226; x_wconf 90' lang='lat' dir='ltr'><strong>potes</strong></span> <span class='ocrx_word' id='word_1_586' title='bbox 1084 4151 1249 4220; x_wconf 91' lang='lat' dir='ltr'><strong>mihi,</strong></span> <span class='ocrx_word' id='word_1_587' title='bbox 1265 4154 1322 4206; x_wconf 89' lang='lat' dir='ltr'><strong>et</strong></span> <span class='ocrx_word' id='word_1_588' title='bbox 1339 4151 1483 4207; x_wconf 90' lang='lat' dir='ltr'><strong>meis</strong></span> <span class='ocrx_word' id='word_1_589' title='bbox 1507 4150 1850 4207; x_wconf 89' lang='lat' dir='ltr'><strong>immortali-</strong></span> 
     </span>
    </p>
   </div>
   <div class='ocr_carea' id='block_1_76' title="bbox 231 4238 1845 4317">
    <p class='ocr_par' dir='ltr' id='par_1_76' title="bbox 231 4238 1845 4317">
     <span class='ocr_line' id='line_1_78' title="bbox 231 4238 1845 4317; baseline -0.006 -13"><span class='ocrx_word' id='word_1_590' title='bbox 231 4250 412 4303; x_wconf 87' lang='lat' dir='ltr'><strong>tatem</strong></span> <span class='ocrx_word' id='word_1_591' title='bbox 429 4248 489 4302; x_wconf 90' lang='lat' dir='ltr'><strong>et</strong></span> <span class='ocrx_word' id='word_1_592' title='bbox 508 4241 1031 4317; x_wconf 86' lang='lat' dir='ltr'><strong>impassibilitatem</strong></span> <span class='ocrx_word' id='word_1_593' title='bbox 1064 4240 1386 4298; x_wconf 88' lang='lat' dir='ltr'><strong>restituere.</strong></span> <span class='ocrx_word' id='word_1_594' title='bbox 1409 4238 1525 4294; x_wconf 90' lang='lat' dir='ltr'><strong>Nisi</strong></span> <span class='ocrx_word' id='word_1_595' title='bbox 1540 4239 1701 4294; x_wconf 90' lang='lat' dir='ltr'><strong>enim</strong></span> <span class='ocrx_word' id='word_1_596' title='bbox 1733 4240 1845 4295; x_wconf 91' lang='lat' dir='ltr'><strong>Do-</strong></span> 
     </span>
    </p>
   </div>
   <div class='ocr_carea' id='block_1_77' title="bbox 230 4328 1846 4402">
    <p class='ocr_par' dir='ltr' id='par_1_77' title="bbox 230 4328 1846 4402">
     <span class='ocr_line' id='line_1_79' title="bbox 230 4328 1846 4402; baseline -0.006 -9"><span class='ocrx_word' id='word_1_597' title='bbox 230 4335 425 4393; x_wconf 90' lang='lat' dir='ltr'><strong>minus</strong></span> <span class='ocrx_word' id='word_1_598' title='bbox 454 4338 513 4390; x_wconf 90' lang='lat' dir='ltr'><strong>et</strong></span> <span class='ocrx_word' id='word_1_599' title='bbox 543 4336 792 4389; x_wconf 68' lang='lat' dir='ltr'><strong>aeternus</strong></span> <span class='ocrx_word' id='word_1_600' title='bbox 836 4347 986 4385; x_wconf 90' lang='lat' dir='ltr'><strong>esses</strong></span> <span class='ocrx_word' id='word_1_601' title='bbox 1020 4345 1389 4402; x_wconf 87' lang='lat' dir='ltr'><strong>nequaquam</strong></span> <span class='ocrx_word' id='word_1_602' title='bbox 1416 4329 1584 4399; x_wconf 84' lang='lat' dir='ltr'><strong>hujus</strong></span> <span class='ocrx_word' id='word_1_603' title='bbox 1626 4328 1709 4383; x_wconf 84' lang='lat' dir='ltr'><strong>rei</strong></span> <span class='ocrx_word' id='word_1_604' title='bbox 1741 4345 1846 4400; x_wconf 93' lang='lat' dir='ltr'><strong>po-</strong></span> 
     </span>
    </p>
   </div>
   <div class='ocr_carea' id='block_1_78' title="bbox 228 4416 1845 4489">
    <p class='ocr_par' dir='ltr' id='par_1_78' title="bbox 228 4416 1845 4489">
     <span class='ocr_line' id='line_1_80' title="bbox 228 4416 1845 4489; baseline -0.006 -8"><span class='ocrx_word' id='word_1_605' title='bbox 228 4425 477 4481; x_wconf 87' lang='lat' dir='ltr'><strong>tentiam</strong></span> <span class='ocrx_word' id='word_1_606' title='bbox 496 4423 759 4478; x_wconf 83' lang='lat' dir='ltr'><strong>haberes.</strong></span> <span class='ocrx_word' id='word_1_607' title='bbox 793 4419 1121 4475; x_wconf 89' lang='lat' dir='ltr'><strong>Notandum</strong></span> <span class='ocrx_word' id='word_1_608' title='bbox 1136 4418 1349 4489; x_wconf 90' lang='lat' dir='ltr'><strong>quippe</strong></span> <span class='ocrx_word' id='word_1_609' title='bbox 1366 4416 1541 4489; x_wconf 86' lang='lat' dir='ltr'><strong>quod,</strong></span> <span class='ocrx_word' id='word_1_610' title='bbox 1564 4432 1695 4471; x_wconf 91' lang='lat' dir='ltr'><strong>cum</strong></span> <span class='ocrx_word' id='word_1_611' title='bbox 1710 4433 1845 4472; x_wconf 89' lang='lat' dir='ltr'><strong>eum</strong></span> 
     </span>
    </p>
   </div>
   <div class='ocr_carea' id='block_1_79' title="bbox 229 4504 1846 4586">
    <p class='ocr_par' dir='ltr' id='par_1_79' title="bbox 229 4504 1846 4586">
     <span class='ocr_line' id='line_1_81' title="bbox 229 4504 1846 4586; baseline -0.005 -17"><span class='ocrx_word' id='word_1_612' title='bbox 229 4512 545 4569; x_wconf 87' lang='lat' dir='ltr'><strong>Dominum</strong></span> <span class='ocrx_word' id='word_1_613' title='bbox 572 4512 630 4565; x_wconf 90' lang='lat' dir='ltr'><strong>et</strong></span> <span class='ocrx_word' id='word_1_614' title='bbox 640 4512 925 4586; x_wconf 66' lang='lat' dir='ltr'><strong>aeternum</strong></span> <span class='ocrx_word' id='word_1_615' title='bbox 943 4523 1063 4562; x_wconf 88' lang='lat' dir='ltr'><strong>esse</strong></span> <span class='ocrx_word' id='word_1_616' title='bbox 1080 4504 1237 4572; x_wconf 91' lang='lat' dir='ltr'><strong>dicit,</strong></span> <span class='ocrx_word' id='word_1_617' title='bbox 1256 4505 1526 4559; x_wconf 90' lang='lat' dir='ltr'><strong>eumdem</strong></span> <span class='ocrx_word' id='word_1_618' title='bbox 1546 4508 1846 4575; x_wconf 89' lang='lat' dir='ltr'><strong>potentem</strong></span> 
     </span>
    </p>
   </div>
   <div class='ocr_carea' id='block_1_80' title="bbox 228 4591 1843 4664">
    <p class='ocr_par' dir='ltr' id='par_1_80' title="bbox 228 4591 1843 4664">
     <span class='ocr_line' id='line_1_82' title="bbox 228 4591 1843 4664; baseline -0.004 -9"><span class='ocrx_word' id='word_1_619' title='bbox 228 4615 351 4655; x_wconf 84' lang='lat' dir='ltr'><strong>esse</strong></span> <span class='ocrx_word' id='word_1_620' title='bbox 366 4598 440 4654; x_wconf 86' lang='lat' dir='ltr'><strong>ad</strong></span> <span class='ocrx_word' id='word_1_621' title='bbox 456 4597 710 4653; x_wconf 90' lang='lat' dir='ltr'><strong>dandam</strong></span> <span class='ocrx_word' id='word_1_622' title='bbox 725 4595 1231 4651; x_wconf 89' lang='lat' dir='ltr'><strong>immortalitatem</strong></span> <span class='ocrx_word' id='word_1_623' title='bbox 1245 4591 1843 4664; x_wconf 87' lang='lat' dir='ltr'><strong>etimpassibilitatem</strong></span> 
     </span>
    </p>
   </div>
   <div class='ocr_carea' id='block_1_81' title="bbox 227 4679 1845 4756">
    <p class='ocr_par' dir='ltr' id='par_1_81' title="bbox 227 4679 1845 4756">
     <span class='ocr_line' id='line_1_83' title="bbox 227 4679 1845 4756; baseline -0.005 -13"><span class='ocrx_word' id='word_1_624' title='bbox 227 4686 439 4754; x_wconf 89' lang='lat' dir='ltr'><strong>innuit,</strong></span> <span class='ocrx_word' id='word_1_625' title='bbox 466 4689 525 4741; x_wconf 92' lang='lat' dir='ltr'><strong>et</strong></span> <span class='ocrx_word' id='word_1_626' title='bbox 549 4701 654 4756; x_wconf 91' lang='lat' dir='ltr'><strong>per</strong></span> <span class='ocrx_word' id='word_1_627' title='bbox 682 4686 792 4740; x_wconf 88' lang='lat' dir='ltr'><strong>hoc</strong></span> <span class='ocrx_word' id='word_1_628' title='bbox 819 4681 1324 4738; x_wconf 88' lang='lat' dir='ltr'><strong>immortalitatem</strong></span> <span class='ocrx_word' id='word_1_629' title='bbox 1338 4686 1396 4736; x_wconf 90' lang='lat' dir='ltr'><strong>et</strong></span> <span class='ocrx_word' id='word_1_630' title='bbox 1419 4679 1845 4752; x_wconf 86' lang='lat' dir='ltr'><strong>impassibilita-</strong></span> 
     </span>
    </p>
   </div>
   <div class='ocr_carea' id='block_1_82' title="bbox 225 4767 1845 4844">
    <p class='ocr_par' dir='ltr' id='par_1_82' title="bbox 225 4767 1845 4844">
     <span class='ocr_line' id='line_1_84' title="bbox 225 4767 1845 4844; baseline -0.006 -10"><span class='ocrx_word' id='word_1_631' title='bbox 225 4783 350 4834; x_wconf 86' lang='lat' dir='ltr'><strong>tem</strong></span> <span class='ocrx_word' id='word_1_632' title='bbox 367 4773 471 4829; x_wconf 88' lang='lat' dir='ltr'><strong>sibi</strong></span> <span class='ocrx_word' id='word_1_633' title='bbox 486 4776 545 4829; x_wconf 88' lang='lat' dir='ltr'><strong>et</strong></span> <span class='ocrx_word' id='word_1_634' title='bbox 562 4772 676 4828; x_wconf 91' lang='lat' dir='ltr'><strong>suis</strong></span> <span class='ocrx_word' id='word_1_635' title='bbox 688 4770 1213 4844; x_wconf 89' lang='lat' dir='ltr'><strong>promeretur.Dico</strong></span> <span class='ocrx_word' id='word_1_636' title='bbox 1227 4769 1382 4841; x_wconf 90' lang='lat' dir='ltr'><strong>quod</strong></span> <span class='ocrx_word' id='word_1_637' title='bbox 1409 4767 1691 4824; x_wconf 88' lang='lat' dir='ltr'><strong>Dominus</strong></span> <span class='ocrx_word' id='word_1_638' title='bbox 1710 4786 1771 4824; x_wconf 88' lang='lat' dir='ltr'><strong>es</strong></span> <span class='ocrx_word' id='word_1_639' title='bbox 1785 4772 1845 4824; x_wconf 89' lang='lat' dir='ltr'><strong>et</strong></span> 
     </span>
    </p>
   </div>
   <div class='ocr_carea' id='block_1_83' title="bbox 226 4856 1839 4933">
    <p class='ocr_par' dir='ltr' id='par_1_83' title="bbox 226 4856 1839 4933">
     <span class='ocr_line' id='line_1_85' title="bbox 226 4856 1839 4933; baseline -0.004 -16"><span class='ocrx_word' id='word_1_640' title='bbox 226 4865 498 4929; x_wconf 78' lang='lat' dir='ltr'><strong>veternus,</strong></span> <span class='ocrx_word' id='word_1_641' title='bbox 514 4861 762 4933; x_wconf 90' lang='lat' dir='ltr'><strong>ideoque</strong></span> <span class='ocrx_word' id='word_1_642' title='bbox 778 4864 985 4931; x_wconf 85' lang='lat' dir='ltr'><strong>potens</strong></span> <span class='ocrx_word' id='word_1_643' title='bbox 1012 4858 1397 4914; x_wconf 82' lang='lat' dir='ltr'><strong>aeternitatem</strong></span> <span class='ocrx_word' id='word_1_644' title='bbox 1420 4856 1588 4912; x_wconf 91' lang='lat' dir='ltr'><strong>nobis</strong></span> <span class='ocrx_word' id='word_1_645' title='bbox 1600 4857 1839 4912; x_wconf 89' lang='lat' dir='ltr'><strong>donare.</strong></span> 
     </span>
    </p>
   </div>
   <div class='ocr_carea' id='block_1_84' title="bbox 228 4944 1837 5018">
    <p class='ocr_par' dir='ltr' id='par_1_84' title="bbox 228 4944 1837 5018">
     <span class='ocr_line' id='line_1_86' title="bbox 228 4944 1837 5018; baseline -0.004 -12"><span class='ocrx_word' id='word_1_646' title='bbox 228 4951 355 5006; x_wconf 81' lang='lat' dir='ltr'><strong>Non</strong></span> <span class='ocrx_word' id='word_1_647' title='bbox 383 4951 573 5005; x_wconf 90' lang='lat' dir='ltr'><strong>solum</strong></span> <span class='ocrx_word' id='word_1_648' title='bbox 598 4952 793 5004; x_wconf 88' lang='lat' dir='ltr'><strong>autem</strong></span> <span class='ocrx_word' id='word_1_649' title='bbox 844 4947 1013 5018; x_wconf 82' lang='lat' dir='ltr'><strong>hujus</strong></span> <span class='ocrx_word' id='word_1_650' title='bbox 1058 4945 1142 5001; x_wconf 91' lang='lat' dir='ltr'><strong>rei</strong></span> <span class='ocrx_word' id='word_1_651' title='bbox 1175 4944 1611 5016; x_wconf 88' lang='lat' dir='ltr'><strong>possibilitatem</strong></span> <span class='ocrx_word' id='word_1_652' title='bbox 1641 4945 1837 5011; x_wconf 85' lang='lat' dir='ltr'><strong>habes,</strong></span> 
     </span>
    </p>
   </div>
   <div class='ocr_carea' id='block_1_85' title="bbox 228 5032 1839 5103">
    <p class='ocr_par' dir='ltr' id='par_1_85' title="bbox 228 5032 1839 5103">
     <span class='ocr_line' id='line_1_87' title="bbox 228 5032 1839 5103; baseline -0.004 -10"><span class='ocrx_word' id='word_1_653' title='bbox 228 5036 331 5094; x_wconf 91' lang='lat' dir='ltr'><strong>sed</strong></span> <span class='ocrx_word' id='word_1_654' title='bbox 356 5040 416 5092; x_wconf 90' lang='lat' dir='ltr'><strong>et</strong></span> <span class='ocrx_word' id='word_1_655' title='bbox 442 5036 743 5091; x_wconf 87' lang='lat' dir='ltr'><strong>memoriale</strong></span> <span class='ocrx_word' id='word_1_656' title='bbox 764 5042 935 5102; x_wconf 88' lang='lat' dir='ltr'><strong>tuum,</strong></span> <span class='ocrx_word' id='word_1_657' title='bbox 968 5034 1028 5089; x_wconf 92' lang='lat' dir='ltr'><strong>id</strong></span> <span class='ocrx_word' id='word_1_658' title='bbox 1056 5036 1143 5089; x_wconf 89' lang='lat' dir='ltr'><strong>est</strong></span> <span class='ocrx_word' id='word_1_659' title='bbox 1171 5032 1566 5088; x_wconf 87' lang='lat' dir='ltr'><strong>misericordia</strong></span> <span class='ocrx_word' id='word_1_660' title='bbox 1590 5036 1690 5087; x_wconf 90' lang='lat' dir='ltr'><strong>tua</strong></span> <span class='ocrx_word' id='word_1_661' title='bbox 1711 5038 1839 5103; x_wconf 69' lang='lat' dir='ltr'><strong>qua:</strong></span> 
     </span>
    </p>
   </div>
   <div class='ocr_carea' id='block_1_86' title="bbox 230 5119 1838 5194">
    <p class='ocr_par' dir='ltr' id='par_1_86' title="bbox 230 5119 1838 5194">
     <span class='ocr_line' id='line_1_88' title="bbox 230 5119 1838 5194; baseline -0.004 -14"><span class='ocrx_word' id='word_1_662' title='bbox 230 5125 574 5180; x_wconf 90' lang='lat' dir='ltr'><strong>memoriale</strong></span> <span class='ocrx_word' id='word_1_663' title='bbox 594 5122 823 5191; x_wconf 90' lang='lat' dir='ltr'><strong>dicitur,</strong></span> <span class='ocrx_word' id='word_1_664' title='bbox 851 5139 919 5178; x_wconf 93' lang='lat' dir='ltr'><strong>eo</strong></span> <span class='ocrx_word' id='word_1_665' title='bbox 951 5121 1107 5194; x_wconf 87' lang='lat' dir='ltr'><strong>quod</strong></span> <span class='ocrx_word' id='word_1_666' title='bbox 1130 5120 1310 5193; x_wconf 90' lang='lat' dir='ltr'><strong>digna</strong></span> <span class='ocrx_word' id='word_1_667' title='bbox 1325 5123 1410 5175; x_wconf 87' lang='lat' dir='ltr'><strong>est</strong></span> <span class='ocrx_word' id='word_1_668' title='bbox 1436 5119 1720 5175; x_wconf 91' lang='lat' dir='ltr'><strong>memoria</strong></span> <span class='ocrx_word' id='word_1_669' title='bbox 1739 5120 1838 5174; x_wconf 88' lang='lat' dir='ltr'><strong>ho-</strong></span> 
     </span>
    </p>
   </div>
   <div class='ocr_carea' id='block_1_87' title="bbox 231 5208 1836 5284">
    <p class='ocr_par' dir='ltr' id='par_1_87' title="bbox 231 5208 1836 5284">
     <span class='ocr_line' id='line_1_89' title="bbox 231 5208 1836 5284; baseline -0.004 -15"><span class='ocrx_word' id='word_1_670' title='bbox 231 5213 581 5281; x_wconf 89' lang='lat' dir='ltr'><strong>minum,vel</strong></span> <span class='ocrx_word' id='word_1_671' title='bbox 612 5228 716 5283; x_wconf 90' lang='lat' dir='ltr'><strong>per</strong></span> <span class='ocrx_word' id='word_1_672' title='bbox 726 5228 900 5284; x_wconf 91' lang='lat' dir='ltr'><strong>quam</strong></span> <span class='ocrx_word' id='word_1_673' title='bbox 919 5226 1149 5265; x_wconf 88' lang='lat' dir='ltr'><strong>memor</strong></span> <span class='ocrx_word' id='word_1_674' title='bbox 1174 5209 1285 5264; x_wconf 87' lang='lat' dir='ltr'><strong>eris</strong></span> <span class='ocrx_word' id='word_1_675' title='bbox 1299 5208 1496 5264; x_wconf 90' lang='lat' dir='ltr'><strong>salutis</strong></span> <span class='ocrx_word' id='word_1_676' title='bbox 1507 5208 1836 5276; x_wconf 90' lang='lat' dir='ltr'><strong>hominum,</strong></span> 
     </span>
    </p>
   </div>
   <div class='ocr_carea' id='block_1_88' title="bbox 232 5297 1839 5371">
    <p class='ocr_par' dir='ltr' id='par_1_88' title="bbox 232 5297 1839 5371">
     <span class='ocr_line' id='line_1_90' title="bbox 232 5297 1839 5371; baseline -0.004 -14"><span class='ocrx_word' id='word_1_677' title='bbox 232 5301 341 5358; x_wconf 90' lang='lat' dir='ltr'><strong>erit</strong></span> <span class='ocrx_word' id='word_1_678' title='bbox 369 5304 426 5355; x_wconf 85' lang='lat' dir='ltr'><strong>in</strong></span> <span class='ocrx_word' id='word_1_679' title='bbox 452 5302 789 5371; x_wconf 74' lang='lat' dir='ltr'><strong>generatione</strong></span> <span class='ocrx_word' id='word_1_680' title='bbox 816 5300 1004 5365; x_wconf 88' lang='lat' dir='ltr'><strong>hac,et</strong></span> <span class='ocrx_word' id='word_1_681' title='bbox 1026 5315 1203 5370; x_wconf 89' lang='lat' dir='ltr'><strong>usque</strong></span> <span class='ocrx_word' id='word_1_682' title='bbox 1250 5297 1308 5352; x_wconf 90' lang='lat' dir='ltr'><strong>in</strong></span> <span class='ocrx_word' id='word_1_683' title='bbox 1332 5299 1723 5367; x_wconf 86' lang='lat' dir='ltr'><strong>generationem</strong></span> <span class='ocrx_word' id='word_1_684' title='bbox 1753 5297 1839 5351; x_wconf 87' lang='lat' dir='ltr'><strong>ul-</strong></span> 
     </span>
    </p>
   </div>
   <div class='ocr_carea' id='block_1_89' title="bbox 232 5384 1838 5457">
    <p class='ocr_par' dir='ltr' id='par_1_89' title="bbox 232 5384 1838 5457">
     <span class='ocr_line' id='line_1_91' title="bbox 232 5384 1838 5457; baseline -0.005 -12"><span class='ocrx_word' id='word_1_685' title='bbox 232 5389 462 5455; x_wconf 90' lang='lat' dir='ltr'><strong>timam,</strong></span> <span class='ocrx_word' id='word_1_686' title='bbox 488 5388 550 5442; x_wconf 90' lang='lat' dir='ltr'><strong>id</strong></span> <span class='ocrx_word' id='word_1_687' title='bbox 579 5390 665 5443; x_wconf 88' lang='lat' dir='ltr'><strong>est</strong></span> <span class='ocrx_word' id='word_1_688' title='bbox 716 5387 985 5442; x_wconf 89' lang='lat' dir='ltr'><strong>omnibus</strong></span> <span class='ocrx_word' id='word_1_689' title='bbox 1010 5385 1480 5457; x_wconf 87' lang='lat' dir='ltr'><strong>generationibus</strong></span> <span class='ocrx_word' id='word_1_690' title='bbox 1508 5384 1838 5439; x_wconf 88' lang='lat' dir='ltr'><strong>hominum.</strong></span> 
     </span>
    </p>
   </div>
   <div class='ocr_carea' id='block_1_90' title="bbox 235 5472 1841 5544">
    <p class='ocr_par' dir='ltr' id='par_1_90' title="bbox 235 5472 1841 5544">
     <span class='ocr_line' id='line_1_92' title="bbox 235 5472 1841 5544; baseline -0.004 -12"><span class='ocrx_word' id='word_1_691' title='bbox 235 5476 402 5544; x_wconf 87' lang='lat' dir='ltr'><strong>Quod</strong></span> <span class='ocrx_word' id='word_1_692' title='bbox 432 5478 519 5531; x_wconf 86' lang='lat' dir='ltr'><strong>est</strong></span> <span class='ocrx_word' id='word_1_693' title='bbox 546 5475 738 5531; x_wconf 88' lang='lat' dir='ltr'><strong>dicere</strong></span> <span class='ocrx_word' id='word_1_694' title='bbox 765 5491 777 5529; x_wconf 89' lang='lat'>:</span> <span class='ocrx_word' id='word_1_695' title='bbox 807 5477 870 5529; x_wconf 86' lang='lat' dir='ltr'><strong>In</strong></span> <span class='ocrx_word' id='word_1_696' title='bbox 900 5474 1170 5530; x_wconf 91' lang='lat' dir='ltr'><strong>omnibus</strong></span> <span class='ocrx_word' id='word_1_697' title='bbox 1193 5472 1364 5543; x_wconf 86' lang='lat' dir='ltr'><strong>hujus</strong></span> <span class='ocrx_word' id='word_1_698' title='bbox 1378 5472 1578 5526; x_wconf 90' lang='lat' dir='ltr'><strong>mundi</strong></span> <span class='ocrx_word' id='word_1_699' title='bbox 1598 5488 1841 5544; x_wconf 91' lang='lat' dir='ltr'><strong>genera-</strong></span> 
     </span>
    </p>
   </div>
   <div class='ocr_carea' id='block_1_91' title="bbox 234 5558 1844 5629">
    <p class='ocr_par' dir='ltr' id='par_1_91' title="bbox 234 5558 1844 5629">
     <span class='ocr_line' id='line_1_93' title="bbox 234 5558 1844 5629; baseline -0.003 -8"><span class='ocrx_word' id='word_1_700' title='bbox 234 5565 487 5621; x_wconf 89' lang='lat' dir='ltr'><strong>tionibus</strong></span> <span class='ocrx_word' id='word_1_701' title='bbox 500 5562 892 5619; x_wconf 88' lang='lat' dir='ltr'><strong>misericordia</strong></span> <span class='ocrx_word' id='word_1_702' title='bbox 912 5566 1010 5618; x_wconf 91' lang='lat' dir='ltr'><strong>tua</strong></span> <span class='ocrx_word' id='word_1_703' title='bbox 1023 5561 1356 5618; x_wconf 89' lang='lat' dir='ltr'><strong>hominibus</strong></span> <span class='ocrx_word' id='word_1_704' title='bbox 1367 5558 1844 5629; x_wconf 87' lang='lat' dir='ltr'><strong>exhibebitur,vel</strong></span> 
     </span>
    </p>
   </div>
   <div class='ocr_carea' id='block_1_92' title="bbox 1950 3138 3563 3201">
    <p class='ocr_par' dir='ltr' id='par_1_92' title="bbox 1950 3138 3563 3201">
     <span class='ocr_line' id='line_1_94' title="bbox 1950 3138 3563 3201; baseline 0.005 -8"><span class='ocrx_word' id='word_1_705' title='bbox 1950 3138 2197 3194; x_wconf 90' lang='lat' dir='ltr'><strong>ctrinam</strong></span> <span class='ocrx_word' id='word_1_706' title='bbox 2226 3139 2297 3193; x_wconf 91' lang='lat' dir='ltr'><strong>ad</strong></span> <span class='ocrx_word' id='word_1_707' title='bbox 2328 3138 2504 3192; x_wconf 85' lang='lat' dir='ltr'><strong>ﬁdem</strong></span> <span class='ocrx_word' id='word_1_708' title='bbox 2522 3142 2734 3193; x_wconf 85' lang='lat' dir='ltr'><strong>vocatae</strong></span> <span class='ocrx_word' id='word_1_709' title='bbox 2761 3140 3016 3193; x_wconf 87' lang='lat' dir='ltr'><strong>timebunt</strong></span> <span class='ocrx_word' id='word_1_710' title='bbox 3040 3145 3197 3197; x_wconf 90' lang='lat' dir='ltr'><strong>casto</strong></span> <span class='ocrx_word' id='word_1_711' title='bbox 3224 3143 3436 3200; x_wconf 86' lang='lat' dir='ltr'><strong>timore</strong></span> <span class='ocrx_word' id='word_1_712' title='bbox 3468 3164 3563 3201; x_wconf 92' lang='lat' dir='ltr'><strong>no-</strong></span> 
     </span>
    </p>
   </div>
   <div class='ocr_carea' id='block_1_93' title="bbox 1948 3226 3570 3293">
    <p class='ocr_par' dir='ltr' id='par_1_93' title="bbox 1948 3226 3570 3293">
     <span class='ocr_line' id='line_1_95' title="bbox 1948 3226 3570 3293; baseline 0.007 -12"><span class='ocrx_word' id='word_1_713' title='bbox 1948 3243 2069 3281; x_wconf 88' lang='lat' dir='ltr'><strong>men</strong></span> <span class='ocrx_word' id='word_1_714' title='bbox 2118 3232 2292 3289; x_wconf 87' lang='lat' dir='ltr'><strong>tuum,</strong></span> <span class='ocrx_word' id='word_1_715' title='bbox 2337 3226 2589 3293; x_wconf 88' lang='lat' dir='ltr'><strong>Domine,</strong></span> <span class='ocrx_word' id='word_1_716' title='bbox 2632 3226 2844 3282; x_wconf 90' lang='lat' dir='ltr'><strong>scilicet</strong></span> <span class='ocrx_word' id='word_1_717' title='bbox 2866 3231 3293 3286; x_wconf 80' lang='lat' dir='ltr'><strong>venerabantur</strong></span> <span class='ocrx_word' id='word_1_718' title='bbox 3345 3234 3457 3290; x_wconf 84' lang='lat' dir='ltr'><strong>fide</strong></span> <span class='ocrx_word' id='word_1_719' title='bbox 3509 3240 3570 3293; x_wconf 85' lang='lat' dir='ltr'><strong>ct</strong></span> 
     </span>
    </p>
   </div>
   <div class='ocr_carea' id='block_1_94' title="bbox 1950 3317 3565 3390">
    <p class='ocr_par' dir='ltr' id='par_1_94' title="bbox 1950 3317 3565 3390">
     <span class='ocr_line' id='line_1_96' title="bbox 1950 3317 3565 3390; baseline 0.006 -19"><span class='ocrx_word' id='word_1_720' title='bbox 1950 3331 2145 3387; x_wconf 86' lang='lat' dir='ltr'><strong>opere,</strong></span> <span class='ocrx_word' id='word_1_721' title='bbox 2178 3319 2235 3369; x_wconf 88' lang='lat' dir='ltr'><strong>et</strong></span> <span class='ocrx_word' id='word_1_722' title='bbox 2255 3332 2354 3369; x_wconf 88' lang='lat' dir='ltr'><strong>ore</strong></span> <span class='ocrx_word' id='word_1_723' title='bbox 2380 3317 2639 3387; x_wconf 87' lang='lat' dir='ltr'><strong>te,quem</strong></span> <span class='ocrx_word' id='word_1_724' title='bbox 2683 3317 2996 3372; x_wconf 89' lang='lat' dir='ltr'><strong>Dominum</strong></span> <span class='ocrx_word' id='word_1_725' title='bbox 3021 3320 3326 3390; x_wconf 87' lang='lat' dir='ltr'><strong>vocabunt,</strong></span> <span class='ocrx_word' id='word_1_726' title='bbox 3359 3326 3416 3378; x_wconf 91' lang='lat' dir='ltr'><strong>et</strong></span> <span class='ocrx_word' id='word_1_727' title='bbox 3446 3341 3565 3381; x_wconf 90' lang='lat' dir='ltr'><strong>non</strong></span> 
     </span>
    </p>
   </div>
   <div class='ocr_carea' id='block_1_95' title="bbox 1949 3404 3565 3484">
    <p class='ocr_par' dir='ltr' id='par_1_95' title="bbox 1949 3404 3565 3484">
     <span class='ocr_line' id='line_1_97' title="bbox 1949 3404 3565 3484; baseline 0.006 -25"><span class='ocrx_word' id='word_1_728' title='bbox 1949 3405 2136 3459; x_wconf 92' lang='lat' dir='ltr'><strong>solum</strong></span> <span class='ocrx_word' id='word_1_729' title='bbox 2187 3404 2369 3475; x_wconf 84' lang='lat' dir='ltr'><strong>plebs,</strong></span> <span class='ocrx_word' id='word_1_730' title='bbox 2398 3404 2497 3458; x_wconf 89' lang='lat' dir='ltr'><strong>sed</strong></span> <span class='ocrx_word' id='word_1_731' title='bbox 2526 3411 2787 3474; x_wconf 85' lang='lat' dir='ltr'><strong>etomnes,</strong></span> <span class='ocrx_word' id='word_1_732' title='bbox 2822 3406 2879 3461; x_wconf 91' lang='lat' dir='ltr'><strong>id</strong></span> <span class='ocrx_word' id='word_1_733' title='bbox 2910 3410 2996 3461; x_wconf 89' lang='lat' dir='ltr'><strong>est</strong></span> <span class='ocrx_word' id='word_1_734' title='bbox 3021 3410 3372 3467; x_wconf 90' lang='lat' dir='ltr'><strong>omnismodi</strong></span> <span class='ocrx_word' id='word_1_735' title='bbox 3424 3432 3565 3484; x_wconf 87' lang='lat' dir='ltr'><strong>reges</strong></span> 
     </span>
    </p>
   </div>
   <div class='ocr_carea' id='block_1_96' title="bbox 1951 3492 3566 3567">
    <p class='ocr_par' dir='ltr' id='par_1_96' title="bbox 1951 3492 3566 3567">
     <span class='ocr_line' id='line_1_98' title="bbox 1951 3492 3566 3567; baseline 0.007 -20"><span class='ocrx_word' id='word_1_736' title='bbox 1951 3496 2127 3559; x_wconf 69' lang='lat' dir='ltr'><strong>terrae,</strong></span> <span class='ocrx_word' id='word_1_737' title='bbox 2154 3494 2309 3547; x_wconf 90' lang='lat' dir='ltr'><strong>casto</strong></span> <span class='ocrx_word' id='word_1_738' title='bbox 2341 3492 2545 3547; x_wconf 90' lang='lat' dir='ltr'><strong>limore</strong></span> <span class='ocrx_word' id='word_1_739' title='bbox 2576 3492 2861 3549; x_wconf 86' lang='lat' dir='ltr'><strong>timebunt</strong></span> <span class='ocrx_word' id='word_1_740' title='bbox 2883 3496 3114 3566; x_wconf 87' lang='lat' dir='ltr'><strong>gloriam</strong></span> <span class='ocrx_word' id='word_1_741' title='bbox 3169 3506 3338 3567; x_wconf 86' lang='lat' dir='ltr'><strong>tuam,</strong></span> <span class='ocrx_word' id='word_1_742' title='bbox 3391 3500 3449 3556; x_wconf 90' lang='lat' dir='ltr'><strong>id</strong></span> <span class='ocrx_word' id='word_1_743' title='bbox 3479 3507 3566 3559; x_wconf 89' lang='lat' dir='ltr'><strong>est</strong></span> 
     </span>
    </p>
   </div>
   <div class='ocr_carea' id='block_1_97' title="bbox 1952 3580 3562 3655">
    <p class='ocr_par' dir='ltr' id='par_1_97' title="bbox 1952 3580 3562 3655">
     <span class='ocr_line' id='line_1_99' title="bbox 1952 3580 3562 3655; baseline 0.007 -21"><span class='ocrx_word' id='word_1_744' title='bbox 1952 3580 2291 3651; x_wconf 87' lang='lat' dir='ltr'><strong>gloriosum,</strong></span> <span class='ocrx_word' id='word_1_745' title='bbox 2326 3584 2383 3635; x_wconf 89' lang='lat' dir='ltr'><strong>et</strong></span> <span class='ocrx_word' id='word_1_746' title='bbox 2412 3580 2519 3634; x_wconf 91' lang='lat' dir='ltr'><strong>hoc</strong></span> <span class='ocrx_word' id='word_1_747' title='bbox 2551 3580 2701 3647; x_wconf 91' lang='lat' dir='ltr'><strong>ideo,</strong></span> <span class='ocrx_word' id='word_1_748' title='bbox 2754 3582 2888 3653; x_wconf 90' lang='lat' dir='ltr'><strong>quia</strong></span> <span class='ocrx_word' id='word_1_749' title='bbox 2934 3600 3037 3653; x_wconf 84' lang='lat' dir='ltr'><strong>per</strong></span> <span class='ocrx_word' id='word_1_750' title='bbox 3087 3587 3562 3655; x_wconf 67' lang='lat' dir='ltr'><strong>praedicationem</strong></span> 
     </span>
    </p>
   </div>
   <div class='ocr_carea' id='block_1_98' title="bbox 1952 3668 3565 3748">
    <p class='ocr_par' dir='ltr' id='par_1_98' title="bbox 1952 3668 3565 3748">
     <span class='ocr_line' id='line_1_100' title="bbox 1952 3668 3565 3748; baseline 0.007 -25"><span class='ocrx_word' id='word_1_751' title='bbox 1952 3668 2347 3740; x_wconf 88' lang='lat' dir='ltr'><strong>apostolorum</strong></span> <span class='ocrx_word' id='word_1_752' title='bbox 2365 3668 2759 3723; x_wconf 88' lang='lat' dir='ltr'><strong>testimonium</strong></span> <span class='ocrx_word' id='word_1_753' title='bbox 2777 3671 3281 3742; x_wconf 86' lang='lat' dir='ltr'><strong>prophetarum,et</strong></span> <span class='ocrx_word' id='word_1_754' title='bbox 3294 3677 3565 3748; x_wconf 89' lang='lat' dir='ltr'><strong>baptismi</strong></span> 
     </span>
    </p>
   </div>
   <div class='ocr_carea' id='block_1_99' title="bbox 1948 3756 3561 3829">
    <p class='ocr_par' dir='ltr' id='par_1_99' title="bbox 1948 3756 3561 3829">
     <span class='ocr_line' id='line_1_101' title="bbox 1948 3756 3561 3829; baseline 0.007 -20"><span class='ocrx_word' id='word_1_755' title='bbox 1948 3760 2379 3811; x_wconf 89' lang='lat' dir='ltr'><strong>sacramentum</strong></span> <span class='ocrx_word' id='word_1_756' title='bbox 2402 3772 2415 3823; x_wconf 93' lang='lat'><strong>;</strong></span> <span class='ocrx_word' id='word_1_757' title='bbox 2441 3756 2708 3810; x_wconf 78' lang='lat' dir='ltr'><strong>Dominus</strong></span> <span class='ocrx_word' id='word_1_758' title='bbox 2724 3758 2819 3829; x_wconf 89' lang='lat' dir='ltr'><strong>qui</strong></span> <span class='ocrx_word' id='word_1_759' title='bbox 2842 3760 2993 3813; x_wconf 92' lang='lat' dir='ltr'><strong>solus</strong></span> <span class='ocrx_word' id='word_1_760' title='bbox 3010 3760 3109 3814; x_wconf 89' lang='lat' dir='ltr'><strong>dat</strong></span> <span class='ocrx_word' id='word_1_761' title='bbox 3135 3761 3561 3822; x_wconf 88' lang='lat' dir='ltr'><strong>incrementum</strong></span> 
     </span>
    </p>
   </div>
   <div class='ocr_carea' id='block_1_100' title="bbox 1948 3842 3564 3922">
    <p class='ocr_par' dir='ltr' id='par_1_100' title="bbox 1948 3842 3564 3922">
     <span class='ocr_line' id='line_1_102' title="bbox 1948 3842 3564 3922; baseline 0.001 -25"><span class='ocrx_word' id='word_1_762' title='bbox 1948 3843 2001 3913; x_wconf 91' lang='grc' dir='ltr'><strong>(Ι</strong></span> <span class='ocrx_word' id='word_1_763' title='bbox 2033 3842 2158 3900; x_wconf 89' lang='lat' dir='ltr'><strong>Cor.</strong></span> <span class='ocrx_word' id='word_1_764' title='bbox 2186 3861 2265 3911; x_wconf 90' lang='grc' dir='ltr'>ιιι,</span> <span class='ocrx_word' id='word_1_765' title='bbox 2300 3843 2377 3914; x_wconf 87' lang='lat'><strong>7),</strong></span> <span class='ocrx_word' id='word_1_766' title='bbox 2398 3842 2712 3915; x_wconf 68' lang='lat' dir='ltr'><strong>aediﬁcavit,</strong></span> <span class='ocrx_word' id='word_1_767' title='bbox 2745 3844 2803 3899; x_wconf 91' lang='lat' dir='ltr'><strong>id</strong></span> <span class='ocrx_word' id='word_1_768' title='bbox 2834 3848 2918 3899; x_wconf 80' lang='lat' dir='ltr'><strong>est</strong></span> <span class='ocrx_word' id='word_1_769' title='bbox 2965 3846 3289 3917; x_wconf 72' lang='lat' dir='ltr'><strong>aedilicabit,</strong></span> <span class='ocrx_word' id='word_1_770' title='bbox 3322 3856 3564 3922; x_wconf 64' lang='lat' dir='ltr'><strong>praeter-</strong></span> 
     </span>
    </p>
   </div>
   <div class='ocr_carea' id='block_1_101' title="bbox 1948 3931 3559 4010">
    <p class='ocr_par' dir='ltr' id='par_1_101' title="bbox 1948 3931 3559 4010">
     <span class='ocr_line' id='line_1_103' title="bbox 1948 3931 3559 4010; baseline 0.008 -24"><span class='ocrx_word' id='word_1_771' title='bbox 1948 3931 2095 3986; x_wconf 89' lang='lat' dir='ltr'><strong>itum</strong></span> <span class='ocrx_word' id='word_1_772' title='bbox 2147 3947 2252 4004; x_wconf 89' lang='lat' dir='ltr'><strong>pro</strong></span> <span class='ocrx_word' id='word_1_773' title='bbox 2282 3931 2475 3985; x_wconf 79' lang='lat' dir='ltr'><strong>futuro</strong></span> <span class='ocrx_word' id='word_1_774' title='bbox 2508 3935 2747 4004; x_wconf 83' lang='lat' dir='ltr'><strong>prepter</strong></span> <span class='ocrx_word' id='word_1_775' title='bbox 2786 3932 3189 3989; x_wconf 89' lang='lat' dir='ltr'><strong>certitudinem</strong></span> <span class='ocrx_word' id='word_1_776' title='bbox 3220 3940 3559 4010; x_wconf 64' lang='lat' dir='ltr'><strong>prophetia),</strong></span> 
     </span>
    </p>
   </div>
   <div class='ocr_carea' id='block_1_102' title="bbox 1947 4018 3564 4090">
    <p class='ocr_par' dir='ltr' id='par_1_102' title="bbox 1947 4018 3564 4090">
     <span class='ocr_line' id='line_1_104' title="bbox 1947 4018 3564 4090; baseline 0.007 -16"><span class='ocrx_word' id='word_1_777' title='bbox 1947 4018 2274 4086; x_wconf 82' lang='lat' dir='ltr'><strong>aediﬁcabit,</strong></span> <span class='ocrx_word' id='word_1_778' title='bbox 2301 4019 2449 4087; x_wconf 90' lang='lat' dir='ltr'><strong>dico,</strong></span> <span class='ocrx_word' id='word_1_779' title='bbox 2469 4036 2535 4074; x_wconf 87' lang='lat' dir='ltr'><strong>ex</strong></span> <span class='ocrx_word' id='word_1_780' title='bbox 2555 4019 2690 4074; x_wconf 91' lang='lat' dir='ltr'><strong>vivis</strong></span> <span class='ocrx_word' id='word_1_781' title='bbox 2705 4019 3174 4090; x_wconf 90' lang='lat' dir='ltr'><strong>lapidibus,Sion,</strong></span> <span class='ocrx_word' id='word_1_782' title='bbox 3196 4023 3257 4079; x_wconf 92' lang='lat' dir='ltr'><strong>id</strong></span> <span class='ocrx_word' id='word_1_783' title='bbox 3277 4031 3363 4081; x_wconf 91' lang='lat' dir='ltr'><strong>est</strong></span> <span class='ocrx_word' id='word_1_784' title='bbox 3378 4030 3564 4086; x_wconf 90' lang='lat' dir='ltr'><strong>Eccle-</strong></span> 
     </span>
    </p>
   </div>
   <div class='ocr_carea' id='block_1_103' title="bbox 1947 4106 3559 4184">
    <p class='ocr_par' dir='ltr' id='par_1_103' title="bbox 1947 4106 3559 4184">
     <span class='ocr_line' id='line_1_105' title="bbox 1947 4106 3559 4184; baseline 0.007 -22"><span class='ocrx_word' id='word_1_785' title='bbox 1947 4108 2115 4174; x_wconf 84' lang='lat' dir='ltr'><strong>siam,</strong></span> <span class='ocrx_word' id='word_1_786' title='bbox 2140 4125 2269 4179; x_wconf 78' lang='lat' dir='ltr'><strong>quae</strong></span> <span class='ocrx_word' id='word_1_787' title='bbox 2294 4108 2351 4161; x_wconf 91' lang='lat' dir='ltr'><strong>in</strong></span> <span class='ocrx_word' id='word_1_788' title='bbox 2374 4106 2511 4163; x_wconf 92' lang='lat' dir='ltr'><strong>Sion</strong></span> <span class='ocrx_word' id='word_1_789' title='bbox 2532 4124 2638 4180; x_wconf 91' lang='lat' dir='ltr'><strong>per</strong></span> <span class='ocrx_word' id='word_1_790' title='bbox 2653 4107 2861 4163; x_wconf 87' lang='lat' dir='ltr'><strong>Christi</strong></span> <span class='ocrx_word' id='word_1_791' title='bbox 2882 4110 3559 4184; x_wconf 66' lang='lat' dir='ltr'><strong>praedicationem,mira-</strong></span> 
     </span>
    </p>
   </div>
   <div class='ocr_carea' id='block_1_104' title="bbox 1947 4194 3556 4268">
    <p class='ocr_par' dir='ltr' id='par_1_104' title="bbox 1947 4194 3556 4268">
     <span class='ocr_line' id='line_1_106' title="bbox 1947 4194 3556 4268; baseline 0.007 -17"><span class='ocrx_word' id='word_1_792' title='bbox 1947 4197 2206 4251; x_wconf 90' lang='lat' dir='ltr'><strong>culorum</strong></span> <span class='ocrx_word' id='word_1_793' title='bbox 2228 4194 2713 4266; x_wconf 89' lang='lat' dir='ltr'><strong>operationem,et</strong></span> <span class='ocrx_word' id='word_1_794' title='bbox 2741 4196 2983 4268; x_wconf 90' lang='lat' dir='ltr'><strong>Spiritus</strong></span> <span class='ocrx_word' id='word_1_795' title='bbox 3004 4200 3184 4255; x_wconf 88' lang='lat' dir='ltr'><strong>sancti</strong></span> <span class='ocrx_word' id='word_1_796' title='bbox 3220 4203 3556 4264; x_wconf 84' lang='lat' dir='ltr'><strong>missionem</strong></span> 
     </span>
    </p>
   </div>
   <div class='ocr_carea' id='block_1_105' title="bbox 1868 4283 3557 4358">
    <p class='ocr_par' dir='ltr' id='par_1_105' title="bbox 1868 4283 3557 4358">
     <span class='ocr_line' id='line_1_107' title="bbox 1868 4283 3557 4358; baseline 0.009 -21"><span class='ocrx_word' id='word_1_797' title='bbox 1868 4289 1920 4348; x_wconf 91' lang='lat' dir='ltr'><strong>D</strong></span> <span class='ocrx_word' id='word_1_798' title='bbox 1948 4283 2176 4338; x_wconf 90' lang='lat' dir='ltr'><strong>initium</strong></span> <span class='ocrx_word' id='word_1_799' title='bbox 2197 4284 2396 4339; x_wconf 86' lang='lat' dir='ltr'><strong>habuit</strong></span> <span class='ocrx_word' id='word_1_800' title='bbox 2420 4301 2434 4351; x_wconf 89' lang='lat'><strong>;</strong></span> <span class='ocrx_word' id='word_1_801' title='bbox 2462 4290 2511 4338; x_wconf 81' lang='lat' dir='ltr'><strong>el</strong></span> <span class='ocrx_word' id='word_1_802' title='bbox 2533 4284 2652 4357; x_wconf 91' lang='lat' dir='ltr'><strong>ipse</strong></span> <span class='ocrx_word' id='word_1_803' title='bbox 2678 4284 2938 4340; x_wconf 85' lang='lat' dir='ltr'><strong>Dominus</strong></span> <span class='ocrx_word' id='word_1_804' title='bbox 2970 4288 3066 4358; x_wconf 91' lang='lat' dir='ltr'><strong>qui</strong></span> <span class='ocrx_word' id='word_1_805' title='bbox 3110 4290 3180 4344; x_wconf 93' lang='lat' dir='ltr'><strong>de</strong></span> <span class='ocrx_word' id='word_1_806' title='bbox 3231 4292 3314 4346; x_wconf 90' lang='lat' dir='ltr'><strong>sui</strong></span> <span class='ocrx_word' id='word_1_807' title='bbox 3348 4299 3557 4353; x_wconf 88' lang='lat' dir='ltr'><strong>natura</strong></span> 
     </span>
    </p>
   </div>
   <div class='ocr_carea' id='block_1_106' title="bbox 1947 4371 3557 4449">
    <p class='ocr_par' dir='ltr' id='par_1_106' title="bbox 1947 4371 3557 4449">
     <span class='ocr_line' id='line_1_108' title="bbox 1947 4371 3557 4449; baseline 0.004 -22"><span class='ocrx_word' id='word_1_808' title='bbox 1947 4376 2032 4427; x_wconf 90' lang='lat' dir='ltr'><strong>est</strong></span> <span class='ocrx_word' id='word_1_809' title='bbox 2057 4371 2368 4440; x_wconf 88' lang='lat' dir='ltr'><strong>invisibilis,</strong></span> <span class='ocrx_word' id='word_1_810' title='bbox 2426 4372 2686 4427; x_wconf 82' lang='lat' dir='ltr'><strong>videbitur</strong></span> <span class='ocrx_word' id='word_1_811' title='bbox 2712 4373 3009 4429; x_wconf 89' lang='lat' dir='ltr'><strong>visibilisin</strong></span> <span class='ocrx_word' id='word_1_812' title='bbox 3034 4376 3205 4445; x_wconf 88' lang='lat' dir='ltr'><strong>gloria</strong></span> <span class='ocrx_word' id='word_1_813' title='bbox 3235 4396 3352 4449; x_wconf 84' lang='lat' dir='ltr'><strong>sua,</strong></span> <span class='ocrx_word' id='word_1_814' title='bbox 3381 4382 3439 4438; x_wconf 92' lang='lat' dir='ltr'><strong>id</strong></span> <span class='ocrx_word' id='word_1_815' title='bbox 3470 4391 3557 4442; x_wconf 81' lang='lat' dir='ltr'><strong>est,</strong></span> 
     </span>
    </p>
   </div>
   <div class='ocr_carea' id='block_1_107' title="bbox 1945 4461 3554 4533">
    <p class='ocr_par' dir='ltr' id='par_1_107' title="bbox 1945 4461 3554 4533">
     <span class='ocr_line' id='line_1_109' title="bbox 1945 4461 3554 4533; baseline 0.009 -16"><span class='ocrx_word' id='word_1_816' title='bbox 1945 4462 2004 4517; x_wconf 91' lang='lat' dir='ltr'><strong>in</strong></span> <span class='ocrx_word' id='word_1_817' title='bbox 2038 4461 2197 4528; x_wconf 86' lang='lat' dir='ltr'><strong>Filio,</strong></span> <span class='ocrx_word' id='word_1_818' title='bbox 2232 4461 2329 4533; x_wconf 90' lang='lat' dir='ltr'><strong>qui</strong></span> <span class='ocrx_word' id='word_1_819' title='bbox 2355 4464 2440 4517; x_wconf 90' lang='lat' dir='ltr'><strong>est</strong></span> <span class='ocrx_word' id='word_1_820' title='bbox 2463 4461 2744 4533; x_wconf 89' lang='lat' dir='ltr'><strong>sapientia</strong></span> <span class='ocrx_word' id='word_1_821' title='bbox 2760 4464 2816 4517; x_wconf 88' lang='lat' dir='ltr'><strong>et</strong></span> <span class='ocrx_word' id='word_1_822' title='bbox 2832 4462 3016 4533; x_wconf 87' lang='lat' dir='ltr'><strong>gloria</strong></span> <span class='ocrx_word' id='word_1_823' title='bbox 3036 4465 3236 4533; x_wconf 86' lang='lat' dir='ltr'><strong>Patris,</strong></span> <span class='ocrx_word' id='word_1_824' title='bbox 3263 4468 3554 4531; x_wconf 85' lang='lat' dir='ltr'><strong>sicutscri-</strong></span> 
     </span>
    </p>
   </div>
   <div class='ocr_carea' id='block_1_108' title="bbox 1944 4547 3547 4632">
    <p class='ocr_par' dir='ltr' id='par_1_108' title="bbox 1944 4547 3547 4632">
     <span class='ocr_line' id='line_1_110' title="bbox 1944 4547 3547 4632; baseline 0.008 -29"><span class='ocrx_word' id='word_1_825' title='bbox 1944 4552 2108 4622; x_wconf 87' lang='lat' dir='ltr'><strong>ptum</strong></span> <span class='ocrx_word' id='word_1_826' title='bbox 2140 4551 2245 4603; x_wconf 88' lang='lat' dir='ltr'><strong>est.</strong></span> <span class='ocrx_word' id='word_1_827' title='bbox 2281 4547 2425 4612; x_wconf 89' lang='lat' dir='ltr'><strong>Quia</strong></span> <span class='ocrx_word' id='word_1_828' title='bbox 2454 4548 2837 4620; x_wconf 79' lang='lat' dir='ltr'><strong>filiussapiens</strong></span> <span class='ocrx_word' id='word_1_829' title='bbox 2853 4553 2937 4604; x_wconf 90' lang='lat' dir='ltr'><strong>est</strong></span> <span class='ocrx_word' id='word_1_830' title='bbox 2957 4551 3142 4621; x_wconf 88' lang='lat' dir='ltr'><strong>gloria</strong></span> <span class='ocrx_word' id='word_1_831' title='bbox 3162 4558 3341 4626; x_wconf 89' lang='lat' dir='ltr'><strong>patris</strong></span> <span class='ocrx_word' id='word_1_832' title='bbox 3365 4560 3547 4632; x_wconf 87' lang='lat' dir='ltr'><strong>(Prov.</strong></span> 
     </span>
    </p>
   </div>
   <div class='ocr_carea' id='block_1_109' title="bbox 1942 4634 3549 4722">
    <p class='ocr_par' dir='ltr' id='par_1_109' title="bbox 1942 4634 3549 4722">
     <span class='ocr_line' id='line_1_111' title="bbox 1942 4634 3549 4722; baseline 0.01 -29"><span class='ocrx_word' id='word_1_833' title='bbox 1942 4655 1997 4705; x_wconf 86' lang='lat' dir='ltr'><strong>x,</strong></span> <span class='ocrx_word' id='word_1_834' title='bbox 2029 4636 2100 4709; x_wconf 86' lang='lat' dir='ltr'><strong>l).</strong></span> <span class='ocrx_word' id='word_1_835' title='bbox 2132 4637 2426 4692; x_wconf 85' lang='lat' dir='ltr'><strong>Videbitur</strong></span> <span class='ocrx_word' id='word_1_836' title='bbox 2447 4636 2571 4690; x_wconf 91' lang='lat' dir='ltr'><strong>dico</strong></span> <span class='ocrx_word' id='word_1_837' title='bbox 2599 4635 2657 4690; x_wconf 91' lang='lat' dir='ltr'><strong>in</strong></span> <span class='ocrx_word' id='word_1_838' title='bbox 2676 4634 2799 4691; x_wconf 83' lang='lat' dir='ltr'><strong>ﬁlio</strong></span> <span class='ocrx_word' id='word_1_839' title='bbox 2830 4638 2925 4709; x_wconf 86' lang='lat' dir='ltr'><strong>qui</strong></span> <span class='ocrx_word' id='word_1_840' title='bbox 2944 4639 3024 4693; x_wconf 90' lang='lat' dir='ltr'><strong>ait</strong></span> <span class='ocrx_word' id='word_1_841' title='bbox 3046 4656 3059 4693; x_wconf 91' lang='lat'><strong><em>:</em></strong></span> <span class='ocrx_word' id='word_1_842' title='bbox 3082 4660 3113 4693; x_wconf 87' lang='grc'><strong>‹‹</strong></span> <span class='ocrx_word' id='word_1_843' title='bbox 3137 4641 3241 4707; x_wconf 90' lang='lat' dir='ltr'><strong>Qui</strong></span> <span class='ocrx_word' id='word_1_844' title='bbox 3266 4646 3549 4722; x_wconf 87' lang='lat' dir='ltr'><strong>videtme,</strong></span> 
     </span>
    </p>
   </div>
   <div class='ocr_carea' id='block_1_110' title="bbox 1942 4724 3546 4808">
    <p class='ocr_par' dir='ltr' id='par_1_110' title="bbox 1942 4724 3546 4808">
     <span class='ocr_line' id='line_1_112' title="bbox 1942 4724 3546 4808; baseline 0.022 -46"><span class='ocrx_word' id='word_1_845' title='bbox 1942 4725 2098 4779; x_wconf 65' lang='lat' dir='ltr'><strong>videt</strong></span> <span class='ocrx_word' id='word_1_846' title='bbox 2176 4726 2233 4777; x_wconf 87' lang='lat' dir='ltr'><strong>et</strong></span> <span class='ocrx_word' id='word_1_847' title='bbox 2299 4725 2527 4778; x_wconf 87' lang='lat' dir='ltr'><strong>Patrem</strong></span> <span class='ocrx_word' id='word_1_848' title='bbox 2576 4724 2764 4793; x_wconf 86' lang='lat' dir='ltr'><strong>(Joan.</strong></span> <span class='ocrx_word' id='word_1_849' title='bbox 2794 4742 2902 4792; x_wconf 76' lang='lat' dir='ltr'><strong>xlv,</strong></span> <span class='ocrx_word' id='word_1_850' title='bbox 2936 4726 3012 4799; x_wconf 92' lang='lat'><strong>9),</strong></span> <span class='ocrx_word' id='word_1_851' title='bbox 3045 4746 3076 4780; x_wconf 66' lang='grc' dir='ltr'>ιν</span> <span class='ocrx_word' id='word_1_852' title='bbox 3106 4732 3239 4787; x_wconf 87' lang='lat' dir='ltr'><strong>tunc</strong></span> <span class='ocrx_word' id='word_1_853' title='bbox 3315 4738 3546 4808; x_wconf 89' lang='lat' dir='ltr'><strong>scilicet,</strong></span> 
     </span>
    </p>
   </div>
   <div class='ocr_carea' id='block_1_111' title="bbox 1947 4810 3544 4883">
    <p class='ocr_par' dir='ltr' id='par_1_111' title="bbox 1947 4810 3544 4883">
     <span class='ocr_line' id='line_1_113' title="bbox 1947 4810 3544 4883; baseline 0.012 -20"><span class='ocrx_word' id='word_1_854' title='bbox 1947 4835 1975 4863; x_wconf 88' lang='grc'><strong>‹‹</strong></span> <span class='ocrx_word' id='word_1_855' title='bbox 2004 4828 2137 4867; x_wconf 91' lang='lat' dir='ltr'><strong>cum</strong></span> <span class='ocrx_word' id='word_1_856' title='bbox 2161 4810 2382 4865; x_wconf 88' lang='lat' dir='ltr'><strong>venerit</strong></span> <span class='ocrx_word' id='word_1_857' title='bbox 2406 4811 2463 4864; x_wconf 89' lang='lat' dir='ltr'><strong>in</strong></span> <span class='ocrx_word' id='word_1_858' title='bbox 2499 4811 2796 4882; x_wconf 89' lang='lat' dir='ltr'><strong>majestate</strong></span> <span class='ocrx_word' id='word_1_859' title='bbox 2813 4831 2936 4881; x_wconf 92' lang='lat' dir='ltr'><strong>sua,</strong></span> <span class='ocrx_word' id='word_1_860' title='bbox 2956 4818 3013 4870; x_wconf 87' lang='lat' dir='ltr'><strong>et</strong></span> <span class='ocrx_word' id='word_1_861' title='bbox 3038 4818 3219 4873; x_wconf 86' lang='lat' dir='ltr'><strong>Patris</strong></span> <span class='ocrx_word' id='word_1_862' title='bbox 3246 4825 3303 4877; x_wconf 88' lang='lat' dir='ltr'><strong>et</strong></span> <span class='ocrx_word' id='word_1_863' title='bbox 3320 4832 3544 4883; x_wconf 87' lang='lat' dir='ltr'><strong>sancto-</strong></span> 
     </span>
    </p>
   </div>
   <div class='ocr_carea' id='block_1_112' title="bbox 1941 4898 3544 4985">
    <p class='ocr_par' dir='ltr' id='par_1_112' title="bbox 1941 4898 3544 4985">
     <span class='ocr_line' id='line_1_114' title="bbox 1941 4898 3544 4985; baseline 0.009 -30"><span class='ocrx_word' id='word_1_864' title='bbox 1941 4899 2427 4970; x_wconf 86' lang='lat' dir='ltr'><strong>rumangelorum</strong></span> <span class='ocrx_word' id='word_1_865' title='bbox 2447 4898 2668 4964; x_wconf 76' lang='lat' dir='ltr'><strong>(Matth.</strong></span> <span class='ocrx_word' id='word_1_866' title='bbox 2687 4917 2809 4970; x_wconf 83' lang='lat' dir='ltr'><strong>xxv,</strong></span> <span class='ocrx_word' id='word_1_867' title='bbox 2839 4904 2948 4974; x_wconf 80' lang='lat' dir='ltr'><strong>3t).</strong></span> <span class='ocrx_word' id='word_1_868' title='bbox 2984 4922 3014 4955; x_wconf 82' lang='lat'>»</span> <span class='ocrx_word' id='word_1_869' title='bbox 3048 4929 3060 4951; x_wconf 66' lang='grc' dir='ltr'><strong>ι</strong></span> <span class='ocrx_word' id='word_1_870' title='bbox 3086 4906 3263 4973; x_wconf 85' lang='lat' dir='ltr'><strong>Tunc,</strong></span> <span class='ocrx_word' id='word_1_871' title='bbox 3286 4910 3544 4985; x_wconf 85' lang='lat' dir='ltr'><strong>inquam,</strong></span> 
     </span>
    </p>
   </div>
   <div class='ocr_carea' id='block_1_113' title="bbox 1938 4987 3548 5071">
    <p class='ocr_par' dir='ltr' id='par_1_113' title="bbox 1938 4987 3548 5071">
     <span class='ocr_line' id='line_1_115' title="bbox 1938 4987 3548 5071; baseline 0.011 -29"><span class='ocrx_word' id='word_1_872' title='bbox 1938 4987 2152 5043; x_wconf 91' lang='lat' dir='ltr'><strong>videbit</strong></span> <span class='ocrx_word' id='word_1_873' title='bbox 2177 5004 2311 5042; x_wconf 89' lang='lat' dir='ltr'><strong>cum</strong></span> <span class='ocrx_word' id='word_1_874' title='bbox 2342 4988 2530 5043; x_wconf 90' lang='lat' dir='ltr'><strong>omnis</strong></span> <span class='ocrx_word' id='word_1_875' title='bbox 2562 4989 2775 5057; x_wconf 90' lang='lat' dir='ltr'><strong>oculus,</strong></span> <span class='ocrx_word' id='word_1_876' title='bbox 2810 4993 2866 5044; x_wconf 90' lang='lat' dir='ltr'><strong>et</strong></span> <span class='ocrx_word' id='word_1_877' title='bbox 2893 4990 2990 5063; x_wconf 92' lang='lat' dir='ltr'><strong>qui</strong></span> <span class='ocrx_word' id='word_1_878' title='bbox 3016 5008 3147 5046; x_wconf 90' lang='lat' dir='ltr'><strong>eum</strong></span> <span class='ocrx_word' id='word_1_879' title='bbox 3176 5009 3548 5071; x_wconf 84' lang='lat' dir='ltr'><strong>pupugerunt</strong></span> 
     </span>
    </p>
   </div>
   <div class='ocr_carea' id='block_1_114' title="bbox 1939 5075 3543 5149">
    <p class='ocr_par' dir='ltr' id='par_1_114' title="bbox 1939 5075 3543 5149">
     <span class='ocr_line' id='line_1_116' title="bbox 1939 5075 3543 5149; baseline 0.011 -19"><span class='ocrx_word' id='word_1_880' title='bbox 1939 5075 2129 5148; x_wconf 84' lang='lat' dir='ltr'><strong>(Apoc.</strong></span> <span class='ocrx_word' id='word_1_881' title='bbox 2163 5093 2222 5143; x_wconf 91' lang='grc' dir='ltr'>ιι,</span> <span class='ocrx_word' id='word_1_882' title='bbox 2252 5075 2329 5149; x_wconf 91' lang='grc'><strong>7).</strong></span> <span class='ocrx_word' id='word_1_883' title='bbox 2363 5094 2395 5128; x_wconf 79' lang='lat'><strong><em>»</em></strong></span> <span class='ocrx_word' id='word_1_884' title='bbox 2427 5077 2559 5131; x_wconf 89' lang='lat' dir='ltr'><strong>Ideo</strong></span> <span class='ocrx_word' id='word_1_885' title='bbox 2581 5077 2911 5148; x_wconf 90' lang='lat' dir='ltr'><strong>autemipse</strong></span> <span class='ocrx_word' id='word_1_886' title='bbox 2933 5079 3206 5136; x_wconf 90' lang='lat' dir='ltr'><strong>Dominus</strong></span> <span class='ocrx_word' id='word_1_887' title='bbox 3238 5085 3543 5149; x_wconf 86' lang='lat' dir='ltr'><strong>Ecclesiam</strong></span> 
     </span>
    </p>
   </div>
   <div class='ocr_carea' id='block_1_115' title="bbox 1939 5162 3542 5235">
    <p class='ocr_par' dir='ltr' id='par_1_115' title="bbox 1939 5162 3542 5235">
     <span class='ocr_line' id='line_1_117' title="bbox 1939 5162 3542 5235; baseline 0.011 -17"><span class='ocrx_word' id='word_1_888' title='bbox 1939 5162 2264 5231; x_wconf 66' lang='lat' dir='ltr'><strong>aediﬁcavit,</strong></span> <span class='ocrx_word' id='word_1_889' title='bbox 2296 5165 2354 5218; x_wconf 92' lang='lat' dir='ltr'><strong>et</strong></span> <span class='ocrx_word' id='word_1_890' title='bbox 2384 5163 2589 5218; x_wconf 88' lang='lat' dir='ltr'><strong>Filium</strong></span> <span class='ocrx_word' id='word_1_891' title='bbox 2615 5181 2741 5219; x_wconf 87' lang='lat' dir='ltr'><strong>sum</strong></span> <span class='ocrx_word' id='word_1_892' title='bbox 2790 5163 2849 5218; x_wconf 93' lang='lat' dir='ltr'><strong>in</strong></span> <span class='ocrx_word' id='word_1_893' title='bbox 2883 5181 3055 5221; x_wconf 88' lang='lat' dir='ltr'><strong>carne</strong></span> <span class='ocrx_word' id='word_1_894' title='bbox 3086 5167 3366 5230; x_wconf 89' lang='lat' dir='ltr'><strong>visibilem</strong></span> <span class='ocrx_word' id='word_1_895' title='bbox 3426 5182 3542 5235; x_wconf 87' lang='lat' dir='ltr'><strong>tra-</strong></span> 
     </span>
    </p>
   </div>
   <div class='ocr_carea' id='block_1_116' title="bbox 1938 5251 2102 5307">
    <p class='ocr_par' dir='ltr' id='par_1_116' title="bbox 1938 5251 2102 5307">
     <span class='ocr_line' id='line_1_118' title="bbox 1938 5251 2102 5307; baseline -0.006 0"><span class='ocrx_word' id='word_1_896' title='bbox 1938 5251 2102 5307; x_wconf 91' lang='lat' dir='ltr'><strong>didit.</strong></span> 
     </span>
    </p>
   </div>
   <div class='ocr_carea' id='block_1_117' title="bbox 2013 5381 3547 5458">
    <p class='ocr_par' dir='ltr' id='par_1_117' title="bbox 2013 5381 3547 5458">
     <span class='ocr_line' id='line_1_119' title="bbox 2013 5381 3547 5458; baseline 0.01 -21"><span class='ocrx_word' id='word_1_897' title='bbox 2013 5383 2152 5451; x_wconf 80' lang='lat' dir='ltr'><strong>Quia</strong></span> <span class='ocrx_word' id='word_1_898' title='bbox 2173 5385 2391 5454; x_wconf 74' lang='lat' dir='ltr'><strong>respexit</strong></span> <span class='ocrx_word' id='word_1_899' title='bbox 2410 5399 2527 5437; x_wconf 91' lang='lat' dir='ltr'><strong>non</strong></span> <span class='ocrx_word' id='word_1_900' title='bbox 2559 5381 2956 5454; x_wconf 84' lang='lat' dir='ltr'><strong>arrogantium</strong></span> <span class='ocrx_word' id='word_1_901' title='bbox 2988 5389 3547 5458; x_wconf 87' lang='lat' dir='ltr'><strong>superbientiumJu-</strong></span> 
     </span>
    </p>
   </div>
   <div class='ocr_carea' id='block_1_118' title="bbox 1942 5471 3550 5558">
    <p class='ocr_par' dir='ltr' id='par_1_118' title="bbox 1942 5471 3550 5558">
     <span class='ocr_line' id='line_1_120' title="bbox 1942 5471 3550 5558; baseline 0.007 -31"><span class='ocrx_word' id='word_1_902' title='bbox 1942 5472 2225 5539; x_wconf 60' lang='lat' dir='ltr'><strong>decorum,</strong></span> <span class='ocrx_word' id='word_1_903' title='bbox 2251 5471 2347 5543; x_wconf 89' lang='lat' dir='ltr'><strong>qui</strong></span> <span class='ocrx_word' id='word_1_904' title='bbox 2380 5471 2439 5558; x_wconf 92' lang='lat' dir='ltr'><strong>in</strong></span> <span class='ocrx_word' id='word_1_905' title='bbox 2472 5471 2600 5558; x_wconf 85' lang='lat' dir='ltr'><strong>lege</strong></span> <span class='ocrx_word' id='word_1_906' title='bbox 2649 5471 3068 5541; x_wconf 87' lang='lat' dir='ltr'><strong>gloriabantur,</strong></span> <span class='ocrx_word' id='word_1_907' title='bbox 3118 5478 3418 5538; x_wconf 85' lang='lat' dir='ltr'><strong>credentes</strong></span> <span class='ocrx_word' id='word_1_908' title='bbox 3445 5504 3550 5558; x_wconf 82' lang='lat' dir='ltr'><strong>per</strong></span> 
     </span>
    </p>
   </div>
   <div class='ocr_carea' id='block_1_119' title="bbox 1945 5557 3551 5644">
    <p class='ocr_par' dir='ltr' id='par_1_119' title="bbox 1945 5557 3551 5644">
     <span class='ocr_line' id='line_1_121' title="bbox 1945 5557 3551 5644; baseline 0.01 -28"><span class='ocrx_word' id='word_1_909' title='bbox 1945 5576 2076 5616; x_wconf 91' lang='lat' dir='ltr'><strong>eam</strong></span> <span class='ocrx_word' id='word_1_910' title='bbox 2101 5557 2419 5633; x_wconf 82' lang='lat' dir='ltr'><strong>justiticari.</strong></span> <span class='ocrx_word' id='word_1_911' title='bbox 2471 5557 2583 5614; x_wconf 92' lang='lat' dir='ltr'><strong>Sed</strong></span> <span class='ocrx_word' id='word_1_912' title='bbox 2605 5560 2662 5612; x_wconf 89' lang='lat' dir='ltr'><strong>in</strong></span> <span class='ocrx_word' id='word_1_913' title='bbox 2707 5561 3003 5617; x_wconf 80' lang='lat' dir='ltr'><strong>orationem</strong></span> <span class='ocrx_word' id='word_1_914' title='bbox 3058 5564 3340 5625; x_wconf 81' lang='lat' dir='ltr'><strong>humilium</strong></span> <span class='ocrx_word' id='word_1_915' title='bbox 3373 5557 3551 5644; x_wconf 66' lang='lat' dir='ltr'><strong>patri~</strong></span> 
     </span>
    </p>
   </div>
  </div>
