3998 6026
439 297 576 359 1167

1041 291 1101 356 S.
1128 293 1474 356 BRUNONIS
1510 293 2142 355 CARTHUSIANORUM
2179 293 2646 354 lNSTlTU'l‘ORlS
2682 294 2840 354 OPP.
2879 293 3079 354 PARS.
3117 294 3142 353 Ῐ

3613 293 3781 356 1168

440 417 744 476 archarum
758 414 1499 492 scilicet,prophetarum,et
1511 399 1757 473 aliorum
1771 415 2052 485 fidelium,
2077 420 2131 479 Α
2152 415 2312 484 feris,
2344 419 2404 472 et
2431 418 2496 472 ut
2545 417 2698 472 vivos
2739 416 2988 472 solveret
3015 432 3049 472 a
3080 415 3340 488 peccatis.
3378 413 3541 473 Unde
3571 415 3788 489 sequi-

435 508 536 580 qui
553 507 768 580 Spiritu
789 508 848 564 S.
873 508 1050 581 pleni,
1084 507 1206 579 ejus
1255 507 1568 562 adventum
1619 506 1678 560 in
1728 522 1902 561 carne
1936 522 2054 562 cre-

438 597 674 663 debant,
707 597 1016 668 sperabant
1045 598 1102 650 et
1151 595 1576 661 desiderabant,
1607 597 1664 649 et
1695 594 1752 648 in
1785 594 1899 648 suis
1929 610 2055 648 ora-

439 684 692 739 tionibus
716 685 1010 739 humiliter
1038 683 1438 756 requirebant;
1467 686 1529 737 ut
1555 683 1628 737 ad
1665 683 2053 755 reparandam

436 773 758 828 humanam
786 775 1055 828 naturam
1077 771 1134 825 in
1152 759 1434 826 mund‘um
1448 771 1690 841 veniret,
1712 771 1913 826 mortis
1929 771 2050 826 vin-

437 862 566 916 cula
595 862 858 929 solveret,
894 863 952 915 et
980 861 1109 915 vitae
1138 861 1380 927 aditum,
1415 876 1586 932 quem
1605 859 1777 930 primi
1801 859 2052 931 parentis

440 949 606 1020 culpa
659 950 960 1016 clauserat,
1019 949 1288 1022 aperiret,
1339 949 1674 1003 dicentcszu
1701 948 1932 1003 Utinam
1965 948 2050 1002 di-

438 1053 738 1110 rumperes
788 1039 958 1093 caelos
1007 1041 1065 1092 et
1116 1037 1495 1092 descenderes
1541 1037 1669 1109 (Isa.
1735 1054 1880 1104 wa,
1914 1036 1982 1107 1).
2017 1055 2051 1089 ›>

438 1147 471 1178 «
490 1128 698 1181 Emitte
717 1127 971 1199 Agnum,
993 1126 1258 1193 Domine,
1277 1125 1707 1181 dominatorem
1735 1129 1902 1181 terra:
1918 1125 2048 1198 (Isa.

439 1232 548 1283 xv1,
577 1219 645 1274 1).
680 1237 707 1264 ››
744 1238 770 1266 ‹‹
803 1214 977 1283 Mitte,
1005 1215 1459 1286 Domine,quem
1482 1215 1754 1269 missurus
1778 1232 1838 1268 es
1855 1214 2048 1286 (Exod.

437 1321 512 1371 ιν,
546 1303 651 1374 13).
682 1323 709 1352 ››
739 1326 766 1353 ‹‹
803 1303 1070 1371 Domine,
1107 1302 1322 1358 inclina
1343 1305 1514 1358 caelos
1543 1307 1671 1358 tuos
1696 1307 1753 1357 et
1771 1303 2051 1358 descende

439 1390 508 1446 ΙΙ
529 1391 664 1462 Reg.
695 1407 828 1457 χχιι,
858 1393 962 1457 10).
995 1412 1022 1439 ››
1057 1391 1352 1445 «Veniens
1389 1392 1517 1446 veni
1575 1395 1632 1446 et
1672 1391 1790 1446 noli
1821 1392 2051 1447 tardare

443 1479 678 1550 (Eabae.
695 1496 755 1546 ιι,
771 1478 886 1550 3).»
901 1501 928 1530 ‹‹
951 1478 1200 1534 Ostende
1217 1479 1385 1534 nobis
1397 1479 1851 1535 misericordiam
1868 1484 2049 1548 tuam,

441 1571 500 1626 et
524 1569 770 1623 salutare
799 1571 964 1622 tuum
988 1568 1062 1622 da
1082 1567 1246 1622 nobis
1295 1567 1461 1639 (Psal.
1491 1585 1704 1636 LXXXIV,
1734 1570 1808 1640 8),
1844 1590 1870 1617 n
1894 1572 1950 1622 et
1965 1569 2053 1624 his

439 1655 668 1712 similia.
691 1658 755 1710 In
769 1655 1014 1710 istorum
1038 1656 1235 1728 itaque
1253 1655 1581 1712 orationem
1602 1657 1926 1728 respexit,et
1946 1673 2049 1712 non

2152 510 2267 574 tur,
2299 513 2350 561 et
2378 506 2760 575 solveret‘ﬁlios
2777 509 3227 577 interemptorum,
3244 505 3303 560 id
3331 509 3416 561 est
3437 506 3784 578 primorum

2154 599 2460 668 parentum
2472 639 2484 663 ,
2501 595 2596 666 qui
2616 596 2850 651 fuerunt
2866 594 3783 668 interemptores,etinterempti,

2154 685 2288 756 quia
2313 700 2543 739 causam
2567 683 3116 754 interemptionis,id
3146 687 3232 737 est
3259 684 3540 755 originale
3569 699 3787 755 pecca-

2152 777 2276 827 tum
2303 772 2375 827 ad
2406 772 2552 826 ﬁlios
2585 772 3045 827 transmiserunt.
3079 770 3236 826 Sicut
3269 772 3727 844 dicitApostolus
3759 787 3779 828 :

2153 860 2296 924 Quia
2325 876 2430 930 per
2453 876 2632 914 unum
2662 860 2986 922 hominem,
3008 859 3065 914 id
3084 862 3171 914 est
3184 875 3288 930 per
3315 860 3501 916 Adam
3522 864 3580 915 et
3591 861 3780 916 Evam

2152 949 2250 1021 qui
2279 952 2412 1003 sunt
2442 949 2554 1004 duo
2612 948 2670 1002 in
2701 964 2876 1004 carne
2903 965 3018 1002 una
3044 947 3203 1020 (Gen.
3239 963 3298 1016 ιι,
3332 951 3441 1019 24),
3491 967 3650 1004 mors
3676 950 3778 1005 in-

2150 1036 2348 1091 troivit
2377 1035 2436 1090 in
2485 1037 2686 1090 orbem
2740 1039 3029 1091 terrarum
3055 1036 3232 1103 (Rom.
3264 1054 3316 1104 v,
3351 1037 3461 1108 12).
3518 1039 3586 1092 Et
3635 1038 3777 1094 ideo

2150 1123 2419 1180 Dominus
2445 1125 2508 1178 de
2565 1125 2685 1180 caelo
2717 1127 2773 1179 in
2825 1133 3024 1180 terram
3081 1126 3302 1196 aspexit,
3359 1129 3422 1181 ut
3448 1126 3779 1182 imitatores

2153 1228 2356 1267 eorum
2384 1213 2479 1284 qui
2510 1212 2712 1268 fraude
2735 1213 2946 1269 diaboli
2977 1218 3110 1268 sunt
3133 1214 3492 1287 perempti,a
3509 1214 3777 1286 paternis

2152 1301 2444 1356 erroribus
2473 1302 2765 1357 liberaret.
2797 1303 2885 1356 Ad
2906 1304 3015 1358 hoc
3037 1302 3249 1357 scilicet
3277 1310 3335 1356 ut
3363 1307 3681 1358 annuntient
3709 1307 3777 1358 in

2151 1388 2307 1456 Sion,
2338 1389 2398 1444 id
2429 1392 2515 1444 est
2543 1389 2602 1444 in
2646 1390 2894 1445 Ecclesia
2950 1389 3253 1457 militante,
3287 1408 3476 1446 nomen
3521 1393 3773 1460 Domini,

2153 1477 2308 1548 quod
2336 1481 2422 1532 est
2445 1495 2619 1551 super
2648 1495 2823 1533 omne
2857 1495 3074 1534 nomen
3103 1479 3771 1553 admirabile(Pltilzp.n,

2155 1567 2227 1637 9),
2257 1583 2361 1621 nec
2391 1570 2478 1621 est
2508 1567 2661 1621 aliud
2694 1583 2908 1621 nomen
2926 1568 3029 1622 sub
3062 1567 3300 1634 coelo,in
3327 1585 3442 1640 quo
3469 1585 3574 1623 nos
3591 1585 3772 1639 opor-

2151 1656 2273 1709 teat
2297 1655 2476 1708 salvos
2497 1654 2784 1725 fieri(Act.
2816 1671 2888 1720 Iv,
2909 1659 3020 1726 l2);
3052 1662 3102 1709 et
3127 1657 3190 1709 ut
3205 1655 3579 1712 annuntient:
3605 1658 3766 1726 Dico,

440 1747 637 1816 sprevit
657 1762 869 1817 precem
897 1763 1097 1812 eorum,
1132 1745 1268 1816 quia
1287 1763 1421 1800 eum
1440 1748 1496 1800 in
1519 1764 1693 1820 quem
1714 1747 2049 1814 credebant,
2077 1748 2128 1806 B
2155 1742 2362 1795 ίαυάειη
2386 1742 2520 1813 eius.
2558 1742 2793 1798 Domini
2823 1743 3036 1798 SCilicet
3063 1745 3120 1797 ίη
3175 1743 3538 1812 Hierusalem,
3593 1746 3653 1800 id
3680 1748 3770 1801 est

442 1851 618 1906 quem
641 1835 972 1905 sperabant,
1005 1837 1062 1889 ct
1093 1851 1268 1906 quem
1300 1833 1360 1888 in
1389 1835 1502 1890 suis
1527 1836 1885 1892 orationibus
1917 1853 2051 1891 cum

439 1925 602 1978 tanto
617 1923 901 1978 desiderio
924 1922 1321 1995 requirebant,
1340 1925 1513 1992 misit,
1539 1930 1597 1980 et
1622 1925 1702 1980 eis
1729 1927 1827 1998 qui
1853 1927 2056 1998 depre-

419 2008 736 2079 cabantur,
767 2011 1020 2066 indulsit.
1054 2012 1267 2082 thuia
1288 2013 1411 2066 haec
1441 2030 1567 2084 qua}
1582 2013 2054 2084 dictasuntquod

438 2098 651 2153 scilicet
693 2101 911 2169 respexit
974 2098 1119 2152 Deus
1178 2102 1234 2152 in
1287 2102 1580 2155 orationem
1634 2102 1916 2156 humilium
1951 2118 2054 2173 per

439 2185 562 2256 ejus
593 2187 1074 2254 incarnationem,
1098 2188 1254 2259 quod
1283 2188 1586 2242 mdificavit
1609 2189 1919 2244 Ecclesium
1950 2206 2054 2260 per

439 2275 561 2345 ejus
585 2274 1055 2347 praedicationem
1069 2278 1125 2329 et
1142 2276 1491 2346 passionem,
1512 2280 1570 2330 et
1591 2277 1749 2349 quod
1776 2277 2056 2332 videndus

437 2367 545 2429 est,
577 2362 635 2416 in
669 2363 852 2434 gloria
876 2366 1005 2435 post
1031 2363 1286 2418 futuram
1304 2365 1810 2433 resurrectionem,
1840 2382 2055 2437 magna

437 2453 572 2504 sunt
589 2455 646 2505 et
662 2455 990 2506 memoratu
1009 2452 1185 2522 digna
1207 2470 1220 2519 ;
1246 2469 1320 2506 ne
1334 2469 1439 2524 per
1466 2453 1944 2524 ingratitudinem
1957 2456 2057 2510 0b-

437 2538 632 2593 livioni
647 2539 1019 2606 mandentur,
1039 2539 1345 2594 scribantur
1367 2540 1441 2595 ad
1469 2545 1810 2611 perpetuam
1838 2541 1921 2596 rei
1940 2559 2058 2598 me-

440 2627 690 2682 moriam
742 2629 798 2682 in
839 2630 1178 2698 generatione
1241 2629 1429 2697 altera,
1495 2629 1553 2683 id
1603 2633 1689 2684 est
1745 2629 2055 2687 utilitatem

438 2716 674 2772 alterius
705 2716 1120 2790 generationis,
1146 2734 1273 2791 quae
1301 2720 1436 2773 tunc
1452 2735 1780 2773 successura
1793 2725 1918 2775 erat
1932 2738 2059 2793 per-

438 2821 614 2860 versae
648 2806 1013 2878 generationi
1067 2807 1399 2862 Iudaeorum
1425 2823 1437 2862 :
1462 2806 1551 2862 cui
1591 2808 1871 2863 Dominus
1928 2811 2007 2865 ait
2039 2827 2053 2865 :

436 2892 742 2948 Generatio
775 2893 1091 2961 incredula,
1126 2893 1386 2966 quandiu
1418 2894 1571 2965 apud
1596 2911 1695 2950 vos
1724 2912 1845 2964 ero,
1873 2914 2056 2969 quan-

438 2979 538 3038 diu
562 2997 663 3036 vos
693 2981 880 3052 patiar
904 2979 1110 3050 (Mare.
1146 2998 1220 3048 1x,
1254 2981 1341 3053 l9)
1368 2999 1381 3050 ;
1412 2981 1486 3036 ad
1513 2982 1817 3039 utilitatem
1847 2985 2058 3040 scilicet

441 3068 832 3140 generationis
853 3067 1188 3126 Christiana:
1207 3069 1276 3124 de
1295 3086 1409 3140 qua
1425 3071 1685 3142 sequitur
1712 3091 1728 3126 :
1761 3079 1810 3126 et
1825 3075 2059 3144 populus

438 3158 673 3230 gentilis
723 3158 880 3230 prius
935 3157 1181 3231 peccatis
1222 3162 1504 3226 mortuus,
1537 3163 1634 3230 qui
1655 3161 1926 3216 creabitur
1955 3179 2060 3233 per

435 3247 728 3302 lavacrum
754 3246 1238 3318 regenerationis,
1271 3251 1334 3301 ut
1361 3263 1507 3302 nova
1536 3247 1610 3302 sit
1639 3251 2058 3319 creatura,lau-

435 3334 584 3388 dabit
611 3334 928 3400 Dominum,
962 3351 1112 3389 novo
1155 3333 1402 3404 cantico,
1431 3339 1670 3408 propter
1703 3354 1917 3392 novum
1952 3339 2056 3394 ho-

436 3423 682 3489 minem,
723 3422 819 3494 qui
839 3423 1003 3477 datus
1021 3424 1105 3476 est
1119 3422 1363 3489 mundo,
1386 3440 1520 3478 eum
1554 3425 1726 3480 corde
1744 3426 2056 3495 credendo,

439 3528 538 3567 ore
561 3512 873 3578 laudando,
892 3514 949 3564 et
963 3511 1234 3582 operibus
1250 3513 1604 3568 conﬁtendo.
1622 3514 1772 3582 Haec,
1795 3515 2055 3588 inquam,

434 3599 736 3674 generatio
765 3598 1006 3654 laudabit
1025 3598 1343 3668 Dominum,
1376 3604 1502 3673 quia
1519 3601 1641 3676 ipse
1659 3603 1937 3658 Dominus
1959 3606 2057 3677 qui

445 3712 472 3740 ‹‹
505 3690 621 3744 alta
649 3705 682 3744 a
723 3689 898 3760 longe
952 3687 1250 3760 cognoscit
1310 3689 1480 3761 (Psal.
1507 3707 1739 3758 CXXXVII,
1775 3692 1850 3763 6),
1880 3714 1908 3741 »
1937 3709 2056 3748 non

436 3779 621 3834 solum
649 3776 875 3832 Iudaeos
894 3776 992 3850 qui
1006 3792 1185 3850 prope
1203 3793 1325 3832 esse
1352 3778 1715 3847 videbantur,
1750 3781 1850 3836 sed
1877 3782 2056 3837 etiam

435 3865 683 3938 gentiles
718 3866 1010 3939 prospexit,
1044 3863 1102 3918 id
1152 3868 1237 3920 est
1263 3864 1334 3920 de
1365 3868 1565 3937 procul
1596 3869 1850 3940 aspexit:
1874 3869 1937 3924 de
1966 3887 2054 3924 es:-

435 3956 571 4012 celso
597 3953 809 4009 scilicet
833 3959 1014 4008 sancto
1039 3969 1154 4020 suo,
1189 3953 1328 4008 dum
1379 3969 1485 4025 per
1538 3955 1660 4026 ejus
1705 3956 2056 4014 incarnatio-

437 4060 576 4098 nem
607 4039 851 4097 visitavit
897 4057 1002 4096 nos
1026 4041 1218 4096 oriens
1245 4058 1312 4095 ex
1361 4043 1502 4110 alto,
1535 4045 1691 4115 quod
1739 4046 2058 4102 evidentius

437 4129 692 4203 exponit,
725 4146 860 4183 cum
875 4129 1174 4199 subjungit
1205 4147 1222 4182 :
1254 4129 1517 4184 Dominus
1542 4131 1606 4186 de
1625 4132 1747 4188 coelo
1777 4135 1831 4187 in
1863 4142 2059 4190 terram

437 4221 664 4293 aspexit,
691 4217 829 4272 dum
863 4216 935 4271 de
955 4216 1246 4287 regalibus
1285 4217 1518 4273 sedibus
1537 4218 1596 4274 in
1626 4224 1855 4276 uterum
1874 4223 2056 4295 Virgi-

2152 1830 2212 1885 in
2235 1831 2481 1885 Ecclesia
2505 1830 2921 1901 triumphante.
2955 1832 3089 1887 ldeo
3121 1836 3317 1888 autem
3363 1833 3500 1887 dicit
3545 1851 3769 1890 nomen

2154 1920 2275 1990 ejus
2304 1919 2362 1972 in
2395 1918 2533 1973 Sion
2564 1917 3054 1988 annuntiandum,
3085 1925 3141 1975 et
3161 1921 3392 1976 laudem
3405 1922 3526 1992 ejus
3556 1922 3615 1976 in
3643 1923 3774 1978 Hie-

2153 2008 2424 2074 rusalem,
2473 2007 2604 2078 quia
2660 2006 2797 2062 Sion
2863 2009 3166 2078 speculatio,
3223 2009 3575 2065 Hierusalem
3631 2013 3771 2067 visio

2143 2098 2295 2167 pacis
2307 2096 2808 2168 interpretaturJn
2825 2097 3090 2167 praesenti
3105 2101 3300 2152 autem
3314 2099 3770 2167 Ecclesia,Deum

2155 2185 2414 2239 videmus
2443 2200 2548 2254 per
2571 2186 2868 2254 speculum
2915 2188 2973 2240 et
3001 2184 3060 2239 in
3091 2186 3426 2258 aenigmate.
3460 2189 3520 2242 In
3553 2188 3770 2244 ccelesti

2155 2289 2288 2327 vero
2315 2272 2634 2326 videbimus
2649 2289 2785 2326 eum
2801 2272 2961 2328 sicuti
2983 2277 3086 2328 est.
3107 2273 3268 2328 Nunc
3285 2275 3687 2347 cognoscimus
3700 2293 3772 2332 ex

2155 2363 2339 2432 parte.
2370 2361 2526 2414 Tunc
2573 2363 2768 2414 autem
2814 2376 3226 2431 cognoscemus
3272 2363 3416 2418 sicut
3465 2367 3525 2418 et
3551 2364 3772 2435 cogniti

2155 2465 2352 2503 sumus
2401 2447 2454 2520 (1
2481 2447 2607 2503 Cor.
2637 2465 2756 2514 xm,
2785 2451 2836 2502 9.
2872 2453 2976 2519 l2).
3033 2451 3096 2504 In
3157 2452 3427 2521 praesenti
3494 2451 3770 2507 virtutem

2157 2537 2333 2592 divini
2365 2536 2618 2592 nominis
2647 2537 3007 2608 speculantes
3036 2537 3435 2610 intelligimus,
3481 2539 3540 2594 in
3570 2540 3774 2595 futuro

2155 2625 2340 2680 laudis
2367 2626 2490 2696 ejus
2508 2629 2799 2696 praeconia
2822 2642 3026 2697 pacem
3055 2626 3318 2682 videntes
3342 2628 3690 2684 attollamus.

2227 2714 2352 2768 Non
2379 2715 2563 2769 solum
2577 2717 2772 2770 autem
2793 2715 3068 2786 praedicta
3097 2714 3234 2770 fecit
3248 2715 3305 2769 ui
3322 2716 3694 2772 annuntietur
3710 2719 3771 2770 in

2155 2803 2290 2860 Sion
2310 2820 2501 2859 nomen
2515 2804 2758 2873 Domini,
2774 2805 2958 2858 etlaus
2981 2804 3092 2874 ejus
3119 2806 3175 2858 in
3199 2804 3768 2872 Hierusalem,verum

2159 2894 2335 2948 etiam
2367 2896 2421 2947 in
2446 2893 2794 2948 conveniendo
2835 2892 3061 2965 populos
3115 2893 3438 2961 Judaicum,
3471 2893 3684 2949 scilicet
3709 2898 3773 2949 et

2081 3032 2128 3092 C
2159 2982 2459 3054 gentilem,
2491 2983 2732 3038 inimum
2746 2983 2965 3036 cultum
3000 2981 3468 3038 scilicetetunam
3481 2983 3680 3050 ﬁdem,
3703 2987 3775 3038 ut

2164 3071 2226 3092 ,ΞΑ
2291 3087 2465 3092 --μ-,μ
2504 3070 2640 3092 ---1l_
2671 3073 2717 3092 -1
2745 3087 2890 3092 _-_-__
2913 3071 3134 3092 ..--ι-..1
3161 3070 3276 3092 ⁷----
3335 3088 3366 3092 __
3425 3072 3508 3092 At)\
3613 3071 3770 3092 (‘2-__A

2160 3071 2230 3124 sit
2247 3093 2274 3120 ‹‹
2291 3087 2472 3125 unum
2499 3070 2644 3124 ovile
2666 3073 2723 3124 et
2745 3087 2893 3125 unus
2910 3070 3300 3142 pastor(Joan.
3335 3088 3388 3138 x,
3425 3072 3534 3142 16).
3566 3093 3596 3119 ››
3613 3071 3775 3127 Sicut

2162 3180 2189 3209 «
2218 3176 2364 3213 unus
2393 3161 2561 3226 Deus,
2593 3175 2712 3214 una
2740 3158 2902 3226 fides,
2922 3174 3103 3212 unum
3122 3159 3407 3230 baptisma
3434 3157 3650 3230 (Ephes.
3689 3176 3770 3228 ιν,

2160 3247 2235 3318 5),
2265 3269 2292 3297 ‹‹
2311 3255 2364 3302 et
2379 3248 2438 3302 in
2460 3247 2857 3302 conveniendo
2874 3246 3049 3301 etiam
3069 3263 3209 3316 reges
3240 3251 3428 3316 terrai,
3447 3263 3563 3302 non
3581 3249 3774 3304 solum

2160 3351 2258 3391 eos
2286 3335 2385 3408 qui
2417 3336 2642 3407 p0pulis
2671 3338 2947 3406 praesunt,
2975 3336 3076 3390 sed
3105 3336 3279 3390 etiam
3314 3352 3413 3391 eos
3437 3337 3534 3408 qui
3551 3337 3776 3408 seipsos

2159 3426 2216 3478 et
2247 3439 2378 3478 suos
2409 3423 2644 3478 atfectus
2669 3427 2725 3478 et
2753 3423 2934 3478 animi
2968 3427 3160 3477 motus
3175 3424 3323 3478 bene
3339 3429 3653 3496 regunt:ut
3667 3441 3778 3480 scr-

2159 3515 2311 3566 viant
2365 3511 2620 3580 Domino,
2679 3512 2762 3566 illi
2792 3510 3008 3566 scilicet
3037 3512 3110 3566 de
3168 3529 3281 3583 quo
3324 3512 3602 3584 scriptum
3632 3517 3719 3568 est
3754 3529 3770 3568 :

2158 3619 2190 3653 «
2214 3601 2527 3655 Dominum
2577 3604 2761 3657 Deum
2786 3603 2950 3655 tuum
3003 3600 3289 3667 adorabis,
3321 3604 3379 3655 et
3406 3599 3485 3655 illi
3514 3601 3619 3656 soli
3651 3617 3777 3656 ser-

2157 3688 2275 3742 vies
2302 3689 2484 3760 (Deut.
2504 3706 2577 3757 v1,
2626 3691 2732 3760 13),
2760 3708 2792 3741 ›>
2819 3689 2910 3743 cui
2965 3687 3199 3750 servire,
3256 3704 3533 3760 regnare;
3563 3692 3651 3744 et:
3673 3689 3775 3762 qui

2159 3798 2186 3826 «
2219 3777 2395 3833 habet
2426 3777 2484 3832 in
2515 3777 2857 3833 vestimento
2893 3779 2951 3832 et
2979 3776 3037 3831 in
3067 3776 3290 3832 femore
3317 3776 3438 3848 ejus
3451 3777 3734 3849 scriptum
3755 3794 3774 3833 :

2158 3866 2275 3920 Rex
2329 3883 2537 3938 regum
2567 3870 2624 3920 et
2652 3865 2932 3921 Dominus
2982 3863 3367 3920 dominatium
3421 3864 3620 3936 (Apoc.
3653 3882 3771 3929 xxx,

2163 3957 2268 4026 16).
2301 3975 2328 4004 »
2357 3955 2665 4027 Hisitaque
2717 3953 3012 4010 beneﬁciis
3053 3953 3297 4009 Ecclesia
3346 3957 3678 4024 provocata,
3711 3957 3782 4025 et,

2161 4040 2220 4096 in
2243 4059 2505 4099 amorem
2538 4043 2878 4098 aeternitatis
2895 4058 3154 4110 accensa,
3174 4041 3456 4112 respondit,
3492 4058 3611 4096 non
3645 4046 3768 4098 tam

2159 4147 2300 4187 voce
2332 4148 2508 4203 quam
2532 4131 2726 4198 corde,
2759 4147 2876 4186 non
2897 4134 3022 4185 tam
3042 4131 3216 4185 verbo
3247 4147 3422 4202 quam
3454 4130 3764 4198 desiderio,

2160 4236 2278 4274 non
2308 4223 2426 4274 tam
2444 4219 2642 4291 lingua
2657 4235 2834 4290 quam
2849 4219 2984 4290 vita,
2999 4221 3049 4272 ei
3065 4219 3332 4286 Domino,
3346 4217 3561 4273 scilicet
3576 4223 3772 4291 gratu-

440 4307 530 4363 nis
565 4305 723 4362 venit
754 4305 904 4377 (Sap.
957 4320 1113 4371 xvm,
1143 4304 1252 4376 15).
1284 4305 1413 4360 Haec
1427 4308 1514 4360 est
1541 4307 1698 4361 enim
1727 4307 2060 4383 incorrupta
2083 4319 2136 4377 D
2158 4308 2333 4364 lando
2367 4313 2424 4364 et
2449 4308 2820 4381 obsequendo
2847 4307 3150 4380 praeceptis
3179 4307 3301 4377 ejus
3351 4308 3408 4360 in
3435 4310 3523 4361 via
3548 4309 3770 4363 virtuti:

441 4398 598 4450 terra
617 4395 734 4460 illa,
767 4393 857 4448 cui
889 4392 1183 4448 benedixit
1204 4393 1502 4461 Dominus,
1529 4395 1600 4450 ab
1623 4397 1783 4452 omni
1803 4401 2062 4470 propter-

441 4501 510 4538 ea
539 4481 758 4554 paccati
792 4481 1138 4552 contagione
1170 4480 1372 4548 libera,
1405 4498 1512 4556 per
1542 4499 1717 4555 quam
1755 4485 1880 4542 vitae
1911 4487 2062 4544 viam

444 4571 806 4643 agnovimus,
847 4573 906 4624 et
956 4570 1302 4640 promissam
1360 4572 1662 4628 veritatem
1713 4577 2057 4648 accepimus.

446 4661 585 4724 Quae
639 4658 773 4731 quia
799 4657 978 4730 digna
1039 4658 1164 4726 fuit,
1191 4659 1457 4715 Dominus
1503 4661 1566 4716 de
1616 4662 1737 4717 caelo
1785 4665 1840 4717 in
1865 4672 2060 4723 terram

446 4749 669 4821 aspexit.

520 4836 634 4893 Sed
662 4835 736 4891 ad
767 4832 960 4911 quid?
997 4831 1068 4888 Ut
1110 4834 1343 4899 audiret,
1388 4836 1648 4910 inquam,
1677 4845 1903 4911 gemitus
1933 4860 2058 4899 eon-

439 4925 761 5000 peditorum,
784 4906 956 4993 I
993 4921 1050 4976 id
1077 4924 1163 4977 est
1185 4906 1583 4996 gemebundus
1610 4906 1810 5002 preces
1831 4947 2058 4996 eorum,

446 5013 542 5088 qui
557 5029 661 5086 pro
675 5014 907 5085 peccato
924 5009 1098 5083 primi
1116 5012 1372 5082 parentis
1387 5013 1690 5072 inini‘erno
1717 5020 2056 5091 compediti,

445 5103 796 5159 tenebantur
844 5099 1080 5154 vinculis
1109 5101 1510 5172 tenebrarum;
1540 5121 1683 5176 quos
1713 5107 1967 5164 Christus
1998 5109 2056 5164 in

445 5192 637 5248 triduo
661 5189 733 5244 ad
751 5188 980 5243 inferna
993 5188 1372 5258 descendens,
1387 5192 1586 5246 solutis
1607 5194 1810 5249 mortis
1824 5195 2058 5251 vinculis

446 5279 729 5336 liberavit.
764 5278 863 5331 Vel
890 5281 951 5332 ut
1003 5277 1213 5331 audiret
1267 5283 1491 5347 gemitus
1534 5283 1965 5352 compeditorum,
2001 5285 2057 5338 id

449 5373 534 5424 est
565 5383 789 5434 eorum,
823 5365 916 5437 qui
936 5365 1212 5421 adiabolo
1235 5367 1583 5424 tenebantur
1596 5373 2058 5442 compediticon-

448 5457 748 5513 suetudine
773 5454 1070 5528 peccandi.
1101 5455 1188 5511 Ad
1226 5456 1336 5511 hoc
1357 5457 1515 5512 enim
1544 5458 1872 5529 specialiter
1893 5460 2051 5516 Chri-

453 5549 570 5602 stus
593 5545 749 5603 venit
772 5544 831 5602 in
865 5543 1171 5611 mundum,
1209 5547 1272 5601 ut
1301 5549 1563 5603 mortuos
1581 5545 1853 5606 liberaret
1877 5550 1948 5606 ab
1969 5550 2054 5608 in-

2158 4414 2284 4464 sue,
2310 4396 2369 4452 id
2389 4400 2475 4452 est
2503 4397 2563 4451 in
2591 4397 2700 4452 illis
2735 4397 2832 4468 qui
2855 4397 2981 4467 jam
3031 4399 3183 4461 sunt,
3216 4395 3367 4450 viam
3409 4395 3632 4450 virtutis
3651 4412 3769 4452 sua:

2161 4489 2220 4540 et
2247 4486 2618 4557 perfectionis
2640 4485 2894 4556 aggressi
2922 4485 3240 4556 postulans,
3263 4487 3321 4538 et
3341 4483 3658 4554 implorans
3684 4485 3774 4539 in.

2162 4576 2320 4647 genti
2341 4575 2624 4631 desiderio
2684 4574 3001 4640 aestuando,
3049 4577 3112 4627 ut
3140 4573 3356 4627 indicet
3384 4572 3435 4626 ei
3459 4577 3654 4627 utrum
3695 4573 3771 4627 sit

2159 4669 2290 4736 post
2318 4681 2529 4737 paucos
2563 4664 2635 4718 ad
2667 4662 2906 4718 caelestis
2936 4660 3306 4716 beatitudinis
3339 4661 3588 4732 patriam
3635 4678 3766 4733 per-

2159 4755 2418 4817 ventura,
2451 4752 2647 4807 dicens
2671 4753 2998 4822 paucitatem
3029 4749 3237 4803 dierum
3290 4766 3529 4804 meorum
3574 4753 3768 4805 nuntia

2159 4842 2311 4909 mihi,
2343 4841 2402 4896 id
2426 4845 2512 4896 est
2541 4840 2733 4896 indica
2760 4839 2902 4894 mihi
2956 4842 3150 4893 utrum
3206 4855 3313 4910 ego
3342 4838 3536 4910 paucis
3565 4838 3767 4894 diebus

2162 4929 2404 4984 debeam
2421 4929 2478 4982 in
2498 4929 2606 4984 hoc
2620 4926 3105 5000 peregrinationis
3117 4926 3312 4981 exsilio
3327 4942 3588 4981 manere.
3610 4947 3638 4977 «
3655 4927 3765 4982 Cu-

2159 5017 2255 5090 pio
2287 5017 2444 5072 enim
2483 5017 2709 5072 dissolvi
2758 5021 2817 5071 et
2871 5033 2992 5071 esse
3023 5031 3154 5071 cum
3214 5015 3434 5070 Christo
3464 5015 3693 5087 (Philip.
3725 5033 3764 5083 ι,

2159 5107 2267 5178 23),
2299 5127 2328 5156 n
2363 5110 2419 5162 et
2449 5107 2522 5162 ad
2587 5123 2835 5178 regnum
2864 5107 3090 5161 cmleste
3117 5103 3421 5175 pervenire
3477 5103 3763 5172 desidero,

2151 5195 2368 5266 jugiter
2396 5211 2569 5250 orans
2597 5198 2659 5248 ut
2696 5193 2963 5248 adveniat
2984 5209 3234 5265 regnum
3251 5195 3414 5247 tuum
3439 5191 3659 5262 (Μαιιιι.
3684 5208 3764 5258 γι,

2162 5284 2245 5354 10)
2272 5285 2350 5338 Ne
2377 5283 2502 5355 quis
2522 5288 2716 5338 autem
2767 5285 2996 5354 putaret
3033 5281 3208 5352 quod,
3239 5281 3478 5350 propter
3506 5279 3763 5349 paucita-

2159 5375 2277 5428 tem
2310 5375 2534 5429 dierum
2583 5391 2755 5446 quam
2791 5376 2952 5444 optat
2987 5374 3120 5426 ante
3160 5370 3338 5424 linem
3372 5368 3584 5434 seculi,
3617 5372 3766 5423 esset

2158 5463 2408 5519 Ecclesia
2441 5463 2717 5530 ﬁnienda,
2764 5461 3076 5533 subjunxit,
3118 5462 3175 5514 et
3201 5457 3280 5513 ait
3304 5475 3316 5514 :
3340 5457 3428 5513 Ne
3453 5474 3654 5512 revoces
3684 5474 3768 5514 me

2154 5554 2208 5608 in
2239 5553 2458 5609 dimidio
2482 5553 2686 5608 dierum
2712 5568 2968 5624 meorum,
2993 5550 3052 5608 id
3076 5553 3161 5607 est
3184 5551 3319 5605 ante
3339 5546 3519 5604 ﬁnem
3548 5547 3766 5618 saeculi,
