3998 6026
467 394 597 451 1171

1071 388 1128 445 S.
1169 382 1513 444 BRUNONIS
1552 378 2183 441 CARTHUSIANORUM
2219 376 2687 437 INSTITUTORIS
2727 377 2884 436 OPP.
2925 374 3104 467 PARS
3140 376 3164 432 Ι

3631 373 3787 432 1172

465 515 609 573 alios
638 513 697 579 in
727 513 919 570 futuro
942 527 1073 569 cum
1103 509 1446 577 morientur,
1484 508 1557 564 ab
1584 507 1823 563 interitu
1846 507 2064 563 aeterno
2088 509 2142 568 Α
2238 505 2308 560 Et
2330 504 2466 561 inde
2476 505 2587 561 hoc
2607 502 3020 577 comprobatur
3033 499 3188 574 quod
3207 497 3267 554 in
3284 498 3629 573 perpetuum
3647 511 3782 553 non

470 603 660 674 eripit,
694 606 751 657 et
779 601 1002 673 eripiet,
1033 616 1103 653 ne
1124 599 1183 652 in
1214 602 1432 653 mterna
1460 598 1649 651 morte
1679 595 1960 651 cruciatus
1983 594 2063 647 vi-

471 695 608 746 vant
652 708 784 746 cum
824 687 1191 745 damnandis.
1227 688 1295 741 Et
1322 688 1418 758 qui
1445 688 1594 741 Deus
1623 690 1860 752 coronat,
1890 683 1950 738 id
1981 686 2067 737 est

467 778 769 835 coronabit
797 787 845 831 te
890 793 1107 832 corona
1148 774 1519 831 beatitudinis
1561 775 1814 829 aeternae.
1848 773 1915 826 Et
1956 772 2065 825 hoc

467 868 533 922 in
557 866 942 933 misericordia,
974 864 1033 918 id
1062 867 1149 919 est
1178 880 1281 934 per
1325 861 1780 916 misericordiam
1838 863 2067 915 natura—

469 955 604 1021 lem,
638 955 775 1008 etin
804 952 1246 1017 miserationibus,
1293 951 1353 1005 id
1401 952 1486 1005 est
1516 965 1621 1020 per
1668 946 2067 1002 miserationes

463 1041 652 1097 seculi
685 1040 984 1097 coronabit
1010 1042 1067 1095 te
1099 1041 1339 1110 propter
1365 1039 1521 1094 bona
1549 1053 1727 1110 Opera
1754 1053 1881 1109 quas
1920 1035 2061 1107 agis,

461 1146 590 1202 qua:
615 1134 747 1184 sunt
777 1127 1173 1183 miserationes
1199 1127 1340 1198 ejus,
1366 1125 1425 1181 id
1450 1127 1537 1180 est
1580 1124 1861 1180 beneﬁcia
1892 1123 2061 1178 mise-

459 1217 723 1273 ricordia:
754 1217 896 1287 ejus.
926 1215 1207 1271 Beneﬁcia
1238 1214 1449 1287 quippe
1497 1212 1907 1268 misericordia:
1938 1213 1986 1284 ej
1999 1228 2061 1267 us

455 1308 607 1372 sunt,
641 1305 795 1377 quod
822 1304 914 1359 hic
944 1303 1183 1376 quilibet
1212 1303 1365 1357 bona
1387 1317 1565 1373 opera
1596 1301 1734 1372 agit.

527 1394 595 1446 Et
622 1396 718 1464 qui
745 1391 1023 1448 Dominus
1075 1391 1255 1461 replet,
1301 1389 1360 1444 id
1409 1392 1496 1444 est
1534 1390 1781 1461 replebit
1821 1391 1878 1443 in
1913 1389 2059 1443 bonis

454 1480 684 1536 aeternis
711 1480 935 1547 dandis,
968 1480 1284 1534 desiderium
1316 1485 1486 1544 tuum,
1506 1479 1661 1550 quod
1685 1478 1865 1533 habes
1886 1481 2053 1532 aeter-

452 1584 662 1623 norum
705 1568 1018 1630 bonorum,
1064 1567 1172 1621 hoc
1213 1567 1369 1637 quod
1398 1571 1484 1621 est
1514 1565 1941 1633 determinatio,
1974 1565 2057 1620 in-

451 1658 734 1726 quantum
765 1671 899 1709 eum
931 1654 1251 1722 coronabit,
1295 1670 1360 1708 ac
1399 1654 1443 1708 si
1485 1653 1637 1708 dicat
1669 1670 1683 1709 :
1718 1654 1850 1708 Ideo
1880 1656 1934 1708 te
1965 1669 2056 1708 co-

448 1743 681 1798 ronabit
702 1743 934 1798 aeternis
964 1743 1149 1806 bonis,
1182 1746 1242 1797 ut
1272 1759 1404 1797 cum
1433 1758 1502 1797 ea
1541 1742 1703 1797 valde
1743 1741 2051 1807 desideres,

2163 592 2460 661 irascetur,
2493 593 2627 665 quia
2656 582 2749 647 hic
2779 595 2865 647 est
2892 592 3158 648 Dominus
3187 586 3305 644 suis
3321 587 3526 658 faciens
3566 587 3784 641 miseri-

2164 682 2391 749 cordias,
2420 681 2479 735 id
2505 685 2591 736 est
2614 681 2958 753 impendens
2972 679 3144 751 justis
3154 676 3438 733 beneﬁcia
3448 674 3783 732 misericor-

2164 769 2274 825 diae
2302 786 2443 836 sum,
2472 769 2683 825 scilicet
2711 772 3081 841 peccatorum
3111 766 3532 832 remissionem,
3565 766 3625 818 et
3653 763 3776 817 vir-

2164 860 2352 913 tutum
2388 861 2447 913 et
2489 874 2732 930 operum
2778 858 3069 913 bonorum
3106 854 3604 927 justiﬁcationem,
3634 866 3776 924 qua

2163 945 2451 1017 superﬂuo
2471 945 2708 1013 faceret,
2727 946 2772 1000 si
2797 945 2857 1000 in
2878 946 3225 1018 perpetuum
3248 941 3578 998 irasciturus
3591 942 3769 995 esset.

2162 1035 2231 1089 Et
2250 1035 2386 1090 inde
2411 1035 2599 1090 adhuc
2625 1034 3059 1105 comprobatur,
3092 1031 3249 1105 quod
3278 1031 3393 1086 suis
3414 1028 3651 1086 omnibus
3677 1029 3770 1081 in-

2149 1123 2364 1195 juriam
2388 1123 2447 1179 in
2470 1124 2577 1179 hac
2607 1123 2722 1178 vita
2749 1139 2854 1194 pro
2885 1138 2954 1178 eo
2971 1121 3297 1193 patientibus
3322 1119 3460 1175 facit
3486 1119 3598 1173 hoc
3613 1116 3771 1187 judi-

2160 1213 2321 1279 cium,
2355 1210 2570 1266 scilicet
2598 1211 2708 1266 hoc
2750 1209 2977 1281 judicat
3025 1212 3090 1264 ut
3139 1208 3415 1281 injuriam
3445 1207 3765 1279 patiantur,

2159 1299 2317 1372 quod
2345 1299 2542 1371 utique
2568 1298 2960 1354 miserrimum
2984 1300 3151 1364 esset,
3170 1297 3216 1353 si
3231 1297 3385 1352 eisin
3410 1297 3762 1369 perpetuum

2156 1386 2484 1442 irasciturus
2505 1390 2672 1442 esset.
2706 1387 2869 1442 Unde
2900 1386 3202 1458 Apostolus
3237 1402 3250 1441 :
3278 1408 3305 1435 «
3341 1384 3400 1441 Si
3428 1385 3487 1439 in
3517 1384 3623 1439 hac
3642 1381 3765 1437 vita

2154 1477 2385 1531 tantum
2422 1475 2481 1530 in
2518 1475 2741 1531 Christo
2773 1477 3076 1547 sperantes
3115 1491 3335 1540 sumus,
3379 1471 3759 1528 miserabilio-

2153 1578 2245 1619 res
2272 1580 2470 1619 sumus
2499 1564 2769 1619 omnibus
2798 1563 3132 1619 hominibus
3176 1562 3230 1636 (1
3279 1560 3411 1619 Cor.
3448 1578 3539 1628 xv,
3575 1560 3686 1631 l9).
3727 1579 3757 1608 »ι

2154 1653 2278 1707 Non
2306 1653 2495 1707 solum
2518 1653 2712 1707 autem
2736 1668 2840 1723 per
2862 1652 2985 1706 haec
3001 1667 3129 1723 quas
3152 1650 3329 1706 modo
3352 1649 3467 1704 dixi
3485 1650 3593 1704 hoc
3604 1664 3761 1703 com-

2153 1741 2456 1814 probatur,
2473 1757 2600 1812 quas
2618 1740 2828 1795 scilicet
2849 1739 2968 1812 ipse
2981 1738 3260 1795 Dominus
3290 1738 3347 1792 in
3378 1754 3526 1793 novo
3541 1738 3758 1811 populo

448 1834 508 1885 et
539 1830 660 1902 ipse
691 1834 855 1885 tuum
881 1831 1229 1887 desiderium
1267 1831 1374 1886 illis
1398 1831 1566 1886 bonis
1594 1831 1756 1885 valde
1784 1829 2051 1901 replebit,
2078 1821 2130 1880 Β
2154 1831 2449 1902 operatur,
2482 1829 2582 1884 sed
2600 1831 2658 1883 et
2687 1844 2791 1900 per
2821 1844 2891 1882 ea
2917 1843 3045 1899 quae
3076 1826 3252 1899 priori
3292 1827 3509 1899 populo
3558 1841 3763 1897 opera-

450 1921 513 1973 ut
540 1919 723 1991 possis
773 1919 1001 1974 dicere:
1029 1919 1177 1974 Satis
1201 1922 1305 1977 est.
1336 1920 1403 1973 Et
1444 1919 1524 1973 ita
1562 1919 1864 1973 coronabit
1897 1917 2054 1986 quod

434 2007 692 2078 juventus
736 2013 852 2078 tua,
892 2024 1065 2080 quam
1110 2007 1201 2062 hic
1229 2008 1407 2064 habes
1450 2007 1510 2062 in
1550 2007 1914 2079 baptismate,
1951 2021 2054 2076 per

446 2097 818 2166 peccatorum
850 2096 1251 2151 remissionem
1278 2096 1638 2165 renovabitur,
1660 2095 1719 2150 id
1749 2096 1835 2149 est
1858 2110 2053 2148 rursus

442 2181 810 2238 innovabitur
840 2182 898 2237 in
942 2184 1134 2238 futuro
1168 2201 1271 2256 per
1304 2184 1552 2256 gloriam
1590 2186 1650 2238 et
1693 2180 2052 2254 impassibili—

444 2272 651 2339 tatem,
678 2278 741 2325 ut
760 2271 1029 2342 juventus
1068 2273 1269 2344 aquilae
1298 2275 1629 2340 renovatur,
1663 2271 1818 2344 quod
1848 2273 1935 2326 est
1961 2269 2048 2325 di-

441 2374 573 2414 cere
598 2377 610 2413 :
645 2360 803 2415 Sicut
824 2360 1015 2432 aquila
1040 2377 1270 2416 cum‘ex
1286 2361 1588 2432 juventute
1607 2362 1664 2431 in
1692 2361 2048 2415 senectutem

443 2446 747 2514 transiens,
796 2448 969 2511 nimis
1012 2449 1213 2503 debilis
1254 2449 1521 2517 efﬁcitur,
1566 2467 1634 2504 eo
1666 2448 1841 2521 quod,
1879 2463 2046 2519 supe-

438 2533 577 2589 riori
606 2539 768 2605 parte
797 2535 967 2590 rostri
998 2536 1170 2590 nimis
1195 2542 1508 2604 crescente,
1557 2554 1676 2593 non
1719 2538 1909 2608 potest
1948 2552 2044 2590 co-

441 2620 699 2690 medere,
731 2625 930 2694 postea
956 2640 1090 2679 vero
1115 2625 1373 2695 ejusdem
1398 2625 1565 2681 rostri
1586 2624 2047 2696 superﬂuitatem

440 2710 734 2766 collisione
776 2711 981 2785 lapidis
1012 2714 1306 2785 frangens,
1336 2730 1535 2769 rursus
1565 2714 1819 2786 priseum
1849 2729 2045 2768 come-

443 2799 617 2855 dendi
647 2817 813 2855 usum
847 2802 1072 2873 recipit,
1104 2806 1163 2857 et
1189 2803 1267 2857 sic
1295 2803 1644 2874 juvenescit;
1680 2819 1799 2857 non
1841 2817 2048 2857 secun-

442 2886 577 2942 dum
596 2905 886 2944 annorum
913 2891 1282 2960 paucitatem,
1299 2892 1398 2947 sed
1411 2891 1726 2946 secundum
1748 2889 2051 2963 pristinam

442 2977 698 3047 corporis
731 2977 1156 3035 fortitudinem.
1188 2978 1300 3048 Sic,
1336 2984 1394 3035 et
1417 2983 1479 3035 tu
1521 2981 1739 3047 anima,
1780 2995 1908 3051 quas
1946 2994 2049 3050 per

2154 1922 2245 1973 tus
2274 1921 2380 1985 est,
2411 1917 2626 1972 scilicet
2654 1932 2760 1988 per
2798 1916 2905 1971 hoc
2953 1916 3109 1988 quod
3157 1922 3312 1970 notus
3354 1915 3493 1985 fecit
3527 1914 3762 1986 pridem

2149 2006 2336 2077 Moysi
2361 2008 2456 2079 leg
2480 2006 2606 2060 fero
2633 2007 2747 2060 vias
2764 2021 2908 2072 suas,
2933 2003 2992 2060 id
3022 2008 3107 2059 est
3124 2006 3415 2075 prmeepta
3433 2019 3556 2070 sua,
3571 2007 3629 2057 et
3651 2019 3765 2075 per

2150 2096 2376 2168 Moysen
2408 2098 2578 2151 notas
2603 2094 2730 2165 ﬁliis
2748 2092 2921 2148 Israel
2941 2093 3078 2148 fecit
3107 2092 3403 2148 voluntates
3430 2109 3573 2160 suas,
3598 2092 3657 2147 id
3672 2096 3765 2148 est

2150 2188 2439 2256 praecepta
2462 2200 2565 2239 sua
2591 2200 2605 2239 :
2631 2182 2789 2255 quod
2812 2181 3094 2237 inutiliter
3116 2181 3358 2249 fecisset,
3393 2181 3436 2237 si
3458 2180 3518 2236 in
3547 2197 3761 2254 perpe-

2151 2275 2315 2327 tuum
2345 2271 2673 2327 irasciturus
2698 2275 2864 2327 esset.
2911 2271 3140 2343 Repetit
3166 2270 3326 2325 enim
3362 2268 3762 2342 aaquipollenti

2148 2376 2286 2416 voce
2316 2361 2474 2433 quod
2525 2359 2668 2414 dixit
2699 2375 2713 2414 :
2741 2360 2948 2429 faciens
2984 2358 3398 2424 misericordias,
3442 2373 3574 2412 cum
3620 2357 3765 2412 dicit

2148 2451 2445 2514 miserator,
2474 2452 2539 2503 ut
2563 2448 2741 2503 addat
2779 2447 2878 2502 sic.
2909 2446 3224 2513 Miserator,
3256 2446 3520 2519 inquam,
3555 2449 3660 2512 est,
3696 2445 3762 2501 id

2149 2538 2234 2591 est
2262 2536 2478 2592 faciens
2497 2536 2938 2604 misericordias,
2970 2542 3023 2591 et
3049 2537 3347 2591 misericors
3370 2538 3457 2590 est
3485 2536 3761 2592 Dominus

2149 2623 2209 2678 in
2237 2628 2473 2693 natura;
2500 2629 2559 2680 et
2582 2625 2910 2695 longanimis
2955 2628 3062 2693 est,
3109 2625 3171 2680 id
3201 2627 3292 2679 est
3323 2622 3550 2696 patiens
3577 2624 3759 2695 longo

2149 2714 2345 2769 animo
2376 2716 2699 2787 peccantes.
2725 2713 2880 2781 Dico,
2904 2716 3200 2769 misericors
3223 2719 3273 2767 et
3304 2728 3421 2768 non
3439 2714 3757 2783 utcunque,

2147 2802 2250 2858 sed
2278 2802 2509 2858 multum
2527 2803 2843 2869 misericors,
2867 2801 3022 2856 unde
3050 2801 3243 2872 palam
3275 2802 3362 2854 est
3380 2799 3536 2871 quod
3566 2815 3671 2853 non
3697 2801 3757 2852 in

2139 2897 2458 2962 peqnetuum
2488 2892 2761 2946 irascetur.
2792 2890 2879 2944 Ad
2928 2889 3083 2961 quod
3126 2888 3286 2943 enim
3332 2888 3593 2942 valerent
3633 2887 3761 2958 ejus

2156 2978 2555 3035 misericordia
2585 2983 2644 3034 et
2670 2978 3104 3051 longanimitas,
3136 2977 3181 3032 si
3202 2976 3261 3032 in
3292 2978 3639 3048 perpetuum
3670 2992 3761 3030 es-

440 3065 628 3119 Adam
659 3082 727 3121 ex
748 3066 1051 3137 juventute
1092 3070 1324 3123 aeterna:
1354 3067 1727 3123 beatitudinis
1757 3068 1816 3121 in
1850 3082 2048 3121 senec-
2075 3093 2123 3153 α
2152 3070 2237 3122 set
2268 3067 2389 3139 ejus
2419 3067 2505 3123 ira
2534 3067 2829 3123 duratura.
2863 3068 2931 3121 Et
2962 3066 3098 3121 inde
3139 3082 3370 3139 quoque
3407 3066 3763 3136 comproba-

440 3156 626 3209 tutem
659 3156 933 3227 peccandi
953 3158 1010 3210 et
1031 3156 1418 3228 passibilitatis
1438 3156 1734 3224 devenisti,
1768 3155 1945 3210 etiam
1984 3170 2050 3209 ex

442 3247 608 3315 parte
638 3245 697 3299 in
718 3245 1005 3317 baptismo
1024 3246 1253 3316 juvenis
1274 3247 1427 3302 facta
1455 3263 1537 3311 es,
1560 3247 2048 3318 perpeccatorum

444 3332 658 3386 scilicet
711 3332 1135 3401 remissionem,
1184 3336 1242 3389 et
1279 3334 1555 3389 virtutum
1594 3333 2049 3405 reparationem.

442 3419 613 3473 Multo
644 3419 829 3489 magis
858 3420 916 3473 in
940 3421 1132 3476 futuro
1151 3421 1657 3491 juvenisﬁes,cum
1679 3420 2051 3493 adiungendo

446 3508 504 3559 te
537 3505 785 3573 Christo,
809 3507 907 3579 qui
940 3507 1138 3562 ﬁrmus
1163 3508 1306 3578 lapis
1337 3511 1442 3572 est,
1486 3513 1722 3564 vetustas
1770 3508 2050 3582 passibili-

444 3593 577 3648 tatis
606 3596 664 3648 et
693 3593 1041 3666 ignorantia:
1072 3612 1245 3669 quam
1263 3597 1441 3651 habes
1462 3613 1527 3652 ex
1547 3598 1734 3653 Adam
1756 3596 2054 3668 superﬂui-

450 3685 634 3737 tatem
666 3683 949 3754 depones:
984 3686 1043 3739 et
1069 3687 1206 3740 tunc
1235 3685 1475 3740 tandem
1516 3702 1665 3757 pane
1698 3683 1933 3740 salutari
1966 3683 2051 3738 di-

446 3771 594 3826 vinm
633 3773 1138 3844 contemplationis
1190 3773 1484 3841 reﬁcieris,
1522 3791 1636 3846 qua
1677 3774 1752 3828 ad
1800 3789 2053 3844 praesens

448 3876 619 3916 causa
644 3862 984 3933 supradicta
1015 3862 1310 3917 vetustatis
1341 3862 1413 3918 ad
1441 3863 1680 3934 plenum
1709 3878 1828 3917 non
1859 3862 2054 3917 reﬁce-

447 3951 544 4005 ris.
579 3950 827 4022 Ideoque
858 3951 1043 4005 adhuc
1069 3951 1432 4007 inveterascis
1461 3955 1519 4006 et
1548 3950 2050 4006 debilitaris.Unde

448 4038 659 4109 legitur
686 4055 698 4093 :
733 4061 761 4087 ‹‹
790 4039 929 4093 Ecce
960 4055 1109 4093 nova
1130 4039 1277 4094 facio
1304 4039 1503 4094 omnia
1527 4038 1724 4112 (Apoc.
1758 4056 1871 4106 χχι,
1898 4039 1969 4111 5).
2016 4060 2046 4089 ››

523 4126 807 4189 Quoniam
839 4130 1035 4181 autem
1069 4127 1291 4181 dixerat
1314 4128 1570 4182 animam
1605 4144 1768 4183 suam
1798 4145 1919 4184 esse
1957 4144 2048 4182 re-

449 4214 725 4288 plendam
750 4214 982 4269 aeternis
1007 4216 1195 4285 bonis,
1222 4233 1349 4288 qua?
1376 4216 1640 4271 nondum
1662 4222 1970 4291 apparent,
1992 4221 2052 4273 et

448 4306 643 4376 posset
671 4302 742 4358 ab
765 4303 956 4375 aliquo
981 4303 1229 4359 dubitari
1249 4321 1323 4359 an
1354 4304 1450 4359 illa
1479 4304 1717 4361 daturus
1733 4310 1902 4375 esset,
1916 4323 2050 4362 eum

448 4407 518 4446 ea
543 4408 743 4447 revera
771 4408 891 4447 esse
922 4392 1191 4448 daturum
1221 4394 1602 4466 comprobare
1634 4394 1907 4463 intendit,
1942 4395 2053 4450 evi-

378 4523 385 4531 .
451 4481 649 4536 dentia
677 4481 911 4537 illorum
938 4482 1354 4538 beneficiorum
1372 4500 1498 4555 quae
1505 4484 1631 4554 jam
1660 4485 1922 4552 contulit,
1937 4484 2046 4539 sic:

447 4569 571 4625 Dixi
603 4569 757 4641 quod
786 4570 1031 4641 replebit
1058 4588 1152 4625 me
1182 4575 1240 4625 et
1261 4542 1708 4643 caeterosujustos
1737 4542 1926 4640 bonis,
1948 4572 2055 4628 im-
2074 4542 2126 4601 D

448 4656 799 4713 mortalitate
834 4657 1046 4713 scilicet
1090 4662 1148 4713 et
1178 4659 1656 4730 impassibilitate,
1688 4663 1746 4715 et
1774 4661 2051 4716 immuni-

450 4749 567 4802 tate
590 4746 840 4817 peccati;
875 4750 931 4801 et
960 4763 1156 4801 verum
1182 4751 1286 4803 est.
1315 4747 1601 4803 Nisienim
1630 4748 1740 4803 illis
1762 4749 1927 4804 bonis
1944 4766 2049 4805 nos

448 4835 718 4907 repleret,
747 4850 876 4888 vere
899 4833 957 4888 in
989 4838 1334 4907 perpetuum
1364 4836 1530 4891 nobis
1546 4838 1724 4891 iratus
1740 4842 1906 4893 esset.
1933 4838 2047 4894 Sed

447 4940 554 4977 non
579 4924 630 4977 in
652 4928 967 4993 perpetuum
996 4925 1272 4990 irascetur,
1303 4921 1363 4977 id
1392 4927 1475 4977 est
1504 4941 1623 4979 non
1649 4941 2050 4997 semperexer-

448 5012 600 5066 cebit
626 5011 684 5065 in
717 5028 823 5065 nos
847 5011 1015 5079 iram,
1048 5011 1105 5066 id
1130 5014 1216 5066 est
1241 5010 1555 5067 vindictam
1585 5012 1883 5085 originalis
1912 5031 2046 5086 pec-

448 5100 581 5167 cati,
618 5098 831 5153 scilicet
887 5100 1301 5155 mortalitatem
1356 5102 1414 5154 et
1459 5102 1918 5171 passibilitatem,
1951 5104 2051 5159 sed

449 5187 797 5260 quandoque
838 5186 1010 5241 faciet
1034 5186 1393 5241 immortales
1414 5190 1473 5242 et
1501 5187 1901 5261 impassibiles.
1934 5190 2047 5245 Ne?-

445 5291 546 5348 que
566 5277 621 5329 in
650 5282 906 5329 aeternum
936 5275 1346 5330 comminabitur
1376 5276 1544 5331 nobis
1573 5294 1676 5350 per
1705 5277 2045 5351 Scripturas,

446 5367 570 5418 uta
593 5362 839 5438 peccatis
869 5379 1172 5430 cessemus,
1205 5363 1350 5419 sicut
1388 5365 1563 5420 modo
1599 5365 1764 5421 nobis
1801 5382 2049 5438 peccan-

446 5450 598 5505 tibus
842 5452 1266 5521 comminatur;
1300 5452 1401 5508 sed
1429 5452 1666 5509 reducet
1696 5436 1890 5511 nosvad
1925 5459 2046 5512 tan-

441 5539 565 5593 tam
595 5539 1010 5610 perfectionem
1039 5557 1113 5596 ne
1133 5556 1438 5614 peccemus
1468 5544 1638 5613 ultra,
1671 5560 1859 5618 neque
1886 5560 2043 5603 com-

444 5624 658 5681 minari
682 5626 849 5683 nobis
875 5643 1012 5685 eum
1030 5630 1320 5701 oporteat.

2154 3160 2268 3222 tur,
2300 3156 2437 3228 quia
2458 3172 2566 3211 non
2588 3155 2879 3211 secundum
2888 3162 3116 3226 peccata
3135 3167 3316 3210 nostra
3342 3155 3473 3225 fecit
3497 3153 3656 3208 nobis
3673 3169 3765 3208 re-

2153 3244 2533 3300 tributionem
2580 3246 2750 3317 justa:
2796 3243 3221 3299 damnationis:
3250 3260 3417 3316 neque
3466 3242 3763 3298 secundum

2155 3334 2460 3405 iniquitates
2483 3338 2687 3389 nostras
2716 3334 2967 3388 actuales
2985 3332 3237 3388 retribuit
3256 3333 3404 3386 nobis
3429 3331 3563 3387 dam
3572 3330 3767 3386 natio-

2156 3438 2329 3490 nem;
2362 3422 2463 3477 sed
2494 3421 2721 3476 remisit
2766 3421 3100 3495 iniquitates
3146 3436 3351 3476 omnes
3389 3424 3449 3476 et
3474 3422 3714 3491 peccata
3747 3434 3765 3474 :

2156 3510 2312 3582 quod
2344 3509 2540 3582 utique
2571 3513 2717 3566 esset
2746 3510 3197 3578 infructuosum,
3230 3509 3276 3564 si
3306 3509 3588 3564 duratura
3616 3508 3773 3562 esset

2155 3598 2278 3669 ejus
2302 3598 2468 3653 irain
2494 3602 2860 3670 perpetuum.
2886 3599 2956 3653 Et
2996 3598 3133 3654 inde
3165 3613 3394 3671 quoque
3418 3595 3770 3667 comproba-

2154 3688 2272 3754 tur,
2306 3704 2564 3759 quonzam
2591 3688 2880 3743 secundum
2902 3686 3243 3742 altitudinem
3277 3686 3399 3742 cali
3425 3704 3458 3740 a
3486 3692 3635 3740 terra
3647 3701 3769 3740 cor-

2154 3775 2445 3844 roboravit,
2477 3775 2536 3831 id
2552 3779 2639 3831 est
2662 3776 2961 3832 robustam
2981 3775 3119 3831 fecit
3138 3772 3562 3830 misericordiam
3582 3790 3766 3841 suam,

2153 3863 2215 3919 id
2271 3866 2359 3919 est
2406 3863 2755 3919 beneﬁcium
2807 3862 3217 3931 misericordias
3261 3880 3400 3932 suae,
3451 3879 3607 3933 super
3655 3878 3768 3918 nos

2152 3956 2305 4007 caste
2334 3954 2573 4007 timentes
2602 3970 2675 4007 se.
2710 3951 2870 4008 Sicut
2916 3952 2991 4007 ad
3030 3955 3202 4008 terra:
3250 3950 3763 4025 comparationem

2151 4041 2362 4096 caelum
2391 4040 2637 4112 dignum
2667 4044 2753 4095 est
2782 4042 2840 4095 et
2867 4040 3137 4111 sublime,
3168 4039 3313 4095 sicut
3338 4044 3397 4095 et
3424 4039 3760 4095 misericor—

2151 4129 2246 4183 dia
2267 4129 2338 4183 de
2363 4129 2473 4183 hoc
2501 4129 2657 4201 quod
2687 4128 2843 4200 prius
2893 4129 3119 4201 indigni
3150 4144 3381 4184 eramus
3425 4130 3484 4183 et
3518 4127 3753 4199 dejecti,

2151 4217 2359 4289 dignos
2389 4220 2447 4272 et
2474 4216 2746 4272 sublimes
2790 4215 2850 4272 in
2882 4216 3217 4273 innocentia
3253 4217 3421 4286 fecit;
3458 4216 3618 4289 quod
3642 4217 3756 4273 uti-

2153 4322 2264 4377 que
2284 4305 2510 4361 fecisset
2534 4304 2834 4377 inutiliter,
2867 4305 2974 4361 nisi
3011 4306 3162 4362 iram
3199 4322 3365 4361 suam
3412 4305 3758 4361 remissurus

2153 4397 2318 4449 esset.
2352 4395 2421 4448 Et
2449 4394 2628 4450 etiam
2648 4394 2785 4449 inde
2823 4395 3259 4467 comprobatur,
3290 4394 3426 4467 quia
3450 4393 3602 4465 longe
3624 4394 3758 4464 fecit

2151 4499 2185 4537 α
2212 4483 2362 4538 nobis
2390 4484 2692 4556 iniquitates
2715 4489 2945 4552 nostras,
2975 4483 3035 4539 id
3057 4485 3145 4539 est
3177 4483 3622 4539 excmcationem
3671 4482 3763 4537 in-

2151 4570 2450 4639 teriorem,
2479 4588 2607 4644 quae
2632 4571 2691 4627 in
2710 4572 2876 4627 nobis
2892 4573 3019 4626 erat
3032 4587 3203 4627 causa
3231 4570 3602 4644 iniquitatum
3616 4586 3760 4625 nos-

2151 4661 2396 4728 trarum,
2412 4664 2469 4715 et
2487 4659 2835 4715 illuminavit
2854 4658 3094 4715 interius
3114 4659 3300 4732 gratia
3329 4657 3579 4731 speciali.

2223 4748 2292 4801 Et
2310 4748 2369 4803 in
2391 4750 2614 4802 tantum
2632 4748 2808 4819 longe
2822 4747 2959 4803 fecit
2979 4764 3013 4802 a
3027 4747 3195 4803 nobis
3214 4746 3553 4802 illuminatis
3570 4762 3755 4802 excie-

2148 4836 2438 4892 cationem
2478 4835 2871 4908 iniquitatum,
2915 4842 3177 4909 quantum
3223 4835 3387 4891 distat
3426 4842 3573 4890 ortus
3618 4834 3760 4892 solis

2147 4923 2215 4979 ab
2232 4924 2514 4994 occidente,
2544 4923 2602 4978 id
2632 4926 2717 4978 est
2746 4924 2818 4979 ab
2844 4939 3044 4979 occasu
3074 4924 3228 4981 solis.
3262 4926 3372 4980 Per
3395 4928 3593 4981 ortum
3618 4923 3757 4980 solis

2151 5013 2243 5067 lux
2272 5011 2568 5084 accipitur,
2601 5028 2669 5067 eo
2701 5011 2858 5084 quod
2889 5013 3044 5069 hunc
3090 5016 3284 5068 ortum
3333 5013 3428 5068 lux
3468 5012 3753 5086 sequitur.

2148 5101 2423 5156 Tenebras
2453 5115 2587 5155 vero
2620 5117 2725 5172 per
2777 5117 3063 5167 occasum,
3115 5118 3184 5158 eo
3222 5102 3381 5174 quod
3415 5118 3552 5157 eum
3588 5105 3756 5158 tene-

2148 5188 2268 5243 bras
2295 5193 2630 5262 sequantur.
2692 5190 2761 5244 Et
2815 5193 2901 5244 est
2945 5205 3011 5245 ac
3063 5189 3108 5245 si
3152 5189 3307 5245 dicat
3337 5192 3439 5245 :tu
3467 5193 3754 5262 quantum

2147 5277 2243 5333 lux
2272 5277 2444 5333 distat
2472 5294 2506 5333 a
2535 5277 2827 5333 tenebris:
2861 5294 2982 5333 non
3027 5282 3224 5334 autem
3275 5277 3405 5334 dico
3465 5278 3751 5349 localiter,

2145 5369 2248 5425 sed
2277 5369 2635 5437 naturaliter,
2687 5368 2747 5424 in
2797 5371 3026 5425 tantum
3051 5368 3231 5441 prius,
3259 5372 3319 5424 et
3348 5385 3456 5425 nos
3495 5386 3678 5426 caecos
3718 5388 3755 5428 a

2144 5457 2567 5531 nobismetipsis
2595 5474 2749 5513 nunc
2777 5458 3115 5514 illuminatis
3144 5457 3376 5515 differre
3402 5459 3558 5516 fecit.
3583 5458 3755 5525 Quod

2146 5547 2342 5620 utique
2398 5547 2705 5604 duceretur
2739 5546 2801 5603 in
2850 5546 3103 5616 irritum,
3178 5547 3225 5603 si
3272 5546 3601 5604 irasciturus
3666 5564 3755 5603 es-

2143 5639 2233 5694 set
2285 5634 2350 5695 in
2399 5638 2769 5711 perpetuum,
2825 5633 2965 5694 inde
3015 5650 3247 5711 quoque
3288 5636 3763 5712 comprobatur:
