3998 6026
293 286 431 354 1473

1300 294 1655 357 EXPOSI’I‘IO
1692 294 1762 356 IN
1802 295 2135 359 PSALMOS.
2168 332 2237 344 —
2268 298 2462 360 PSAL.
2496 298 2587 360 CII

3466 280 3601 369 1174

287 414 423 489 quia
441 414 703 488 quomodo
723 414 1009 471 miseretur
1023 422 1186 488 pater
1203 401 1459 487 ﬁliorum,
1480 419 1617 475 dum
1633 436 1730 476 eos
1745 420 1899 475 videt
1919 422 1974 483 Α
1991 430 2120 477 vant
2151 429 2519 481 testamentum
2543 423 2675 494 ejus,
2704 422 2781 477 sic
2817 439 2831 477 :
2860 421 2996 479 Dico
3039 422 3127 480 his
3154 426 3252 498 qui
3271 435 3484 485 servant
3528 436 3603 484 te-

286 508 568 572 errantes,
597 508 657 560 ut
695 505 769 560 ad
816 503 968 559 viam
1011 504 1371 561 rectitudinis
1415 511 1661 576 revocet,
1692 509 1895 582 ﬂagel-

283 592 460 648 lando
490 595 735 665 paterna
782 592 1087 648 affectione
1118 593 1379 666 castigat,
1424 595 1505 650 ita
1552 598 1793 652 misertus
1819 603 1894 651 est

282 678 547 734 Dominus
590 679 757 736 nobis
813 682 1116 735 timentibus
1167 699 1238 751 se,
1282 683 1615 755 castigando
1662 685 1751 756 pie
1792 700 1895 755 per

284 768 515 839 ﬂagella
530 768 988 836 tribulationum,
1010 769 1163 841 quod
1191 787 1353 843 usque
1374 788 1479 843 pro
1504 771 1682 827 nihilo
1706 772 1892 840 ﬁeret,

282 856 392 911 nisi
422 857 509 912 ira
537 858 660 929 ejus
687 857 998 930 aliquando
1028 857 1284 914 ﬁnienda
1315 862 1481 915 esset.
1523 862 1593 915 Et
1630 860 1760 917 ideo
1792 861 1896 916 mi-

282 947 467 1000 sertus
497 949 582 1001 est
609 963 626 998 :
656 947 909 1017 quoniam
938 946 1065 1016 ipse,
1087 946 1186 1018 qui
1213 945 1272 1000 in
1295 946 1644 1018 ﬂagellando
1663 948 1895 1004 videtur

280 1050 532 1100 severus,
570 1036 770 1089 tamen
802 1033 1131 1089 miserendo
1165 1040 1407 1105 cognovit
1450 1038 1762 1106 ﬁgmentum
1800 1055 1894 1091 no-

282 1128 479 1189 strum,
510 1122 568 1177 id
597 1126 683 1177 est
711 1122 981 1194 cognovit
1009 1139 1115 1177 nos
1156 1139 1277 1178 esse
1322 1127 1585 1181 terrenos
1625 1128 1683 1180 et
1718 1125 1897 1198 fragi-

285 1210 389 1276 les,
421 1213 485 1265 ut
509 1211 855 1282 ﬁgmentum
880 1209 1061 1282 ﬁguli.
1095 1210 1339 1283 Exponit
1383 1216 1577 1267 autem
1604 1212 1897 1286 quomodo

285 1298 633 1370 ﬁgmentum
663 1315 878 1366 sumus,
911 1314 1042 1353 cum
1074 1299 1253 1367 addit,
1278 1301 1491 1356 scilicet
1521 1301 1618 1373 qui
1648 1302 1798 1356 visus
1817 1302 1900 1356 est

287 1386 387 1441 diu
440 1402 546 1442 nos
593 1387 867 1442 oblivioni
907 1387 1153 1454 dedisse,
1183 1387 1493 1443 recordatus
1534 1395 1608 1442 est
1647 1389 1900 1460 quoniam

275 1476 459 1547 pulvis
468 1493 667 1543 sumus,
692 1475 749 1530 id
769 1478 855 1530 est
876 1474 1096 1530 terreni
1118 1478 1176 1529 et
1200 1475 1398 1531 faciles
1418 1476 1492 1531 ad
1516 1475 1896 1548 peccandum;

285 1565 346 1620 et
375 1567 656 1635 quantum
679 1563 751 1618 ad
771 1579 875 1618 nos
886 1563 1106 1618 steriles
1132 1579 1166 1618 a
1193 1563 1369 1631 bono,
1398 1563 1562 1630 sicut,
1590 1563 1772 1634 pulvis
1801 1563 1899 1636 qui

285 1652 445 1706 terra
473 1657 577 1719 est,
610 1656 668 1706 et
686 1654 850 1706 motu
879 1651 1083 1719 facilis,
1106 1654 1164 1705 et
1178 1651 1345 1723 fruge
1367 1651 1592 1706 sterilis.
1629 1653 1698 1707 Et
1725 1669 1898 1707 recor-

1990 518 2311 566 stamentum
2339 512 2468 583 ejus,
2502 515 2560 566 et
2590 512 2698 566 hoc
2723 511 2898 567 modo
2930 512 3165 584 quidem
3198 522 3410 570 servant
3436 535 3454 570 :
3478 514 3597 571 Me-

1992 616 2165 653 mores
2208 606 2332 654 sunt
2377 600 2755 654 mandatorum
2797 601 2930 671 ejus,
2966 617 3083 655 non
3122 618 3192 657 ea
3238 604 3602 677 negligenter

1994 686 2268 742 oblivioni
2290 688 2513 754 dantes,
2531 688 2926 759 promovendo
2945 687 3121 743 etiam
3135 706 3215 758 se,
3236 690 3306 744 ad
3326 692 3608 761 faciendus

1992 791 2072 829 ea.
2099 776 2222 830 Non
2254 776 2411 831 enim
2428 776 2716 832 sufﬁceret
2739 793 2859 831 esse
2890 793 3205 841 memores,
3239 777 3345 832 nisi
3376 795 3606 835 eorum-

1994 862 2127 918 dem
2152 864 2553 935 completores.
2572 865 2639 918 Et
2655 865 2765 919 hoc
2781 881 2900 919 non
2919 865 3140 920 habent
3160 881 3194 920 a
3215 882 3274 920 se
3299 867 3454 938 quod
3470 871 3606 922 sunt

1995 955 2359 1004 memoreset
2384 952 2760 1023 complentes,
2783 951 2884 1005 sed
2914 968 2948 1005 a
2971 954 3109 1007 Deo.
3141 951 3412 1007 Dominus
3445 952 3605 1007 enim

1997 1038 2386 1109 Paterparavit
2406 1037 2462 1092 in
2490 1038 2572 1093 eis
2584 1039 2774 1105 sedem,
2807 1038 2865 1093 id
2892 1041 2977 1093 est
3010 1039 3429 1095 habitationem
3449 1057 3605 1096 suam

1979 1127 2055 1204 ~et
2081 1125 2190 1180 hoc
2208 1127 2263 1179 in
2290 1126 2433 1194 calo,
2453 1126 2511 1180 id
2540 1129 2625 1180 est
2650 1142 2754 1197 per
2773 1128 3001 1194 ccelum,
3030 1143 3133 1198 per
3155 1128 3465 1196 Christum,
3498 1130 3604 1184 sci-

1997 1212 2130 1267 licet
2157 1212 2292 1267 inde
2321 1214 2574 1268 habeant
2592 1214 2701 1268 hoc
2713 1214 2869 1286 quod
2889 1217 3024 1268 sunt
3046 1231 3338 1275 memores
3369 1219 3428 1271 et
3454 1233 3610 1273 com-

1998 1300 2241 1372 pientes,
2274 1300 2410 1371 quia
2436 1301 2599 1356 sedes
2624 1301 2725 1356 Dei
2756 1317 2860 1372 per
2892 1301 3182 1358 Christum
3215 1307 3349 1358 sunt
3381 1304 3606 1375 affecti;

1999 1387 2087 1442 vel
2117 1387 2194 1441 sic
2225 1391 2283 1442 et
2327 1405 2431 1459 per
2463 1389 2574 1443 hoc
2610 1393 2744 1444 sunt
2791 1405 3103 1460 memores,
3146 1391 3284 1463 quia
3330 1392 3611 1447 Dominus

2000 1474 2254 1531 Christus
2272 1478 2326 1529 in
2350 1475 2490 1543 ca'lo,
2518 1475 2578 1531 id
2609 1479 2694 1531 est
2710 1477 2768 1531 in
2808 1477 2919 1531 illis
2938 1477 3101 1532 factis
3122 1479 3331 1535 ccelum
3350 1480 3608 1534 sublimi-

1997 1567 2115 1620 tate
2159 1568 2217 1619 et
2269 1564 2548 1635 dignitate
2597 1565 2727 1620 vita:
2769 1568 2994 1637 paravit
3030 1565 3202 1620 sedem
3231 1584 3405 1637 suam,
3454 1568 3611 1640 quod

1999 1651 2345 1708 estdicere:
2380 1652 2542 1709 Prius
2587 1653 2724 1709 fecit
2769 1671 2867 1709 eos
2914 1655 3145 1721 coelum,
3189 1658 3247 1710 et
3287 1655 3363 1710 sic
3411 1656 3611 1711 sedem

283 1739 443 1794 datus
466 1747 542 1795 est
571 1724 866 1814 quomodo
897 1740 1088 1796 omnis
1113 1741 1268 1794 homo
1306 1740 1419 1795 cito
1451 1740 1817 1813 transitorius
1842 1743 1900 1795 et
1923 1760 1972 1821 Β
1998 1757 2161 1795 suam
2193 1741 2399 1797 effecit.
2432 1743 2559 1798 Non
2585 1745 2775 1799 solum
2806 1746 3003 1799 autem
3034 1743 3093 1797 in
3126 1743 3474 1815 quibusdam
3522 1761 3611 1798 se-

285 1827 630 1884 defectibilis
650 1832 735 1883 est
753 1830 890 1882 sicut
912 1828 1123 1898 fenum,
1145 1849 1173 1877 «
1198 1828 1355 1899 quod
1377 1828 1546 1883 hodie
1568 1831 1673 1896 est,
1698 1831 1756 1883 et
1777 1844 1901 1884 cras
2003 1829 2120 1897 det,
2149 1828 2245 1883 sed
2282 1847 2502 1900 regnum
2526 1832 2698 1902 ipsius
2744 1831 2983 1886 omnibus
3020 1831 3404 1899 dominabitur,
3440 1831 3500 1886 id
3527 1833 3614 1886 est

282 1915 345 1970 in
403 1917 697 1972 clibanum
764 1915 1012 1971 mittitur
1066 1915 1290 1986 (Matth.
1343 1932 1414 1986 γι,
1477 1917 1586 1988 30).
1637 1935 1662 1969 ι
1707 1917 1775 1971 Et
1822 1916 1904 1971 ita

287 2007 375 2060 est
400 2004 547 2060 sicut
570 2006 770 2059 fenum
798 2004 954 2076 quod
980 2005 1099 2059 dies
1124 2005 1259 2076 ejus,
1290 2004 1349 2059 id
1394 2008 1479 2059 est
1520 2005 1635 2059 vita
1680 2005 1801 2076 ejus
1828 2007 1902 2059 sic

286 2093 578 2164 efﬂorebit,
617 2093 676 2148 id
719 2098 805 2147 est
837 2093 1163 2155 deflorebit,
1211 2092 1424 2147 scilicet
1469 2109 1535 2147 ex
1589 2093 1902 2147 ﬂoriditate

288 2181 365 2237 ad
397 2182 821 2237 marciditatem
852 2182 961 2236 cito
1001 2181 1318 2253 perveniet,
1340 2183 1475 2235 sicut
1510 2183 1608 2250 ﬂos
1637 2183 1776 2251 agri,
1805 2180 1902 2253 qui

288 2269 403 2324 cito
434 2270 723 2337 marescit,
776 2272 833 2324 et
873 2270 1025 2324 bene
1067 2269 1304 2341 quidem
1350 2269 1511 2325 addit
1546 2271 1683 2338 agri.
1728 2269 1905 2325 Citius

284 2342 488 2429 405
514 2357 724 2430 quippe
742 2358 849 2412 ﬂos
864 2356 986 2427 agri
1000 2356 1269 2411 marescit
1287 2357 1385 2429 qui
1397 2360 1620 2413 secatur
1636 2360 1694 2412 et
1715 2356 1905 2412 eradi-

287 2450 471 2514 catur,
500 2446 639 2501 dum
674 2462 814 2517 ager
840 2448 1038 2500 aratur
1083 2444 1245 2516 quasi
1287 2445 1393 2501 flos
1423 2445 1579 2501 horti
1609 2447 1695 2500 vel
1726 2444 1899 2517 prati,

287 2535 523 2607 quando
571 2535 852 2590 avellitur.
886 2535 954 2588 Et
999 2533 1178 2589 etiam
1222 2533 1522 2589 recordatus
1550 2541 1625 2589 est
1652 2536 1901 2607 quoniam

286 2625 524 2695 spiritus,
545 2612 604 2678 id
636 2626 722 2678 est
762 2624 1028 2679 voluntas
1052 2622 1241 2681 cordis
1261 2639 1464 2678 eorum
1495 2626 1551 2677 in
1588 2622 1700 2691 illo,
1733 2622 1792 2677 id
1818 2623 1903 2677 est

286 2715 571 2784 quantum
590 2715 674 2767 est
686 2711 744 2766 in
759 2710 1070 2783 fragilitate
1085 2710 1235 2766 illius
1238 2712 1581 2783 pertransibit
1594 2712 1705 2768 cito
1719 2711 1791 2767 de
1806 2712 1905 2766 bo-

291 2816 369 2855 no
386 2800 459 2854 ad
473 2798 797 2854 malum.Et
808 2799 885 2853 sic
898 2800 1183 2866 transibit,
1202 2800 1354 2873 quod
1368 2815 1474 2854 non
1489 2818 1550 2854 su
1558 2799 1807 2869 bsistit,id
1821 2801 1905 2853 est

291 2904 411 2944 non
434 2887 688 2956 absistet,
706 2887 920 2943 scilicet
937 2903 1055 2942 non
1087 2887 1329 2942 cessabit
1354 2886 1724 2959 pertransire,
1748 2890 1902 2959 post-

288 2992 465 3047 quam
497 2977 673 3031 semel
694 2976 1063 3046 pertransibit,
1097 2975 1197 3030 sed
1240 2991 1469 3046 semper
1508 2975 1577 3029 de
1629 2975 1784 3029 malo
1830 2973 1903 3028 ad

290 3065 454 3137 pejus
465 3065 831 3136 pertransibit.
865 3063 943 3118 Et
980 3067 1288 3136 postquam
1311 3063 1678 3134 pertransibit,
1712 3079 1815 3135 per
1842 3078 1901 3117 se

290 3169 399 3208 non
420 3160 692 3225 cognoscet
720 3153 950 3225 amplius
995 3152 1165 3209 locum
1194 3170 1373 3219 suum,
1413 3151 1627 3207 scilicet
1656 3168 1775 3207 non
1807 3168 1900 3207 co-

291 3246 531 3314 gnoscet
560 3247 773 3298 statum
818 3241 1166 3298 innocentiae
1214 3259 1248 3297 a
1290 3259 1403 3314 quo
1447 3241 1796 3312 pertransibit
1842 3243 1903 3295 ut

293 3336 422 3404 post
452 3333 525 3387 ad
554 3348 690 3386 eum
725 3348 828 3404 per
854 3349 912 3387 se
944 3332 1133 3386 valeat
1162 3329 1524 3386 redire.Dico
1553 3330 1706 3401 quod
1725 3346 1903 3402 quan-

294 3423 418 3475 tum
453 3421 527 3475 ad
547 3420 924 3492 fragilitatem
955 3420 1105 3475 illius
1119 3419 1485 3491 pertransibit,
1509 3425 1682 3473 etnon
1710 3435 1905 3489 c0gno-

289 3514 396 3563 scet
416 3525 433 3573 ;
449 3508 551 3562 sed
562 3511 848 3580 quantum
865 3508 938 3563 ad
961 3507 1417 3562 misericordiam
1435 3505 1667 3561 Domini
1686 3505 1791 3576 ipsi
1812 3506 1905 3579 pie

290 3595 618 3651 auxiliantis
648 3599 959 3667 cognoscet
988 3598 1047 3650 et
1083 3598 1403 3651 revertetur
1440 3594 1512 3649 ad
1559 3593 1905 3649 innocentius

290 3687 527 3740 statum.
549 3685 616 3739 Et
645 3686 753 3740 hoc
771 3687 857 3739 est
880 3683 1036 3756 quod
1054 3683 1494 3755 aequipollenter
1514 3682 1668 3737 dicit.
1683 3681 1903 3738 Miseri-

290 3773 475 3828 cordia
503 3780 683 3827 autem
705 3774 953 3835 Domini,
967 3775 1101 3838 etc.,
1116 3787 1180 3825 ac
1201 3770 1502 3825 sidiceret:
1521 3770 1813 3834 Quantum
1832 3769 1905 3825 ad

292 3877 353 3917 se
390 3874 565 3917 nemo
605 3860 1002 3933 pertransiens
1036 3860 1372 3926 revertetur,
1417 3858 1518 3914 sed
1547 3858 1905 3914 misericordia

291 3946 520 4006 Demini
548 3952 635 4003 est
681 3964 832 4019 super
874 3964 1001 4017 nos,
1040 3949 1192 4001 caste
1239 3951 1484 4002 tementes
1513 3963 1652 4013 eum,
1692 3946 1907 4002 scilicet

294 4042 383 4095 est
392 4039 453 4093 in
469 4036 749 4110 superiori
763 4033 1199 4098 nostro,scilicet
1210 4033 1269 4089 in
1284 4034 1551 4090 rationali
1560 4037 1675 4090 tate
1687 4038 1904 4105 nostra,

296 4129 361 4181 ut
377 4118 682 4198 postquam
699 4122 1119 4189 transierimus,
1143 4139 1249 4178 nos
1263 4122 1473 4177 reverti
1485 4123 1658 4178 faciat
1668 4140 1772 4195 per
1786 4141 1906 4197 poe-

298 4213 607 4270 nitentiam
638 4216 696 4268 et
720 4210 1194 4267 satisfactionem.
1212 4211 1596 4267 Misericordia
1626 4212 1750 4268 dico
1769 4229 1905 4285 ope-

1925 3034 1972 3093 C

2000 1916 2123 1988 ipse
2144 1917 2241 1989 qui
2281 1935 2379 1973 rex
2410 1922 2515 1988 est,
2535 1919 2806 1973 omnibus
2835 1918 2944 1973 illis
2970 1918 3066 1990 qui
3089 1918 3149 1974 in
3180 1921 3321 1975 caelo
3350 1921 3484 1973 sunt
3508 1917 3611 1973 do-

2004 2006 2341 2075 minabitur,
2375 2011 2432 2062 et
2459 2023 2689 2079 semper
2729 2006 3123 2063 dominabitur
3165 2009 3313 2064 bene
3352 2006 3609 2080 regendo

2006 2110 2123 2149 60$.
2455 2139 2459 2144 .

2077 2182 2328 2239 Ostensis
2349 2183 2662 2252 beneﬁciis,
2695 2200 2947 2257 quorum
2988 2185 3253 2240 contuitu
3274 2183 3612 2239 adhortatus

2005 2274 2089 2326 est
2119 2272 2381 2327 animam
2398 2289 2560 2328 suam
2573 2272 2647 2327 ad
2659 2272 3128 2328 benedicendum
3148 2274 3285 2339 Deo,
3312 2272 3385 2327 ad
3408 2273 3614 2327 exhor-

2007 2359 2284 2415 tationem
2316 2361 2640 2426 revertitur,
2674 2360 2753 2415 sic
2776 2376 2788 2415 :
2811 2359 2934 2415 Dixi
2956 2363 3019 2415 ut
3050 2361 3248 2416 anima
3280 2376 3411 2415 mea
3442 2360 3617 2416 bene-

2003 2447 2156 2502 dicat
2196 2447 2531 2517 Dominum,
2575 2448 2836 2503 contuitu
2872 2447 3269 2503 retributionis
3300 2448 3443 2519 ejus,
3472 2463 3614 2518 quas

2005 2536 2250 2591 ostendi.
2285 2537 2409 2591 Non
2441 2538 2626 2592 solum
2658 2540 2854 2591 autem
2886 2537 3007 2592 haec
3038 2536 3318 2592 beneﬁcia
3339 2535 3481 2591 mihi
3501 2535 3617 2590 sint

2004 2624 2249 2679 materia
2293 2625 2539 2680 Domino
2567 2624 2965 2692 benedicendi,
2995 2625 3093 2680 sed
3125 2625 3299 2679 etiam
3324 2624 3617 2695 benedicite

2002 2712 2311 2768 Dominoin
2337 2729 2431 2767 me
2459 2730 2633 2767 omnes
2671 2712 2848 2783 angeli
2885 2713 3018 2783 ejus,
3050 2712 3110 2767 id
3150 2716 3235 2767 est
3266 2728 3366 2767 vos
3412 2728 3616 2767 omnes

2008 2801 2252 2870 apostoli
2283 2800 2589 2855 existentes
2610 2800 2825 2872 angeli,
2844 2799 2902 2854 id
2926 2803 3012 2855 est
3045 2800 3233 2855 nuntii
3260 2798 3381 2870 ejus
3415 2798 3617 2853 benedi-

2005 2890 2104 2943 cite
2122 2888 2376 2956 Domino,
2394 2888 2452 2943 id
2468 2891 2553 2943 est
2590 2891 2772 2943 estote
2791 2887 2935 2943 mihi
2966 2886 3209 2943 materia
3236 2885 3616 2942 benedicendi

2004 2976 2275 3044 Domino,
2305 2975 2519 3031 scilicet
2548 2979 2609 3031 ut
2633 2977 2895 3031 contuitu
2919 2976 3215 3048 dignitatis
3236 2980 3460 3043 vestrm,
3489 2992 3613 3031 ma-

2002 3066 2273 3137 gniﬁcam
2296 3063 2740 3136 Dominum,qui
2762 3082 2862 3120 vos
2889 3065 3032 3119 adeo
3062 3064 3267 3135 dignos
3299 3063 3507 3119 fecitet
3522 3081 3613 3119 su-

2002 3153 2227 3208 blimes.
2260 3153 2620 3208 Determinat
2647 3156 2841 3208 autem
2878 3154 2948 3208 de
2976 3153 3183 3224 quibus
3200 3151 3421 3223 angelis
3439 3151 3613 3219 dicat,

2001 3259 2131 3296 cum
2175 3241 2335 3296 addit
2364 3257 2377 3295 :
2410 3241 2615 3313 Angeli
2653 3242 2795 3312 ejus,
2840 3241 3101 3314 inquam,
3135 3240 3401 3309 existens,
3425 3247 3615 3310 poten-

2004 3338 2076 3386 tes
2105 3332 2320 3397 virtute,
2343 3329 2401 3384 id
2442 3333 2528 3385 est
2557 3329 2869 3398 miraculis,
2899 3333 2993 3404 qui
3016 3330 3205 3401 facitis
3236 3329 3452 3383 verbum
3482 3330 3617 3400 ejus,

2004 3419 2101 3491 qui
2121 3418 2422 3489 completis
2431 3423 2722 3492 praecepta
2747 3420 2796 3491 ej
2807 3437 2888 3486 us,
2912 3417 3306 3490 promovendo
3325 3417 3503 3474 etiam
3522 3435 3620 3473 vos

2005 3508 2076 3563 ad
2103 3506 2421 3562 audiendam
2447 3523 2623 3561 vocem
2649 3524 2953 3561 sermonum
2991 3506 3125 3577 ejus,
3170 3505 3230 3559 id
3262 3508 3348 3559 est
3383 3505 3455 3560 ad
3510 3505 3622 3560 hoc

2005 3599 2068 3650 ut
2091 3596 2233 3650 alios
2253 3595 2453 3649 audire
2479 3595 2700 3650 faciatis
2728 3611 2927 3650 vocem
2950 3596 3150 3648 vestrm
3168 3592 3618 3664 praedicationis,

2003 3684 2476 3755 repraesentatem
2500 3699 2796 3737 sermones
2818 3682 2940 3753 ejus
2964 3679 3216 3735 Domini.
3234 3681 3303 3734 Et
3320 3696 3419 3735 vos
3441 3679 3621 3734 etiam

2003 3787 2180 3825 omnes
2210 3772 2436 3826 virtutes
2461 3771 2510 3841 ej
2521 3787 2585 3824 us
2601 3770 3054 3841 supercoelestes,
3084 3768 3366 3824 benedicite
3387 3767 3619 3822 Domino

2004 3859 2063 3914 in
2080 3875 2194 3926 me,
2216 3861 2396 3913 estote
2428 3858 2571 3912 mihi
2594 3856 3014 3930 contemplanti
3030 3859 3298 3911 naturam
3321 3855 3620 3927 dignitatis

2004 3945 2479 4014 vestrm,materia
2495 3945 2877 4001 benedicendi
2900 3945 3240 4000 Domino.ln
3262 3944 3499 3999 Hebraeo
3520 3943 3621 4000 ha-

2003 4036 2174 4091 betur
2210 4050 2386 4089 omnes
2423 4035 2682 4090 exercitus
2709 4034 2842 4105 ejus.
2888 4034 2999 4089 Vos
3035 4036 3258 4088 virtutes
3311 4033 3463 4099 dico,
3496 4031 3614 4087 exi-

2005 4128 2220 4180 stentes
2242 4125 2478 4180 ministri
2508 4123 2622 4195 ejus
2650 4125 2744 4196 qui
2764 4124 2949 4195 facitis
2978 4123 3272 4178 voiuntates
3302 4123 3436 4196 ejus,
3459 4122 3620 4177 vobis

2006 4214 2311 4285 injunctas.
2346 4212 2508 4268 Unde
2538 4214 2842 4284 Apostolus
2877 4230 2893 4266 :
2939 4234 2967 4264 «
3020 4212 3222 4267 Nonne
3253 4227 3457 4266 omnes
3486 4212 3622 4265 sunt

298 4319 435 4359 rans
462 4302 522 4356 in
550 4299 888 4356 hominibus
918 4298 986 4353 ab
1014 4305 1215 4353 aeterno
1244 4306 1293 4353 et
1330 4314 1490 4370 usque
1535 4301 1590 4353 in
1626 4306 1905 4368 eternum,
1930 4319 1981 4379 D
2007 4300 2481 4357 administratorii
2522 4300 2754 4371 spiritus
2787 4300 2989 4370 (Hebr.
3040 4317 3077 4364 ι,
3124 4300 3231 4367 14),
3281 4320 3310 4348 ››
3343 4300 3453 4353 etc.
3492 4298 3617 4352 Non

294 4391 358 4447 id
374 4394 459 4445 est
482 4407 517 4445 a
529 4387 721 4462 primo
728 4386 886 4458 justo
909 4402 1086 4458 usque
1103 4387 1178 4441 ad
1199 4385 1467 4441 ultimum
1487 4386 1729 4457 justum.
1742 4388 1909 4443 Juxta

297 4478 456 4552 quod
485 4477 603 4548 ipse
635 4474 924 4547 promittit
954 4473 1012 4528 in
1039 4472 1346 4545 Evangelia
1362 4473 1497 4537 suis,
1517 4473 1712 4529 dicens
1732 4491 1785 4529 ;‹‹
1804 4475 1905 4531 Ec-

297 4582 363 4623 ce
397 4582 505 4638 ego
548 4563 844 4620 vobiscum
883 4579 1009 4619 sum
1050 4562 1319 4617 omnibus
1360 4561 1560 4618 diebus
1604 4579 1784 4635 usque
1833 4564 1907 4618 ad

297 4651 864 4711 consummationem
892 4650 1084 4707 saeculi
1108 4650 1294 4722 (Matt.
1310 4650 1623 4722 xxvm,20).
1646 4653 1800 4707 nNon
1822 4667 1911 4707 so-

299 4744 421 4799 lum
449 4745 644 4797 autem
685 4740 1049 4795 misericordia
1095 4741 1179 4794 est
1214 4757 1369 4811 super
1412 4742 1670 4808 timentes,
1719 4741 1817 4796 sed
1860 4747 1910 4795 et

291 4831 507 4904 iustitia
534 4830 701 4897 illius,
722 4827 936 4883 scilicet
964 4830 1029 4882 ut
1057 4849 1085 4879 ‹‹
1112 4826 1209 4898 qui
1235 4827 1423 4897 justus
1453 4832 1540 4882 est
1565 4827 1912 4899 justificetur

300 4921 488 4977 adhuc
512 4919 707 4993 (Apoc.
734 4934 870 4981 xxu,
899 4920 1014 4987 ll),
1040 4916 1449 4987 simpendetur
1477 4918 1561 4972 lus
1590 4919 1686 4989 qui
1701 4925 1911 4973 servant

302 5013 689 5076 testamentum,
712 5006 772 5061 id
802 5008 888 5061 est
910 5006 1106 5076 legem
1137 5005 1260 5074 ejus
1287 5005 1455 5060 nobis
1498 5005 1732 5073 scilicet,
1758 5005 1914 5077 quod

303 5101 391 5153 est
418 5095 609 5151 dicere
642 5110 655 5149 :
685 5095 810 5149 Non
837 5093 1026 5146 solum
1058 5090 1117 5146 in
1150 5090 1489 5146 timentibut
1518 5090 1916 5147 misericordia

303 5186 427 5257 ejus
459 5182 814 5255 operabitur,
855 5180 956 5235 sed
980 5183 1037 5234 et
1055 5178 1300 5251 justitia,
1324 5182 1387 5234 ut
1402 5179 1698 5250 justiﬁcati
1730 5179 1915 5252 magis

300 5274 704 5348 justiﬁcentur.
731 5270 959 5325 Justitia
973 5270 1087 5341 ejus
1107 5268 1233 5324 dico
1251 5284 1370 5323 non
1390 5270 1578 5324 solum
1610 5273 1918 5343 operatura

307 5365 369 5420 in
399 5360 775 5435 praesentibus
796 5358 983 5431 justis,
1013 5358 1113 5415 sed
1151 5357 1489 5429 pertingens
1516 5375 1695 5432 usque
1724 5358 1783 5414 in
1812 5376 1916 5415 no-

305 5452 569 5508 vissimos
595 5449 732 5520 ﬁlios
761 5448 1017 5518 ﬁliorum,
1044 5447 1105 5503 id
1137 5448 1223 5502 est
1258 5463 1438 5520 usque
1461 5447 1521 5503 in
1544 5448 1918 5504 novissimam

310 5536 654 5624 progeniem
670 5536 983 5611 justorum.
1001 5534 1251 5614 Exponit
1275 5538 1471 5595 autem
1497 5537 1791 5613 quomodo
1809 5554 1918 5596 ser-

2007 4393 2233 4446 tantum
2265 4405 2401 4444 vera
2430 4388 2608 4459 angeli
2624 4396 2674 4442 et
2698 4391 2934 4455 virtutes,
2961 4386 3208 4442 materia
3224 4385 3367 4441 mihi
3386 4386 3501 4441 sint
3515 4386 3616 4441 be-

2006 4477 2309 4533 nedicendi
2323 4477 2593 4545 Domino,
2826 4476 2924 4530 sed
2937 4479 2999 4530 ut
3021 4474 3412 4529 universaliter
3429 4473 3620 4529 dicam

2004 4583 2103 4622 vos
2126 4567 2304 4620 omnia
2333 4581 2490 4634 opera
2515 4563 2647 4634 ejus,
2684 4563 2960 4617 benedicite
2986 4562 3238 4629 Domino,
3272 4561 3330 4617 id
3354 4564 3439 4617 est
3468 4564 3619 4617 esto-

2008 4657 2064 4709 te
2085 4653 2228 4708 mihi
2252 4652 2495 4707 materia
2515 4650 2895 4706 benedicendi
2915 4650 3263 4706 Domino.Et
3275 4667 3393 4705 non
3406 4651 3616 4716 solum,

2009 4742 2226 4808 anima,
2258 4738 2564 4796 benedicas
2594 4739 2860 4806 Domino,
2882 4738 3145 4795 contuitu
3173 4739 3462 4793 bonorum
3491 4752 3619 4807 quae

2010 4829 2132 4900 ipse
2176 4832 2468 4899 operatur,
2508 4827 2609 4883 sed
2653 4828 2827 4883 etiam
2886 4827 3119 4894 benedic,‘
3163 4843 3192 4880 ο
3240 4826 3424 4879 anima
3478 4840 3617 4890 mea,

2010 4917 2264 4983 Domino,
2285 4918 2339 4969 in
2363 4918 2511 4972 omni
2551 4917 2660 4971 loco
2705 4916 3087 4970 dominationis
3110 4914 3245 4984 ejus,
3278 4912 3337 4966 id
3377 4916 3463 4966 est
3487 4928 3622 4966 con-

2013 5004 2404 5061 sideratitioue
2429 5005 2620 5061 omnis
2649 5004 2760 5060 loci
2786 5000 3221 5068 dominationis,
3243 4999 3386 5071 ejus,
3406 4999 3623 5054 scilicet

2015 5094 2205 5150 omnis
2223 5097 2401 5149 status
2422 5091 2837 5149 dominationis
2855 5091 2997 5165 ejus,
3015 5092 3139 5144 tam
3175 5089 3234 5145 in
3256 5088 3424 5144 bonis
3442 5105 3620 5161 quam

2016 5183 2075 5238 in
2098 5181 2264 5238 malis
2285 5199 2299 5250 ;
2323 5181 2480 5254 quod
2510 5185 2594 5237 est
2620 5180 2810 5236 dicere
2845 5196 2857 5233 :
2888 5178 3200 5234 Considera
3230 5177 3477 5249 qualiter
3500 5192 3621 5233 non

2016 5271 2382 5327 solummodo
2414 5268 2748 5325 dominatur
2769 5267 2955 5335 bonis,
2972 5270 3033 5322 ut
3053 5267 3111 5322 in
3136 5267 3359 5322 bonum
3390 5266 3621 5329 cedant,

2017 5361 2118 5416 sed
2147 5359 2322 5414 etiam
2350 5357 2535 5425 malis,
2551 5360 2613 5412 ut
2628 5357 2700 5412 ad
2721 5355 3042 5429 quamlibet
3059 5355 3365 5410 utilitatem
3388 5370 3624 5410 suorum

2020 5447 2348 5505 deveniant.
2382 5447 2451 5501 Et
2496 5446 2603 5501 hac
2639 5444 3100 5501 consideratione
3149 5444 3356 5501 benedic
3395 5445 3628 5501 Domino

2026 5537 2124 5612 qui
2144 5524 2294 5595 hanc
2317 5533 2647 5593 mirabilem
2678 5532 2854 5592 habet
2881 5532 3223 5610 potentiam.
