3998 6026
393 290 530 355 1175

880 408 950 463 ΙΝ
988 407 1316 466 PSALMUM
1346 407 1488 468 CIII.

459 496 668 555 Psalmi
706 496 1005 553 centesimi
1031 497 1183 554 tertii
1213 498 1432 554 titulus.
1480 496 1721 551 Psalmus
1751 495 1852 566 ipsi
1877 492 1992 548 Da-

340 638 347 643 .
389 586 571 656 vid,id
599 591 685 642 est
715 587 934 642 Christo
965 586 1381 642 attribuendus.
1414 587 1537 640 Non
1570 585 1723 657 quod
1753 583 1846 638 hic
1874 583 1994 654 ipse

392 675 647 731 Christus
671 677 959 747 loquatur,
973 674 1072 729 sed
1099 675 1232 747 quia
1248 674 1555 745 Propheta,
1572 674 1628 727 in
1643 673 1751 727 hoc
1768 672 1993 743 psalmo

390 781 569 837 agens
599 764 895 819 occasione
918 763 1235 818 instruendi
1265 763 1406 818 alios
1431 762 1503 817 ad
1530 759 1994 817 benedicendum

389 852 661 915 Domino,
678 851 933 908 animam
960 869 1123 908 suam
1149 852 1221 907 al
1252 850 1563 907 Dominum
1588 848 1877 907 Christum
1900 847 1996 901 be-

390 940 777 995 nedicendum
797 941 1148 1007 exhortatur,
1171 939 1432 995 contuitu
1452 938 1685 994 illorum
1717 953 1845 1009 quae
1868 951 1991 991 ma-

386 1028 596 1102 gniﬁce
640 1032 725 1084 est
769 1032 1106 1100 operaturus
1131 1033 1189 1083 et
1212 1044 1315 1099 per
1342 1043 1402 1083 se
1433 1030 1491 1082 et
1511 1043 1615 1098 per
1657 1042 1823 1093 suos;
1868 1040 1995 1097 quas

385 1116 509 1190 ipse
525 1119 715 1191 ample
736 1117 989 1189 exponit,
1019 1119 1078 1171 et
1106 1116 1365 1171 contuitu
1391 1115 1665 1187 potentia:
1683 1113 1804 1185 ejus
1825 1113 1997 1169 mira-

386 1205 534 1274 bilis,
566 1223 625 1261 m
651 1205 1021 1278 sequentibus
1042 1204 1425 1259 demonstrat.

455 1293 707 1362 Benedic,
737 1295 925 1348 anima
953 1310 1091 1360 mea,
1120 1290 1637 1360 Domino,Christo,
1665 1289 1723 1345 id
1754 1291 1838 1344 est
1869 1304 1993 1344 ma-

383 1382 595 1456 gniﬁca
613 1384 670 1437 et
691 1382 875 1437 exalta
907 1397 1039 1436 cum
1079 1380 1307 1435 intensa
1322 1378 1628 1435 devotione
1658 1381 1715 1432 et
1745 1376 1995 1433 affectio-

383 1487 479 1526 ne.
506 1470 661 1526 Facit
690 1473 884 1525 autem
900 1470 975 1525 ad
1000 1485 1135 1523 eum
1163 1468 1575 1540 apostropham
1602 1484 1669 1524 ex
1691 1465 1992 1523 affectione

382 1558 587 1626 nimia,
620 1557 698 1613 sic
722 1558 891 1613 :Vere
910 1556 1151 1627 dignum
1172 1560 1258 1611 est
1276 1558 1339 1610 ut
1359 1554 1555 1611 anima
1584 1571 1717 1609 mea
1751 1553 1853 1608 tibi
1891 1554 1991 1609 be-

384 1648 641 1716 nedical;
673 1663 834 1714 nam,
858 1664 888 1700 0
907 1645 1137 1701 Domine
1155 1644 1298 1700 Deus
1321 1662 1488 1712 meus,
1521 1644 1581 1699 id
1612 1646 1699 1699 est
1729 1645 1790 1698 tu
1827 1642 1990 1698 Chri-

998 287 1056 345 S.
1096 283 1441 343 BRUNONIS
1482 278 2113 361 CARTHUSIANORUM
2150 277 2620 349 INSTITUTORIS.
2655 277 2811 339 OPP.
2852 277 3030 338 PARS
3064 279 3088 335 I

2021 407 2077 469 Α
2096 404 2211 474 tur,
2242 420 2308 461 ac
2334 403 2379 461 si
2407 403 2562 461 dicat
2600 420 2614 461 :
2662 403 2818 461 Licet
2854 402 3061 461 litteras
3102 398 3430 476 superﬁcies
3465 399 3745 467 illarum

3496 260 3747 333 insse

2092 493 2531 567 prOphetiarum
2559 493 2634 549 sit
2654 492 2816 568 aquis
2835 495 3007 561 tecta,
3030 492 3090 549 id
3100 496 3188 548 est
3203 490 3555 565 spiritalibus
3573 504 3748 545 sen-

2094 582 2286 638 tentiis
2301 582 2516 637 referta
2534 584 2593 637 et
2613 583 2936 650 obscurata,
2958 584 3157 636 tamen
3190 580 3344 652 ipsas
3367 576 3747 653 prophetia:

2093 670 2363 741 apostolis
2379 670 2651 727 extendes
2680 674 2737 726 et
2766 669 3067 727 reserabis.
3091 668 3403 740 Superiora
3431 670 3590 723 recte
3607 682 3740 721 su-

2092 758 2699 829 perﬁcieslitteraturas
2713 758 3075 825 dicuntur,eo
3090 757 3245 829 quod
3260 756 3424 813 citius
3434 754 3741 815 videntur

2093 863 2270 921 quam
2293 846 2596 903 sententiae
2617 863 2744 920 quae
2773 846 2832 901 in
2858 846 2940 902 eis
2970 846 3363 913 continentur,
3380 844 3525 900 sicut
3538 857 3740 915 supe—

2092 936 2273 992 riores
2301 935 2604 1008 cujuslibet
2636 936 2719 991 rei
2748 938 2942 1008 partes
2989 934 3155 992 citius
3200 934 3487 1002 videntur,
3522 948 3734 1005 quam

2095 1025 2192 1080 illa
2220 1041 2348 1097 quae
2604 1024 2845 1079 interius
2875 1025 3086 1092 latent;
3116 1022 3435 1097 prephetiaa
3458 1037 3598 1077 vero
3622 1018 3734 1075 di-

2095 1116 2302 1168 cuntur
2353 1115 2413 1168 et
2457 1112 2632 1171 series
2678 1113 2912 1182 litterae,
2945 1116 3002 1168 et
3032 1111 3206 1168 verba
3232 1110 3292 1166 in
3320 1111 3513 1167 littera
3538 1108 3729 1166 colli-

2005 1218 2010 1223 ’
2095 1203 2331 1273 guntur,
2365 1202 2425 1256 et
2452 1200 2776 1257 sententias.

2165 1290 2236 1345 Et
2267 1305 2397 1346 vere
2422 1290 2826 1363 magniﬁcatus
2848 1290 2979 1358 eris,
3010 1291 3110 1363 qui
3127 1290 3286 1362 ponis
3300 1289 3512 1357 nubem,
3537 1288 3600 1345 id
3618 1290 3729 1344 est

2094 1377 2515 1451 poneseosdem
2532 1377 3042 1451 praedicatores,“
3050 1378 3293 1434 modum
3306 1377 3546 1439 nubium
3557 1377 3727 1455 alios

2093 1467 2510 1538 compluentes,
2543 1483 2688 1539 quos
2732 1467 3074 1524 conﬁtentes
3092 1469 3153 1522 et
3175 1467 3415 1529 decoros
3440 1465 3725 1537 superius

2093 1555 2241 1624 dixi;
2274 1572 2548 1611 ascensum
2579 1562 2750 1627 tuum,
2785 1574 2900 1612 non
2944 1572 3049 1629 per
3077 1572 3222 1629 quos
3262 1554 3554 1621 ascendas,
3601 1555 3721 1611 sed

2093 1661 2198 1716 per
2221 1661 2470 1716 quorum
2498 1644 2825 1700 doctrinam
2856 1644 2953 1699 alii
2979 1644 3052 1700 ad
3082 1647 3138 1698 te
3169 1643 3503 1699 ascendant.
3536 1641 3723 1707 Quod

384 1740 492 1800 ste,
523 1752 696 1810 quem
713 1752 820 1808 ego
840 1735 1131 1806 Propheta
1144 1732 1459 1795 Dominum
1482 1749 1681 1788 meum
1716 1736 1775 1786 et
1806 1733 1992 1785 Deum
2021 1726 2072 1785 B
2094 1735 2180 1787 est
2208 1732 2399 1787 dicere
2433 1750 2446 1788 :
2480 1733 2611 1788 Illos
2641 1732 3088 1803 apostolosadeo
3113 1731 3321 1803 dignos
3350 1731 3522 1786 facies
3536 1733 3593 1785 et
3609 1746 3716 1784 su-

384 1841 581 1881 meum
594 1823 1182 1897 reputo,quem1udzei
1195 1822 1476 1878 increduli
1489 1823 1678 1877 solum
1689 1818 1994 1876 hominem

384 1930 504 1970 esse
557 1918 691 1969 sunt
743 1912 969 1981 dicturi,
1020 1910 1398 1984 magniﬁcatus
1450 1928 1500 1965 es
1543 1911 1888 1977 vehementer,
1934 1909 1994 1964 id

384 2006 470 2058 est
500 2000 902 2075 magniﬁcatus
939 2000 1050 2055 eris
1090 2000 1265 2055 nimis
1290 2000 1351 2056 in
1383 1999 1750 2061 mirabilitus,
1778 2015 1905 2070 quae
1932 1996 1993 2051 in

381 2088 496 2144 tuis
511 2089 862 2161 operaberis.
888 2090 956 2143 Et
971 2105 1100 2143 ecce
1142 2088 1202 2143 in
1231 2088 1319 2143 his
1349 2087 1705 2142 mirabilibus
1732 2084 1997 2157 magniﬁ-

384 2181 544 2235 catus
566 2178 699 2241 eris,
713 2177 928 2234 scilicet
966 2176 1024 2231 in
1052 2177 1161 2232 hoc
1195 2176 1349 2249 quod
1378 2176 1758 2246 confessionem
1777 2173 1993 2229 etdece-

383 2282 495 2321 rem
533 2265 772 2333 induisti,
804 2265 1019 2321 scilicet
1057 2264 1260 2320 indues
1304 2264 1645 2319 conﬁtentes
1675 2262 1995 2318 foeditatem

382 2357 755 2428 peccatorum
779 2369 1037 2423 suorum,
1060 2357 1117 2408 et
1146 2369 1251 2425 per
1279 2353 1389 2407 hoc
1427 2352 1664 2407 decoros
1694 2352 1915 2405 futuros
1936 2350 1995 2405 in

383 2443 721 2498 innocentia
731 2446 788 2497 et
805 2442 1125 2497 virtutibus.
1148 2440 1315 2505 Quod
1336 2445 1421 2496 est
1440 2441 1629 2496 dicere
1646 2439 1998 2511 :Conjunges

384 2529 490 2585 tibi
507 2530 816 2600 apostolos,
839 2545 981 2601 quos
1002 2528 1183 2584 facies
1215 2528 1456 2584 interius
1471 2529 1737 2595 decoros;
1764 2543 1868 2599 per
1888 2527 1998 2582 hoc

389 2616 545 2690 quod
573 2616 828 2672 fmditate
852 2620 1222 2687 peccatorum
1234 2616 1530 2671 humiliter
1545 2614 1996 2682 conﬁtebuntur,

390 2705 598 2778 quibus
622 2705 940 2773 ornaberis,
988 2704 1149 2777 quasi
1196 2721 1401 2777 corpus
1437 2704 1802 2759 indumento.
1837 2702 1999 2758 Unde

390 2811 496 2868 per
526 2794 878 2865 Prophetam
911 2793 1118 2849 dicitur
1150 2809 1164 2849 :
1192 2815 1221 2843 ι(
1243 2794 1393 2848 Vivit
1420 2792 1701 2849 Dominus
1744 2791 1879 2864 quia
1913 2792 2001 2848 his

392 2882 660 2938 omnibus
688 2881 913 2937 vestieri
956 2882 1107 2955 (Isai.
1140 2899 1285 2950 XLIX,
1323 2882 1432 2955 18).
1479 2904 1507 2931 ››
1546 2883 1614 2936 Et
1639 2881 1750 2937 eris
1779 2883 2003 2937 amictus

2094 1821 2301 1877 blimes
2331 1824 2396 1876 ut
2421 1837 2622 1878 eorum
2651 1822 2916 1892 exemplo
2962 1822 3021 1875 et
3059 1820 3343 1887 doctrina,
3382 1818 3481 1874 alii
3512 1817 3587 1873 ad
3621 1816 3719 1873 tui

2095 1909 2364 1967 notitiam
2386 1910 2721 1965 ascendant.
2744 1910 2813 1963 Et
2827 1910 2961 1964 licet
2979 1924 3082 1980 per
3102 1924 3200 1963 eos
3218 1907 3293 1963 ad
3314 1910 3372 1962 te
3391 1907 3493 1961 ﬁat
3504 1922 3718 1961 ascen-

2094 2014 2207 2065 sus,
2238 2001 2300 2053 tu
2329 2000 2526 2053 tamen
2554 1997 2958 2070 magniﬁcatus
2986 1996 3119 2065 eris,
3141 1996 3239 2069 qui
3259 1994 3524 2062 ambulas,
3543 1993 3602 2049 id
3619 1996 3718 2049 est

2096 2086 2421 2142 ambulabis
2452 2103 2569 2141 non
2602 2085 2881 2149 localiter,
2911 2084 3014 2140 sed
3038 2083 3711 2156 spiritaliter,superpas-

2094 2192 2192 2229 nas
2221 2180 2496 2229 ventorum
2518 2173 2577 2230 id
2608 2178 2693 2230 est
2716 2189 2889 2247 super
2910 2172 3093 2245 agiles
3104 2174 3163 2228 et
3183 2171 3421 2228 subtiles
3444 2170 3711 2229 conside-

2095 2263 2352 2318 rationes
2393 2262 2741 2336 spiritalium
2783 2262 3060 2328 virorum,
3095 2260 3195 2332 qui
3224 2259 3380 2316 venti
3408 2259 3707 2326 dicuntur,

2098 2367 2166 2406 eo
2183 2351 2340 2423 quod
2365 2350 2648 2423 spiritales
2660 2349 2797 2418 sint,
2819 2349 3195 2417 sicutventus,
3214 2348 3347 2407 licet
3371 2362 3713 2418 corporeus,

2097 2442 2297 2494 tamen
2327 2439 2703 2510 incorporeus
2727 2438 2952 2505 dicitur,
2985 2454 3056 2494 eo
3099 2437 3255 2510 quod
3279 2436 3353 2492 sit
3382 2435 3705 2491 invisibilis.

2099 2528 2311 2583 Pennas
2334 2543 2466 2583 vero
2498 2527 2769 2582 dicuntur
2798 2543 3003 2583 eorum
3029 2525 3262 2582 subtiles
3292 2523 3714 2581 consideratio-

2101 2633 2224 2683 nes,
2247 2632 2316 2671 eo
2348 2615 2505 2687 quod
2530 2630 2636 2687 per
2650 2631 2744 2670 eas
2768 2615 2844 2671 ad
2874 2615 2976 2673 Dei
3005 2611 3515 2686 contemplandam
3538 2615 3712 2667 natu-

2100 2721 2228 2759 ram
2261 2705 2476 2771 volant,
2491 2703 2635 2759 sicut
2659 2704 2775 2761 avis
2799 2703 3007 2776 pennis
3033 2702 3106 2759 ad
3135 2704 3251 2758 alta
3277 2703 3450 2757 volat.
3478 2701 3594 2755 Hoc
3613 2716 3718 2755 au-

2100 2796 2224 2848 tem
2250 2795 2336 2847 est
2362 2808 2427 2847 ac
2459 2792 2504 2847 si
2535 2792 2753 2848 diceret
2796 2809 2810 2847 :
2848 2791 3005 2847 Licet
3042 2790 3149 2864 ipsi
3197 2791 3270 2847 de
3315 2794 3372 2846 te
3422 2789 3717 2847 subtiliter

2102 2881 2323 2941 sensuri
2334 2881 2470 2949 sint,
2495 2885 2553 2936 et
2573 2880 2666 2936 alii
2696 2897 2800 2953 per
2829 2898 2928 2937 eos
2956 2878 3488 2937 assensurizeorum
3509 2881 3715 2935 tamen

394 2971 612 3039 lumine,
661 2972 798 3028 sicut
847 2973 1176 3038 vestimento,
1226 2970 1439 3027 scilicet
1487 2970 2006 3027 circumornaberis
2036 3007 2082 3070 Ο
2105 2971 2487 3027 sublimitates
2510 2970 2863 3026 sublimitate
2895 2973 3010 3025 tuas
3040 2972 3263 3025 naturae
3288 2967 3596 3024 ineﬁ'abilis
3616 2985 3716 3023 su-

394 3059 614 3115 eisdem
649 3059 941 3131 apostolis,
978 3060 1266 3132 quierunt
1293 3060 1493 3115 lumen
1524 3059 1763 3114 subditis
1788 3076 1893 3131 per
1909 3060 2008 3115 do-

394 3148 665 3215 ctrinam,
687 3148 832 3203 sicut
846 3164 1052 3222 corpus
1072 3149 1537 3204 circumornatur
1565 3148 1815 3220 pretioso
1836 3147 2004 3202 vesti-

395 3240 616 3305 mento,
653 3254 767 3310 quo
813 3239 899 3293 est
937 3238 1236 3292 amictum.
1285 3237 1553 3292 Dicuntur
1594 3237 1769 3292 etiam
1808 3238 2007 3292 lumen

396 3342 504 3398 per
549 3325 896 3397 emphasim,
940 3342 1008 3380 eo
1053 3326 1208 3397 quod
1252 3326 1431 3381 valde~
1458 3325 1675 3381 fuerint
1711 3324 1950 3380 interius
1976 3341 2011 3379 a

400 3413 589 3485 gratia
636 3411 847 3468 caelesti
896 3412 1228 3480 illuminati,
1284 3416 1343 3467 et
1392 3413 1503 3469 hoc
1550 3416 1722 3468 erunt
1772 3411 2011 3468 interius

401 3499 730 3568 illuminati,
777 3501 1052 3573 quoniam
1108 3503 1170 3555 tu
1217 3500 1331 3556 eris
1373 3500 1455 3556 eis
1502 3501 1779 3556 extendam
1829 3501 2013 3555 calum

402 3590 537 3642 sicut
555 3586 766 3660 pellem.
804 3588 1015 3644 scilicet
1044 3587 1371 3663 doctrinam
1411 3589 1851 3662 prophetarum,
1884 3604 2014 3661 que:

405 3676 612 3733 ccelum
636 3676 861 3744 dicitur,
896 3681 954 3732 et
984 3679 1225 3749 propter
1254 3677 1341 3732 sui
1385 3677 1771 3749 dignitatem;
1804 3681 1861 3733 et
1885 3677 2013 3733 ideo

407 3767 544 3839 quia
574 3765 1070 3839 quemadmodum
1123 3766 1248 3822 οωΙὶ
1304 3765 1441 3838 ipsa:
1493 3765 1775 3823 doctrina:
1827 3768 2019 3822 celant

409 3871 639 3918 arcana,
682 3854 996 3910 extendens
1025 3853 1106 3910 eis
1149 3854 1223 3909 ad
1251 3854 1494 3909 modum
1537 3854 1703 3926 pellis
1746 3854 2015 3911 involutas

410 3960 538 4016 quas
585 3944 929 3998 extenditur.
964 3941 1129 4006 Quod
1186 3944 1273 3997 est
1327 3941 1518 3998 dicere
1563 3959 1577 3996 :
1622 3944 1731 3997 Per
1760 3942 1871 3998 hoc
1919 3958 2017 3999 eos

410 4030 655 4086 interius
673 4030 1047 4092 illuminabis,
1075 4029 1231 4103 quod
1251 4029 1331 4085 eis
1349 4029 1684 4102 prophetias
1712 4032 2014 4100 reserabis,

414 4134 542 4190 qua:
567 4118 810 4172 latentes
834 4119 967 4171 sunt
999 4120 1061 4175 et
1092 4116 1250 4188 quasi
1279 4117 1553 4172 involute.
1580 4118 1670 4173 Ad
1697 4117 2021 4174 similitudi-

416 4205 551 4263 dem
575 4204 741 4277 pellis
767 4203 1057 4272 involutse,
1070 4221 1198 4275 quae
1216 4220 1349 4259 cum
1365 4204 1425 4260 in
1450 4222 1509 4260 se
1527 4206 1796 4277 quaedam
1812 4208 2023 4263 habeat

2106 3059 2357 3132 perabis.
2392 3058 2554 3115 Unde
2583 3059 2834 3114 Joannes
2867 3074 2879 3113 :
2910 3081 2938 3108 «
2968 3059 3152 3113 Deum
3195 3073 3371 3113 nemo
3415 3055 3557 3112 vidit
3602 3072 3716 3111 un-

2108 3164 2284 3219 quam
2328 3147 2512 3219 (Joan.
2563 3163 2602 3214 ι,
2658 3147 2767 3217 18).
2802 3167 2831 3196 ››
2860 3147 2960 3201 Vel
3008 3144 3307 3216 superabis
3358 3142 3717 3200 sublimitate

2109 3235 2433 3292 dilectionis
2461 3238 2574 3291 tuae
2597 3235 2917 3307 agilitatem
2949 3233 3269 3291 dilectionis
3293 3249 3518 3289 eorum.
3534 3232 3725 3288 Subli-

2111 3325 2315 3380 mitate
2341 3324 2469 3381 dico
2500 3323 2995 3380 excellentissima;
3022 3322 3347 3379 dilectionis
3381 3326 3516 3379 tum.
3561 3321 3726 3377 Licet

2112 3414 2270 3470 enim
2298 3413 2461 3468 valde
2490 3415 2547 3467 te
2578 3412 2840 3484 diligant,
2866 3414 2927 3468 tu
2955 3416 3154 3468 tamen
3175 3428 3276 3468 eos
3301 3412 3466 3468 valde
3489 3411 3622 3484 plus
3638 3410 3727 3466 di-

2111 3501 2275 3573 liges.
2308 3501 2472 3557 Unde
2498 3501 2654 3557 idem
2684 3501 2743 3556 in
2775 3502 3072 3573 evangelio
3101 3517 3115 3556 :
3152 3522 3180 3553 «
3202 3500 3327 3556 Non
3355 3516 3456 3555 vos
3480 3515 3577 3554 me
3603 3499 3726 3555 ele-

2113 3589 2294 3663 gistis,
2320 3590 2423 3646 sed
2469 3603 2576 3662 ego
2608 3588 2757 3662 elegi
2783 3605 2884 3645 vos
2911 3588 3099 3662 (Joan.
3140 3605 3231 3653 xv,
3280 3586 3389 3661 16).
3430 3609 3461 3639 ››
3489 3588 3560 3644 Et
3587 3603 3727 3644 vere

2114 3678 2520 3751 magniﬁcatus
2549 3677 2682 3747 eris,
2714 3679 2811 3750 qui
2833 3678 2973 3749 facis
3000 3677 3213 3749 angelos
3248 3684 3365 3734 tuos
3389 3677 3636 3749 spiritus,
3666 3675 3728 3732 id

2115 3770 2203 3823 est
2225 3766 2324 3839 qui
2351 3766 2527 3822 facies
2544 3766 2778 3822 nuntios
2796 3769 2926 3822 tuos
2947 3767 3258 3840 apostolos,
3272 3765 3485 3821 scilicet
3502 3764 3603 3837 qui
3618 3780 3729 3821 no-

2117 3871 2255 3910 men
2286 3858 2452 3911 tuum
2479 3854 2689 3927 ubique
2705 3854 2970 3928 gentium
2990 3853 3730 3925 annuntiabunt,spiritales

2117 3942 2178 3998 in
2207 3942 2612 4015 intelligentia,
2655 3958 2721 3999 ac
2762 3942 2811 3998 si
2839 3942 2993 3999 dicat
3022 3961 3037 3999 :
3072 3941 3228 3999 Licet
3254 3957 3458 3999 eorum
3485 3942 3729 3998 excedas

2119 4030 2352 4087 subtiles
2371 4030 2880 4099 considerationes,
2899 4033 3103 4107 tamen
3126 4032 3298 4086 erunt
3320 4029 3380 4086 in
3400 4029 3733 4101 intelligen-

2117 4118 2202 4175 tia
2227 4118 2530 4192 spiritales.
2546 4118 2710 4174 Unde
2739 4135 2843 4190 per
2865 4119 3088 4175 Joelem
3102 4118 3450 4190 prophetam
3477 4117 3727 4174 dicitur:

2117 4225 2152 4261 ‹
2182 4207 2488 4263 Effundam
2518 4207 2590 4262 de
2608 4207 2812 4279 spiritu
2838 4224 2992 4276 meo,
3012 4223 3186 4280 super
3215 4222 3459 4265 omnem
3485 4221 3731 4263 carnem

416 4293 677 4363 latentia,
692 4310 797 4367 per
825 4293 1025 4350 omnia
1047 4292 1473 4361 manifestatur,
1507 4293 1648 4349 dum
1670 4295 2016 4351 extenditur.
2041 4296 2096 4355 D
2122 4295 2265 4368 (Jer
2295 4312 2355 4363 ιι,
2383 4296 2543 4368 28).»
2563 4295 2770 4368 Angeli
2797 4295 3011 4369 quippe
3037 4296 3219 4351 nuntii
3244 4293 3728 4366 interpretantur.

419 4383 554 4439 Dico
572 4383 727 4455 quod
754 4382 1153 4455 magniﬁcatus
1183 4382 1324 4436 erit:
1349 4384 1412 4436 tu
1433 4382 1558 4438 dico
1579 4385 1675 4455 qui
1692 4385 1841 4455 tegis,
1858 4385 1917 4440 id
1937 4388 2023 4441 est

420 4470 519 4543 qui
544 4474 812 4543 proteges
852 4470 1091 4543 aquis,id
1115 4472 1202 4526 est
1216 4470 1558 4526 multiformi
1574 4472 1760 4544 gratia
1780 4473 2024 4546 Spiritus

422 4557 627 4627 sancti,
658 4575 772 4630 qua
802 4557 999 4615 ﬁdeles
1026 4558 1170 4614 sicut
1199 4558 1360 4630 aquis
1383 4558 1719 4615 reﬁciuntur
1752 4563 2026 4633 superiora

422 4648 535 4718 ejus
583 4645 730 4714 coeli,
760 4646 819 4702 id
848 4648 935 4701 est
981 4647 1322 4702 charitatem
1372 4664 1512 4720 erga
1550 4650 1754 4717 Deum,
1790 4652 1848 4705 et
1886 4666 2028 4724 erga

422 4733 754 4808 proximum
784 4751 913 4806 quae
938 4737 1024 4790 est
1046 4736 1342 4805 superiora
1370 4739 1429 4791 et
1453 4735 1719 4808 digniora
1738 4743 2027 4811 praecepta

422 4822 483 4878 in
513 4823 610 4879 illo
628 4824 791 4891 coelo,
820 4822 877 4878 id
899 4825 993 4877 est
1012 4822 1072 4877 in
1095 4823 1194 4877 illa
1217 4825 1631 4896 prophetarum
1657 4826 1938 4896 doctrina,
1959 4844 2026 4885 ac

423 4910 469 4966 si
487 4912 667 4967 dicat:
694 4912 763 4967 Ut
778 4911 1014 4967 eosdem
1036 4911 1345 4983 apostolos,
1365 4912 1685 4968 foeditatem
1707 4931 1871 4970 suam
1895 4932 2026 4972 con-

423 4999 882 5067 fessuros,facias
904 5000 1162 5068 decoros,
1197 5004 1255 5055 et
1285 5017 1382 5055 eos
1410 5002 1680 5073 protegas
1710 5005 1769 5056 et
1799 5004 2026 5058 munies

422 5104 528 5160 per
555 5087 774 5160 getiam
802 5087 1153 5160 specialem,
1177 5104 1250 5142 ne
1283 5087 1340 5143 in
1373 5088 1566 5160 aliquo
1603 5089 1892 5146 deﬁciant.
1926 5091 2025 5146 Vel

422 5174 523 5231 sic.
542 5174 848 5231 Extendens
867 5175 1051 5230 calum
1078 5176 1214 5231 sicut
1230 5175 1424 5247 pellem
1458 5177 1567 5232 hoc
1592 5193 1710 5232 non
1744 5179 2023 5247 mutatur,

423 5266 482 5321 et
499 5281 629 5320 vere
647 5263 1049 5336 magniﬁcatus
1069 5264 1202 5333 eris,
1227 5267 1323 5338 qui
1350 5267 1501 5335 tegis,
1526 5264 1585 5319 id
1601 5268 1688 5320 est
1709 5265 1809 5337 qui
1830 5266 2028 5339 obscu-

420 5369 535 5422 ras,
551 5356 613 5407 ut
628 5368 754 5408 rem
777 5356 990 5408 tectam
1022 5353 1318 5425 superiora
1338 5353 1460 5425 ejus
1481 5353 1701 5417 coeli,id
1720 5357 1805 5409 est
1833 5371 2028 5427 super-

420 5441 613 5497 ﬁciem
641 5440 977 5497 litteratura:
997 5441 1459 5514 prophetiarum;
1490 5443 1662 5514 aquis,
1682 5440 1743 5497 id
1767 5444 2026 5516 estspiri-

420 5528 629 5585 talibus
654 5529 974 5598 sententiis,
996 5529 1201 5603 quibus
1212 5529 1410 5587 ﬁdeles
1437 5530 1498 5587 in
1529 5528 1730 5590 anima
1754 5530 2024 5591 reﬁciun-

2120 4383 2198 4439 Et
2222 4384 2457 4440 eosdem
2486 4384 2727 4455 angelos
2758 4382 3065 4439 existentes
3090 4383 3365 4439 ministros
3395 4389 3511 4438 tuos
3538 4382 3605 4437 in‘
3630 4382 3732 4438 ad-

2123 4471 2505 4529 ministrando
2525 4470 2648 4529 aliis
2657 4474 2951 4545 peaacepta
2960 4470 3259 4540 tua,facies
3271 4471 3455 4542 ignem
3467 4477 3729 4539 urentem,

2125 4559 2183 4616 id
2194 4563 2283 4616 est
2304 4559 2723 4634 comparabiles
2733 4559 2854 4632 igni
2865 4559 2926 4617 in
2939 4576 3008 4616 ea
3023 4564 3252 4627 natura,
3273 4559 3411 4633 quia
3428 4558 3581 4632 ignis
3590 4558 3729 4617 urit.

2127 4648 2285 4706 Sicut
2308 4648 2466 4705 enim
2495 4647 2646 4721 ignis
2668 4648 2887 4704 urendo
2911 4648 3109 4705 sordes
3125 4648 3252 4709 auri
3278 4649 3369 4704 vel
3388 4648 3623 4720 argenti.
3638 4664 3733 4704 ex-

2125 4738 2248 4812 piat
2275 4742 2334 4795 et
2360 4736 2667 4805 consumit,
2698 4737 2779 4793 ita
2807 4740 2866 4793 et
2900 4736 3008 4811 ipsi
3034 4737 3314 4795 doctrinm
3341 4754 3458 4795 suae
3488 4736 3734 4809 castiga-

2126 4826 2287 4882 tione
2314 4828 2618 4898 peccantes
2634 4825 3100 4894 urendo,eorum
3128 4826 3327 4885 sordes
3354 4829 3730 4899 peccatorum

2129 4914 2522 4971 destruent.Et
2537 4929 2667 4968 vere
2687 4912 3091 4986 magniﬁcatus
3106 4914 3205 4982 ris,
3221 4915 3321 4986 qui
3346 4913 3597 4985 fundasti
3620 4920 3730 4971 ter-

2124 5003 2329 5071 ram,id
2340 5005 2426 5058 est
2436 5001 2550 5056 ﬁde
2561 5000 2829 5057 fundabis
2854 5001 3165 5075 Ecclesium
3192 5006 3415 5059 terram
3434 5006 3598 5059 tuam
3615 5004 3732 5059 cul-

2123 5090 2369 5157 tibilem,
2389 5106 2547 5161 super
2569 5088 2910 5145 stabilitatem
2935 5107 3112 5154 suam,
3137 5090 3198 5147 id
3216 5093 3307 5147 est
3324 5106 3498 5164 super
3522 5091 3729 5148 stabile

2121 5177 2571 5234 fundamentum
2582 5194 2774 5247 suum,
2795 5177 3006 5234 scilicet
3019 5195 3192 5251 super
3211 5181 3289 5236 te.
3308 5180 3472 5237 Unde
3491 5180 3732 5253 Aposto-

2123 5266 2211 5322 lus
2243 5283 2257 5322 :
2293 5289 2322 5318 α
2351 5266 2818 5323 Fundamentum
2861 5267 3018 5324 aliud
3062 5284 3237 5325 nemo
3266 5271 3458 5340 potest
3484 5284 3727 5340 ponere,

2124 5358 2335 5427 printer
2371 5354 2430 5411 id
2474 5355 2632 5428 quod
2680 5356 2936 5428 positum
2987 5359 3093 5425 est,
3145 5356 3303 5429 quod
3340 5359 3428 5414 est
3473 5356 3730 5415 Christus

2125 5442 2180 5517 (Ι
2199 5441 2327 5500 Cor.
2358 5460 2443 5509 III,
2478 5443 2586 5512 ll).
2617 5464 2649 5495 »
2681 5445 2751 5500 Et
2777 5444 2916 5502 alibi
2947 5461 3010 5501 :«
3044 5444 3527 5518 Surperaadiﬁcati
3554 5459 3729 5517 super

2126 5532 2575 5592 fundamentum
2618 5534 3015 5613 apostolorum
3042 5536 3103 5595 et
3126 5534 3566 5613 prophetarum,
3599 5533 3728 5612 ipso
