3998 6026
266 292 404 351 H77

1257 292 1613 355 EXPOSITIO
1649 295 1720 353 IN
1757 283 2091 356 PSAIMOS.
2129 325 2202 343 —
2235 293 2430 354 PSAL.
2471 290 2585 352 CIII

3437 297 3573 358 H78

261 427 494 468 summo
524 411 998 488 angularilapide
1021 413 1242 471 Christo
1255 416 1613 490 Jesu(Ephes.
1633 415 1864 492 11,20)»,
1886 436 1942 497 Α
1970 433 2107 474 eum
2140 417 2324 490 aquis,
2355 433 2512 492 quem
2546 432 2653 472 non
2681 415 3155 486 transgredientur,
3187 417 3246 474 id
3278 421 3364 474 est
3392 437 3568 492 quem

253 502 326 556 Et
353 501 490 573 quia
518 501 563 556 si
590 501 698 557 crit
718 502 978 571 fundata,
1011 522 1118 560 non
1145 505 1513 574 inclinabitur,
1552 507 1610 563 id
1641 509 1726 563 est
1748 523 1866 563 non
1971 523 2086 562 non
2111 507 2462 574 transibunt,
2491 505 2645 578 quod
2676 507 2762 560 est
2784 505 3006 561 dicere:
3029 506 3109 561 Ne
3140 524 3208 562 ex
3226 509 3348 564 toto
3377 509 3569 564 Eccle-

259 589 582 661 dejicietur,
614 607 803 663 neque
826 591 1214 648 dimovebitur
1233 611 1266 649 a
1293 594 1604 650 stabilitate
1634 612 1735 650 sua
1765 611 1870 668 per

260 677 517 750 aliquem
541 677 824 750 impetum
854 681 1294 738 tribulationum
1324 700 1504 756 usque
1535 685 1591 737 in
1621 683 1870 739 saeculum

261 767 437 838 hujus
463 768 645 822 saeculi
690 769 1148 838 subsecutumm,
1197 771 1257 826 id
1294 775 1379 828 est
1412 788 1590 844 usque
1620 772 1678 828 in
1707 776 1872 828 ceter-

263 871 428 910 num.
461 855 724 911 Fundata
741 858 902 912 enim
932 857 1044 914 erit
1063 875 1235 930 super
1259 859 1491 915 firmam
1513 863 1760 934 petram.

337 945 407 998 Et
419 945 740 1000 notandum
753 946 1039 1017 quod,etsi
1051 947 1317 1019 quaedam
1330 947 1542 1004 debilia
1554 949 1604 1020 ej
1613 967 1677 1005 us
1691 966 1876 1005 mem-

265 1031 374 1088 bra
386 1030 696 1104 aliquando
714 1032 1065 1089 inclinantur
1074 1035 1218 1090 nihil
1238 1039 1437 1091 tamen
1457 1036 1874 1108 impedit.Nam

262 1119 336 1175 de
366 1122 492 1175 tota
520 1120 775 1176 Ecclesia
804 1121 1021 1178 dictum
1051 1126 1139 1178 est
1167 1125 1323 1197 quod
1347 1140 1454 1179 non
1478 1124 1863 1193 inclinabitur;

264 1207 404 1281 quia
424 1209 646 1265 dixerat
676 1227 786 1264 non
827 1211 1198 1282 inclinabitur,
1229 1216 1422 1285 posset
1443 1212 1649 1284 quaeri.
1669 1215 1873 1269 Eritne

262 1297 425 1352 locus
454 1295 843 1354 inclinationis
861 1298 890 1354 ?
907 1300 996 1354 Ad
1021 1300 1178 1372 quod
1205 1299 1283 1355 sic
1300 1300 1652 1358 addit:Vere
1679 1304 1876 1375 posset

261 1383 550 1442 inclinari.
573 1386 814 1457 Abyssus
844 1388 1023 1458 enim,
1056 1389 1115 1444 id
1136 1393 1222 1444 est
1239 1390 1409 1446 turba
1437 1394 1874 1461 persecutorum

262 1474 558 1548 profunda
586 1475 645 1529 in
678 1476 924 1546 peccatis
945 1477 1020 1532 ad
1048 1478 1288 1533 modum
1302 1478 1509 1550 abyssi,
1529 1479 1640 1534 erit
1650 1481 1878 1534 amictus

266 1562 384 1634 ejus
408 1565 601 1630 terra,
628 1562 690 1618 id
719 1567 807 1618 est
837 1564 946 1620 erit
974 1564 1252 1621 involutio
1280 1566 1429 1620 illius
1460 1567 1723 1622 Ecclesia;
1738 1569 1876 1622 sicut

269 1653 667 1720 uestimentum,
702 1653 863 1729 quod
905 1656 990 1709 est
1013 1654 1202 1710 dicere
1236 1671 1249 1709 :
1284 1654 1442 1710 Sicut
1461 1657 1873 1711 vestimentum

1968 594 2113 651 siam
2128 596 2697 667 demergant,eorum
2711 593 3094 665 persecutioni
3106 599 3322 651 metam
3334 599 3570 664 statues,

1970 700 2146 756 quam
2177 701 2296 740 non
2326 683 2520 739 licebit
2549 683 2841 738 excedere.
2871 683 2940 738 Et
2970 682 3082 738 dixi
3114 684 3269 756 quod
3297 685 3511 754 fugient
3537 701 3572 740 a

1970 771 2386 846 persecutione,
2415 773 2472 826 et
2497 789 2529 825 a
2560 787 2684 826 voce
2698 772 2923 826 tonitrui
2939 772 3020 825 tui
3038 771 3426 841 formidabant.
3453 771 3568 826 Ne-

1969 877 2072 934 que
2089 863 2395 933 postquam
2421 861 2800 916 formidantes
2817 859 3160 916 cessaverint
3181 875 3214 914 a
3235 859 3571 928 cessatione,

1970 955 2346 1005 convertentur
2389 950 2589 1020 operire
2618 955 2834 1016 terram,
2865 949 2926 1004 id
2956 952 3041 1004 est
3069 965 3188 1004 non
3233 949 3572 1004 converten-

1972 1040 2067 1092 tur
2082 1037 2156 1092 ad
2183 1035 2665 1109 persecutionem,
2699 1040 2762 1092 ut
2789 1053 2984 1092 rursus
3013 1035 3324 1093 Ecclesiam
3350 1035 3586 1104 demer—_

1973 1140 2110 1198 gere
2141 1127 2386 1180 tentent.

2044 1215 2289 1269 Possunt
2314 1217 2509 1269 autem
2539 1213 2597 1269 hi
2625 1213 2738 1268 duo
2760 1229 2954 1268 versus
2965 1211 3131 1267 aliter
3159 1212 3297 1284 legi,
3321 1215 3384 1268 ut
3406 1229 3573 1270 mon-

1973 1304 2060 1357 tes
2089 1301 2370 1370 dicamus,
2399 1319 2516 1358 non
2557 1301 2816 1356 Ecclesia:
2867 1303 3158 1374 prmlatos,
3187 1302 3286 1356 sed
3315 1317 3578 1374 persecu-

1974 1393 2153 1457 tores,
2199 1391 2456 1445 volentes
2504 1389 2878 1462 submergere
2924 1390 3141 1456 fideles,
3182 1389 3327 1444 sicut
3350 1391 3579 1444 montes

1977 1479 2259 1535 ﬂuctuum
2290 1479 2673 1552 submerguut
2701 1478 2760 1532 in
2798 1478 2944 1534 mari
2967 1495 3156 1533 naves.
3191 1479 3259 1533 Et
3285 1479 3397 1533 hoc
3427 1477 3582 1550 quod

1977 1567 2116 1623 dicit
2145 1567 2442 1624 ascendunt
2456 1575 2657 1623 montes
2685 1567 2843 1621 idem
2860 1569 2945 1620 est
2957 1566 3111 1638 quod
3125 1565 3266 1621 dixit
3281 1565 3539 1638 superius
3566 1581 3581 1620 :

1973 1656 2152 1728 Super
2175 1644 2379 1711 montes
2424 1656 2643 1711 stabunt
2683 1672 2857 1728 aquae,
2895 1655 2995 1710 sed
3033 1654 3342 1726 repetitum
3383 1657 3469 1708 est
3523 1657 3586 1708 ut

271 1755 486 1811 corpus
515 1739 837 1795 circumdat
865 1743 923 1796 et
964 1741 1219 1810 involvit,
1251 1741 1329 1797 sic
1351 1745 1409 1798 et
1437 1745 1873 1815 persecutorum
1893 1761 1945 1820 Β
1976 1745 2153 1800 addat
2183 1761 2197 1799 :
2233 1743 2570 1800 Secundum
2601 1743 2781 1816 igitur
2805 1744 2956 1798 hanc
2998 1742 3368 1808 sententiam,
3392 1741 3584 1796 littera

264 1828 442 1884 turba
473 1828 784 1884 Ecclesiam
817 1829 1074 1902 undique
1104 1831 1572 1888 tribulationibus
1600 1830 1870 1890 involvet.

264 1917 337 1971 Et
351 1933 470 1972 non
483 1917 850 1974 solummodo
861 1934 996 1974 vero
1015 1919 1271 1975 minores
1285 1919 1534 1975 involvet
1560 1920 1732 1975 turba
1747 1936 1876 1992 per-

275 2004 670 2077 sequentium,
692 2007 794 2062 sed
819 2010 880 2062 et
903 2025 1064 2080 super
1090 2015 1311 2076 montes,
1332 2007 1392 2063 id
1422 2010 1508 2062 est
1537 2024 1709 2080 super
1724 2024 1873 2080 prai-

269 2094 420 2150 latos
443 2094 706 2150 Ecclesia
733 2095 950 2150 stabunt
973 2112 1147 2168 aqua»,
1178 2096 1236 2152 id
1263 2099 1348 2152 est
1377 2099 1790 2168 persecutores,
1811 2097 1877 2151 ut

275 2198 377 2238 eos
409 2181 756 2254 demergant
783 2183 843 2238 in
865 2189 1056 2240 morte
1069 2185 1140 2240 ad
1155 2185 1396 2240 modum
1427 2201 1710 2258 aquarum
1734 2201 1748 2253 ;
1774 2183 1875 2240 sed

276 2287 354 2327 ne
376 2271 448 2325 ab
473 2271 639 2344 aquis
670 2271 918 2327 Ecclesia
940 2272 1269 2341 inclinetur,
1301 2274 1366 2330 ab
1395 2275 1751 2345 increpatione
1780 2279 1874 2328 tua

272 2357 539 2414 interiori
560 2359 671 2415 ille
705 2375 869 2432 aquae
886 2361 1182 2431 fugient,id
1203 2364 1289 2417 est
1303 2378 1337 2417 a
1352 2362 1748 2433 persecutione
1761 2378 1876 2418 ces-

269 2447 498 2515 sabunt,
537 2448 694 2519 quod
729 2450 817 2503 est
866 2448 1096 2505 dicere:
1128 2450 1208 2505 Nc
1245 2449 1419 2505 nimis
1447 2451 1624 2523 longa
1670 2466 1874 2506 eorum

271 2531 670 2608 persecutione
697 2537 947 2592 Ecclesia
973 2537 1298 2606 inclinetur,
1312 2538 1634 2610 increpabis
1662 2555 1759 2594 eos
1787 2539 1877 2594 in-

269 2621 448 2678 terius
485 2623 576 2678 vel
607 2623 897 2680 miraculis
937 2627 1025 2681 vel
1066 2626 1323 2699 quolibet
1366 2627 1476 2683 alio
1517 2627 1714 2694 modo,
1744 2625 1880 2681 licet

273 2709 380 2783 ipsi
411 2728 529 2767 non
560 2712 908 2784 percipiant.
934 2715 1002 2768 Et
1024 2715 1283 2787 quamvis
1303 2733 1422 2785 non
1439 2717 1873 2782 convertantur,

272 2801 471 2855 tamen
505 2801 819 2873 aliquando
838 2817 872 2856 a
889 2803 1286 2873 persecutione
1304 2805 1625 2859 cessabunt.
1639 2804 1766 2858 Non
1788 2821 1880 2858 so-

271 2889 395 2943 lum
428 2890 624 2944 autem
646 2905 680 2944 a
707 2890 1108 2962 persecutione
1135 2891 1456 2959 cessabunt,
1479 2891 1578 2947 sed
1600 2874 1880 2962 et

270 2977 664 3048 fomidabunt,
687 2977 745 3032 id
771 2981 857 3034 est
885 2978 1160 3035 timorem
1187 2980 1484 3036 habebunt
1509 2980 1578 3035 de
1597 2980 1707 3036 hoc
1725 2979 1880 3052 quod

276 3066 566 3138 persecuti
595 3065 835 3136 fuerint,
863 3071 921 3123 et
948 3069 1073 3124 haec
1096 3068 1348 3125 formido
1371 3069 1674 3141 continget
1693 3049 1880 3125 a—voce
1901 3049 1948 3109 C

237 3157 244 3160 ‘
276 3157 522 3221 tonitrui,
559 3153 620 3210 id
651 3159 736 3211 est
764 3173 799 3211 a
839 3173 977 3213 voce
1016 3157 1485 3230 praedicatorum,
1518 3173 1646 3231 quae
1674 3157 1880 3213 dicitur

273 3258 382 3298 vox
402 3243 664 3312 tonitrui,
698 3247 755 3299 et
781 3244 915 3318 quia
939 3246 1246 3302 manifesta
1264 3247 1393 3314 fuit,
1428 3251 1486 3302 et
1514 3245 1648 3320 quia
1676 3248 1880 3302 nolen-

275 3331 430 3387 tibus
460 3331 696 3388 obedire
726 3337 981 3389 mortem
1019 3335 1430 3403 comminatur,
1461 3336 1534 3391 ad
1564 3335 1884 3390 similitudi-

279 3435 422 3474 nem
439 3421 705 3489 tonitrui,
726 3422 879 3494 qued
899 3423 1273 3479 manifestum
1291 3427 1378 3480 est
1393 3426 1451 3479 et
1462 3427 1711 3480 mortem
1728 3439 1885 3478 com-

276 3507 614 3564 minans.Et
633 3513 940 3582 postquam
968 3529 1133 3584 aquae
1156 3512 1532 3568 formidando
1555 3512 1884 3579 cessabunt,

274 3596 589 3666 ascendunt,
629 3597 690 3653 id
738 3602 825 3655 est
866 3600 1241 3656 ascendentes
1273 3600 1636 3672 apparebunt
1659 3606 1883 3669 montes,

280 3685 340 3741 id
367 3688 453 3741 est
488 3685 734 3757 prmiati,
765 3694 818 3742 et
865 3688 1184 3743 descendunt
1223 3691 1417 3759 campi,
1449 3688 1507 3744 id
1537 3691 1622 3744 est
1651 3688 1890 3744 descen-

283 3774 487 3831 dentes
513 3777 571 3829 et
594 3775 856 3847 subjecti,
888 3777 1252 3849 apparebunt
1271 3775 1504 3844 subditi,
1537 3777 1611 3832 ad
1631 3777 1889 3837 similitu-

281 3860 483 3918 dinem
513 3879 875 3936 camporum,
905 3863 1002 3937 qui
1043 3864 1292 3920 humiles
1322 3869 1456 3920 sunt
1483 3869 1542 3921 et
1591 3868 1888 3924 montibus

283 3950 545 4021 subjecti.
580 3953 956 4008 Devenientes
977 3956 1034 4008 et
1055 3956 1282 4010 montes
1321 3956 1379 4008 et
1409 3954 1597 4026 campi
1630 3958 1686 4011 in
1718 3957 1889 4013 locum

282 4037 341 4094 id
371 4041 458 4094 est
484 4038 546 4094 in
572 4042 784 4096 statum
815 4057 968 4114 quem
995 4041 1245 4112 fundasti
1269 4041 1370 4110 eis,
1390 4041 1600 4099 scilicet
1625 4044 1747 4101 hac
1763 4045 1890 4101 fun-

284 4126 468 4195 dabis,
502 4125 561 4182 id
599 4130 685 4184 est
730 4129 984 4201 depones
1024 4130 1282 4204 utrisque
1319 4133 1534 4187 statum
1565 4148 1792 4202 eorum,
1823 4136 1889 4190 ut

283 4215 507 4286 praelati
525 4217 764 4272 teneant
784 4219 977 4274 locum
1003 4219 1388 4292 superiorem,
1415 4223 1473 4275 et
1496 4221 1710 4277 subditi
1736 4221 1886 4278 infe-

1975 1833 2055 1890 sic
2082 1834 2408 1905 adaptatur.
2432 1833 2567 1888 Dico
2587 1833 2744 1905 quod
2761 1848 2922 1904 super
2943 1839 3146 1886 montes
3160 1831 3379 1885 stabunt
3394 1846 3578 1902 aqua»;

1977 1922 2287 1990 ascendunt,
2311 1922 2573 1994 inquam,
2597 1925 2818 1987 montes,
2849 1919 2908 1975 id
2945 1922 3030 1974 est
3057 1919 3430 1974 elevabuntur
3453 1932 3582 1988 per-

1975 2013 2264 2066 secutores
2298 2026 2470 2081 super
2509 2010 2729 2072 ﬁdeles,
2762 2007 2918 2081 quod
2955 2009 3040 2062 est
3071 2006 3260 2062 dicere
3295 2005 3581 2061 :Stabunt

1975 2115 2161 2172 aquae,
2186 2101 2243 2154 et
2284 2101 2415 2170 post
2445 2098 2635 2154 eidem
2673 2102 2874 2152 montes
2911 2095 3250 2163 descendunt,
3279 2094 3337 2150 id
3363 2097 3449 2149 est
3479 2093 3578 2148 de-

1974 2187 2252 2243 scendent
2269 2188 2339 2242 de
2357 2186 2710 2243 sublimitate
2723 2185 3214 2256 persecutionum,
3234 2182 3578 2238 scilicetces-

1974 2275 2186 2331 sabunt
2209 2275 2344 2331 facti
2369 2276 2580 2347 campi,
2615 2274 2673 2329 id
2705 2277 2790 2329 est
2818 2272 3064 2328 humiles
3094 2275 3152 2327 et
3172 2271 3581 2327 fructiﬁcantes

1974 2362 2034 2419 in
2049 2366 2225 2431 bono,
2242 2380 2276 2418 a
2291 2362 2667 2430 similitudine
2692 2377 3053 2433 camporum,
3069 2359 3165 2432 qui
3180 2361 3314 2414 sunt
3333 2356 3581 2414 humiles

1975 2453 2036 2506 et
2061 2450 2345 2524 frugiferi.
2377 2450 2577 2523 Campi
2621 2450 2747 2506 dico
2794 2449 3091 2505 venientes
3117 2450 3176 2503 in
3221 2446 3390 2502 locum
3425 2461 3582 2518 quem

1974 2539 2224 2612 fundasti
2245 2542 2338 2610 eis,
2382 2539 2444 2594 id
2474 2542 2561 2594 est
2598 2538 2894 2595 venientes
2932 2554 2964 2594 a
2996 2540 3146 2592 statu
3193 2533 3472 2606 superbiae
3523 2535 3584 2588 et

1977 2627 2392 2702 persecutionis
2422 2628 2495 2683 ad
2515 2630 2727 2683 statum
2755 2625 3148 2698 subjectionis,
3167 2627 3342 2696 quem
3367 2623 3582 2676 statum

1979 2717 2058 2772 eis
2085 2717 2374 2784 fundabis,
2399 2715 2459 2772 id
2479 2719 2565 2771 est
2587 2715 2918 2781 constitues,
2937 2729 3004 2768 ac
3025 2712 3069 2767 si
3086 2711 3238 2767 dicat
3269 2727 3283 2765 :
3315 2711 3432 2764 Hoc
3461 2725 3581 2764 non

1979 2805 2088 2860 erit
2106 2822 2211 2877 per
2230 2822 2328 2861 eos
2341 2805 2496 2878 quod
2516 2805 2588 2860 ad
2601 2805 2751 2858 hunc
2775 2805 2989 2858 statum
3018 2799 3341 2866 devenient,
3363 2797 3461 2853 sed
3472 2797 3584 2852 hoc

1979 2893 2088 2948 erit
2109 2909 2212 2966 per
2240 2897 2401 2948 tuam
2420 2893 2842 2959 fundationem,
2869 2892 2927 2946 et
2955 2905 3086 2945 vere
3100 2904 3132 2945 a
3153 2890 3304 2942 statu
3323 2901 3585 2958 persecu-

1979 2981 2153 3037 tionis
2181 2999 2296 3037 suae
2324 2981 2695 3037 descendent.
2728 2981 2812 3034 Tu
2842 2979 2999 3033 enim
3029 2977 3088 3032 in
3121 2991 3356 3031 ascensu
3386 2988 3580 3045 perse-

1983 3069 2225 3126 cutionis
2261 3087 2465 3125 eorum
2491 3070 2732 3142 posuisti,
2767 3067 2827 3122 id
2857 3069 2942 3122 est
2973 3082 3151 3140 pones
3182 3064 3263 3119 eis
3294 3063 3581 3118 terminum

1982 3177 2133 3233 quem
2173 3152 2283 3214 n'on
2305 3157 2761 3228 transgredientur
2785 3154 3022 3210 ulterius
3064 3150 3450 3218 ascendendo,
3481 3149 3584 3204 sed

1982 3250 2291 3320 postquam
2314 3247 2388 3301 ad
2409 3263 2541 3301 eum
2569 3244 2805 3301 venient
2830 3243 3024 3299 statim
3050 3238 3400 3296 descendent
3417 3253 3584 3309 neque

1981 3339 2288 3408 postquam
2316 3333 2720 3391 descenderint
2749 3336 3120 3388 convertentur
3139 3329 3339 3400 operire
3363 3332 3582 3392 terram,

1982 3423 2042 3480 id
2072 3426 2158 3480 est
2177 3426 2591 3480 convertentur
2636 3423 2710 3478 ad
2749 3423 2859 3477 hoc
2900 3416 3298 3474 ut-Ecclesiam
3323 3429 3583 3488 persecu-

1984 3512 2144 3568 tione
2173 3513 2457 3583 repleant.
2489 3511 2652 3567 Unde
2683 3508 2819 3576 alibi
2850 3505 3286 3563 Psalmista:'l‘u
3317 3501 3584 3558 domina-

1984 3601 2062 3657 ris
2093 3600 2364 3673 potestati
2395 3599 2574 3655 maris
2600 3597 2771 3671 (Psal.
2803 3611 3062 3663 LXXXVIII,
3081 3596 3224 3660 10).»
3245 3595 3351 3647 etc.
3387 3592 3586 3647 Osten-

1987 3688 2072 3745 dit
2097 3689 2275 3744 etiam
2319 3688 2505 3743 adhuc
2544 3684 2838 3759 quomodo
2878 3682 3155 3739 Dominus
3184 3678 3585 3751 magniﬁcatus

1986 3778 2096 3834 erit
2123 3777 2221 3834 sic.

2054 3866 2197 3922 Vere
2227 3863 2630 3937 magniﬁcatus
2663 3861 2796 3931 eris,
2835 3863 2930 3934 qui
2965 3859 3174 3927 emittis,
3221 3855 3281 3912 id
3313 3857 3397 3911 est
3425 3855 3585 3910 extra
3655 3876 3658 3880 η

1985 3953 2182 4010 mittes
2209 3954 2268 4008 in
2298 3953 2625 4027 propatulo,
2654 3950 2867 4006 scilicet
2879 3950 3075 4020 fontes,
3101 3946 3161 4002 id
3183 3947 3269 4001 est
3290 3943 3585 3999 ubertates

1985 4042 2315 4116 praedicatio
2323 4041 2639 4113 nis,quibus
2654 4039 2851 4095 fideles
2862 4036 3279 4102 reiiciantur,et
3296 4030 3587 4087 incentiva

1984 4132 2255 4188 vitiorum
2277 4129 2732 4204 exstinguantur,
2760 4131 2823 4184 ut
2846 4127 2918 4183 de
2941 4124 3196 4182 fontibus
3216 4120 3482 4178 homines
3500 4135 3589 4174 re-

1985 4219 2275 4288 ficiuntur,
2290 4217 2628 4274 etincendia
2646 4215 3101 4288 exstinguuntur.
3119 4210 3317 4266 Fontes
3334 4208 3584 4276 dico,ex-

283 4301 524 4396 riorem,
556 4320 634 4396 ac
651 4304 698 4360 si
730 4303 886 4361 dicat
914 4323 929 4362 :
967 4308 1116 4362 Dum
1148 4307 1471 4380 persecutio
1527 4307 1588 4363 in
1637 4310 1959 4396 EcclesiaD
1987 4307 2222 4364 istentes
2243 4309 2301 4362 in
2333 4303 2746 4396 convallibus,
2770 4307 2855 4358 est
2875 4297 3346 4396 praedicatoribus
3364 4296 3440 4396 ad
3460 4310 3581 4349 m0-

281 4389 769 4462 erit,pr£elatinon
787 4397 1062 4466 poterunt
1073 4395 1410 4467 praelatione
1429 4411 1530 4451 sua
1543 4396 1890 4474 fungi,ideo-

280 4495 396 4551 que
424 4497 542 4536 non
571 4482 786 4553 poterit
816 4499 1100 4555 apparare
1130 4482 1231 4554 qui
1265 4483 1494 4555 praelati
1527 4483 1664 4553 sint,
1699 4489 1758 4541 et
1790 4486 1888 4560 qui

283 4567 517 4636 subditi,
544 4569 646 4624 sed
675 4575 932 4628 cessante
949 4570 1369 4643 persecutione,
1403 4575 1461 4626 et
1481 4573 1734 4644 praelatis
1763 4574 1890 4629 fun-

284 4655 554 4726 gentibus
590 4674 693 4712 sua
740 4659 1101 4731 prtelatione,
1129 4662 1266 4715 tunc
1309 4658 1549 4714 tandem
1585 4660 1888 4734 apparebit

283 4757 548 4799 ascensus
560 4745 873 4814 montium,
891 4746 950 4802 id
972 4750 1057 4802 est
1069 4746 1391 4802 sublimitas
1403 4749 1800 4818 praelatorum,
1821 4751 1883 4805 et

284 4829 588 4888 descensus
600 4834 1030 4906 camporum,id
1042 4837 1127 4890 est
1140 4835 1416 4907 subjectio
1433 4835 1792 4893 subditorum
1801 4838 1890 4894 .Et

283 4919 396 4975 hoc
420 4922 608 4978 totum
625 4924 736 4979 erit
751 4923 826 4979 ad
846 4923 1345 4995 magniﬁcentiam
1363 4925 1618 4992 Domini,
1642 4927 1797 4998 quod
1808 4925 1888 4981 sic

283 5006 347 5063 in
379 5009 626 5067 Ecclesia
645 5011 1039 5068 distinctiones
1066 5012 1256 5083 faciet,
1283 5013 1439 5069 unde
1458 5014 1890 5071 benedicendus

285 5099 392 5161 est,
412 5099 568 5170 quod
594 5100 863 5174 utiquein
877 5101 1348 5174 diluviitempore
1379 5106 1890 5175 praemonstratam

286 5187 392 5254 est,
422 5187 601 5258 quod,
634 5189 774 5245 dum
799 5194 969 5247 terra;
997 5189 1206 5245 faciem
1233 5190 1479 5261 operuit,
1499 5192 1656 5247 nulla
1685 5190 1889 5247 distin-

289 5273 401 5329 ctio
420 5276 707 5333 montium
724 5282 783 5335 et
795 5295 1136 5352 camporum
1155 5277 1280 5346 fuit;
1298 5278 1394 5333 illo
1408 5295 1544 5335 vero
1561 5281 1890 5350 recedente,

289 5364 574 5421 ascensius
586 5367 875 5423 montium
919 5369 978 5424 et
1007 5366 1310 5422 descensus
1339 5380 1682 5438 camporum
1713 5383 1893 5439 appa-

289 5450 424 5508 ruit.
442 5453 579 5511 Dico
597 5456 753 5528 quod
765 5472 918 5530 super
946 5465 1144 5513 montes
1169 5455 1361 5522 sabunt
1388 5472 1564 5528 aqua,
1595 5459 1654 5512 et
1681 5455 1743 5511 in
1772 5455 1894 5528 ipso

289 5543 760 5618 persecutionum
782 5546 1234 5608 statu-terminum
1250 5537 1506 5626 posuisti,
1524 5544 1587 5615 id
1616 5547 1701 5605 est
1711 5559 1896 5619 pones

1987 4397 2126 4452 dum
2143 4395 2486 4452 convallium
2495 4392 2900 4458 humilibus,ac
2910 4388 2956 4444 si
2976 4389 3145 4444 dicat:
3162 4387 3277 4441 Hoc
3289 4383 3445 4457 quod
3458 4397 3585 4455 per-

1986 4489 2274 4540 secutores
2289 4481 2646 4537 descendunt
2659 4477 2958 4549 continget
2969 4492 3075 4548 per
3083 4472 3582 4546 praedicationem,

1987 4589 2162 4646 quam
2179 4573 2327 4628 Deus
2352 4569 2575 4642 publice
2596 4567 2766 4624 faciet
2791 4581 3067 4622 emanare
3087 4564 3158 4620 de
3179 4559 3576 4637 pradicatori—

1985 4660 2112 4728 bus,
2143 4662 2203 4716 et
2226 4659 2339 4714 illte
2358 4675 2514 4730 aqua:
2537 4653 2960 4729 praedicationis
2973 4653 3398 4726 pertransibunt,
3424 4650 3485 4705 id
3500 4650 3586 4704 est

1985 4765 2092 4822 per
2101 4763 2304 4822 omnes
2315 4747 2554 4818 populos
2564 4743 2974 4813 transibunt,et
2984 4760 3102 4800 non
3115 4745 3285 4798 erunt
3300 4737 3588 4795 discordes

2230 4835 2330 4891 sed
2367 4833 2670 4890 existentes
2699 4835 2836 4889 inter
2864 4832 3095 4888 medium
3120 4830 3401 4892 montium,
3421 4824 3482 4878 id
3498 4824 3584 4877 est

1985 4925 2046 4982 in
2060 4925 2253 4982 medio
2266 4921 2863 4992 montium,scilicetin
2876 4916 3182 4975 concordia
3193 4914 3589 4989 praelatorum.

1988 5014 2144 5069 Licet
2165 5013 2323 5069 enim
2343 5014 2556 5084 plures,
2578 5014 2750 5067 erunt
2763 5013 2960 5066 tamen
2987 5006 3046 5061 in
3067 5003 3276 5060 virtute
3302 4999 3435 5058 fidei
3454 5018 3589 5058 con-

1989 5102 2312 5158 cordantes.
2341 5101 2569 5156 Dictum
2595 5101 2682 5154 est
2707 5115 2740 5153 a
2769 5094 3142 5153 similitudine
3155 5090 3589 5159 fontium,'in_ter

1988 5191 2222 5248 medium
2241 5190 2508 5244 montium
2528 5184 2851 5241 ﬂuentium.
2871 5182 3007 5239 Dico
3028 5181 3182 5255 quod
3181 5179 3591 5252 pertransibunt

1990 5298 2162 5355 aquae,
2191 5293 2332 5350 quas
2353 5271 3004 5348 aquaspotabuntomnes,
3026 5269 3086 5326 id
3099 5273 3186 5325 est
3211 5268 3402 5325 omnis
3431 5266 3587 5323 modi

1994 5369 2166 5425 bestiae
2189 5367 2328 5436 agri,
2355 5363 2569 5419 scilicet
2592 5361 2781 5418 omnis
2805 5359 2965 5416 modi
2988 5357 3167 5416 Judaei
3186 5363 3245 5413 et
3266 5355 3506 5424 nobiles,
3531 5358 3590 5411 et

1993 5455 2294 5530 ignobiles,
2311 5450 2408 5527 qui
2412 5451 2540 5524 jam
2552 5447 2973 5523 aliquantulum
2988 5446 3207 5513 domati
3221 5448 3354 5502 sunt
3365 5461 3398 5502 a
3410 5443 3590 5505 veteri

1995 5538 2795 5620 lege,[icetinmaximwarte
2821 5534 3008 5596 adhuc
3030 5532 3316 5601 bestial‘es.
3338 5531 3590 5607 Ideoque
