3998 6026
424 283 560 342 H79
1023 281 1081 340 S.
1123 281 1466 341 BRUNONIS
1505 274 2136 357 CARTHUSIANORUM
2170 279 2637 345 INSTITUTORIS
2679 284 2833 342 OPP.
2875 284 3053 343 PARS
3091 287 3115 342 ῐ
3583 294 3611 343 1
3636 291 3768 346 180

421 420 526 476 per
537 401 746 459 nestias
770 401 892 475 agri
923 402 1318 476 designantur,
1352 422 1480 478 quae
1519 403 1754 461 domitae
1779 404 1932 469 sunt,
1957 403 2020 458 ut
2041 404 2096 464 Α
2119 402 2364 458 vitutem
2391 419 2567 475 quam
2598 420 2702 475 per
2719 404 3007 476 jumenta,
3026 404 3239 461 scilicet
3255 420 3444 462 servos
3471 422 3571 462 eos
3599 423 3764 464 esse

417 496 553 564 pote
569 493 761 560 boves,
785 491 950 560 asini,
970 495 1028 546 et
1043 497 1268 549 caeteras
1295 493 1626 566 huiusmodi
1654 493 1872 548 bestias.
1893 492 2016 545 Non
2119 490 2502 559 subditorum,
2526 491 2583 546 in
2612 492 2889 549 doctrinae
2912 492 3435 549 administratione.
3472 496 3761 550 Possent

416 583 642 636 tantum
674 584 869 636 autem
903 581 1072 637 bestiae
1102 585 1223 651 agri
1245 599 1339 637 eas
1357 583 1644 653 potabunt,
1679 581 1780 635 sed
1816 587 1865 635 et
1894 595 2020 635 ona-
2119 578 2328 650 quippe
2337 580 2605 650 jumenta
2624 579 2886 653 intelligi,
2911 581 2968 636 id
2982 585 3068 636 est
3087 582 3395 650 auditores,
3418 587 3482 638 ut
3497 599 3620 640 non
3650 585 3767 638 in-

412 671 518 738 gri,
535 669 591 724 id
609 673 693 724 est
708 670 954 742 gentiles
970 669 1257 737 indomiti,
1276 671 1530 726 denotati
1547 687 1652 741 per
1675 667 2017 741 onagros,id
2117 665 2513 737 telligerentur
2559 684 2680 722 esse
2722 668 2887 722 servi.
2922 667 3266 724 Servitutem
3285 673 3478 724 autem
3499 687 3598 726 eos
3622 686 3764 743 per

415 763 502 813 est
526 775 628 831 per
655 761 935 815 silvestres
967 759 1175 827 asinos,
1207 760 1303 831 qui
1333 760 1603 816 indomiti
1633 763 1784 826 sunt,
1819 773 2018 827 exspcc-
2119 753 2442 826 emphasim
2471 755 2628 824 dicit,
2660 759 2722 810 ut
2749 757 3015 811 humiliet
3036 773 3136 812 eos
3167 773 3240 812 ne
3267 757 3338 812 de
3371 759 3754 829 praelatione

418 846 626 914 tabunt,
660 847 718 902 id
750 850 836 901 est
883 847 1054 902 nimis
1084 848 1370 920 optabunt
1417 865 1596 920 aquas
1643 847 1769 902 illas
1815 848 2016 918 potare
2119 858 2220 896 sua
2243 842 2596 914 superbiant.
2619 843 2781 898 Unde
2809 845 3115 915 Apostolus
3150 861 3164 899 :
3192 845 3348 901 «Nos
3366 849 3562 901 autem
3594 847 3754 902 dico

417 933 587 1004 positi
618 936 675 988 in
699 936 807 1001 siti,
839 934 896 988 id
927 937 1010 989 est
1039 934 1266 989 ardenti
1289 934 1572 989 desiderio
1605 935 1728 988 illas
1757 931 2014 998 bibendi,
2118 947 2308 986 servos
2333 935 2548 987 vestros
2569 949 2673 1004 per
2699 934 2894 988 Iesum
2916 931 3005 998 (ΙΙ
3015 931 3142 991 Cor.
3172 951 3244 1001 IV,
3273 934 3390 1005 5).»
3421 935 3646 990 Fenum
3683 938 3756 989 et

418 1022 511 1075 siti
534 1022 658 1076 dico
684 1040 801 1084 sua,
834 1022 894 1077 id
919 1026 1002 1077 est
1031 1022 1111 1076 eis
1135 1023 1459 1089 utilissima,
1490 1027 1547 1077 et
1583 1023 1694 1077 hoc
1725 1025 1908 1076 totum
1945 1020 2018 1074 ad
2117 1019 2299 1074 herba
2329 1022 2586 1074 carnales
2627 1037 2748 1075 esse
2770 1021 3056 1088 dicuntur,
3082 1038 3150 1076 eo
3191 1023 3344 1094 quod
3377 1024 3451 1078 ad
3484 1024 3754 1078 modum

422 1109 519 1164 Dei
563 1110 1056 1181 magnificentiam
1088 1112 1325 1182 spectat.
1360 1111 1496 1166 Dico
1544 1111 1700 1182 quod
1730 1113 1868 1165 inter
1907 1125 2015 1163 me—
2118 1105 2237 1161 feni
2268 1109 2326 1160 et
2355 1107 2549 1163 herbae,
2582 1108 2900 1164 transitorii
2927 1113 3080 1164 sunt.
3107 1109 3242 1165 Dico
3274 1111 3428 1182 quod
3454 1118 3594 1166 terra
3615 1111 3754 1166 erit

416 1194 566 1250 dium
594 1200 857 1267 montium
886 1200 1290 1270 pertransibunt
1331 1217 1503 1271 aquas,
1549 1202 1606 1254 et
1642 1216 1796 1270 super
1837 1215 1918 1265 ea,
1960 1196 2019 1250 id
2110 1193 2408 1265 producens
2429 1195 2636 1264 fenum,
2670 1199 2728 1250 et
2745 1196 2818 1251 ad
2836 1197 2946 1252 hoc
2976 1213 3150 1286 supra
3177 1199 3246 1285 4
3266 1200 3282 1285 Ι
3303 1200 3368 1286 Ο
3391 1198 3546 1254 dicta
3571 1203 3752 1254 terra

417 1287 503 1339 est
530 1302 700 1358 super
728 1302 824 1341 eos
849 1291 1078 1342 montes
1121 1287 1440 1341 habitabant
1490 1286 1904 1341 conformitate
1930 1300 2020 1340 υο-
2118 1284 2319 1338 fenum
2334 1284 2836 1356 praedicationibus
2858 1284 3507 1356 producet,uteducat,id
3524 1292 3611 1343 est
3629 1305 3748 1342 ex-

427 1372 596 1427 lucres
623 1374 752 1442 coeli,
788 1373 845 1428 id
861 1377 947 1429 est
965 1375 1390 1447 qualescunque
1407 1373 1729 1446 spirituales
1753 1373 1860 1428 viri
1883 1373 2020 1428 dicti
2121 1371 2313 1426 trahat
2331 1387 2531 1442 panem
2546 1372 2825 1428 doctrinie
2851 1372 2914 1427 de
2940 1380 3084 1428 terra
3101 1374 3364 1445 priefata,
3383 1375 3480 1447 qui
3498 1376 3748 1446 praelati

418 1462 676 1516 volucres
703 1461 848 1530 eteli,
883 1479 951 1517 eo
986 1463 1140 1534 quod
1161 1463 1451 1534 gaudeant
1477 1480 1591 1518 suae
1613 1462 1823 1518 mentis
1845 1463 2022 1517 since-
2121 1475 2250 1512 vere
2274 1461 2428 1513 terra
2444 1459 2806 1528 dicuntur,eo
2824 1460 2979 1531 quod
2994 1460 3426 1535 subditosfruge
3449 1462 3745 1518 doctrinae

425 1548 616 1616 ritate,
643 1549 789 1604 sicut
804 1550 1056 1604 volucres
1075 1551 1134 1604 in
1161 1553 1324 1619 coelo,
1359 1550 1416 1605 id
1437 1554 1522 1606 est
1542 1551 1601 1605 in
1632 1567 1764 1606 aere
1790 1566 2022 1605 conver-
2121 1562 2235 1601 suae
2261 1550 2517 1618 pascant,
2544 1547 2691 1602 sicut
2716 1550 2875 1603 terra
2904 1547 3164 1619 frugibus
3193 1549 3309 1602 suis
3333 1549 3605 1605 homines
3622 1567 3746 1622 pa-

423 1640 636 1704 santes,
669 1637 843 1710 ipsius
875 1638 997 1693 coeli
1017 1638 1341 1694 sinceritate
1372 1639 1646 1711 gaudent,
1677 1655 1740 1693 ac
1765 1638 1809 1694 si
1834 1639 2018 1693 dicat:
2121 1633 2243 1688 scit.
2279 1635 2347 1688 Et
2373 1638 2462 1688 est
2486 1651 2550 1689 ac
2575 1634 2622 1688 si
2651 1635 2806 1690 dicat
2836 1650 2849 1690 :
2883 1635 3017 1691 Ideo
3066 1636 3277 1691 subditi
3307 1639 3569 1693 carnales
3593 1655 3742 1710 sug-

419 1724 544 1779 Non
562 1725 967 1792 solum,autem
986 1727 1248 1781 bestiales
1265 1743 1467 1782 eorum
1483 1727 1744 1782 doctrina
1762 1727 1997 1782 reficien

2164 1725 2328 1776 erent
2358 1722 2535 1790 cibos,
2564 1727 2627 1778 ut
2647 1722 2718 1778 ab
2743 1722 2822 1778 eis
2848 1724 3362 1794 panemﬁoctrime
3395 1726 3741 1797 suscipiant.

417 1812 635 1881 tur,sed
653 1817 710 1868 et
727 1815 1082 1884 spiritualem
1101 1814 1226 1882 viri,
1260 1831 1432 1887 super
1453 1833 1656 1872 eorum
1686 1817 2018 1881 doctrinam
2123 1808 2240 1891 Nisi
2257 1810 2413 1864 enim
2439 1811 2520 1865 eis
2544 1816 2944 1882 suggererent,
2961 1813 3168 1868 harum
3181 1830 3377 1868 rerum
3403 1814 3746 1870 sollicitudi-

415 1899 660 1968 fundati,
683 1903 1008 1958 auctoritati
1039 1920 1240 1958 eorum
1270 1903 1683 1960 innitentur.Et
1707 1921 1878 1976 super
1918 1922 2016 1960 eos
2123 1914 2196 1953 ne
2228 1899 2490 1971 impediti
2513 1899 2704 1954 minus
2723 1901 3038 1972 praedicare
3058 1905 3310 1972 possent.
3330 1902 3500 1958 Panis
3519 1919 3734 1958 eorum

419 1988 767 2058 habitantes,
807 1990 1016 2045 dabunt
1044 2007 1192 2047 voces
1235 1993 1636 2064 disputationis
1681 1993 1750 2047 de
1773 1993 2021 2065 negotiis
2122 1986 2385 2042 doctrina
2407 2005 2660 2060 congrue
2677 1989 3033 2057 nominatur,
3051 2006 3118 2044 eo
3151 1991 3308 2062 quod
3337 1994 3566 2046 terreno
3599 1992 3736 2046 cibo

417 2077 1020 2134 ecclesiasticis.Voces
1047 2080 1172 2135 dico
1200 2097 1317 2136 non
1340 2081 1733 2137 discordantes
1755 2099 1788 2136 a
1817 2082 2022 2153 praedi-
2121 2074 2429 2148 pretiosior
2453 2076 2524 2132 sit
2551 2079 2608 2131 et
2636 2077 2945 2145 robustior,
2965 2077 3109 2133 sicut
3132 2079 3298 2151 panis
3324 2079 3484 2134 omni
3501 2079 3626 2134 cibo
3643 2079 3730 2134 di-

418 2166 730 2234 catoribus,
781 2168 880 2222 sed
933 2168 1283 2240 prodeuntes
1311 2170 1374 2223 de
1418 2171 1589 2224 medio
1626 2177 1931 2240 petrarum,
1961 2170 2020 2225 id
2121 2161 2292 2233 gnior
2312 2167 2416 2220 est.

425 2256 510 2309 est
530 2253 600 2309 de
631 2255 942 2310 concordia
978 2257 1446 2329 praedicatorum,
1492 2257 1590 2332 qui
1628 2261 1799 2313 erunt
1839 2262 2019 2330 patrie
2192 2253 2260 2308 Et
2287 2252 2418 2307 ideo
2451 2252 2636 2308 adhuc
2666 2257 2820 2310 terra
2851 2255 3077 2311 subdita
3107 2255 3309 2311 fenum
3340 2255 3641 2328 producet,
3668 2259 3734 2310 ut

417 2357 590 2413 super
621 2359 763 2414 quas
790 2343 896 2416 ipsi
926 2343 1342 2401 fundebantur.
2122 2341 2309 2396 vinum
2340 2358 2375 2396 a
2404 2346 2560 2396 terra
2579 2343 2820 2413 praelata
2847 2344 3428 2417 susceptumJaetiﬁcet
3442 2360 3532 2399 cor
3551 2345 3720 2398 homi-

490 2429 588 2484 Vel
619 2429 698 2484 sic
720 2447 912 2484 versus
942 2431 1046 2486 iste
1075 2433 1284 2504 legitur
1309 2452 1326 2488 :
1359 2433 1482 2489 Dixi
1514 2435 1670 2507 quod
1691 2436 1862 2492 bestiae
1901 2453 2021 2504 agr:
2121 2431 2227 2496 nis,
2260 2427 2318 2483 id
2345 2433 2429 2484 est
2451 2445 2549 2485 cor
2569 2432 2736 2486 terrae
2769 2432 3009 2504 subditae
3039 2450 3160 2488 sese
3190 2432 3610 2487 rationabiliter
3625 2433 3728 2488 ha-

421 2516 710 2589 potabunt,
743 2521 802 2572 et
847 2521 1046 2588 onagri
1072 2521 1438 2591 expectabunt,
1472 2526 1529 2577 et
1555 2541 1708 2594 super
1737 2542 1818 2593 θα,
1849 2525 1908 2579 id
1938 2527 2024 2579 est
2123 2516 2313 2571 bentis
2343 2516 2414 2571 ad
2439 2517 2878 2575 similitudinem
2900 2521 3170 2576 hominis.
3204 2520 3370 2585 Quod
3397 2521 3718 2578 estdicere:

425 2607 730 2677 praeterea,
757 2605 935 2662 etiam
964 2606 1166 2662 voluces
1184 2610 1315 2676 caeli,
1348 2610 1407 2666 id
1429 2614 1515 2666 est
1543 2612 1623 2666 illi
1643 2612 1713 2666 de
1742 2613 1938 2668 bestiis
1967 2617 2023 2668 et
2124 2605 2256 2660 Ideo
2283 2606 2534 2677 praelatis
2553 2608 2808 2663 carnalia
2826 2609 3364 2680 suppeditabunt,ut
3381 2624 3488 2679 per
3517 2625 3720 2663 eorum

427 2694 658 2765 onagris
689 2693 785 2768 qui
803 2697 1140 2750 eruntleves
1169 2697 1240 2751 ad
1275 2699 1472 2754 omnia
1491 2699 1689 2756 illicita
1709 2705 1767 2756 et
1785 2701 2006 2757 instabi-

2148 2693 2398 2748 loctrinze
2412 2693 2586 2749 fidem
2596 2685 2905 2763 ,coélestem
2917 2697 3167 2768 gratiam
3182 2697 3467 2769 suscipere
3481 2697 3727 2764 valeant,

421 2781 504 2835 les
529 2782 602 2837 ad
619 2783 860 2838 modum
877 2785 1170 2839 volucrum
1203 2786 1482 2858 malignae
1509 2789 1693 2862 magis
1711 2793 1844 2845 sunt
1863 2807 2022 2862 vaga
2123 2781 2260 2854 quia
2275 2798 2475 2837 eorum
2489 2799 2589 2838 cor
2617 2783 2856 2839 interius
2879 2785 3222 2852 laetiﬁcetur,
3253 2801 3382 2856 quae
3395 2783 3594 2840 vinum
3622 2802 3730 2857 per

421 2885 596 2942 quam
617 2874 915 2928 terrestres
937 2874 1220 2941 volucres,
1241 2874 1651 2946 habitabant,id
1670 2879 1906 2934 estﬁent
1925 2880 2024 2934 ha-
2123 2869 2563 2927 SimilitUdinem
2595 2871 2821 2935 dieitur.
2863 2873 2999 2946 quia
3036 2873 3183 2929 sicut
3211 2873 3432 2940 Vinum.
3467 2874 3606 2928 dum
3638 2875 3730 2930 in-

423 2957 654 3027 bitales,
685 2959 898 3016 scilicet
928 2961 1158 3016 stabiles
1187 2962 1322 3017 etin
1346 2964 1500 3020 bono
1532 2971 1884 3035 constantes,
1917 2983 2021 3039 per
2054 2985 2104 3047 C
2124 2957 2309 3013 ebriat
2337 2975 2435 3014 c01‘
2462 2959 2736 3029 hominis,
2761 2960 2977 3017 alienat
3007 2977 3041 3016 8
3069 2960 3424 3028 δείθηὶίᾶνδίο
3449 2964 3509 3015 ει
3537 2960 3729 3031 gratia

418 3045 742 3103 doctrinam
782 3049 1090 3104 montium.
1141 3050 1423 3106 Et-solum
1455 3053 1584 3122 hoc,
1624 3055 1724 3109 sed
1763 3059 1820 3110 et
1865 3056 2019 3112 docti
2069 3045 2367 3103 "caelestis
2405 3063 2503 3103 cor
2528 3047 2678 3102 illius
2718 3065 2892 3120 quem
2926 3049 3154 3117 imbuit,
3188 3049 3401 3105 alienat
3427 3050 3726 3105 ascientia

417 3133 552 3189 facti
582 3136 801 3191 dabunt
827 3136 953 3192 aliis
978 3138 1222 3193 indoctis
1252 3156 1418 3195 voces
1447 3142 1874 3213 praedicationis
1897 3161 2015 3200 non
2120 3134 2396 3190 εωευὶθιτί·
2429 3135 2766 3207 «Sapientia
2791 3136 2949 3192 enim
2965 3137 3134 3209 hujus
3155 3137 3358 3192 mundi
3384 3138 3727 3194 stultitiaest
3756 3154 3766 3160 '

419 3222 812 3279 discordantes
831 3225 1495 3300 asuisprzedicatoribus,
1523 3232 1624 3287 sed
1642 3233 2018 3305 procedentes
2123 3223 2275 3293 apud
2307 3224 2486 3277 Deum
2542 3223 2591 3294 (1
2607 3222 2732 3278 σον·
2758 3242 2840 3292 III,
2874 3226 2982 3297 t9),
3012 3246 3040 3275 »
3074 3241 3138 3280 ac
3170 3225 3214 3279 Si
3242 3225 3394 3280 dicat
3422 3243 3435 3280 ε
3469 3227 3537 3280 Et
3579 3227 3712 3282 ideo

417 3309 484 3364 de
513 3312 680 3366 medio
681 3320 984 3382 petrarum,
1011 3314 1070 3368 id
1090 3317 1176 3368 est
1190 3315 1261 3370 de
1280 3321 1590 3376 concordia
1615 3337 1849 3376 suorum
1870 3337 1996 3391 prie

2151 3310 2306 3365 ,dhuc
2318 3313 2471 3365 terra
2485 3311 2713 3366 subdita
2724 3312 2922 3368 fenum
2947 3312 3294 3383 producit,ut
3316 3317 3470 3368 terra
3489 3315 3730 3384 praelata

419 3397 758 3454 dicatorum.
800 3400 924 3454 Dixi
954 3417 966 3455 :
1003 3400 1109 3464 Qui
1153 3407 1348 3458 emittis
1377 3405 1552 3474 fontes
1578 3409 1635 3462 in
1663 3408 1994 3464 convallibus

2150 3397 2375 3452 xhilaret
2391 3399 2584 3469 faciem
2613 3400 2950 3456 interiorem
2973 3405 3141 3456 terra:
3160 3401 3423 3469 subditae,
3437 3401 3729 3457 rationem

417 3484 479 3540 id
509 3485 677 3540 estin
708 3487 1196 3559 praedicatoribus,
1227 3494 1292 3547 tu
1342 3493 1467 3549 dico
1506 3497 1688 3566 rigans
1711 3504 1913 3551 montes
1957 3496 2021 3552 de
2121 3484 2382 3540 videlicet
2422 3487 2634 3543 anima:
2665 3489 2722 3544 in
2742 3488 2873 3557 oleo,
2902 3488 2960 3543 id
2991 3491 3076 3543 est
3104 3488 3167 3544 in
3199 3488 3592 3545 misericordia
3619 3507 3717 3546 re-

413 3575 773 3644 superioribus
800 3579 931 3647 suis,
961 3577 1018 3633 id
1045 3580 1129 3633 est
1142 3579 1340 3652 rigans
1365 3581 1515 3653 ipsos
1526 3583 1934 3655 praedicatores
1951 3586 1992 3641 dt

2148 3573 2412 3629 nissionis
2437 3579 2826 3647 peccatorum,
2849 3593 2976 3649 quas
3009 3578 3201 3632 oleum
3216 3577 3440 3646 dicitur,
3468 3594 3538 3634 eo
3567 3578 3727 3650 quod

421 3659 685 3718 doctrina
700 3665 1064 3736 superiorum
1079 3670 1470 3740 apostolorum
1484 3671 1698 3728 scilicet
1726 3673 1847 3729 Dixi
1867 3675 2022 3745 quod
2115 3661 2382 3735 animam
2407 3664 2708 3720 Πίῐίάίῧοᾶῑ
2736 3681 2800 3719 ec
2830 3666 3072 3722 hilarem
3087 3666 3242 3734 ῗδοίῐ,
3265 3665 3408 3721 Sicut
3433 3667 3626 3722 Oleum
3644 3666 3730 3721 fa-

423 3747 600 3805 bestia?
624 3757 674 3806 et
690 3755 892 3822 onagri
914 3772 1080 3826 aquas
1100 3755 1376 3813 doctrinm
1389 3760 1676 3830 potabant,
1697 3765 1755 3816 et
1783 3777 1889 3834 per
1913 3763 2002 3818 hoc

2149 3748 2271 3805 :iem
2294 3751 2529 3824 alicujus
2554 3753 2921 3822 exteriorem,
2945 3754 2992 3808 si
3016 3771 3082 3810 eo
3110 3755 3442 3827 inungatur,
3477 3755 3728 3809 nitidam

418 3839 575 3894 terra
591 3840 1323 3913 Deicultibilisefﬁcientur,
1343 3847 1650 3904 existentes
1666 3864 1827 3904 mare
1842 3849 2020 3920 prius.
2122 3840 2450 3905 facit.Qu0d
2491 3844 2576 3896 est
2601 3858 2664 3896 ac
2694 3842 2741 3897 si
2774 3841 2964 3898 dicat:
2998 3842 3131 3898 Ideo
3165 3843 3245 3898 eis
3288 3843 3448 3914 plebs
3492 3843 3721 3898 subdita

419 3925 490 3981 Et
515 3933 654 3982 terra
680 3929 776 3983 illa
793 3930 1100 3999 satiabitur,
1129 3931 1186 3987 id
1215 3936 1301 3988 est
1327 3935 1604 3990 satianter
1623 3940 1682 3991 et
1709 3939 1902 4009 ample
1931 3955 2021 3994 re-
2123 3929 2714 4001 carnaliasuggeritut
2736 3931 2958 4002 praelati
2973 3947 3101 3986 eam
3125 3931 3724 4005 misericorditer.per-

422 4014 693 4086 plebitur,
724 4016 787 4070 de
813 4017 1000 4085 fructu
1029 4035 1244 4089 operum
1272 4027 1506 4090 tuorum,
1533 4023 1593 4078 id
1611 4027 1696 4078 est
1710 4025 2018 4081 bonorum.
2124 4022 2251 4076 acta
2295 4018 2658 4090 pomitentia,
2693 4034 2724 4072 ει
2746 4019 2997 4090 peccatis
3015 4020 3259 4088 solvant,
3293 4041 3320 4070 ‹‹
3347 4018 3716 4092 Quaecunque

426 4099 591 4164 Quod
603 4102 918 4158 estdicere:
947 4105 1187 4177 Copiose
1201 4107 1361 4163 dabit
1376 4109 1532 4164 bona
1545 4127 1739 4183 opera.
1765 4113 1910 4168 Cum
1937 4114 2021 4168 di-
2125 4108 2261 4164 enin
2292 4106 2565 4162 solverint
2589 4122 2760 4176 super
2776 4111 3016 4176 terram,
3049 4110 3218 4163 erunt
3241 4109 3425 4163 soluta
3450 4108 3583 4164 etin
3613 4124 3725 4164 coe-

427 4187 526 4256 cit,
557 4195 804 4257 tuor-um;
835 4191 996 4247 idem
1022 4196 1108 4248 est
1146 4211 1211 4249 ac
1247 4194 1298 4250 si
1329 4195 1544 4253 diceret
1572 4198 1843 4255 bonorum.
1877 4202 2006 4257 Nam

2144 4195 2190 4250 is
2220 4193 2440 4268 (Matth.
2460 4211 2614 4261 xvm,
2651 4195 2794 4264 18).»
2821 4195 3153 4251 Notandum
3183 4199 3381 4251 tamen
3412 4197 3570 4268 quod
3605 4212 3723 4251 non

422 4292 598 4332 omne
629 4278 848 4334 bonum
875 4296 1018 4352 opus
1035 4298 1101 4336 ex
1115 4283 1231 4338 Deo
1252 4286 1354 4338 est.
1369 4285 1504 4340 Dico
1527 4288 1681 4358 quod
1702 4296 1844 4345 terra
1862 4293 2024 4346 satia-
2044 4257 2098 4318 D
2122 4283 2448 4339 intentione
2479 4282 2820 4351 carnalium,
2845 4283 2945 4338 sed
2959 4300 3026 4338 ex
3047 4286 3169 4340 sola
3196 4284 3595 4340 misericordia
3617 4286 3733 4340 sol-

423 4364 584 4434 bitur,
615 4373 754 4423 terra
807 4369 933 4424 dico
960 4369 1262 4441 producam
1303 4372 1493 4442 fenum
1528 4376 1816 4446 jumentis,
1848 4377 1910 4433 id
1934 4383 2020 4436 est
2121 4388 2252 4427 vere
2270 4371 2502 4426 debent.
2529 4371 2714 4427 Aliter
2737 4372 2897 4427 enim
2920 4372 3126 4427 solutio
3149 4388 3269 4428 non
3285 4373 3590 4428 esset.Sive
3618 4389 3725 4444 per

420 4452 720 4524 proferens
735 4458 1028 4512 carnalem
1045 4475 1234 4514 escam
1253 4460 1741 4533 praedicatoribus,
1763 4466 1926 4522 dictis
1930 4469 2022 4540 ju-
2124 4460 2319 4516 vinum
2373 4460 2702 4532 designatur
2751 4459 2810 4518 S.
2842 4459 3085 4532 Spiritus
3133 4461 3487 4534 septiformis
3513 4461 3725 4532 gratia,

423 4541 655 4609 mentis,
677 4560 745 4598 eo
774 4546 929 4616 quod
960 4547 1215 4604 subditos
1238 4549 1443 4620 juvent
1479 4553 1538 4606 et
1566 4557 1909 4623 sustentem,
1945 4557 2019 4612 ad
2123 4548 2246 4605 sine
2291 4565 2405 4620 qua
2437 4564 2610 4604 nemo
2638 4549 2974 4616 salvatur,ut
2996 4549 3230 4620 spiritus
3253 4549 3474 4604 consilli
3491 4553 3549 4604 et
3561 4549 3728 4604 forti-

420 4626 860 4686 similitudinem
883 4634 1306 4704 jumentorum.
1333 4637 1500 4701 Quod
1521 4643 1606 4694 est
1631 4641 1819 4698 dicere
1853 4661 1866 4698 :
1895 4645 2022 4717 Ipsa
2122 4637 2356 4704 tudinis,
2387 4639 2445 4690 et
2474 4639 2682 4691 eietera
2712 4635 2868 4691 dona
2896 4636 3238 4707 spiritualia.
3263 4638 3373 4693 Per
3403 4638 3596 4692 oleum
3623 4654 3724 4692 au-

417 4717 582 4790 plebs
596 4718 1315 4792 subdita,praadicatoribus
1336 4730 1596 4799 sumptus
1612 4729 1874 4787 ciborum
1892 4749 2024 4806 sug-
2122 4729 2240 4782 tem
2268 4725 2423 4799 quod
2441 4725 2651 4780 faciem
2677 4725 3023 4781 exteriorem
3043 4726 3730 4799 nitidiﬁcat,accipiuntur

421 4809 604 4894 geret,
626 4806 789 4879 juxta
818 4808 973 4880 quod
991 4809 1268 4867 Dominus
1295 4813 1468 4869 dicit:
1501 4838 1528 4866 ‹‹
1549 4816 1766 4890 Dignus
1781 4824 1866 4876 est
1881 4837 2021 4894 npe-
2123 4815 2235 4870 alia
2265 4814 2524 4886 ejusdem
2541 4814 2784 4869 caelestis
2807 4814 3008 4886 gratiae
3033 4815 3401 4882 charismata,
3421 4831 3548 4886 quae
3567 4819 3724 4870 exte-

420 4893 607 4977 rarius
636 4895 902 4952 mercede
931 4914 1032 4952 sua
1061 4897 1217 4974 (Luc.
1259 4918 1312 4968 x,
1346 4903 1420 4973 7).
1445 4924 1473 4952 »
1497 4904 1564 4958 Et
1582 4904 1642 4959 in
1669 4908 1797 4978 lege
1822 4893 2018 4981 Mopsi.
2121 4903 2238 4959 rius
2264 4903 2471 4971 nitent,
2505 4902 2626 4957 sine
2651 4902 2858 4974 quibus
2885 4905 3076 4974 potest
3088 4903 3212 4959 ﬁeri
3237 4903 3493 4972 salvatio,
3517 4908 3581 4958 ut
3600 4920 3730 4975 gra-

425 5003 456 5032 «
485 4982 610 5038 Non
639 4984 900 5055 alligabis
922 5002 989 5041 os
1005 4985 1134 5042 bovi
1165 4986 1456 5045 trituranti
1476 4991 1654 5059 (Deut.
1675 5011 1728 5060 v,
1754 4997 1816 5063 4;
1850 4987 2017 5052 ἴσον.
2122 4991 2203 5047 tia
2233 4990 2597 5046 curationum
2628 4993 2685 5045 et
2699 4990 3131 5060 miraculorum,
3154 4994 3212 5046 et
3233 4991 3462 5064 spiritus
3478 4991 3733 5063 prophe-

420 5085 496 5136 ιι,
527 5071 647 5143 9).»
675 5071 744 5126 Et
768 5073 1090 5144 Apostolus.
1132 5073 1234 5129 «Si
1266 5093 1371 5132 nos
1393 5078 1554 5134 vobis
1577 5079 1898 5152 spiritualia
1929 5101 2018 5140 se-
2120 5081 2520 5152 tite,etcretera
2536 5077 2630 5148 huj
2644 5077 2957 5146 usmodi,et
2977 5095 3094 5134 non
3111 5079 3299 5135 solum
3321 5082 3475 5134 terra
3497 5079 3736 5150 praelata

423 5157 1079 5231 minavimus,magnum
1093 5161 1234 5218 estsi
1247 5167 2022 5228 vestracarnaliametamus?
2122 5169 2332 5225 faciem
2363 5169 2534 5222 terrae
2555 5166 2800 5221 subdita:
2827 5166 3178 5222 exhilaretin
3196 5169 3360 5235 oleo;
3389 5167 3491 5222 sed
3515 5169 3735 5237 etpanis

424 5245 482 5319 (I
501 5244 628 5302 Cor.
649 5263 722 5316 1x,
749 5247 894 5319 11).»
911 5246 990 5303 Et
1017 5250 1341 5321 producens
1355 5253 1451 5309 illa
1472 5258 1599 5312 tera
1617 5257 1863 5314 fundata
1880 5261 2020 5316 sub-
2125 5257 2281 5313 vivus
2309 5254 2406 5328 qui
2437 5254 2508 5309 de
2557 5255 2700 5309 ccelo
2733 5253 3033 5309 descendit
3063 5254 3252 5327 (Joan.
3282 5271 3355 5323 v1,
3389 5256 3501 5326 38),
3542 5270 3730 5310 sacra-

425 5335 545 5391 dita
568 5335 779 5390 herbam
807 5337 1052 5393 servituti
1076 5339 1378 5411 hominum,
1405 5342 1466 5397 id
1483 5347 1567 5400 est
1593 5346 1667 5401 ad
1684 5362 1825 5418 opus
1845 5348 2022 5404 servi-
2127 5349 2417 5412 mentum,
2449 5341 2668 5399 scilicet
2689 5341 2971 5398 Dominici
2999 5343 3256 5415 corporis
3274 5361 3310 5399 a
3329 5346 3484 5398 terra
3493 5343 3732 5415 praelata

423 5422 1440 5486 tutishominum:scilicetservorum
1455 5431 1864 5503 hominum,ad
1881 5452 2028 5508 opus
2130 5433 2635 5506 datum,conﬁrmet
2655 5431 2714 5486 in
2741 5431 2903 5487 omni
2925 5432 3285 5505 perfectione
3297 5433 3468 5500 cor,id
3495 5434 3582 5487 est
3610 5431 3735 5487 ani-

426 5509 641 5597 scilicet
657 5510 1123 5583 praedicatorum.
1142 5515 1260 5572 Hoc
1277 5521 1473 5574 autem
1494 5519 1650 5576 idem
1676 5525 1763 5579 est
1787 5524 1944 5597 quod
1972 5527 2032 5581 et
2129 5540 2290 5580 mam
2301 5523 2528 5578 hominis
2545 5520 2987 5594 uniuscujusque
3000 5521 3173 5594 digne
3185 5518 3734 5593 suscipientis.Unde

426 5595 719 5656 oroducm
739 5598 925 5669 fenum
935 5598 1196 5673 jumentis
1217 5621 1235 5675 ;
1258 5606 1362 5666 sed
1388 5606 1545 5666 aliud
1573 5613 1737 5670 notat
1763 5595 1872 5687 per
1899 5629 2029 5693 ser-
2127 5612 2288 5671 idem
2303 5608 2584 5671 Dominus
2608 5627 2625 5669 :
2650 5631 2679 5664 «
2695 5608 2803 5678 Qui
2815 5609 3127 5669 manducet
3146 5610 3299 5668 hunc
3311 5608 3735 5684 panem,digne
