3998 6026
295 309 425 367 1181

1289 306 1643 369 axrosmo
1675 308 1746 368 IN
1782 307 2118 370 PSALMOS.
2157 265 2228 356 -ζ
2263 309 2464 370 PSAL.
2508 309 2622 370 cm

3472 320 3609 378 “82

294 427 530 496 scilicet,
549 424 768 483 vivetin
785 425 1140 484 aeternumin
1160 427 1358 486 anima
1385 430 1570 500 (112221.,
1594 433 1739 494 58).»
1769 430 1902 487 Dico
1926 438 1984 500 Α
2003 432 2232 504 tempus
2245 436 2540 488 terrenum
2563 435 3014 491 sustentaculum
3035 432 3494 508 habebunt;dum
3511 455 3608 495 au-

293 516 452 589 quod
481 515 692 572 subditi
714 515 1036 588 producent
1063 518 1266 572 fenum
1287 519 1559 590 praelatis,
1589 523 1652 574 ut
1675 519 1746 575 ab
1759 518 1896 592 ipsis

288 621 463 677 pane,
500 605 633 660 vino
661 608 718 660 et
745 607 871 661 oleo
897 606 1196 675 satientur,
1230 612 1289 663 et
1307 608 1388 662 ita
1417 608 1526 663 erit
1559 625 1572 662 :

358 691 758 748 Saturabantur
813 693 1049 767 quidem
1098 694 1184 749 his
1232 695 1444 750 divitiis
1472 712 1575 767 per
1604 697 1895 768 praelatos,

287 797 408 836 non
434 783 620 838 solum
647 782 849 850 Judaei,
882 783 982 838 sed
1005 787 1062 838 et
1092 783 1236 853 ligna
1267 787 1464 856 campi,
1497 784 1557 840 id
1586 788 1672 840 est
1700 785 1897 840 ﬁdeles

285 885 354 924 ex
384 869 668 940 gentibus,
698 869 796 943 qui
821 870 977 942 prius
1005 870 1242 926 fuerunt
1271 889 1388 928 non
1407 872 1566 944 ligna
1586 873 1896 945 horti,qum

283 957 479 1013 dulces
507 957 724 1013 fructus
752 958 1060 1030 proferunt
1086 976 1101 1027 ;
1151 959 1252 1014 sed
1298 959 1459 1031 ligna
1488 960 1698 1033 campi,
1722 959 1781 1015 id
1812 963 1898 1016 est

286 1049 635 1116 generantes
660 1046 895 1102 acerbos
946 1047 1164 1102 fructus
1195 1049 1488 1104 malorum
1521 1064 1788 1119 operum,
1823 1049 1896 1104 ad

282 1132 720 1189 similitudinem
737 1135 1013 1190 arborum
1035 1135 1224 1207 campi
1246 1135 1616 1204 incultarum,
1637 1154 1765 1210 quae
1784 1138 1898 1192 fru-

281 1224 407 1277 ctus
435 1223 670 1277 acerbos
699 1221 1018 1295 proferunt.
1052 1223 1176 1278 Non
1192 1223 1378 1279 solum
1399 1226 1594 1279 autem
1615 1224 1899 1296 ignobiles

283 1325 354 1365 ex
383 1309 650 1381 gentibus
670 1311 1100 1378 saturabantur,
1134 1312 1230 1366 sed
1254 1318 1304 1366 et
1318 1311 1462 1366 cedri
1483 1312 1693 1379 Libani,
1725 1312 1784 1367 id
1813 1316 1899 1368 est

283 1398 443 1454 cedri
473 1399 759 1467 candoris,
792 1399 1083 1472 principes
1108 1399 1321 1455 scilicet
1349 1400 1626 1456 sublimes
1655 1399 1716 1456 in
1758 1417 1894 1456 can-

284 1486 425 1542 dore
449 1487 736 1543 saacularis
753 1487 1175 1559 prosperitatis,
1204 1488 1278 1543 ad
1309 1489 1551 1544 modum
1563 1489 1890 1556 cedrorum,

283 1590 414 1648 quae
446 1575 718 1630 sublimes
747 1575 981 1631 arbores
1010 1578 1163 1631 sunt.
1199 1577 1267 1630 Et
1297 1592 1414 1631 non
1470 1577 1891 1648 qualescunque

292 1663 450 1718 cedri
481 1663 714 1732 Libani;
747 1664 848 1719 sed
900 1663 1012 1719 illae
1037 1664 1192 1719 cedri
1225 1682 1358 1736 quas
1376 1665 1667 1736 plantavit,
1701 1665 1762 1720 id
1807 1668 1892 1720 est

1999 521 2120 574 tem
2141 521 2200 576 in
2226 521 2335 576 hoc
2358 521 2494 576 nido
2518 526 2707 590 erunt,
2753 523 2826 578 ad
2875 527 3335 596 supercmlestem
3362 527 3602 583 domum

1998 608 2159 663 omni
2177 609 2459 665 desiderio
2477 610 2960 682 suspirabunt.Ad
2977 629 3153 685 quam
3173 615 3307 686 quia
3319 632 3424 687 per
3434 633 3494 671 se
3507 633 3602 672 ve-

1997 696 2122 752 nire
2136 714 2253 753 non
2267 700 2785 770 possent,Christus
2800 701 3048 756 existens
3072 702 3259 757 domus
3295 703 3516 772 herodii,
3544 704 3605 759 id

1998 788 2085 840 est
2114 786 2360 842 existens
2393 787 2528 860 ipsis
2551 788 2760 844 domus
2783 789 2993 862 refugii
3011 790 3072 844 in
3092 791 3199 846 hac
3215 791 3456 863 vita,qui
3473 797 3608 848 sunt

1995 873 2289 942 horodius,
2311 875 2421 931 erit
2441 876 2552 931 dux
2565 894 2765 943 eorum,
2781 877 2840 932 id
2861 881 2944 933 est
2961 879 3131 934 ducet
3143 896 3242 934 eos
3255 879 3330 934 ad
3355 879 3604 950 patriam

1996 977 2065 1016 ex
2089 963 2200 1018 hoc
2238 962 2402 1032 nido,
2431 963 2491 1018 in
2523 981 2637 1036 quo
2671 966 2745 1020 ad
2779 969 3007 1037 tempus
3033 967 3380 1022 habitabunt
3403 966 3463 1022 in
3493 969 3604 1024 hoc

1996 1051 2491 1122 mundo.Exponit
2506 1055 2699 1108 autem
2715 1069 2819 1124 per
2838 1053 2976 1125 quid
2993 1071 3090 1109 eos
3107 1054 3410 1123 ducet,hoc
3424 1056 3599 1111 modo

1997 1138 2212 1192 scilicet
2229 1138 2339 1193 erit
2355 1139 2467 1194 dux
2483 1157 2686 1207 eorum,
2717 1140 2853 1212 quia
2875 1143 3060 1208 cervis,
3083 1142 3141 1196 id
3171 1145 3257 1197 est
3287 1143 3506 1198 eisdem
3532 1143 3600 1198 ﬁ-

1992 1225 2238 1294 delibus,
2263 1231 2435 1282 erunt
2460 1228 2650 1282 excelsi
2669 1235 2892 1295 montes,
2922 1229 2981 1284 id
3008 1233 3094 1284 est
3114 1231 3296 1285 ardua
3313 1235 3602 1302 praecepta

1996 1314 2306 1386 refugium.
2323 1314 2488 1378 Quod
2506 1319 2592 1370 est
2613 1315 2935 1372 dicere:Per
2948 1317 3262 1372 arduorum
3279 1321 3602 1390 praecepto-

1994 1418 2127 1457 rum
2150 1403 2626 1474 completionem,
2660 1420 2758 1459 eos
2785 1404 2856 1459 ad
2886 1405 3133 1476 patriam
3152 1406 3339 1474 ducet,
3363 1423 3491 1477 qua:
3508 1407 3602 1461 hic

1995 1487 2076 1544 eis
2103 1493 2273 1544 erunt
2303 1490 2375 1545 ab
2401 1490 2745 1547 instantibus
2797 1491 3260 1564 suggestionibus
3288 1492 3596 1564 refugium.

1994 1576 2280 1642 Quoniam
2309 1594 2447 1649 ergo
2470 1578 2692 1634 dixerat
2729 1596 2865 1635 eum
2910 1580 3117 1635 ducem
3144 1596 3266 1635 esse
3296 1597 3600 1636 cervorum

1991 1669 2050 1720 et
2072 1665 2384 1738 refugium,
2418 1683 2492 1722 ne
2525 1667 2654 1739 quis
2683 1685 2817 1723 eum
2845 1668 3136 1723 dubitaret
3160 1685 3280 1724 esse
3309 1669 3601 1740 refugium

283 1767 425 1823 quas
458 1753 604 1807 Deus
624 1752 683 1806 in
700 1752 813 1808 ﬁde
831 1753 963 1808 etin
989 1752 1126 1824 ipsis
1157 1752 1366 1808 divitiis
1401 1753 1706 1824 plantabit,
1734 1757 1793 1809 et
1817 1753 1892 1808 ad
1914 1772 1964 1831 Β
1991 1751 2246 1820 illorum,
2279 1753 2374 1826 qui
2405 1770 2510 1810 nec
2542 1755 2712 1822 cervi,
2747 1770 2852 1810 nec
2899 1771 3154 1826 passeres
3184 1755 3297 1810 dici
3338 1759 3598 1827 possunt,

281 1839 594 1895 utilitatem
613 1857 849 1896 suorum
870 1841 1174 1913 plantabit.
1206 1840 1329 1899 Illic
1347 1843 1526 1909 enim,
1541 1841 1594 1896 id
1617 1846 1701 1898 est
1717 1841 1779 1897 in
1795 1859 1888 1897 ce-

281 1927 400 1983 dris
410 1928 520 1983 illis
534 1929 886 1998 nidiﬁcabunt
901 1947 1158 2000 passeres,
1202 1929 1263 1985 id
1283 1933 1370 1986 est
1385 1929 1657 1986 solatium
1684 1932 1742 1984 et
1766 1948 1888 1986 sus-

279 2017 638 2073 tentaculum
689 2018 988 2074 habebunt
1029 2018 1229 2074 ﬁdeles
1262 2018 1535 2096 monachi
1567 2022 1626 2074 et
1673 2019 1887 2084 clerici,

282 2105 421 2178 quia
450 2123 484 2161 a
513 2106 800 2162 consortio
833 2106 1264 2162 mundanorum
1293 2107 1578 2178 segregati
1608 2110 1780 2162 erunt
1816 2107 1891 2162 ad

283 2193 724 2250 similitudinem
743 2209 1062 2266 passerum,
1079 2194 1176 2267 qui
1204 2195 1468 2250 acaateris
1481 2195 1678 2250 avibus
1695 2211 1889 2266 segre-

280 2287 513 2356 gantur.
545 2284 607 2338 In
638 2283 1026 2338 sustentaculo
1047 2299 1301 2354 namque
1329 2282 1614 2339 facultatis
1629 2283 1888 2338 ﬁdelium

275 2372 602 2444 principum
634 2387 917 2443 pauperes
947 2371 1152 2426 Christi
1183 2374 1594 2426 sustentantur.
1642 2372 1712 2426 Et
1740 2371 1888 2426 bene

275 2458 443 2532 ponit
471 2457 860 2530 nidiﬁcabunt:
904 2459 1049 2514 sicut
1097 2458 1252 2514 enim
1277 2459 1520 2514 volucris
1557 2458 1631 2514 ad
1659 2461 1888 2530 tempus

276 2547 481 2602 nidum
510 2545 754 2615 habitat,
784 2546 862 2602 sic
888 2545 1083 2618 etipsi
1111 2563 1314 2602 eorum
1343 2546 1670 2618 principum
1695 2549 1886 2602 terre-

276 2651 420 2690 num
441 2634 716 2690 auxilium
737 2635 811 2690 ad
821 2636 1029 2691 horam
1051 2638 1466 2708 expetent,non
1485 2635 1545 2690 in
1559 2651 1627 2690 eo
1642 2634 1701 2690 in
1719 2637 1884 2691 aeter-

277 2739 421 2777 num
444 2722 1149 2794 sperabunt.«Maledictus
1170 2721 1518 2778 enimhomo
1538 2722 1887 2796 quiconﬁdit

278 2810 340 2865 in
371 2810 628 2880 homine,
663 2813 720 2866 et
749 2811 914 2882 ponit
943 2827 1182 2867 carnem
1230 2811 1534 2867 brachium
1564 2828 1732 2867 suum
1762 2815 1822 2867 et
1853 2828 1888 2867 a

281 2899 531 2954 Domino
547 2899 769 2972 recedit
782 2915 882 2954 cor
901 2899 1022 2970 ejus
1033 2897 1363 2972 (Jer.xvn,5.
1375 2899 1696 2972 »Sequitur.
1719 2899 1889 2955 Hero-

279 2985 361 3040 dii
384 2986 573 3042 domus
754 2971 772 3058 I
819 2987 930 3041 dux
968 2971 1061 3054 est,
1095 2987 1155 3042 id
1188 2991 1272 3043 est
1317 2988 1430 3043 erit
1475 2971 1673 3043 eorum.
1711 2989 1889 3044 Hero-

1990 1856 2122 1895 cum
2171 1841 2359 1897 adhuc
2401 1842 2461 1897 in
2511 1843 2814 1898 mundana
2859 1842 3245 1898 sollicitudine
3299 1843 3595 1914 degentes,

1989 1927 2388 2000 frequentibus
2397 1930 2646 2002 peccatis
2665 1929 3137 1995 involvantur,ad
3156 1930 3598 1986 similitudinem

1987 2016 2426 2073 herinaciorum
2459 2018 2559 2091 qui
2589 2017 2785 2073 multis
2814 2017 2994 2088 spinis
3025 2018 3479 2086 circumdantur,
3495 2018 3596 2074 ad-

1991 2104 2108 2159 dit:
2138 2105 2262 2160 Non
2294 2105 2484 2161 solum
2517 2105 2667 2160 cervi
2721 2105 3014 2177 refugium
3055 2106 3372 2174 habebunt,
3406 2106 3509 2160 sed
3539 2109 3598 2160 et

1979 2198 2162 2264 petra.
2190 2193 2250 2247 id
2280 2196 2365 2248 est
2391 2194 2664 2262 Christus,
2695 2192 2804 2249 erit
2828 2195 3101 2264 refugium
3130 2195 3494 2261 herinaciis,id
3513 2198 3598 2249 est

1988 2280 2097 2336 illis
2140 2281 2452 2336 mundanis
2499 2282 2597 2355 qui
2640 2284 2775 2336 sunt
2817 2282 3236 2354 comparabiles
3261 2281 3592 2338 herinaciis.

1989 2369 2110 2425 Erit
2139 2369 2375 2441 quidem
2405 2370 2488 2424 eis
2529 2369 2821 2442 refugium
2870 2386 2977 2442 per
3000 2370 3453 2441 completionem
3484 2370 3593 2424 mi-

1989 2473 2200 2513 norum
2233 2461 2683 2531 praceptorum,
2715 2460 2774 2512 et
2797 2457 2846 2512 si
2876 2475 2994 2513 non
3019 2459 3242 2529 possint
3263 2458 3595 2530 pertingere

1988 2544 2063 2600 ad
2094 2545 2364 2601 sublimia
2396 2546 2675 2602 mandata
2705 2545 2808 2601 Dei
2853 2562 2980 2617 quae
3007 2562 3126 2601 non
3161 2546 3293 2601 ideo
3323 2546 3594 2601 dicuntur

1986 2637 2278 2705 praecepta
2308 2637 2371 2688 ut
2391 2651 2459 2690 ex
2489 2633 2826 2690 necessitate
2858 2635 3007 2689 Deus
3039 2650 3107 2688 ea
3125 2633 3426 2706 praecipiat
3441 2648 3598 2690 com-

1986 2722 2152 2793 pleri.
2181 2721 2344 2776 Unde
2372 2723 2678 2793 Apostolus
2704 2721 2875 2776 dicit:
2929 2743 2957 2770 «
2994 2723 3076 2775 De
3106 2721 3424 2793 virginibus
3445 2737 3594 2792 prae-

1989 2812 2222 2880 ceptum
2245 2809 2478 2864 Domini
2519 2826 2638 2864 non
2681 2810 2890 2877 habeo,
2923 2807 3226 2864 consilium
3266 2812 3461 2864 autem
3518 2810 3591 2864 do

1988 2894 2036 2968 (1
2067 2895 2198 2952 Cor.
2240 2914 2314 2965 v1,
2362 2900 2472 2970 25).
2509 2897 2686 2952 nDico
2715 2897 2871 2968 quod
2901 2897 3048 2952 cervi
3083 2900 3143 2952 et
3169 2896 3427 2952 herinaci
3449 2897 3601 2952 refu-

1990 2984 2155 3056 gium
2185 2985 2422 3053 habent,
2456 2984 2554 3056 qui
2581 3000 2784 3040 omnes
2814 2984 2914 3039 ﬁlii
2936 2987 3069 3039 sunt
3097 2985 3380 3043 Ecclesiae.
3409 2985 3480 3040 Et
3494 3001 3596 3039 ne-

283 3075 410 3130 dius
439 3053 798 3130 autem'avis
841 3077 932 3130 “est
960 3053 1104 3130 adeo
1136 3075 1302 3130 fortis
1330 3079 1394 3131 ut
1423 3076 1601 3132 etiam
1634 3076 1887 3149 aquilam
1911 3053 1958 3113 Ο
1991 3053 2144 3128 cesse
2185 3072 2420 3144 quidem
2467 3053 2578 3126 erit
2608 3071 2918 3138 Ecclesiam
2949 3074 3136 3127 totam
3166 3072 3456 3144 refugium
3492 3073 3598 3128 ha-

279 3163 472 3219 vincat
498 3165 557 3218 et
580 3162 908 3231 interﬁciat,
934 3180 1063 3236 qua:
1093 3163 1209 3219 avis
1229 3163 1288 3219 in
1315 3165 1574 3221 cavernis
1591 3169 1889 3238 petrarum

279 3250 638 3306 habitat.Per
653 3255 877 3323 petram
892 3255 1122 3324 ergo,ut
1129 3253 1256 3323 jam
1273 3270 1424 3325 saepe
1446 3253 1765 3310 indicatum
1782 3256 1886 3322 est,

282 3339 539 3394 Christus
565 3340 977 3395 convenienter
992 3340 1294 3412 accipitur:
1313 3357 1418 3412 per
1428 3341 1740 3397 Herodium
1752 3358 1886 3397 vero

281 3427 604 3499 spirituales
633 3427 760 3496 viri,
805 3445 950 3500 quos
998 3428 1261 3499 superius
1292 3445 1532 3501 passeres
1584 3430 1742 3498 dixit,
1791 3428 1890 3502 qui

278 3532 413 3571 cum
438 3516 530 3571 hic
560 3515 858 3572 diabolum
882 3516 942 3572 in
988 3533 1206 3588 magna
1234 3520 1398 3588 parte
1429 3521 1723 3590 superent,
1756 3533 1889 3573 cum

279 3606 402 3677 ejus
429 3604 893 3677 suggestionibus
917 3608 1249 3677 repugnant
1268 3623 1282 3675 ;
1300 3605 1360 3660 in
1378 3605 1573 3662 futuro
1594 3623 1661 3662 ex
1674 3609 1795 3663 toto
1811 3605 1892 3660 sic

284 3709 422 3748 eum
451 3692 803 3748 interﬁciant
835 3693 1057 3749 meritis
1085 3693 1198 3748 suis
1241 3697 1305 3748 ut
1346 3711 1454 3750 nec
1483 3695 1544 3750 in
1570 3694 1650 3749 eis
1680 3694 1893 3750 habeat

286 3780 674 3853 suggestionis
692 3781 1122 3846 licentiam.Qui
1141 3781 1398 3837 diabolus
1413 3798 1519 3854 per
1538 3782 1793 3855 aquilam
1807 3781 1891 3836 in-

281 3869 583 3938 telligitur,
619 3888 747 3942 quin
775 3869 1022 3926 volucris
1041 3886 1218 3942 rapax
1232 3873 1339 3940 est,
1372 3887 1439 3926 eo
1472 3871 1629 3944 quod
1649 3871 1769 3943 ipse
1781 3869 1888 3926 sibi

280 3972 486 4028 rapere
510 3958 708 4014 ﬁdeles
737 3957 1022 4013 intendat.

291 4079 294 4081 λ
353 4045 570 4100 Horum
595 4045 790 4118 itaque
811 4046 1071 4102 ﬁdelium
1090 4045 1425 4102 ﬁrmissima
1439 4049 1605 4119 petra
1633 4046 1888 4103 Christus

283 4132 492 4189 domus
517 4139 602 4189 est
620 4134 850 4206 refugii,
875 4135 947 4191 ab
959 4135 1130 4206 hujus
1141 4135 1269 4191 vita:
1291 4135 1888 4207 peregrinatione,eos

282 4222 357 4278 ad
385 4222 634 4294 patriam
663 4224 954 4279 ccelestem
980 4240 1086 4296 per
1106 4223 1557 4295 completionem
1577 4227 1892 4297 praecepto-

1987 3162 2145 3217 bere.
2165 3164 2312 3216 Deus
2340 3160 2496 3216 enim
2517 3161 2647 3232 fecit
2672 3161 2856 3215 lunam
2871 3176 3239 3216 excursuram
3260 3163 3313 3215 in
3336 3168 3592 3232 tempora,

1989 3250 2048 3305 id
2074 3252 2159 3304 est
2177 3249 2350 3304 faciet
2375 3249 2680 3305 Ecclesiam
2699 3265 2861 3303 suam
2875 3249 3027 3304 lunae
3058 3249 3598 3321 comparabilem,et

1988 3339 2100 3394 hoc
2124 3355 2241 3394 non
2271 3338 2332 3392 in
2382 3340 2688 3406 aeternum,
2729 3337 2832 3392 sed
2862 3337 3198 3392 duraturam
3228 3338 3288 3392 in
3328 3337 3594 3392 similitu-

1991 3427 2125 3483 dine
2152 3428 2326 3501 lunae,
2359 3427 2614 3498 quandiu
2641 3428 2910 3497 tempora
2950 3427 3072 3482 haec
3101 3425 3396 3481 saecularia
3425 3425 3596 3480 dura-

1990 3514 2154 3570 bunt.
2189 3514 2355 3578 Quod
2393 3518 2478 3569 est
2503 3515 2726 3570 dicere:
2758 3515 2949 3570 Faciet
2973 3531 3103 3570 eam
3133 3515 3261 3570 talis
3287 3516 3511 3570 naturae
3533 3517 3598 3569 ut

1991 3603 2170 3674 possit
2199 3619 2452 3658 crescere
2471 3602 2534 3657 in
2564 3602 2892 3670 virtutibus,
2918 3605 2976 3657 et
3002 3602 3248 3658 deﬁcere
3261 3603 3336 3658 ad
3351 3601 3597 3658 medum

1990 3691 2142 3746 lunia
2163 3689 2470 3746 crescentis
2500 3692 2559 3745 et
2587 3689 2988 3745 decrescentis.

2061 3778 2389 3834 Notandum
2402 3783 2598 3833 tamen
2611 3777 2766 3850 quod
2777 3794 2895 3832 non
2907 3777 3126 3832 habent
3136 3779 3324 3833 exDeo
3337 3777 3493 3850 quod
3505 3777 3601 3832 de-

1988 3866 2190 3922 ﬁciunt
2205 3867 2403 3922 ﬁdeles
2425 3884 2439 3936 ;
2463 3867 2564 3922 sed
2575 3865 2942 3921 solummodo
2965 3882 3062 3921 eos
3080 3866 3223 3921 tales
3237 3865 3461 3934 fecit,ut
3478 3881 3600 3920 cre-

1990 3971 2146 4010 scere
2176 3955 2394 4028 possint
2413 3958 2473 4009 et
2499 3955 2848 4010 decrescere.
2880 3954 3126 4025 Exponit
3143 3957 3340 4009 autem
3361 3953 3596 4025 quando

1989 4043 2259 4099 deﬁcient
2274 4042 2508 4110 sic,dico
2531 4041 2810 4114 quoniam
2837 4041 3089 4096 Ecclesia
3114 4040 3456 4097 defectibilis
3485 4038 3598 4094 erit

1987 4135 2052 4188 ut
2080 4133 2237 4200 luna,
2271 4135 2330 4188 et
2354 4134 2492 4186 tunc
2522 4130 2759 4203 quidem
2781 4129 3011 4185 deﬁciet
3029 4129 3261 4203 quando
3277 4128 3382 4200 solj
3392 4127 3600 4184 ustitite

1990 4219 2245 4276 Christus
2273 4219 2354 4276 eis
2379 4219 2620 4287 occidet,
2647 4218 2848 4291 gratia:
2871 4235 2987 4274 suae
3016 4219 3388 4290 splendorem
3413 4216 3486 4272 ab
3517 4217 3599 4270 eis

282 4324 416 4364 rum
445 4327 683 4366 suorum
709 4310 1008 4366 reducens.
1039 4311 1321 4367 Dicuntur
1341 4312 1521 4367 etiam
1541 4312 1718 4368 iidem
1745 4313 1887 4368 fide-
1914 4307 1966 4368 D
1990 4308 2327 4366 auferendo.
2369 4309 2438 4363 Et
2455 4307 2534 4362 sol
2559 4306 2655 4362 ille
2685 4323 2805 4362 non
2836 4306 3058 4362 occidet
3085 4306 3298 4377 absque
3329 4304 3554 4360 ratione
3580 4320 3596 4372 ;

282 4398 365 4457 les
395 4399 544 4454 cervi
575 4416 718 4471 quos
737 4399 862 4471 jam
910 4416 1166 4470 passeres
1204 4403 1262 4455 et
1304 4399 1574 4456 herodios
1619 4400 1888 4469 diximus,

285 4485 420 4558 quia
446 4486 592 4542 sicut
620 4487 771 4542 cervi
811 4488 1095 4560 serpentis
1146 4504 1374 4544 venena
1421 4492 1792 4555 consumunt,
1832 4493 1892 4543 et

283 4590 417 4630 cum
434 4591 468 4630 a
488 4576 1138 4650 canibusinsequuntur,
1154 4576 1376 4649 spineta
1387 4593 1616 4632 summa
1635 4576 1890 4648 agilitate

285 4663 346 4718 et
363 4662 487 4717 sine
508 4663 931 4735 impedimento
949 4663 1364 4732 transiliunt,et
1377 4663 1451 4719 ad
1467 4663 1716 4719 excelsos
1729 4679 1893 4719 mon.

283 4755 372 4807 tes
399 4751 716 4826 refugiunt,
743 4753 824 4807 sic
852 4755 910 4808 et
936 4752 1044 4825 ipsi
1075 4752 1180 4808 viri
1207 4754 1405 4809 ﬁdeles
1436 4752 1711 4808 vitiorum
1743 4753 1801 4808 in
1833 4769 1892 4809 se

285 4839 417 4910 etjin
435 4840 558 4896 aliis
568 4857 790 4897 venena
801 4844 1229 4905 consumunt,et
1240 4858 1370 4898 cum
1383 4841 1463 4897 eis
1475 4840 1892 4897 diabolicarum

286 4929 723 5000 suggestionum
749 4927 974 5001 spineta
1001 4933 1327 4998 occurrunt,
1344 4946 1414 4985 ea
1429 4946 1544 4985 suae
1578 4928 1894 4984 sanctitatis

288 5017 540 5088 agilitate
571 5017 732 5074 illmsi
759 5016 1108 5085 transiliunt,
1130 5020 1190 5073 et
1217 5018 1291 5074 ad
1311 5019 1583 5075 sublimia
1605 5016 1814 5074 Christi
1834 5019 1893 5072 et

287 5105 469 5161 ardua
492 5109 782 5178 praecepta
799 5106 1150 5178 complenda
1163 5105 1481 5178 refugiunt,
1512 5123 1640 5180 quae
1655 5108 1894 5178 propter

287 5194 374 5250 sui
385 5195 785 5250 excellentiam
802 5193 1097 5250 montibus
1112 5199 1620 5267 comparantur,eo
1643 5196 1798 5269 quod
1811 5195 1894 5250 ni-

287 5284 399 5339 mis
413 5284 528 5339 alia
548 5284 663 5340 sint
680 5286 740 5339 et
753 5300 786 5339 a
798 5283 933 5339 solis
944 5283 1214 5355 perfectis
1233 5286 1542 5357 completa;
1565 5285 1711 5340 sicut
1725 5284 1894 5356 virgi-

287 5371 669 5440 nitas,mundi
681 5375 1131 5443 contemptus,et
1141 5375 1349 5427 caetera
1365 5373 1463 5444 huj
1471 5372 1893 5428 usmodi.Litte-

286 5476 354 5517 ra
367 5476 502 5515 vero
519 5459 599 5515 sic
617 5461 942 5533 adaptatur:
964 5460 1098 5516 Dico
1111 5461 1267 5534 quod
1279 5477 1513 5532 passeres
1532 5460 1593 5516 in
1607 5460 1790 5516 cedris
1806 5463 1891 5515 ni-

288 5547 821 5607 diﬁcabunmcilicet
838 5547 900 5605 in
912 5547 1186 5607 facultate
1202 5546 1463 5606 ﬁdelium
1471 5548 1801 5623 principum
1817 5549 1895 5608 ad

1989 4399 2090 4454 sed
2119 4397 2453 4469 cognovit,id
2474 4399 2560 4452 est
2588 4399 2896 4468 cognoscet
2923 4411 3166 4451 occasum
3191 4411 3370 4457 suum,
3388 4393 3603 4469 scilicet

1988 4466 2298 4560 cognoscet
2307 4466 2813 4556 causam,quarein
2834 4483 2913 4538 eis
2925 4466 3464 4541 occidendumsit.4
3491 4466 3508 4552 I
3529 4467 3594 4552 2

2001 4576 2112 4631 Pro
2142 4574 2316 4629 malis
2335 4573 2549 4645 quippe
2579 4570 2801 4626 meritis
2820 4586 3044 4639 eorum,
3072 4569 3134 4625 in
3157 4571 3238 4626 eis
3248 4569 3600 4629 occidet.Fa-

1991 4663 2068 4718 cit
2084 4665 2278 4717 autem
2293 4660 2706 4732 apostropham
2731 4659 2806 4714 ad
2820 4661 3003 4715 Deum
3018 4677 3084 4715 ex
3098 4660 3402 4716 aﬂectione
3416 4656 3602 4714 nimia

1991 4751 2090 4807 sic.
2123 4749 2284 4812 Dico,
2316 4765 2349 4803 ο
2375 4749 2460 4803 sol
2477 4748 2735 4819 justitiez,
2769 4747 3012 4817 Christe,
3045 4747 3322 4821 quoniam
3335 4747 3394 4801 in
3409 4747 3600 4800 Eccle-

1991 4838 2088 4895 sia:
2111 4837 2454 4910 quibusdam
2468 4836 2600 4892 ﬁliis
2623 4836 2866 4904 occides,
2889 4838 2947 4892 et
2985 4834 3300 4892 occidendo
3330 4833 3390 4889 in
3410 4833 3490 4888 eis
3493 4849 3598 4905 po-

1989 4928 2162 4989 suisli,
2189 4925 2249 4980 id
2289 4928 2374 4980 est
2416 4941 2599 4997 pones
2623 4926 2861 4980 tenebras
2897 4927 3292 4996 peccatorum.
3319 4921 3482 4986 Quod
3512 4923 3599 4976 est

1992 5016 2219 5072 dicere:
2247 5015 2652 5071 Subtrahendo
2685 5014 2757 5070 ab
2789 5013 2870 5070 eis
2895 5015 3083 5068 lucem
3101 5011 3302 5083 gratiae
3320 5014 3598 5083 tuae,per-

1991 5105 2185 5160 mittes
2209 5104 2270 5159 in
2289 5104 2373 5160 eis
2401 5103 2739 5174 contingere
2773 5101 3038 5157 tenebras
3057 5103 3426 5172 peccatorun,
3457 5099 3596 5156 etsic

1989 5193 2139 5264 facta
2168 5199 2264 5260 est,
2297 5193 2357 5247 id
2377 5195 2463 5247 est
2481 5191 2561 5246 sic
2583 5190 2684 5244 ﬁet
2698 5188 2757 5243 in
2791 5188 2871 5243 eis
2903 5204 3028 5256 nox,
3058 5187 3239 5256 idest,
3267 5188 3594 5256 exciecatio,

1992 5286 2056 5338 ut
2079 5282 2142 5336 in
2173 5280 2420 5353 peccatis
2461 5276 2777 5345 existendo,
2810 5276 2998 5348 magis
3035 5276 3224 5332 adhuc
3263 5276 3598 5332 sordescant

1994 5371 2187 5444 (Apoc.
2218 5387 2350 5440 xxn,
2398 5367 2502 5440 ll).
2553 5367 2668 5423 Hoc
2703 5368 2899 5420 autem
2945 5364 3085 5420 dicit
3123 5364 3198 5420 ad
3241 5364 3444 5437 gratiae
3495 5362 3598 5418 Dei

1990 5457 2586 5525 commendationem,
2604 5458 2668 5510 ut
2687 5471 2817 5510 eam
2831 5453 3020 5527 magis
3042 5457 3311 5526 optemus
3331 5451 3598 5508 cumsine

1991 5548 2118 5622 ipsa
2135 5547 2219 5605 nil
2237 5545 2379 5604 boni
2390 5545 2582 5603 facere
2602 5541 2907 5617 possimus.
2942 5543 3077 5601 Dico
3101 5541 3259 5618 quod
3293 5540 3394 5598 ﬁet
3424 5539 3484 5598 in
3513 5538 3600 5599 eis
