4008 6040
459 297 597 360 1183

1069 298 1127 357 S.
1167 295 1512 356 BRUNONIS
1552 287 2181 355 CARTHUSIANORW
2215 288 2682 349 INSTI'I‘U'I‘ORIS
2721 286 2877 347 OPP.
2918 283 3087 344 PASS
3126 285 3148 341 I

3631 279 3778 338 1184

461 439 574 479 nox
605 418 1016 488 excaecationis,
1048 422 1108 475 et
1131 420 1191 474 in
1217 421 1330 490 ipsa
1359 419 1552 484 nocte,
1583 415 1645 472 id
1673 418 1760 472 est
1789 411 2046 486 quandiu
2075 429 2131 487 Α
2153 419 2407 486 ιεηψονα,
2429 412 2490 468 id
2518 413 2602 466 est
2627 426 2754 483 qua;
2798 406 3002 464 tandiu
3028 403 3141 461 erit
3167 399 3426 476 quandiu
3453 399 3580 456 hac
3612 401 3775 456 tem-

459 510 522 568 in
554 511 634 567 eis
662 528 775 567 nox
823 507 1215 566 excazcationis
1245 506 1376 570 erit,
1408 503 1811 577 pertransibunt
1857 502 1916 558 in
1957 517 2055 557 eos
2154 519 2298 576 pora
2340 501 2649 558 durabunt.
2682 502 2753 556 Et
2777 514 2883 571 per
2909 497 3033 553 haec
3091 492 3337 550 Ecclesia
3356 491 3774 557 constituetur,

459 600 650 656 eundo
665 601 736 654 de
751 597 1068 654 tentatione
1087 596 1148 652 in
1173 595 1559 652 tentationem
1578 608 1756 648 omnes
1778 591 1950 646 bestiae
1963 590 2056 645 sil-

456 688 776 757 va’,scilicet
794 686 1033 759 maligni
1044 685 1275 758 spiritus
1291 685 1547 740 crudeles
1563 686 1622 737 et
1638 680 2059 738 irrationabiles

456 778 532 833 ad
547 778 792 834 modum
815 777 1132 832 bestiarum
1154 793 1169 844 ;
1202 774 1299 848 qui
1323 776 1512 830 solent
1532 773 1798 829 habitare
1816 771 1878 827 in
1898 773 2056 839 silva,

458 865 519 922 id
550 865 702 921 estin
725 865 992 937 gentibus
1006 881 1134 937 quae
1149 864 1378 919 incultas
1399 864 1532 918 sunt
1544 862 1792 919 utsilvas.
1818 861 1944 916 Non
1967 875 2058 915 so-

454 953 578 1010 lum
595 958 790 1010 autem
805 955 919 1025 mai
929 970 1055 1010 ores
1066 951 1346 1020 bestiaa,id
1359 954 1445 1007 est
1457 950 1678 1024 praelati
1697 949 1939 1022 maligni
1952 948 2062 1020 spio

2157 593 2292 666 quia
2301 593 2382 648 sol
2382 591 2616 665 justitiae
2633 585 3140 655 Christuscognovit
3156 598 3400 640 occasum
3413 579 3661 648 suum,id
3688 581 3786 634 est

2159 685 2467 754 cognoscet
2489 682 2762 744 mortem,
2777 675 2989 732 scilicet
3003 673 3370 738 morietur,et
3386 685 3492 742 per
3515 672 3784 725 mortem

2159 769 2208 840 ej
2218 768 2511 836 usluna,id
2535 770 2620 822 est
2634 757 3555 837 Ecclesia,constituetur.Exponit
3573 761 3786 813 autem

2159 874 2264 929 per
2274 857 2415 930 quid
2433 857 2519 912 sol
2537 855 2727 911 veniet
2741 853 2814 910 ad
2829 849 3336 918 occasum,faciens
3357 847 3783 920 apostropham

2161 948 2236 1003 ad
2262 946 2451 1018 ipsum
2483 946 2664 1001 solem
2703 957 2961 1015 congrua
2983 937 3230 1006 ratione,
3263 936 3376 992 sic:
3404 935 3565 1001 Dico,
3601 951 3640 1018 ρ

454 1041 598 1098 ritus
599 1005 1021 1113 pertransibunt,
1041 1040 1144 1096 sed
1158 1005 1334 1096 etiam
1349 1005 1518 1094 catuli
1547 1005 2063 1102 ιεοηυηιῄὰέειηλί-
2154 1005 2702 1108 justitiee,quoniam
2723 1005 2914 1088 venies
2934 1029 3008 1085 ad
3033 1005 3320 1090 occasum,
3340 1028 3400 1080 et
3419 1040 3554 1080 ecce
3579 1006 3690 1092 4|
3713 1005 3778 1092 3

455 1146 625 1185 nores
639 1129 912 1185 etsubditi
921 1128 1079 1198 ,dicti
1094 1127 1360 1195 catuli,eo
1373 1127 1530 1200 quod
1546 1126 1860 1198 majoribus
1875 1124 2064 1181 subdi-

453 1217 498 1273 ti
514 1221 670 1285 sunt;
695 1217 840 1272 sicut
858 1217 1122 1272 leonibus
1132 1215 1298 1271 catuli
1301 1215 1712 1286 pertransibunt
1733 1215 1792 1269 in
1822 1231 1940 1281 eos,
1959 1229 2064 1285 per

456 1303 826 1372 tentatioues,
849 1306 1136 1375 rugientes,
1170 1305 1230 1359 id
1253 1308 1339 1359 est
1363 1303 1584 1359 feroces
1603 1302 1677 1357 ad
1707 1302 1948 1357 modum
1974 1317 2064 1355 ca-

455 1391 732 1460 tulorum,
753 1408 1000 1464 quorum
1019 1391 1286 1447 ferocitas
1314 1408 1418 1463 per
1435 1390 1692 1462 rugitum
1718 1389 2059 1445 ostenditur.

456 1478 525 1533 Et
550 1479 623 1534 ad
650 1479 760 1534 hoc
790 1479 851 1534 in
883 1496 980 1535 eos
994 1479 1399 1550 pertransibunt
1423 1485 1484 1532 ut
1515 1478 1668 1550 ipsos
1721 1479 1932 1548 rapiant
1959 1492 2062 1549 per

458 1583 825 1634 consensum,
859 1571 917 1623 et
947 1568 1082 1640 quia
1108 1585 1224 1624 non
1257 1572 1534 1640 poterunt
1569 1584 1668 1622 eos
1697 1583 1922 1638 rapere,
1953 1565 2060 1622 nisi

457 1655 707 1711 Domino
723 1655 1118 1727 permittente,
1148 1655 1222 1710 sic
1229 1656 1633 1727 pertransibunt
1644 1657 1706 1711 ut
1725 1654 2061 1726 priusquam

2163 1123 2456 1198 quomodo
2486 1122 2560 1178 ad
2591 1135 2857 1178 occasum
2873 1116 3238 1174 venies.Nam
3247 1113 3484 1186 posuisti
3513 1111 3780 1176 tenebras,

2163 1197 2434 1268 subaudis
2462 1209 2523 1265 in
2548 1208 2778 1272 Judmis,
2809 1207 2870 1262 id
2899 1207 2986 1261 est
3016 1203 3358 1260 subtrahens
3389 1199 3499 1256 illis
3525 1197 3779 1271 gratiam

2163 1304 2346 1368 tuam,
2382 1297 2687 1372 permittes
2729 1295 2791 1350 in
2813 1294 2896 1350 eis
2919 1309 3042 1349 esse
3072 1291 3341 1347 tenebras
3378 1285 3781 1345 excaecationis

2164 1405 2270 1461 pro
2304 1388 2474 1444 malis
2499 1385 2720 1442 meritis
2752 1399 2977 1450 eorum,
3010 1385 3068 1436 et
3097 1380 3176 1436 sic
3194 1380 3342 1451 facta
3372 1383 3446 1434 est
3473 1375 3670 1442 ποετρὰ
3689 1377 3775 1429 est

2161 1478 2262 1532 fiet
2290 1493 2450 1533 mors
2484 1476 2600 1531 illa.
2633 1473 2800 1538 Quod
2820 1474 2906 1528 est
2934 1471 3155 1527 dicere:
3197 1466 3649 1524 Excaecabuntur
3677 1479 3778 1534 per

2162 1565 2616 1621 subtractionem
2649 1560 2872 1634 gratias,
2893 1562 2950 1614 et
2976 1559 3055 1614 sic
3081 1559 3139 1613 te
3159 1556 3380 1613 dabunt
3406 1555 3465 1608 in
3493 1557 3771 1610 mortem.

2163 1657 2233 1710 Et
2263 1659 2321 1709 in
2346 1658 2461 1728 ipsa
2492 1656 2684 1721 nocte,
2717 1651 2777 1706 id
2807 1653 2892 1705 est
2922 1650 2980 1704 in
3035 1650 3305 1719 tempore
3354 1645 3532 1717 ipsius
3574 1642 3777 1698 mortis

457 1760 556 1800 eos
583 1743 833 1815 rapiant,
852 1751 1092 1816 quaerant
1119 1761 1151 1799 a
1181 1743 1294 1798 Deo
1309 1761 1426 1799 non
1450 1760 1588 1799 voce
1606 1744 1707 1798 sed
1732 1742 2058 1810 affectione,
2087 1739 2138 1800 B
2157 1745 2557 1817 pertransibunt
2584 1740 2817 1798 diversis
2837 1735 3254 1794 tentationibus
3268 1734 3328 1790 in
3353 1733 3769 1805 apostolosom-

457 1829 613 1900 ipsos
640 1847 812 1887 escam
838 1831 959 1898 sibi,
986 1831 1046 1886 id
1070 1834 1155 1887 est
1171 1836 1438 1904 quierant
1465 1835 1627 1888 aDeo
1652 1831 1945 1888 licentiam
1964 1847 2064 1888 eos

457 1917 792 1988 devorandi,
825 1919 970 1975 sicut
995 1937 1123 1977 esca
1163 1939 1290 1994 qua:
1337 1921 1663 1977 devoratur.
1720 1921 1858 1975 Esca
1902 1920 2062 1975 enim

455 2023 662 2064 eorum
695 2009 851 2064 nulla
871 2009 983 2065 alia
1012 2013 1116 2077 est,
1141 2009 1248 2064 nisi
1275 2013 1340 2065 ut
1363 2009 1562 2064 ﬁdeles
1587 2025 1690 2080 per
1719 2024 2062 2064 consensum

455 2099 514 2150 et
524 2111 701 2167 opera
710 2098 866 2152 mala
879 2098 1176 2153 devorent.
1199 2098 1362 2153 Unde
1383 2098 1453 2152 de
1467 2099 1572 2154 Job
1591 2097 1820 2170 legitur:
1844 2096 2062 2161 «Quem

457 2181 634 2239 Satan
669 2184 835 2254 petiit
883 2189 946 2239 ut
970 2187 1243 2253 tentaret,
1295 2188 1355 2240 et
1405 2185 1539 2240 data
1564 2188 1650 2239 est
1677 2184 1730 2239 ei
1750 2186 2002 2255 potestas
2029 2200 2065 2238 a

457 2271 705 2328 Domino
717 2272 778 2327 in
789 2272 1128 2328 facultatem
1147 2277 1206 2328 et
1219 2273 1278 2327 in
1291 2289 1528 2329 carnem
1541 2272 1590 2344 ej
1599 2272 1809 2345 us(Job.
1819 2271 2024 2344 11,5,6).
2034 2291 2062 2322 ››

527 2363 840 2433 Postquam
860 2363 1113 2418 ostendit
1141 2363 1388 2435 qualiter
1416 2363 1665 2418 Ecclesia
1694 2363 1940 2432 deﬁciat,
1958 2362 2062 2418 So-

455 2448 512 2503 le
570 2448 808 2520 justitia:
851 2449 958 2521 ipsi
1000 2450 1318 2518 occidente,
1370 2451 1625 2508 ostendit
1666 2452 1910 2524 qualiter
1962 2467 2062 2506 an-

455 2539 788 2607 gmentetur
816 2538 937 2593 sole
966 2538 1174 2594 eodem
1207 2538 1310 2594 sibi
1341 2538 1564 2594 oriente
1593 2539 1672 2594 sic
1704 2557 1717 2594 :
1751 2539 1884 2594 Dico
1909 2538 2065 2611 quod

461 2621 562 2678 Sol
594 2623 850 2680 Christus
871 2626 1217 2698 quibusdam
1275 2626 1537 2682 Ecclesia;
1576 2627 1706 2681 ﬁliis
1734 2627 1972 2694 occidet,
2007 2630 2064 2683 et

454 2709 534 2766 sic
563 2710 674 2768 erit
697 2712 756 2767 in
787 2713 867 2771 eis
884 2731 1011 2782 nox,
1033 2717 1090 2770 et
1090 2714 1494 2786 pertransibunt
1513 2731 1690 2771 omnes
1710 2714 1878 2770 bestia:
1897 2713 2060 2772 silvae.

457 2801 664 2856 Postea
691 2817 824 2856 vero
841 2809 987 2857 ortus
1009 2810 1083 2856 est
1109 2801 1205 2857 sol.
1228 2803 1290 2858 Id
1320 2804 1406 2858 est
1425 2801 1644 2858 orietur
1663 2803 1745 2857 eis
1772 2803 1867 2858 Sol
1889 2803 2062 2872 justi-

450 2886 570 2956 tiaa,
599 2888 873 2958 Christus,
901 2890 1198 2946 reddendo
1227 2890 1308 2945 eis
1329 2891 1518 2946 lucem
1536 2891 1757 2963 gratiae,
1792 2897 1842 2945 et
1870 2889 2060 2945 orien-

453 2976 515 3029 te
540 2975 671 3032 Sole
692 2979 1000 3048 congregati
1023 2985 1167 3045 sunt,
1198 2978 1256 3033 id
1287 2981 1373 3034 est
1402 2979 1934 3050 congregabuntur,
1967 2994 2060 3034 ca-

456 3062 563 3118 tuli
589 3062 800 3120 scilicet
843 3083 945 3121 eos
967 3065 1281 3134 dimittent,
1321 3074 1370 3121 et
1399 3068 1454 3121 in
1481 3067 1739 3122 cubitibus
1759 3068 1876 3123 suis
1903 3067 2061 3121 collo-

457 3152 810 3221 cabuntur,id
827 3156 913 3209 est
927 3170 1046 3210 non
1061 3156 1248 3210 solum
1263 3171 1362 3210 eos
1377 3154 1802 3223 dimittent;sed
1829 3155 2008 3210 etiam
2029 3173 2064 3211 a

2162 1853 2251 1890 nes
2267 1835 2437 1889 bestiae
2452 1832 2618 1900 siluae,
2649 1831 2709 1886 id
2746 1831 2833 1884 est
2856 1826 3094 1898 maligni
3124 1823 3354 1896 spiritus
3387 1823 3647 1878 volentes
3676 1836 3773 1877 eos

2160 1938 2434 1980 revocare
2465 1938 2499 1976 a
2527 1936 2626 1991 spe
2647 1914 3087 1973 resurrectionis
3105 1916 3242 1984 tum,
3271 1929 3306 1968 ο
3339 1910 3658 1978 Christe,et
3676 1925 3770 1964 ex-

2162 2012 2454 2083 stinguere
2467 2007 2720 2064 nominis
2733 2006 2813 2060 tui
2833 2003 3271 2060 memoriam.In
3282 2004 3548 2072 tempore
3559 1998 3772 2070 quippe

2162 2098 2442 2172 passionis
2471 2096 2759 2168 praecipue
2777 2093 2884 2149 nisi
2907 2094 3040 2148 sunt
3061 2092 3356 2146 daemones
3378 2087 3669 2160 apostolos
3684 2103 3767 2140 se—

2164 2188 2394 2255 ducere,
2429 2185 2730 2242 occasione
2761 2180 2966 2238 mortis
2992 2178 3217 2246 Christi,
3250 2177 3481 2250 quando
3509 2175 3770 2231 fecerunt

2165 2278 2400 2332 Petrum
2432 2291 2568 2330 eum
2591 2287 2827 2345 negare,
2859 2273 2919 2325 et
2951 2270 3079 2341 post
3104 2267 3389 2322 Thomam
3411 2263 3482 2319 de
3511 2279 3764 2318 resurre-

2164 2363 2354 2419 ctione
2385 2363 2506 2434 ejus
2535 2360 2822 2426 dubitare,
2872 2360 2931 2412 et
2966 2356 3144 2414 etiam
3195 2353 3476 2427 quosdam
3505 2353 3646 2406 alios
3674 2349 3769 2422 qui

2164 2451 2568 2508 dixeruntzNos
2581 2447 2928 2521 putabamus
2942 2445 3097 2518 quod
3108 2442 3200 2499 hic
3207 2442 3615 2513 redempturus
3627 2442 3769 2496 esset

2164 2541 2334 2596 Israel
2354 2539 2514 2608 (Luc.
2545 2553 2694 2604 xxxv,
2726 2535 2837 2606 2t).

2235 2628 2397 2684 Unde
2428 2625 2708 2682 Dominus
2733 2623 2886 2679 circa
2907 2619 3188 2696 passionis
3224 2625 3456 2691 tempus
3485 2619 3660 2674 Petro
3691 2616 3767 2671 di-

2163 2716 2310 2772 xisse
2340 2715 2582 2788 legitur:
2608 2735 2637 2765 «
2678 2711 2910 2779 Simon,
2942 2727 3073 2766 ecce
3105 2710 3348 2765 Satanas
3370 2705 3644 2780 expetivit
3670 2721 3764 2760 vos

2164 2809 2228 2861 ut
2275 2791 2523 2860 cribaret
2566 2802 2710 2857 sicut
2738 2800 3015 2856 triticum.
3048 2801 3166 2871 Ego
3197 2800 3395 2853 autem
3424 2795 3625 2867 rogavi
3662 2809 3763 2865 pro

2161 2897 2239 2962 te,
2267 2896 2326 2949 et
2348 2896 2410 2948 tu
2439 2890 2750 2964 aliquando
2780 2905 3086 2944 conversus
3107 2886 3392 2943 conﬁrma
3415 2885 3623 2940 fratres
3642 2886 3764 2936 tuos

2165 2982 2322 3056 (Luc,
2350 2998 2506 3048 xxn.,
2558 2982 2647 3048 3i,
2675 2977 2792 3049 32).
2819 2998 2847 3028 »
2883 2978 2953 3033 Et
2990 2994 3108 3033 non
3147 2977 3330 3031 solum
3384 2973 3637 3044 majores
3668 2972 3764 3026 be-

2166 3071 2287 3126 stiae
2311 3069 2464 3125 silvae
2495 3065 2928 3139 pertransibunt
2953 3065 3011 3119 in
3053 3064 3363 3135 apostolos,
3391 3061 3492 3117 sed
3521 3064 3579 3115 et
3607 3059 3767 3114 catuli

2165 3158 2392 3226 leonum,
2447 3157 2507 3212 id
2545 3159 2632 3212 est
2660 3155 2938 3222 minores,
2971 3155 3250 3224 rugientes,
3283 3151 3344 3206 id
3391 3153 3476 3205 est
3523 3150 3757 3215 feroces,

455 3239 778 3295 tentatione
806 3241 1130 3298 cessabunt.
1160 3241 1325 3306 Quod
1348 3245 1434 3297 est
1455 3241 1674 3298 dicere:
1706 3242 2063 3298 Adveniente
2087 3235 2134 3294 C
2155 3246 2576 3321 pertransibunt,
2599 3251 2659 3299 ut
2689 3245 2904 3315 rapiant
2927 3259 3026 3298 eos
3048 3258 3154 3315 per
3169 3255 3546 3306 consensum;
3579 3238 3661 3292 sic
3681 3239 3759 3291 ta-

453 3325 582 3382 luce
609 3329 809 3399 gratim
838 3329 1168 3402 spiritualis,
1196 3331 1468 3386 dimitent
1510 3347 1608 3387 eos
1647 3330 1875 3403 spiritus
1905 3331 2066 3387 mali-

457 3414 582 3486 gni,
634 3419 694 3470 et
747 3415 828 3470 sic
881 3417 1037 3488 quod
1063 3419 1302 3474 ulterius
1327 3435 1362 3472 a
1389 3419 1710 3475 tentatione
1731 3421 2060 3476 cessabunt.

457 3500 685 3558 Dictum
717 3506 804 3559 est
828 3520 864 3558 a
891 3503 1267 3561 similitudine
1293 3507 1563 3578 luporum
1597 3511 1656 3562 et
1685 3509 1944 3576 leonum,
1965 3508 2064 3581 qui

458 3591 804 3646 noctesilvis
823 3592 1204 3663 egredientes,
1227 3595 1296 3650 ad
1324 3595 1704 3666 praedandum
1722 3596 2063 3669 dispergun-

455 3681 575 3746 tur,
608 3678 835 3735 oriente
863 3696 996 3736 vero
1025 3682 1164 3751 sole,
1216 3686 1275 3738 et
1325 3683 1716 3756 frequentiam
1753 3684 2063 3740 hominum

457 3765 757 3836 timentes,
800 3768 874 3823 ad
902 3767 1066 3825 silvas
1112 3775 1565 3844 congregantur,
1597 3775 1656 3828 et
1703 3774 1760 3827 in
1809 3771 2062 3828 cubilibus

456 3855 564 3908 suis
591 3855 968 3924 collocantur,
999 3861 1058 3912 et
1097 3861 1219 3914 tota
1250 3859 1342 3915 die
1368 3876 1404 3915 a
1432 3860 1788 3933 praedatione
1816 3864 2060 3917 cessant.

457 3941 596 3998 Dico
623 3943 782 4015 quod
806 3943 937 4000 Sole
970 3945 1194 4002 oriente
1227 3947 1526 4004 dimittant
1553 3966 1653 4005 eos
1681 3949 2062 4016 daamones,et

456 4029 708 4101 amplius
735 4031 806 4086 ab
854 4048 1057 4088 eorum
1106 4036 1429 4091 tentatione
1471 4038 1795 4093 cessabunt.
1828 4039 1898 4091 Et
1923 4040 2062 4092 tunc

457 4116 621 4172 exibit
638 4117 800 4172 homo
832 4119 1076 4192 quisque
1127 4121 1394 4178 dimissus
1422 4125 1493 4178 ad
1519 4141 1650 4197 opus
1683 4142 1861 4193 suum,
1887 4124 1947 4180 id
1977 4127 2063 4179 est

459 4219 531 4260 ex
556 4204 714 4261 bona
738 4206 1054 4277 voluntate,
1103 4225 1279 4281 quam
1315 4210 1558 4266 interius
1600 4213 1856 4281 habebit,
1887 4229 2060 4268 unus-

2165 3353 2306 3392 men
2320 3339 2384 3390 ut
2403 3333 2560 3406 prius
2575 3338 2816 3405 queram
2831 3347 2930 3386 eos
2957 3347 2992 3386 a
3017 3332 3134 3385 Deo
3160 3331 3334 3384 escam
3359 3328 3481 3382 sibi.
3513 3327 3629 3381 Hoc
3655 3341 3756 3379 au-

2164 3427 2282 3481 tem
2310 3424 2370 3480 in
2400 3424 2507 3479 hac
2531 3421 2818 3478 sententia
2861 3424 2924 3474 ut
2943 3419 3002 3474 in
3032 3417 3310 3490 superiori
3339 3415 3593 3490 exposui.
3627 3414 3761 3469 Dico

2165 3513 2322 3586 quod
2344 3513 2425 3567 sol
2449 3512 2758 3584 cognoscet
2799 3523 3061 3577 occasum;
3092 3510 3150 3562 et
3177 3505 3237 3561 in
3267 3508 3458 3561 morte
3497 3504 3622 3574 ejus
3639 3519 3761 3574 per-

2166 3601 2468 3657 transibunt
2497 3615 2672 3655 omnes
2700 3597 2873 3653 bestiae
2910 3595 3073 3662 silvae,
3116 3597 3248 3666 post
3274 3596 3473 3648 autem
3515 3597 3664 3646 ortus
3693 3596 3762 3644 est

2163 3689 2260 3754 sol,
2291 3689 2353 3744 id
2383 3692 2470 3743 est
2506 3686 2745 3743 orietur.
2795 3685 2955 3740 Idem
2986 3683 3084 3738 Sol
3107 3681 3346 3754 justitiae
3376 3678 3759 3750 resurgendo.

2160 3777 2240 3832 Et
2263 3781 2399 3833 tunc
2409 3776 2716 3846 congregati
2735 3779 2879 3840 sunt,
2903 3772 2962 3827 id
2983 3775 3069 3828 est
3097 3769 3613 3842 congregabuntur
3637 3783 3757 3821 ma-

2159 3865 2303 3938 ligni
2332 3864 2584 3936 spiritus,
2640 3861 2854 3917 scilicet
2898 3859 3192 3916 dimittent
3219 3857 3531 3929 apostolos,
3561 3858 3620 3909 et
3649 3869 3758 3908 non

2160 3954 2259 4017 sic,
2281 3956 2344 4007 ut
2361 3956 2491 4023 post
2509 3951 2568 4006 in
2589 3967 2686 4007 eos
2706 3949 3132 4022 pertranseant,
3159 3945 3262 4001 sed
3283 3952 3336 4000 et
3360 3943 3760 3999 collocabantur

2161 4044 2220 4096 in
2245 4040 2504 4096 cubilibus
2528 4040 2657 4107 suis,
2703 4038 2763 4093 id
2799 4040 2884 4092 est
2911 4036 3150 4091 ulterius
3180 4052 3214 4090 a
3237 4034 3563 4090 tentatione
3587 4045 3758 4087 cessa-

2160 4131 2325 4198 bunt,
2363 4131 2420 4185 et
2475 4131 2560 4184 est
2585 4129 2696 4184 hoc
2723 4127 2940 4182 dictum
2989 4125 3062 4180 ab
3091 4123 3296 4179 eadem
3345 4121 3750 4184 similitudine,

2162 4234 2290 4292 quae
2317 4217 2576 4290 superius
2603 4216 2662 4271 in
2693 4215 2806 4270 alia
2827 4213 3116 4269 sententia
3151 4211 3408 4284 exposita
3437 4212 3620 4266 est.Et
3631 4214 3759 4263 tunc

460 4292 698 4366 quisque
729 4294 914 4351 fidelis
968 4297 1156 4352 factus
1183 4298 1383 4368 homo,
1415 4299 1475 4355 id
1504 4303 1590 4356 est
1618 4301 1932 4370 rationalis,
1966 4301 2062 4374 qui
2084 4301 2138 4362 D
2163 4305 2549 4379 unusquisque
2579 4304 2995 4375 apostolorum,
3036 4300 3132 4374 qui
3160 4301 3316 4371 prius
3347 4302 3473 4355 erat
3501 4297 3753 4354 bestialis

455 4382 616 4454 prius
643 4383 941 4440 occidente
970 4385 1076 4441 sibi
1109 4386 1229 4442 sole
1257 4390 1384 4443 erat
1423 4389 1700 4458 bestialis,
1730 4389 1856 4458 ibit,
1894 4389 1952 4445 id
1979 4394 2065 4446 est

458 4471 892 4541 promovebitur
919 4473 1167 4529 exterius
1196 4475 1274 4530 ad
1318 4476 1545 4532 bonum
1590 4493 1740 4549 opus
1763 4477 1920 4550 quod
1956 4477 2066 4532 erit

458 4557 729 4629 ejus,non
748 4558 980 4616 diaboli.
1012 4562 1081 4616 Et
1104 4579 1222 4618 non
1240 4566 1417 4619 semel
1439 4565 1600 4620 exibit
1638 4565 1709 4619 ad
1723 4582 1850 4636 opus
1865 4582 2021 4620 suum
2042 4583 2062 4632 ;

457 4645 828 4702 sedexibitad
856 4651 1214 4719 operationem
1242 4669 1420 4722 suam,
1437 4653 1498 4708 id
1517 4657 1606 4709 est
1628 4653 2064 4725 promovebitur

458 4734 535 4792 ad
551 4734 825 4808 frequens
839 4753 982 4810 opus
993 4739 1232 4795 bonum.
1242 4742 1534 4814 Frequens
1549 4758 1692 4815 opus
1708 4743 1920 4816 quippe
1933 4758 2064 4815 ope-

457 4824 749 4895 rationem
774 4823 1035 4881 dicimus.
1061 4827 1198 4884 Dico
1235 4828 1305 4884 ad
1329 4833 1684 4902 operationem
1705 4831 1888 4899 exibit,
1923 4847 2060 4903 ope-

456 4911 774 4976 rationem,
791 4911 1051 4986 inquam,
1071 4914 1407 4973 duraturam
1425 4935 1590 4990 usque
1617 4919 1694 4974 ad
1715 4918 2061 4988 ﬁnemvitas,

457 4999 558 5073 qui
588 5017 694 5074 per
719 5017 985 5073 vesperam
1036 5004 1334 5076 accipitur,
1365 5021 1436 5061 eo
1467 5007 1625 5080 quod
1656 5007 1728 5062 sit
1754 5007 1886 5063 ﬁnis
1925 5008 2059 5065 diei.

455 5089 703 5146 Possunt
747 5091 930 5147 etiam
971 5091 1063 5147 isti
1110 5109 1306 5149 versus
1348 5094 1427 5150 sic
1482 5095 1711 5168 exponi.
1743 5095 1878 5152 Dico
1909 5097 2064 5169 quod

452 5183 663 5254 montes
681 5183 854 5237 erunt
883 5181 1156 5252 refugium
1197 5186 1380 5252 cervis,
1421 5186 1482 5239 et
1502 5191 1662 5256 petra
1681 5185 1982 5252 herbiaciis,
2005 5188 2063 5242 et

450 5281 690 5326 necesse
709 5270 796 5322 est
808 5283 906 5324 eos
916 5271 1186 5343 utrosque
1197 5271 1412 5328 habere
1423 5272 1735 5345 refugium.
1743 5275 1890 5330 Deus
1902 5273 2060 5330 enim

444 5354 584 5426 fecit
602 5354 810 5425 lunam,
836 5355 896 5411 id
923 5359 1011 5412 est
1041 5358 1213 5415 faciet
1233 5359 1544 5417 Ecclesium
1574 5377 1740 5417 suam
1765 5360 2059 5418 defectibi-

447 5441 596 5506 lem,
613 5444 672 5495 et
688 5447 1044 5502 crescentem
1062 5447 1138 5504 ad
1168 5448 1664 5517 modumlumemt
1683 5449 1744 5505 in
1771 5448 2058 5521 superiori

440 5527 744 5614 sententia
755 5531 1078 5604 expositum
1097 5538 1206 5595 est.
1237 5537 1452 5598 Lunam
1463 5537 1588 5596 dico
1606 5553 1972 5597 excursuram
1997 5541 2056 5598 in

2163 4393 2522 4466 desperando
2550 4393 2622 4448 de
2641 4390 3060 4448 resurrectione
3089 4390 3257 4457 Solis,
3276 4387 3461 4443 factus
3471 4387 3654 4442 homo
3667 4402 3755 4439 ra-

2163 4482 2392 4538 tionalis
2434 4480 2730 4537 credendo.
2765 4478 3248 4536 resurrectionem
3277 4476 3460 4531 .exibit
3508 4475 3579 4530 ad
3627 4489 3752 4546 opus

2160 4587 2317 4626 suum
2347 4577 2397 4625 et
2413 4569 2485 4624 ad
2512 4570 2865 4640 operationem
2903 4583 3066 4622 suam
3118 4566 3458 4621 duraturam
3506 4580 3666 4635 usque
3691 4560 3764 4614 ad

2159 4673 2448 4731 vesperam.
2508 4657 2608 4711 Hic
2661 4659 2856 4711 autem
2906 4670 3101 4710 versus
3147 4653 3226 4708 sic
3252 4653 3314 4708 in
3342 4653 3452 4708 hac
3479 4649 3764 4706 sententia

2161 4747 2489 4819 exponitur,
2532 4748 2595 4800 ut
2650 4743 2710 4799 in
2769 4743 3050 4816 superiori
3093 4744 3180 4797 est
3207 4740 3519 4814 expositus.
3547 4740 3761 4794 Horum

2162 4839 2356 4892 autem
2387 4833 2643 4906 quinque
2671 4847 2938 4888 versuum
2983 4834 3233 4904 quatuor
3281 4832 3340 4884 et
3383 4827 3665 4884 dimidius.
3682 4827 3763 4882 sic

2162 4922 2331 4978 aliter
2353 4924 2741 4994 exponuntur.
2761 4920 2905 4976 Dico
2925 4919 3084 4992 quod
3112 4917 3412 4991 permittes
3439 4916 3579 4988 poni
3607 4920 3766 4971 tene-

2161 5011 2294 5067 bras
2347 5008 2740 5066 excaecationis
2800 5007 2858 5062 in
2909 5007 3138 5076 Iudaeis,
3184 5011 3244 5063 et
3283 5005 3365 5061 sic
3392 5022 3496 5080 per
3524 5005 3634 5060 hoc
3665 5005 3764 5060 ﬁet

2162 5116 2297 5167 nox,
2328 5098 2390 5154 id
2414 5102 2501 5154 est
2528 5098 2673 5152 ﬁent
2698 5096 2924 5153 Obscuri
2946 5099 3003 5151 et
3035 5095 3331 5164 obcaecati,
3358 5098 3425 5150 ut
3441 5098 3644 5150 extoto
3666 5111 3759 5149 ra-

2162 5187 2319 5242 tione
2331 5189 2586 5244 careant.
2615 5187 2696 5240 Ac
2715 5185 2761 5241 si
2782 5185 3138 5241 dicatzAlit'er
3161 5201 3281 5240 non
3299 5184 3760 5251 excascabuntur,

2161 5274 2270 5331 nisi
2302 5278 2356 5330 te
2385 5291 2484 5330 eos
2501 5290 2606 5346 pro
2637 5273 2804 5330 malis
2833 5272 3053 5329 meritis
3073 5289 3278 5329 eorum
3303 5271 3761 5345 pergratitusub-

2158 5362 2506 5431 tractionem
2551 5365 2872 5418 exciecante
2899 5364 2964 5416 ut
2989 5363 3049 5416 te
3079 5361 3229 5416 dent
3245 5359 3314 5416 in
3329 5364 3608 5419 mortem.
3632 5360 3758 5416 Non

2161 5452 2350 5508 solum
2377 5453 2580 5507 autem
2602 5449 2710 5523 ipsi
2761 5448 2943 5506 Judaei
2994 5449 3451 5518 excaecabuntur,
3490 5449 3593 5504 sed
3617 5451 3674 5504 et
3700 5451 3759 5504 in

2165 5542 2489 5613 ipsanocte,
2505 5536 2566 5596 id
2595 5541 2682 5595 est
2691 5537 3095 5612 inhujusmodi
3107 5538 3490 5617 excusatione
3509 5537 3758 5617 existens
