4008 6040
302 243 446 311 N85

1296 248 1658 312 EXPOSITIO
1690 250 1765 311 IN
1798 249 2135 314 PSALIIOS.
2169 283 2242 300 -
2271 254 2470 318 μω..
2507 257 2624 319 CIII

3467 275 3608 338 ηδε

297 369 388 427 tes
405 385 582 427 omnes
617 367 788 427 bestiae
820 365 990 438 silvae,
1022 367 1083 426 id
1121 371 1207 427 est
1240 386 1448 429 omnes
1474 373 1719 446 gentiles
1742 372 1894 430 fero-
1927 379 1984 439 Α
2001 376 2190 433 solum
2212 381 2458 452 populus
2485 380 2753 440 Judaicus
2788 384 3066 455 possessio
3093 387 3195 447 Dei
3218 389 3330 448 erit
3350 390 3502 452 circa
3538 397 3607 454 ti-

295 473 391 514 ces
433 463 492 515 et
538 458 807 515 indomiti
851 461 915 514 ut
961 457 1159 515 bestiae
1202 459 1356 516 silvas
1387 463 1794 532 pertransibunt
1840 462 1902 518 in

295 547 603 603 Ecclesiam
620 545 972 618 primitivam
993 549 1185 604 eundo
1199 548 1272 604 de
1285 551 1680 621 persecutione
1700 551 1760 605 in
1779 567 1905 622 per-

292 636 739 703 secationem,ac
751 636 796 692 si
808 636 1338 702 diceretzQuoniam
1353 639 1620 710 gentibus
1631 640 1904 712 pradica-

288 727 448 780 tores
469 723 672 779 Christi
704 727 958 780 mortem
989 729 1048 780 et
1073 726 1563 782 resurrectionem
1597 726 1903 782 annuntia-

288 811 598 884 bunt,ipsa:
610 817 811 884 gentes
822 817 1137 881 excaecata,
1167 818 1227 870 et
1241 815 1600 886 acquiescere
1613 815 1898 883 nolentes,

287 901 732 957 comitabuntur
742 902 1008 957 adversus
1020 919 1117 957 eos
1129 903 1187 958 in
1201 903 1464 974 plurimis
1494 903 1901 975 persecutioni-

285 989 411 1045 bus.
429 990 554 1045 Non
569 992 755 1046 solum
767 993 959 1046 autem
968 992 1374 1063 pertransibunt
1393 991 1451 1046 in
1463 1007 1562 1047 eos
1578 993 1829 1063 majores
1841 995 1899 1048 et

283 1078 527 1151 praelati,
551 1079 650 1134 sed
664 1083 722 1134 et
740 1097 801 1134 ca
809 1078 909 1133 tuli
917 1081 1146 1147 leonum,
1161 1080 1218 1134 id
1231 1083 1317 1136 est
1332 1080 1592 1136 minores
1613 1083 1671 1135 et
1684 1080 1896 1136 subditi

284 1170 570 1236 rugientes,
593 1167 651 1222 id
681 1170 786 1234 est,
804 1167 1022 1223 feroces
1051 1169 1487 1240 pertransibunt
1505 1169 1565 1224 in
1588 1185 1686 1224 eos
1712 1169 1893 1224 tribu-

281 1255 614 1324 lationibus,
638 1255 712 1311 ad
730 1256 841 1311 hoc
879 1261 939 1312 ut
988 1273 1087 1312 eos
1111 1260 1347 1328 rapiant,
1387 1257 1447 1312 id
1481 1259 1587 1325 est,
1625 1256 1892 1328 incorpo-

283 1347 436 1403 rent.
453 1346 521 1399 Et
541 1343 818 1417 quoniam
835 1345 945 1400 hoc
957 1346 1160 1418 nequit
1179 1345 1356 1413 efﬁci,
1375 1345 1482 1402 nisi
1503 1346 1750 1402 Domino
1767 1363 1895 1419 per-

282 1433 580 1502 mittente,
625 1433 703 1489 sic
740 1435 1163 1505 pertransibunt,
1205 1442 1266 1488 ut
1295 1440 1538 1507 quaerant
1585 1451 1683 1490 eos
1711 1450 1746 1488 a
1773 1437 1890 1492 Deo

279 1537 452 1577 escam
478 1521 591 1589 tibi,
623 1521 838 1577 scilicet
879 1539 997 1578 non
1037 1539 1194 1591 voce,
1217 1523 1317 1578 sed
1338 1523 1460 1593 ipso
1491 1522 1773 1578 desiderio
1793 1539 1892 1580 eos

277 1609 710 1681 incorporandi.
735 1609 994 1678 Quaerant
1017 1628 1052 1666 a
1082 1613 1198 1667 Deo
1238 1626 1337 1666 eos
1363 1612 1576 1666 habere
1615 1627 1808 1679 escam,
1829 1611 1890 1667 id

2004 481 2141 558 nem
2163 468 2390 532 mundi,
2411 469 2509 525 sed
2527 470 2683 542 prius
2703 471 2763 527 in
2793 474 3059 546 tempore
3083 479 3452 550 plenitudinis
3471 501 3610 558 gen-

2000 552 2148 609 tium
2194 558 2436 628 populus
2461 559 2559 631 qui
2590 559 2798 615 dicitur
2827 561 2938 624 hic,
2973 580 3041 619 eo
3081 569 3236 638 quod
3285 552 3501 628 tantus.
3522 579 3612 632 est

2002 643 2158 713 quod
2189 645 2401 735 ubique
2433 649 2725 704 terrarum
2759 650 2939 721 possit
2973 652 3379 726 demonstrari,
3412 664 3471 716 et
3503 663 3606 735 qui

1999 746 2146 786 mare
2185 732 2414 801 dicitur,
2464 752 2533 791 eo
2588 738 2745 808 quod
2776 739 2849 794 ad
2876 741 3116 798 modum
3148 746 3295 800 mari
3325 732 3605 808 instabilis

1999 819 2073 873 sit
2113 822 2170 876 et
2205 838 2459 890 amarus,
2488 824 2748 896 plenarie
2775 830 2833 881 et
2852 829 3170 885 voluntarie
3196 833 3296 888 Dei
3323 841 3602 907 possessio

1998 906 2298 998 efﬁcietur.
2333 910 2470 966 Dico
2520 913 2677 984 quod
2715 931 2860 970 mare
2906 919 3191 987 spatiosum
3221 906 3600 998 estimanibus,

1995 995 2446 1066 praedicatorum
2479 1001 2833 1057 exercendis.
2879 1005 2946 1058 Et
2987 1021 3217 1063 necesse
3247 1011 3483 1083 quidem
3515 995 3604 1072 est

1996 1086 2058 1137 ut
2086 1083 2162 1140 ibi
2195 1101 2409 1142 manus
2433 1105 2636 1144 eorum
2668 1095 3214 1151 exerceanturrlllic
3239 1099 3422 1169 enim,
3438 1102 3495 1159 id
3515 1109 3602 1160 est

1993 1171 2053 1226 in
2079 1171 2176 1226 illo
2206 1175 2376 1242 mari,
2406 1175 2465 1230 in
2497 1177 2698 1248 gentili
2751 1181 2989 1251 populo,
3033 1187 3167 1238 sunt
3210 1189 3444 1257 reptilia,
3473 1210 3602 1265 quo-

1993 1278 2127 1352 rum-
2147 1278 2254 1316 non
2291 1271 2366 1318 est
2411 1281 2684 1336 numerus,
2729 1267 2788 1322 id
2843 1273 2930 1324 est
2975 1275 3111 1327 sunt
3154 1276 3322 1331 multi
3352 1279 3598 1352 maligni

1991 1346 2356 1421 spiritus,qui
2376 1351 2608 1423 reptilia
2633 1351 2922 1422 dicuntur,
2939 1369 3006 1410 eo
3033 1359 3188 1429 quod
3218 1378 3322 1432 per
3349 1346 3599 1423 occultas

1991 1435 2340 1525 tentationes
2361 1438 2628 1494 cordibus
2654 1439 2804 1496 illius
2835 1445 3032 1516 pepuli
3052 1447 3284 1516 gentilis
3310 1449 3600 1525 irrepant,-

1990 1522 2517 1581 adsimilitudinem
2540 1522 3460 1608 reptilium'latenterrepentiam.
3488 1522 3598 1596 Ex;

1987 1611 2155 1700 ponit
2184 1615 2380 1668 autem
2406 1615 2530 1670 haec
2558 1615 2786 1687 reptilia
2810 1633 2916 1688 per
2943 1624 3136 1690 partes
3164 1623 3425 1683 siczDico
3439 1631 3592 1700 quod

279 1697 1177 1771 est,utpossinteosincorporare
1189 1697 1710 1754 adsimilitudinem
1723 1716 1886 1765 63cm,
1913 1706 1966 1768 Β
1988 1699 2102 1754 illic
2121 1704 2256 1755 sunt
2299 1703 2533 1773 reptilia,
2561 1703 2776 1759 scilicet
2796 1707 3056 1762 animalia
3093 1715 3227 1766 sunt
3267 1697 3594 1786 illic

279 1801 407 1859 quae
437 1786 858 1856 incorporatur.
889 1789 1082 1860 Ipsum
1129 1787 1341 1859 quippe
1384 1789 1553 1844 malai
1577 1789 1888 1846 voluntatis

276 1891 479 1930 eorum
510 1876 784 1932 meritum
813 1892 847 1931 a
877 1879 995 1932 Deo
1021 1875 1277 1949 exigent,
1313 1880 1375 1931 at
1405 1877 1708 1950 permittat
1734 1878 1888 1951 ipsos

276 1978 478 2018 eorum
509 1951 634 2019 fieri
659 1965 1141 2037 incorporatores,
1162 1966 1221 2019 et
1251 1963 1681 2036 incorporando
1701 1967 1884 2038 magis

273 2052 597 2108 efﬁciantur
607 2055 927 2124 peccantes.
936 2055 1281 2109 Posteavero
1297 2053 1532 2108 tandem
1544 2061 1690 2109 ortus
1700 2061 1774 2110 est
1784 2056 1881 2126 sol,

273 2140 331 2196 id
351 2146 436 2196 est
452 2142 672 2198 orietur
691 2142 750 2197 in
771 2143 852 2198 eis
873 2142 965 2197 Sol
982 2142 1222 2214 justitiae
1250 2144 1569 2197 secundum
1588 2143 1880 2200 illumina-

270 2231 494 2286 tionem
525 2231 750 2303 gratiae,
777 2239 825 2286 et
849 2234 1156 2302 congregati
1181 2236 1326 2300 sunt,
1367 2231 1424 2286 id
1446 2235 1531 2286 est
1555 2249 1876 2306 congrega-

268 2319 485 2374 bantur
515 2320 574 2374 in
605 2319 824 2375 unitate
853 2319 985 2374 fidei
1002 2319 1160 2390 prius
1180 2335 1284 2390 per
1301 2335 1565 2375 errorum
1590 2321 1880 2378 diversita-

268 2409 389 2462 tem
413 2408 718 2462 existentes
740 2405 922 2475 divisi,
943 2414 993 2461 et
1014 2407 1089 2462 sic
1118 2408 1517 2462 collocabantur
1544 2411 1600 2462 in
1619 2409 1877 2466 cubilibus

267 2497 374 2550 suis
428 2495 818 2564 interioribus,
869 2496 1085 2551 scilicet
1132 2512 1263 2551 cum
1307 2496 1461 2568 prius
1508 2498 1780 2552 vecordes
1817 2502 1876 2554 et

269 2587 427 2641 extra
439 2585 691 2641 rationes
716 2601 845 2641 suas
867 2585 1112 2654 fuerint;
1136 2585 1374 2641 tandem
1402 2585 1462 2660 in
1491 2587 1604 2660 ﬁde
1631 2603 1872 2660 congre-

267 2673 386 2745 gati
410 2673 468 2730 in
500 2673 818 2730 rationibus
845 2675 960 2730 suis
985 2675 1365 2730 versabantur
1388 2659 1454 2732 4
1611 2659 1869 2748 quascu-

264 2761 403 2817 bilia
423 2767 555 2817 sunt
574 2763 906 2818 animarum
939 2776 1175 2818 suarum
1217 2763 1276 2818 in
1313 2763 1519 2835 quibus
1547 2767 1866 2820 versantur.

337 2851 647 2922 Postquam
668 2867 801 2907 vero
815 2853 872 2907 in
884 2852 1143 2908 cubilibus
1157 2849 1554 2907 collocabantur
1573 2853 1871 2925 unusquis-

262 2954 376 3010 que
415 2938 760 3010 prszdicator
801 2941 1045 2997 existens
1085 2940 1263 2995 homo
1296 2939 1674 3008 rationabilis,
1708 2942 1868 2996 exibit

258 3023 332 3080 ad
359 3043 487 3097 opus
510 3043 685 3096 suum,
717 3031 768 3082 et
797 3027 868 3082 ad
895 3030 1250 3100 operationem
1290 3044 1464 3094 suam,
1497 3026 1709 3082 scilicet
1733 3044 1866 3084 cum

257 3113 418 3186 prius
444 3114 848 3186 praedicatores
870 3133 987 3172 non
1010 3117 1262 3172 audeant
1276 3117 1470 3188 palam
1501 3131 1643 3187 opus
1663 3116 1868 3188 praedi-

256 3202 502 3258 cationis
520 3220 807 3272 exercere,
828 3204 1064 3260 exibunt
1093 3205 1166 3259 ad
1188 3219 1316 3278 opus
1343 3221 1522 3273 suum,
1556 3204 1616 3260 id
1642 3208 1728 3260 est
1747 3222 1866 3262 ma-

255 3289 461 3345 nifeste
491 3292 839 3348 exercebant
863 3309 1007 3365 opus
1035 3293 1281 3360 bonum,
1312 3295 1371 3348 et
1400 3307 1518 3348 non
1545 3294 1865 3361 semel,sed

253 3378 328 3435 ad
354 3379 752 3451 operationem
769 3398 934 3437 suam
959 3382 1293 3437 duraturam
1310 3383 1555 3454 usquead
1576 3399 1860 3454 vesperam,

249 3465 310 3522 id
341 3471 426 3523 est
451 3485 631 3541 usque
657 3469 731 3524 ad
755 3470 934 3526 finem
961 3470 1191 3539 mandi;
1226 3471 1284 3526 in
1313 3486 1425 3542 quo
1456 3472 1621 3524 tanta
1650 3470 1860 3525 iterum

251 3555 446 3611 eritab
457 3557 806 3614 Antichristo
827 3561 885 3614 et
913 3558 1036 3630 ejus
1057 3558 1338 3615 ministris
1367 3559 1427 3613 in
1452 3557 1650 3613 fideles
1674 3574 1863 3630 perse-

250 3644 403 3700 cutio
450 3648 515 3701 ut
547 3645 639 3701 vix
686 3646 892 3718 aliquis
937 3648 1132 3719 palam
1180 3647 1390 3725 audeat
1426 3647 1574 3702 bene
1607 3645 1856 3718 operari.

250 3733 490 3790 Ostensa
500 3734 803 3806 multiplici
817 3751 1059 3808 cperam
1075 3735 1175 3791 Dei
1188 3734 1875 3807 magnificentia,horam,

249 3838 492 3895 operam
511 3823 771 3878 contuitu
787 3822 847 3878 in
863 3823 985 3895 ejus
1006 3823 1236 3878 laudem
1257 3822 1856 3896 prorumpitsiczErgo

248 3911 526 3984 quoniam
557 3910 760 3966 omnia
784 3928 912 3984 quae
941 3911 1202 3982 superius
1235 3911 1482 3978 ostendi,
1511 3911 1858 3967 mirabiliter

248 3999 767 4074 operaberis,quam
795 3998 1146 4073 magni/iectu
1166 3999 1376 4068 sunt,id
1399 4001 1486 4055 est
1501 4002 1856 4074 erunt,opera

249 4093 363 4155 tua,
416 4087 686 4144 Domine!
731 4089 800 4144 Et
842 4106 976 4145 vere
1028 4089 1390 4160 magniﬁcata.
1439 4088 1636 4143 Omnia
1695 4087 1852 4144 enim

247 4190 424 4246 Opera
440 4177 537 4229 tua
545 4177 721 4246 fecisti
735 4178 791 4230 in
808 4180 1089 4249 sapientia,
1105 4177 1164 4232 id
1181 4180 1266 4233 est
1287 4176 1486 4232 omnia
1522 4177 1855 4249 dperaberis

1892 2987 1942 3048 Ο

1985 1803 2109 1843 cum
2135 1792 2366 1859 magnis,
2406 1791 2466 1846 id
2505 1794 2591 1846 est
2618 1793 2860 1864 maligni
2913 1796 3145 1865 spiritus
3193 1800 3250 1853 et
3295 1804 3496 1874 magni
3534 1807 3596 1862 et

1985 1877 2166 1946 parvi,
2201 1879 2423 1948 praelati
2449 1879 2663 1935 scilicet
2691 1883 2749 1936 et
2778 1881 3010 1938 subditi.
3045 1884 3189 1941 Cum
3219 1887 3356 1943 dicit
3379 1892 3594 1948 anima-

1985 1965 2239 2032 lia,idem
2261 1971 2346 2022 est
2366 1984 2431 2022 ac
2451 1967 2497 2022 si
2527 1972 2773 2040 poneret
2790 1969 2984 2039 bestiae,
3007 1975 3070 2027 at
3091 1974 3594 2046 saperius.Bestias

1983 2053 2140 2108 enim
2199 2055 2472 2110 usualiter
2529 2055 2774 2112 dicimus
2803 2057 3102 2116 animalia.
3132 2061 3344 2118 Dicunt
3392 2069 3591 2126 autem

1981 2139 2363 2213 Hieronymus
2392 2145 2451 2197 et
2478 2143 3168 2215 Augustinus,dmmoncs
3187 2150 3372 2206 noctis
3399 2155 3458 2207 et
3485 2171 3588 2210 an-

1979 2229 2138 2299 gelos
2167 2230 2307 2285 lacis
2339 2231 2636 2286 animalia.
2659 2234 2901 2304 Insuper
2916 2234 3092 2292 etiam
3110 2239 3348 2309 angelos
3373 2241 3591 2298 habere

1978 2331 2224 2386 corpora
2266 2319 2537 2374 mtherea.
2588 2321 2890 2376 Daemones
2919 2326 3113 2379 autem
3163 2325 3339 2382 aeria.
3382 2328 3589 2385 Utrum

1976 2409 2171 2462 autem
2198 2407 2541 2462 naturaliter
2567 2409 2840 2476 habeant,
2873 2427 2947 2466 an
2979 2411 3053 2466 ad
3082 2415 3312 2485 tempus
3340 2431 3588 2488 corpora

1974 2496 2228 2563 sumant,
2257 2495 2627 2551 indefinitum
2657 2500 2762 2552 est.

2044 2585 2182 2639 Dico
2215 2583 2493 2656 quoniam
2520 2584 2580 2639 in
2605 2601 2770 2641 mare
2806 2589 2942 2641 sunt
2980 2586 3258 2646 animalia
3297 2591 3502 2662 pusilla
3525 2595 3586 2651 et

1972 2688 2209 2744 magna,
2224 2674 2282 2726 et
2308 2671 2569 2744 quamvis
2597 2673 2708 2728 hoc
2726 2673 3022 2742 sit,tamen
3053 2676 3168 2732 illic
3179 2682 3586 2749 pertransibunt

1970 2777 2146 2828 naves,
2175 2759 2388 2814 scilicet
2408 2759 2467 2814 in
2486 2760 2582 2815 illo
2606 2761 2752 2816 mari
2783 2764 3222 2834 pertransibunt
3241 2768 3581 2838 pradicato-

1969 2863 2060 2903 res
2077 2847 2567 2918 nonimpediendi
2599 2849 2671 2904 ab
2700 2849 2789 2904 his
2819 2850 3184 2908 animalibus.
3211 2853 3375 2918 Quod
3397 2860 3483 2912 est
3501 2857 3582 2914 di-

1970 2950 2128 2991 cere:
2156 2936 2280 2990 Non
2299 2939 2578 3006 poterant
2597 2935 2722 2992 hazc
2745 2937 3023 3012 animalia
3034 2940 3444 3011 praedicatores
3465 2944 3578 3002 im-

1968 3023 2170 3095 pedire
2207 3025 2266 3077 et
2295 3021 2546 3077 retinere
2576 3022 2636 3077 in
2659 3023 2758 3078 illo
2788 3024 2958 3088 mari,
2991 3027 3130 3098 quin
3159 3044 3321 3084 mare
3340 3029 3480 3086 illud
3509 3049 3579 3090 ex

1968 3115 2092 3168 toto
2123 3113 3166 3182 transeantetsuperent,devehentes
3195 3118 3408 3174 multos
3433 3137 3576 3192 quos

1966 3199 2044 3255 ibi
2071 3199 2305 3273 capient
2332 3215 2510 3272 usque
2539 3199 2607 3254 ad
2637 3203 2872 3257 aeternae
2902 3202 3034 3258 vitae
3064 3207 3409 3276 portum,ad
3421 3208 3576 3266 simi-

1965 3289 2271 3344 litudinem
2285 3288 2518 3343 navium
2531 3303 2660 3360 quas
2676 3289 2733 3344 in
2748 3289 2942 3346 medio
2955 3291 3103 3347 mari
3119 3310 3153 3348 a
3168 3293 3434 3352 ﬂuctibus
3454 3314 3573 3355 non

1964 3378 2442 3448 submerguntur,
2471 3377 2572 3432 sed
2610 3381 2815 3434 nautas
2860 3379 3069 3436 illaesos
3111 3397 3307 3455 usqum
3338 3384 3411 3440 ad
3439 3386 3573 3444 litus

1965 3465 2272 3521 devehuut.
2306 3467 2552 3522 Possunt
2568 3469 2766 3522 autem
2779 3467 2840 3522 hi
2858 3467 2972 3524 duo
2996 3486 3186 3526 versus
3215 3475 3274 3526 et
3299 3472 3573 3532 dimidius

1961 3552 2042 3607 sic
2091 3553 2260 3608 aliter
2307 3553 2564 3626 exponi:
2606 3554 2742 3610 Dico
2796 3557 2948 3628 quod
3004 3558 3169 3613 valde
3225 3563 3572 3630 magni/leam

1961 3645 2134 3696 erant
2175 3658 2330 3713 opera
2379 3649 2493 3708 tua,
2538 3658 2667 3714 quae
2721 3646 2778 3697 in
2813 3646 3073 3715 sapientia
3115 3646 3312 3702 facies.
3340 3649 3410 3705 Et
3437 3667 3568 3708 ecce

1959 3729 2069 3785 hoc
2096 3730 2156 3784 in
2185 3729 2468 3802 sapientia
2498 3730 2848 3801 operaberis,
2874 3733 3031 3804 quod
3070 3740 3232 3802 terra,
3263 3734 3324 3790 id
3350 3741 3435 3792 est
3464 3739 3566 3793 Ec-

1958 3817 2130 3874 clesia.
2158 3817 2260 3873 Dei
2283 3820 2447 3872 terra
2459 3817 2728 3872 cultibilis
2748 3819 2960 3890 impleta
2987 3820 3097 3874 erit
3114 3826 3436 3892 possessione
3453 3833 3564 3896 tua,

1956 3905 2016 3961 id
2041 3909 2148 3972 est,
2180 3905 2514 3960 innocentia
2534 3909 2593 3959 et
2613 3905 2834 3962 caeteris
2874 3905 3198 3975 virtutibus,
3229 3923 3359 3982 qua;
3395 3917 3567 3970 erant

1955 3993 2235 4065 possessio
2266 3995 2384 4060 tua,
2419 3993 2634 4049 scilicet
2664 4011 2794 4066 quae
2834 3994 2892 4049 in
2940 3995 3022 4050 eis
3065 4012 3231 4069 reges
3256 4002 3315 4054 et
3344 4003 3566 4060 excoles

1953 4097 2059 4153 per
2088 4081 2360 4153 gratiam,
2382 4082 2528 4138 sicut
2552 4081 2758 4155 aliquis
2784 4083 3206 4154 possessionem
3225 4102 3238 4140 :
3259 4087 3394 4144 Dico
3406 4091 3564 4161 quod

1954 4170 2205 4244 Ecclesia
2267 4175 2410 4224 terra
2464 4175 2558 4224 tua
2625 4170 2841 4242 impleta
2898 4171 3008 4226 erit
3050 4177 3378 4244 possessione
3443 4184 3558 4240 tua.

246 4242 556 4333 sapienter;
583 4265 648 4318 Et
668 4281 797 4320 ecce
815 4242 925 4320 hoc
955 4242 1110 4338 quod
1131 4264 1476 4320 mirabiliter
1496 4242 1848 4336 operaberis.
1879 4273 1932 4333 D
1951 4243 2019 4328 4
2038 4243 2055 4328 Ι
2075 4242 2139 4329 5
2176 4257 2299 4312 Hoc
2339 4261 2534 4313 autem
2565 4275 2711 4312 mare
2751 4259 2908 4330 quod
2949 4242 3162 4333 ubique
3192 4279 3444 4335 praesens
3475 4270 3566 4325 est

248 4346 438 4416 Terra,
467 4347 526 4402 id
544 4353 628 4404 est
649 4351 810 4422 plebs
828 4352 1064 4406 Iudaica
1080 4351 1180 4406 Dei
1203 4356 1359 4406 terra
1382 4351 1506 4421 jam
1524 4367 1630 4422 per
1641 4352 1849 4423 praedi-

243 4439 465 4492 calores
487 4439 710 4492 exculta
730 4456 742 4507 ;
763 4431 975 4510 impleta
1000 4446 1093 4509 est,
1119 4439 1178 4493 id
1196 4441 1280 4492 est
1297 4438 1634 4509 implebitur
1644 4455 1849 4509 posses-

242 4526 386 4579 sione
410 4529 504 4580 tua
531 4525 586 4580 in
611 4525 726 4581 fine
755 4527 955 4583 mundi
988 4525 1220 4600 quando
1251 4526 1510 4599 reliquiae
1539 4527 1710 4581 Israel
1738 4529 1849 4582 sal-

243 4629 325 4668 va:
348 4613 489 4669 ﬁent
519 4614 697 4686 (Rom.
736 4633 813 4686 ix,
852 4618 965 4687 27).
1005 4615 1169 4680 Quod
1200 4619 1284 4670 est
1312 4615 1502 4670 dicere
1539 4631 1552 4668 :
1580 4615 1850 4672 Plenarie

237 4701 535 4757 Iudaicam
554 4705 834 4776 populum
852 4707 962 4759 tua:
975 4703 1315 4777 possessioni
1334 4703 1616 4775 adjunges
1631 4718 1738 4774 per
1749 4719 1846 4759 vo-

237 4789 550 4846 luntariam
564 4791 1078 4863 subjectionem,et
1107 4807 1226 4847 non
1249 4792 1435 4846 solum
1465 4791 1847 4863 populumjus

238 4877 467 4932 daicum
481 4879 816 4952 possidebis,
825 4879 924 4935 sed
936 4879 1113 4936 etiam
1126 4879 1282 4952 prius
1294 4880 1392 4936 hoc
1406 4895 1552 4934 mare
1566 4879 1722 4951 quod
1741 4879 1846 4934 cir-

235 4981 605 5041 cumquaque
623 4971 910 5023 terrarum
933 4985 1186 5041 praesens
1223 4971 1341 5037 est;
1372 4984 1554 5031 mare,
1573 4967 1838 5040 inquam,

234 5070 509 5122 magnum,
545 5054 602 5110 id
631 5059 718 5111 est
750 5056 1110 5130 profundum
1142 5056 1199 5112 in
1218 5056 1604 5112 amaritudine
1626 5073 1748 5124 sua,
1781 5059 1841 5111 et

230 5143 540 5210 spatiosum,
561 5143 619 5198 id
642 5147 727 5199 est
742 5162 834 5198 am
843 5146 1004 5216 plum
1018 5147 1076 5198 et
1093 5145 1297 5213 latum,
1315 5145 1524 5217 ubique
1546 5147 1836 5200 terrarum

231 5227 536 5299 diffusum;
562 5232 898 5303 spatiosum,
927 5233 1191 5304 inquam,
1210 5233 1474 5299 manibus,
1507 5233 1565 5286 id
1587 5236 1671 5286 est
1697 5248 1833 5304 ope-

228 5317 386 5372 ribus
404 5319 850 5391 prmdicationis,
877 5321 1096 5376 Scilicet
1127 5322 1184 5375 in
1217 5338 1329 5394 quo
1363 5337 1494 5376 cum
1518 5321 1591 5375 sit
1619 5321 1832 5392 spatio-

225 5423 352 5462 sum
375 5407 530 5478 satis,
563 5409 862 5465 habebant
897 5409 1304 5484 praedicatores
1333 5410 1406 5465 ad
1445 5408 1828 5482 operandam,

226 5493 336 5554 erit
355 5497 591 5571 plenam
613 5498 970 5572 possessione
985 5502 1098 5558 tua.
1118 5498 1282 5568 Quod
1313 5501 1400 5558 est
1426 5497 1616 5554 dicere
1653 5513 1666 5552 :
1703 5496 1827 5555 Non

1949 4363 2228 4416 magnum,
2243 4345 2303 4401 id
2325 4349 2411 4400 est
2429 4345 2489 4400 in
2506 4346 2898 4402 amaritudine
2917 4347 3272 4419 profundum
3292 4358 3343 4407 et
3360 4357 3559 4424 spatio-

1947 4451 2066 4490 sum
2087 4437 2348 4508 amplam
2377 4437 2438 4490 et
2464 4435 2670 4502 latum,
2689 4434 2994 4505 impletum
3019 4439 3105 4491 est
3116 4439 3380 4511 manibus,
3395 4440 3454 4498 id
3471 4447 3559 4501 est

1949 4522 2240 4595 spiritibus
2271 4521 2777 4594 infernalibus,qui
2791 4523 2982 4578 Manes
2993 4530 3292 4595 vocantur,
3312 4543 3382 4585 eo
3399 4533 3556 4604 quod

1949 4608 2256 4664 infernalis
2277 4610 2468 4664 Manes
2496 4608 2686 4663 dicere
2708 4610 3130 4667 consuevimus.
3165 4613 3330 4678 Quod
3350 4621 3436 4673 est
3465 4618 3553 4674 di-

1947 4696 2428 4753 cerezlnﬁdelium
2449 4698 2692 4768 populus
2706 4713 2824 4769 prae
2837 4698 3136 4755 nimietate
3150 4703 3553 4762 amaritudinis

1944 4801 2061 4842 sua;
2075 4799 2356 4858 magnum
2373 4801 2533 4840 mare
2546 4785 3028 4860 dictus,malignis
3042 4788 3332 4860 spiritibus
3341 4793 3551 4864 quibus

1945 4873 2142 4930 obedit
2172 4877 2257 4929 est
2283 4873 2508 4946 plenas.
2542 4874 2610 4928 Et
2635 4873 2742 4929 illic
2765 4889 2995 4947 quoque
3023 4879 3156 4931 sunt
3178 4879 3387 4950 reptilia
3415 4897 3548 4953 quo.

1942 4977 2063 5017 rum
2089 4978 2196 5017 non
2224 4968 2300 5016 est
2324 4979 2594 5027 numerus,
2636 4963 2695 5018 id
2725 4968 2813 5019 est
2838 4963 2898 5018 in
2929 4963 3026 5018 illo
3060 4967 3275 5035 populo
3301 4972 3436 5022 sunt
3462 4969 3548 5027 in-

1940 5049 2328 5106 numerabiles
2357 5051 2594 5106 occultta
2622 5049 2992 5117 tentationes,
3039 5066 3168 5122 qua
3207 5052 3437 5124 reptilia
3465 5054 3548 5114 di-

1935 5141 2238 5206 cantur,eo
2255 5138 2408 5210 quod
2430 5137 2504 5192 ad
2515 5137 2956 5193 similitudinem
2972 5137 3266 5210 reptilium
3293 5141 3545 5202 latenter

1934 5226 2206 5282 humanis
2232 5227 2499 5282 cordibus
2529 5224 3004 5295 irrepant.Etillic
3025 5242 3255 5298 quoque
3277 5236 3410 5286 sunt
3427 5238 3543 5288 ani-

1933 5316 2103 5372 malia
2127 5317 2297 5371 bruta
2316 5314 2515 5385 pusilla
2547 5328 2667 5368 cum
2687 5314 2918 5381 magnis,
2942 5313 3156 5368 scilicet
3176 5316 3274 5370 ubi
3291 5325 3424 5376 sunt
3442 5323 3544 5378 ho-

1933 5404 2120 5461 mines
2145 5402 2436 5468 bestiales,
2468 5399 2640 5455 rudes
2667 5403 2726 5456 et
2751 5399 2969 5464 stolidi.
3002 5400 3212 5473 pusilli,
3253 5405 3469 5464 scilicet
3486 5414 3548 5467 et

1934 5491 2158 5568 magni,
2173 5489 2235 5547 id
2255 5494 2342 5549 est
2357 5488 2577 5548 nobiles
2589 5491 2649 5545 et
2662 5486 2953 5562 ignobiles
2967 5489 3027 5547 in
3043 5489 3268 5564 omnia,
3280 5496 3340 5552 et
3355 5495 3550 5558 Manes
