3998 6026
444 249 583 314 H87

1044 254 1105 318 Β.
1144 255 1490 318 BRUNONIS
1524 254 2154 319 CARTHUSIANORUH
2189 257 2658 323 INSTITUTORIS
2697 261 2854 326 OPP.
2901 263 3080 326 PARS
3116 265 3141 326 ι

3605 266 3774 332 1188

441 373 802 445 videlicet,et
816 373 1045 452 reptilia
1055 381 1114 435 et
1129 377 1405 435 animalia
1419 377 1492 436 ad
1505 378 1745 460 modum
1765 379 2043 438 ﬂuctuum
2064 385 2120 446 Α
2142 381 2344 455 perbia
2373 381 2664 456 deﬁciant,
2703 391 3034 444 revertentur
3079 387 3137 444 in
3170 383 3445 462 pulverem
3475 404 3655 460 suum,
3693 387 3774 449 id

441 462 640 520 ﬁdeles
653 482 757 537 per
773 483 936 522 mare
954 468 1026 522 ad
1041 471 1275 540 portum
1293 468 1421 523 vita
1443 471 1825 537 transeuntes,
1852 487 2042 542 perse-

439 553 764 609 cutionibus
793 555 1146 628 immergere
1164 556 1292 612 etin
1307 557 1454 612 mari
1485 557 1734 613 retinere
1765 559 2043 627 nitentur,

439 640 539 694 sed
555 644 752 696 tamen
790 643 907 698 illic
937 661 1092 699 naves
1103 645 1525 715 pertransibunt,
1559 646 1618 701 id
1651 650 1734 702 est
1758 665 1860 720 per
1905 647 2046 702 illud

436 743 598 782 mare
624 729 952 785 transibunt
981 731 1178 786 ﬁdeles
1210 735 1271 786 et
1296 732 1476 787 sancti
1509 751 1684 805 usque
1716 735 1789 789 ad
1810 739 2044 807 portum

433 815 584 882 vita,
617 817 752 871 dicti
788 835 962 872 naves
991 836 1058 873 eo
1092 820 1246 890 quod
1275 837 1310 874 a
1337 821 1781 876 tribulationum
1819 823 2043 893 impetu

435 919 554 959 non
583 909 948 976 superantur,
978 906 1121 961 sicut
1151 925 1321 962 naves
1351 925 1455 979 per
1483 926 1644 964 mare
1675 914 2044 967 transeuntes

435 1007 470 1046 a
506 993 771 1064 procellis
803 995 1081 1050 ﬂuctuum
1117 1011 1235 1048 non
1277 995 1726 1068 immerguntur.
1753 1000 1820 1053 Et
1847 999 1906 1054 in
1931 1001 2042 1054 hoc

433 1081 580 1136 mari
609 1099 836 1154 quoque
867 1085 952 1136 est
971 1083 1129 1137 draco
1161 1085 1273 1150 iste,
1308 1083 1378 1137 de
1409 1101 1523 1156 quo
1556 1086 2039 1142 omnibusnotum

431 1172 536 1236 est,
563 1169 775 1223 scilicet
819 1171 1084 1242 princeps
1127 1171 1406 1240 diabolus,
1440 1172 1537 1244 qui
1570 1173 1779 1229 dicitur
1823 1177 1921 1230 iste
1969 1191 2036 1230 eo

431 1257 584 1328 quod
613 1257 881 1312 omnibus
912 1274 1014 1329 per
1035 1258 1259 1313 famam
1289 1263 1460 1314 notus
1489 1261 1580 1315 sit.
1614 1261 1657 1316 Ο
1687 1264 1854 1329 Deus,
1885 1280 2038 1334 quem

428 1345 742 1400 draconem
772 1346 830 1400 in
861 1346 1007 1401 mari
1023 1347 1274 1416 formasit
1295 1347 1367 1401 ad
1390 1348 1714 1403 illudendu-m
1731 1349 1832 1404 eia
1852 1351 2034 1405 ﬁdeli-

426 1432 553 1500 bus,
573 1432 786 1488 scilicet
813 1434 1069 1489 formose
1090 1438 1148 1489 et
1170 1436 1404 1505 pulchre
1419 1436 1762 1508 disposuisti,
1784 1443 1846 1492 ut
1866 1438 1923 1493 in
1937 1439 2032 1494 illo

427 1521 576 1575 mari
609 1523 756 1575 esset
785 1523 957 1576 draco
1006 1522 1104 1593 qui
1147 1522 1364 1577 nitetur
1404 1524 1668 1595 decipere
1707 1529 1932 1581 sanctos
1978 1532 2036 1583 et

426 1606 698 1663 illudetur
737 1609 809 1663 ab
855 1609 956 1676 eis,
990 1625 1122 1663 cum
1167 1626 1284 1664 non
1316 1611 1531 1680 poterit
1559 1612 1619 1666 in
1664 1613 1744 1668 eis
1788 1615 2032 1671 tentatio

2144 474 2231 528 est
2265 473 2438 528 facies
2467 490 2566 530 eos
2594 476 2803 532 reverti
2827 477 2900 532 ad
2931 477 3459 554 considerationem
3490 481 3765 554 pulveris

2144 561 2251 628 sui,
2276 561 2951 621 scilicetconsiderabunt
2964 551 3032 636 4
3051 550 3068 636 Ι
3089 550 3153 637 6
3173 567 3329 639 quod
3348 569 3407 623 in
3423 550 3765 627 novissimis

2143 650 2216 704 ad
2229 651 2522 722 pulverem
2543 654 2922 723 putrescendo
2938 659 3328 724 revertentur;
3348 659 3407 711 et
3428 657 3534 712 hac
3552 660 3761 715 consi-

2144 738 2440 794 deratione
2470 740 2951 810 humiliabuntur,
2993 743 3156 814 juxta
3186 743 3326 799 illud
3365 743 3696 802 Salomonis
3737 765 3756 805 :

2143 848 2172 877 «
2197 828 2515 883 Memorare
2539 829 2849 885 novissima
2871 833 2990 898 tua,
3013 835 3070 886 et
3086 832 3144 886 in
3165 836 3451 888 aternum
3470 851 3585 890 non
3607 853 3754 908 pec-

2141 917 2296 971 cabis
2314 917 2503 988 (Eecli.
2531 935 2626 985 vu,
2657 920 2776 985 40).
2797 940 2825 967 »
2841 919 2910 973 Et
2927 919 3206 976 Dominus
3234 921 3308 976 ad
3335 922 3522 978 Adam
3552 923 3695 979 dixit
3732 941 3750 979 :

2146 1025 2173 1055 α
2202 1005 2377 1061 Terra
2403 1023 2462 1061 es
2491 1009 2550 1061 et
2589 1006 2648 1061 in
2690 1010 2907 1062 terram
2945 1006 3052 1063 ibis
3079 1008 3238 1074 (Gen.
3279 1027 3358 1078 ni,
3399 1013 3506 1073 19).
3541 1034 3568 1061 υ
3601 1013 3748 1068 Dico

2141 1095 2296 1165 guod
2342 1097 2551 1165 auferes
2585 1097 2833 1166 spiritum
2869 1111 3071 1164 eorum,
3115 1101 3172 1153 et
3206 1101 3428 1167 emittes,
3468 1100 3526 1155 id
3557 1104 3643 1156 est
3672 1119 3749 1158 ex

2140 1183 2358 1238 unitate
2389 1183 2698 1240 ineffabilis
2723 1188 2943 1240 natura
2956 1188 3068 1241 tua
3084 1185 3275 1242 mittes
3296 1186 3355 1242 in
3373 1204 3492 1256 eos,
3518 1205 3635 1245 non
3655 1191 3749 1246 lo-

2138 1270 2337 1326 caliter
2362 1271 2618 1344 quidem,
2645 1273 2746 1327 sed
2779 1272 3129 1344 spiritaliter,
3163 1273 3221 1329 S.
3251 1274 3520 1346 Spiritum
3563 1285 3747 1347 tuum,

2136 1367 2185 1414 et
2205 1377 2310 1431 per
2333 1361 2496 1416 illum
2521 1361 2797 1433 Spiritum
2823 1362 3163 1428 creabantur,
3178 1361 3236 1417 id
3252 1367 3337 1418 est
3360 1363 3422 1418 in
3438 1363 3748 1422 virtutibus

2135 1448 2567 1515 recreabuntur,
2581 1454 2632 1504 et
2653 1464 2757 1519 per
2771 1449 3192 1505 recreationem
3217 1449 3375 1505 illam
3397 1454 3746 1510 renovabisin

2135 1536 2468 1592 innocentia
2492 1538 2694 1607 faciem
2738 1543 2893 1592 terra
2931 1541 3045 1592 tua
3085 1539 3345 1595 Ecclesia
3375 1539 3742 1610 interiorem,

2135 1641 2262 1695 qua
2288 1625 2445 1698 prius
2469 1626 2896 1682 inveterabatur
2928 1643 3033 1698 per
3063 1628 3344 1699 peccandi
3374 1646 3744 1686 consensum.

424 1694 603 1765 ipsius
631 1698 822 1751 locum
854 1697 1087 1763 habere,
1113 1697 1186 1751 ad
1207 1698 1646 1755 similitudinem
1665 1701 1782 1773 lupi
1805 1703 1902 1774 qui
1918 1704 2027 1774 ple-

2136 1694 2308 1778 Quod
2328 1717 2415 1768 est
2444 1715 2636 1770 dicere
2662 1732 2675 1770 :
2704 1715 3023 1770 Renovabis
3057 1732 3162 1788 per
3194 1717 3626 1774 restitutionem
3651 1719 3745 1774 in-

425 1800 692 1857 rumque,
725 1802 856 1840 cum
882 1787 1047 1856 putet
1067 1802 1127 1840 se
1148 1802 1281 1840 mox
1294 1803 1459 1857 posse
1477 1792 1676 1844 tenere
1693 1807 1930 1862 agnum,
1960 1793 2032 1848 ab

401 1903 404 1908 -
425 1888 494 1928 eo
514 1873 793 1940 illuditur,
812 1874 950 1928 dum
966 1890 1189 1928 morsus
1201 1875 1323 1945 ejus
1342 1876 1548 1932 illasus
1570 1878 1778 1934 evadit.
1797 1879 1865 1933 Et
1882 1880 2031 1934 bene

391 1996 395 1999 -
425 1960 661 2032 quidem
691 1961 1129 2032 dicit,formasti.
1156 1964 1495 2019 Formosum
1514 1966 1671 2021 enim
1694 1970 1780 2021 est
1800 1969 2031 2024 etvalde

424 2050 750 2120 pulchrum,
765 2053 823 2104 et
847 2051 920 2105 ad
943 2050 1044 2105 Dei
1061 2051 1560 2122 magniﬁcentiam
1580 2058 1863 2126 spectans,
1879 2057 2034 2127 quod

427 2139 601 2193 draco
629 2155 664 2192 a
687 2137 950 2192 ﬁdelibus
976 2138 1254 2193 illuditur.
1289 2139 1424 2195 Dico
1458 2141 1615 2212 quod
1637 2148 1778 2197 terra
1799 2144 2034 2211 Dei,Ec—

423 2225 596 2281 clesia
623 2225 855 2294 scilicet,
891 2227 1168 2298 impletur
1187 2230 1506 2298 possessione
1543 2237 1655 2297 tua,
1699 2248 1732 2286 o
1780 2233 1947 2301 Deus,
1975 2236 2034 2287 et

424 2315 580 2386 quod
612 2314 670 2369 in
705 2315 853 2370 mari
883 2319 1016 2371 sunt
1045 2317 1307 2370 animalia
1337 2319 1396 2371 et
1421 2319 1655 2389 reptilia,
1679 2322 1737 2374 et
1763 2320 1943 2388 draco,
1974 2325 2033 2376 et

424 2405 602 2458 omnia
632 2404 756 2458 hac
784 2410 1078 2475 exspectant
1107 2422 1139 2458 a
1169 2412 1218 2459 te
1253 2411 1314 2459 ut
1352 2405 1439 2459 des
1474 2406 1583 2461 illis
1633 2424 1824 2475 escam,
1857 2408 1915 2463 id
1945 2413 2034 2464 est

424 2492 827 2559 refectionem,
855 2493 1023 2547 bonis
1053 2492 1287 2564 quidem
1319 2492 1558 2548 virtutes
1579 2497 1636 2548 et
1655 2495 1811 2551 bona
1831 2511 2028 2566 opera,

421 2580 576 2635 unde
588 2580 944 2648 reﬁciantur;
955 2580 1118 2634 malis
1132 2584 1325 2638 autem
1338 2580 1632 2637 licentiam
1648 2585 2032 2656 persequendi

421 2669 606 2725 bonos
621 2672 680 2724 et
699 2667 1131 2740 incorporandi,
1145 2672 1204 2724 et
1223 2669 1404 2724 hocin
1430 2673 1694 2742 tempore
1714 2675 1819 2727 ate
1839 2673 2033 2744 dispo-

423 2758 552 2813 sito.
569 2760 647 2812 Ac
658 2757 704 2812 si
720 2757 872 2813 dicat
896 2773 909 2811 :
935 2757 1128 2828 Neque
1146 2761 1302 2813 terra
1316 2759 1416 2812 tua
1431 2758 1680 2813 Ecclesia
1701 2760 1913 2832 poterit
1935 2763 2033 2817 ha-

423 2847 561 2902 bere
579 2863 770 2901 escam
782 2846 1056 2900 virtutum
1072 2848 1132 2899 et
1152 2861 1394 2918 Operum
1413 2846 1728 2914 bonorum,
1743 2865 1930 2920 neque
1945 2866 2032 2904 re-

422 2933 583 3006 ptilia
596 2937 654 2988 et
665 2932 938 2988 animalia
950 2935 1223 3005 poterunt
1231 2934 1446 2988 habere
1459 2935 1835 2990 refectionem
1848 2936 2032 2992 incor-

422 3022 666 3093 porandi
682 3021 866 3076 bonos
881 3018 1359 3093 etpersequendi,
1375 3021 1479 3077 nisi
1496 3022 1557 3076 in
1579 3030 1806 3095 tempore
1824 3024 1943 3093 illo,
1968 3025 2028 3080 in

422 3127 536 3182 quo
569 3110 837 3181 dispones
874 3109 1144 3164 omnibus
1166 3126 1359 3164 escam
1389 3111 1551 3173 dare,
1574 3112 1881 3184 unicuique
1921 3130 2026 3185 pro

423 3200 598 3254 modo
610 3215 710 3254 suo
719 3238 731 3251 .
741 3198 874 3253 Dico
895 3198 1048 3269 quod
1061 3200 1239 3252 omnia
1251 3205 1550 3269 exspectant
1559 3217 1592 3252 a
1611 3207 1659 3254 te
1668 3201 2028 3264 escam,dante

420 3303 554 3342 vero
576 3294 622 3340 te
633 3287 737 3340 illis
757 3302 970 3352 escam,
989 3285 1206 3339 scilicet
1233 3286 1533 3357 reptilibus
1561 3291 1620 3341 et
1654 3289 1874 3344 cateris
1903 3289 2027 3344 ani-

421 3374 667 3430 malibus
687 3373 931 3442 colligent
943 3372 1162 3426 ﬁdeles.
1181 3372 1346 3436 Quod
1359 3376 1446 3427 est
1466 3373 1656 3429 dicere
1675 3391 1688 3430 :
1715 3377 2028 3448 Postquam

420 3462 505 3517 eis
520 3458 983 3516 dabislicentiam
1002 3458 1316 3513 devorandi
1336 3459 1521 3515 bonos
1539 3464 1938 3535 persequendo
1971 3468 2029 3521 et

418 3548 867 3621 incorporando,
889 3547 1292 3618 colligenteos,
1308 3549 1589 3619 quosdam
1612 3553 2026 3623 persecutioni-

417 3640 524 3696 bus
545 3636 966 3702 interﬁciendo,
987 3637 1269 3708 quosdam
1285 3639 1481 3692 autem
1502 3638 2028 3710 incorporando.Et

419 3736 466 3784 te
489 3727 756 3800 aperiente
783 3741 1007 3779 manum
1030 3724 1312 3796 largitatis
1338 3729 1472 3793 tua,
1503 3730 1566 3781 ut
1592 3727 1691 3782 des
1716 3731 1886 3784 terra
1911 3733 2025 3785 tua

418 3815 668 3873 ecclesia
718 3829 910 3869 escam
952 3812 1260 3879 virtutum;
1304 3815 1485 3867 omnia
1530 3815 1796 3870 membra
1851 3816 2027 3889 ipsius

418 3908 586 3961 terra
611 3902 966 3974 implebantur
985 3901 1236 3969 bonitate,
1251 3901 1466 3957 scilicet
1488 3901 1823 3959 innocentia
1843 3909 1900 3960 et
1920 3923 2024 3962 ca-

416 3994 552 4049 teris
582 3990 900 4047 virtutibus.

486 4082 604 4135 Hoc
629 4081 826 4132 autem
840 4079 1029 4130 totum
1055 4079 1274 4148 spectat
1295 4077 1370 4132 ad
1399 4078 1900 4150 magniﬁcentiam
1931 4081 2020 4137 di-

413 4168 561 4223 vina
592 4163 886 4238 potentia.
905 4164 1041 4218 Dico
1064 4165 1219 4235 quod
1235 4181 1455 4218 manum
1480 4173 1527 4221 te
1544 4169 1813 4237 aperiente
1839 4173 2017 4225 omnia

415 4255 774 4328 implebantur
819 4251 1069 4306 bonitate.
1122 4253 1322 4306 Postea
1366 4256 1562 4308 autem
1600 4261 1648 4308 te
1677 4263 1941 4312 avertente
1983 4275 2018 4314 a

414 4343 758 4419 quibusdam
780 4339 1042 4394 ﬁdelibus
1056 4339 1336 4405 Ecclesia,
1358 4341 1580 4409 faciem,
1597 4342 1654 4396 id
1670 4347 1754 4398 est
1765 4346 2014 4416 gratiam

415 4443 565 4490 tuam
591 4429 947 4487 turbabuntur
971 4427 1209 4483 interius
1223 4429 1294 4484 ab
1309 4428 1520 4483 illicitis
1531 4433 2013 4504 suggestionibus,

413 4528 472 4579 et
493 4539 527 4577 a
553 4519 700 4574 vitiis
728 4517 810 4573 eis
844 4517 1306 4589 praevalentibus.
1337 4518 1666 4573 Notandum
1697 4537 1830 4577 vero
1863 4524 2018 4594 quod

411 4610 636 4684 quoties
664 4609 812 4661 Deus
826 4621 957 4659 suos
975 4605 1053 4659 sic
1083 4604 1372 4677 permittit
1391 4607 1635 4676 turbari,
1657 4612 1758 4664 aut
1777 4625 1880 4681 pro
1912 4612 2016 4666 ali-

413 4697 616 4772 quibus
628 4709 831 4750 eorum
853 4692 1022 4746 malis
1037 4691 1261 4747 meritis
1279 4709 1375 4747 eos
1404 4698 1465 4748 ut
1494 4699 1738 4764 pereant
1759 4697 2014 4767 dimittit,

411 4790 508 4842 aut
521 4800 624 4858 pro
637 4782 894 4853 ipsorum
908 4778 1152 4833 utilitate
1165 4795 1264 4834 eos
1285 4780 1358 4834 ad
1371 4784 1599 4854 tempus
1617 4784 1837 4838 turbari
1859 4786 2014 4855 sinit,

407 4879 472 4931 ut
499 4874 711 4928 iterum
733 4866 1078 4941 panitentes
1097 4866 1433 4923 humiliores
1458 4870 1620 4937 ﬁant,
1646 4875 1703 4926 et
1733 4871 1856 4926 aliis
1883 4890 2014 4945 pec-

407 4961 668 5020 cantibus
719 4971 955 5028 parcere
1001 4953 1208 5008 sciant.
1243 4953 1412 5025 cujus
1441 4957 1525 5011 rei
1560 4959 1749 5028 gratia
1779 4961 2015 5017 Petrum

408 5031 671 5126 permisit
693 5059 1001 5114 senegare,
1022 5059 1096 5096 ne
1111 5041 1377 5097 videlicet
1394 5041 1764 5100 insolesceret
1781 5047 1852 5102 de
1875 5065 2017 5120 pra-

405 5136 638 5196 lationis
657 5145 773 5188 sua
796 5130 1174 5197 sublimitate,
1203 5133 1261 5185 et
1281 5129 1339 5184 in
1367 5135 1602 5186 cunctos
1629 5133 1738 5188 sibi
1759 5135 2016 5192 subditos

401 5224 705 5299 peccantes
745 5217 922 5272 sciret
955 5216 1150 5271 mitius
1185 5232 1376 5288 agere.
1429 5216 1563 5272 Dico
1609 5219 1763 5289 quod
1793 5225 2015 5276 avertes

403 5315 599 5386 faciem
632 5317 777 5363 tuam
815 5306 888 5360 ab
926 5305 1008 5358 eis
1037 5307 1096 5358 et
1126 5305 1502 5360 turbabuntur.
1537 5307 1741 5360 Postea
1775 5308 2010 5378 quidem

404 5401 613 5472 auferes
629 5412 732 5469 per
756 5392 1176 5449 immissionem
1191 5393 1390 5464 gratia
1412 5396 1526 5448 tua
1536 5396 1782 5465 spiritum
1800 5412 2002 5466 eorum,

400 5487 615 5544 scilicet
651 5480 952 5553 superbia,
986 5479 1084 5552 qui
1116 5496 1234 5534 non
1266 5480 1375 5536 erit
1398 5483 1550 5548 tuus,
1581 5481 1680 5536 sed
1711 5498 1932 5552 eorum,
1956 5492 2006 5540 et

2052 2977 2101 3037 C

2037 4215 2092 4276 D

2134 1802 2419 1858 nocentia
2441 1803 2732 1858 rationem
2763 1803 2975 1858 anima
3001 1821 3229 1872 eorum,
3263 1823 3392 1878 qua
3422 1806 3632 1862 dicitur
3656 1807 3748 1862 fa-

2132 1891 2268 1959 cies,
2309 1909 2377 1947 eo
2427 1891 2581 1963 quod
2621 1908 2726 1963 per
2763 1891 3050 1947 rationem
3095 1891 3292 1948 anima
3323 1894 3745 1953 consideratur.

2133 1979 2289 2033 Facit
2334 1983 2528 2034 autem
2584 1979 3051 2034 exhortationem
3106 1980 3177 2035 ad
3231 1979 3383 2052 ipsos
3423 1981 3520 2054 qui
3568 1999 3750 2039 reno-

2133 2067 2441 2134 vabuntur,
2490 2069 2552 2122 ut
2602 2069 2784 2123 Deum
2833 2067 2904 2122 de
2954 2067 3331 2123 renovatione
3379 2069 3466 2124 sui
3523 2071 3746 2142 gloriﬁ-

2134 2159 2286 2280 ἴδοι,
2319 2155 2425 2227 ipsi
2453 2155 2653 2210 omnia
2679 2155 2836 2211 bona
2877 2156 3246 2211 attribuendo
3275 2173 3403 2229 qua
3433 2158 3514 2213 eis
3539 2175 3747 2232 opera-

2160 2242 2248 2280 ur.

2160 2242 2248 2282 υἷ’.

2202 2316 2342 2370 Inde
2373 2332 2626 2388 namque
2675 2314 2822 2369 Deus
2857 2314 3148 2371 Laetabitur.
3199 2317 3335 2373 Dico
3385 2319 3542 2390 quod
3595 2321 3750 2376 Deus

2133 2403 2360 2458 emittet
2382 2403 2646 2475 spiritum
2677 2419 2843 2457 suum
2879 2402 2938 2457 in
2965 2420 3082 2470 vos,
3116 2420 3149 2458 ο
3183 2405 3404 2474 ﬁdeles,
3439 2409 3497 2462 et
3524 2408 3746 2464 creabit

2133 2493 2192 2546 et
2214 2490 2516 2545 renovabit
2545 2506 2664 2558 vos,
2679 2493 2736 2545 et
2759 2490 2889 2544 ideo
2907 2490 3080 2560 gloria
3106 2491 3337 2547 Domini
3361 2509 3395 2547 a
3420 2493 3746 2548 vobisexhi-

2132 2577 2253 2632 bita
2281 2579 2430 2634 bene
2461 2579 2802 2646 vivendo,et
2829 2577 2933 2649 ipsi
2964 2577 3162 2633 omnia
3191 2578 3346 2634 bona
3370 2580 3746 2651 quainvobis

2133 2669 2304 2721 erunt
2318 2666 2680 2732 ascribendo,
2703 2666 2777 2720 sit
2795 2665 3010 2721 durans
3031 2682 3209 2737 usque
3236 2668 3293 2720 in
3321 2667 3576 2722 saeculum
3592 2667 3744 2722 futu-

2132 2769 2284 2807 rum.
2316 2753 2481 2818 Quod
2523 2756 2608 2808 est
2656 2753 2846 2808 dicere
2879 2770 2892 2807 :
2921 2752 3244 2808 Gloriﬁcate
3269 2770 3403 2808 eum
3444 2754 3601 2810 bona
3628 2755 3744 2811 vita

2130 2845 2338 2910 vestra,
2363 2847 2420 2898 et
2444 2841 2779 2897 ascribendo
2812 2841 2919 2913 ipsi
2947 2841 3147 2896 omnia
3170 2842 3326 2897 bona
3355 2843 3558 2914 quain
3581 2844 3742 2899 vobis

2133 2934 2286 2999 sunt,
2315 2935 2373 2986 et
2400 2947 2576 3003 usque
2600 2930 2660 2984 in
2687 2930 2964 2985 saculum
2987 2931 3058 2985 de
3087 2930 3468 3002 generatione
3485 2931 3542 2985 in
3565 2948 3741 3003 gene-

2131 3019 2418 3074 rationem
2439 3035 2543 3092 per
2554 3018 2994 3074 successionem.
3007 3019 3270 3076 Dominus
3288 3019 3444 3074 enim
3459 3019 3741 3075 laetabitur

2131 3109 2187 3161 in
2212 3108 2451 3179 Operibus
2483 3107 2650 3163 bonis
2677 3109 2810 3175 suis,
2834 3107 2893 3161 id
2920 3110 3004 3161 est
3033 3106 3138 3161 sibi
3160 3107 3439 3180 ascriptis.
3470 3109 3637 3173 Quod
3653 3111 3742 3163 est

2131 3195 2321 3250 dicere
2347 3212 2359 3250 :
2391 3195 2528 3250 Inde
2557 3194 2838 3250 Dominus
2865 3193 3173 3260 laetabitur,
3189 3193 3234 3249 si
3265 3195 3373 3250 hoc
3400 3196 3578 3251 modo
3601 3213 3741 3251 eum

2129 3283 2602 3356 gloriﬁcaveritis,
2635 3286 2698 3336 ut
2727 3299 2906 3354 opera
2928 3283 3084 3338 bona
3106 3299 3234 3355 qua
3264 3284 3322 3338 in
3353 3285 3514 3339 vobis
3537 3301 3742 3356 opera-

2130 3375 2242 3440 tur,
2292 3390 2411 3427 non
2444 3372 2622 3439 vobis,
2647 3372 2746 3426 sed
2777 3371 2884 3443 ipsi
2919 3371 3233 3426 ascribatis.
3263 3373 3509 3445 Exponit
3539 3377 3740 3428 autem

2129 3460 2253 3533 ipsa
2273 3477 2451 3532 opera
2465 3476 2595 3514 cum
2618 3459 2796 3514 addit.
2819 3459 3116 3527 Dominus,
3131 3459 3393 3532 inquam,
3416 3464 3514 3532 qui
3526 3462 3740 3532 respicit

2130 3554 2349 3610 terram,
2367 3551 2500 3615 etc.,
2531 3548 2686 3619 quod
2704 3546 2763 3602 in
2783 3547 3154 3618 sequentibus
3184 3552 3521 3618 exponetur.
3540 3551 3745 3603 Potest

2128 3652 2358 3708 quoque
2388 3636 2464 3690 sic
2495 3637 2662 3691 aliter
2706 3635 2842 3707 legi,
2875 3634 2946 3689 ab
2978 3635 3076 3690 illo
3104 3636 3228 3690 loco
3260 3635 3356 3689 ubi
3387 3635 3526 3690 dicit
3555 3653 3568 3690 :
3603 3654 3738 3707 ape-

2128 3725 2300 3780 riente
2329 3732 2397 3792 te,
2423 3726 2556 3789 etc.,
2591 3723 2717 3778 dico
2731 3722 2893 3777 dante
2921 3729 2970 3776 te
2991 3723 3094 3777 illis
3106 3722 3451 3778 animalibus
3479 3726 3538 3778 et
3559 3723 3737 3794 repti-

2111 3807 2274 3867 ‘libus
2301 3828 2488 3867 escam
2515 3811 2778 3881 colligent,
2811 3813 2868 3865 et
2883 3813 3145 3882 aperiente
3173 3817 3220 3865 te
3249 3829 3468 3865 manum
3490 3812 3734 3884 largita-

2124 3901 2194 3956 tis
2225 3903 2336 3956 tua
2369 3900 2518 3955 circa
2547 3900 2725 3954 ﬁnem
2757 3899 3196 3967 mundi,omnia,
3228 3899 3286 3954 id
3305 3903 3392 3954 est
3411 3901 3729 3973 omnesqui

2123 3993 2295 4045 erunt
2323 3989 2384 4043 in
2417 3992 2589 4056 terra,
2605 3987 2820 4042 scilicet
2839 3987 2898 4042 in
2920 3988 3088 4058 plebe
3113 3988 3347 4043 Iudaica
3366 3989 3728 4061 implebantur

2125 4079 2355 4134 bonitate
2367 4075 2906 4147 ﬁdei,omniumque
2920 4075 3455 4147 virtutum,quando
3472 4075 3555 4130 eis
3575 4075 3726 4130 Elias

2119 4169 2177 4222 et
2199 4166 2390 4222 Enoch
2403 4163 2819 4238 pradicabunt.
2833 4164 3119 4218 Avertente
3133 4171 3310 4218 autem
3338 4167 3541 4235 postea
3570 4172 3620 4219 te
3639 4165 3726 4234 fa-

2117 4255 2337 4322 ciem,id
2349 4257 2433 4308 est
2445 4253 2697 4324 gratiam
2714 4254 2874 4306 tuam
2893 4268 3010 4307 non
3033 4253 3220 4319 re,sed
3233 4268 3335 4324 pro
3354 4253 3720 4324 reputatione

2115 4342 2422 4399 hominum
2436 4340 2788 4395 turbabuntur
2800 4357 2834 4394 a
2845 4340 3340 4412 persecutionibus
3351 4339 3718 4394 Antechristi.

2119 4431 2279 4496 Quod
2299 4434 2386 4485 est
2402 4429 2591 4484 dicere
2614 4445 2626 4482 :
2657 4430 2964 4500 Postquam
2995 4444 3200 4483 omnes
3230 4428 3302 4483 ad
3321 4428 3500 4482 ﬁdem
3520 4444 3721 4482 conve-

2119 4519 2332 4584 nerint,
2356 4515 2638 4572 videberis
2655 4516 2725 4570 ab
2744 4516 2826 4571 eis
2842 4515 3093 4586 gratiam
3115 4518 3270 4570 tuam
3291 4520 3568 4583 avertere,
3586 4533 3717 4572 cum

2117 4606 2504 4678 permittesAn
2513 4602 2830 4659 tichristum
2852 4603 2910 4658 in
2934 4621 3136 4658 eorum
3148 4620 3319 4659 carne
3337 4603 3721 4659 dominari.Et

2116 4695 2195 4752 sic
2215 4693 2572 4748 turbabuntur
2589 4691 2648 4745 in
2670 4707 3056 4762 corpore,non
3077 4692 3135 4746 in
3155 4691 3370 4747 anima.
3391 4692 3458 4745 Et
3470 4694 3604 4746 tunc
3619 4709 3718 4746 au-

2115 4785 2251 4854 feres
2279 4782 2528 4853 spiritum
2546 4795 2747 4845 eorum,
2765 4778 2823 4833 id
2845 4782 2930 4832 est
2943 4779 3245 4849 permittes
3265 4779 3478 4834 auferri
3493 4795 3599 4850 per
3614 4779 3717 4834 tri-

2116 4870 2440 4927 bulationes
2467 4868 2694 4923 animas
2721 4882 2946 4921 eorum.
2987 4867 3056 4920 Et
3079 4866 3156 4921 sic
3183 4866 3309 4921 dico
3341 4865 3520 4920 auferi
3557 4867 3720 4938 spiri-

2116 4961 2263 5026 tum,
2287 4957 2442 5030 quod
2466 4956 2708 5025 deﬁcient
2729 4955 2801 5008 ab
2819 4953 2923 5008 hac
2945 4955 3060 5009 vita
3075 4958 3261 5009 morte
3278 4969 3576 5025 corporea,
3595 4970 3716 5009 non

2115 5048 2303 5101 solum
2324 5043 2668 5105 morientur,
2688 5041 2788 5096 sed
2806 5049 2856 5095 et
2877 5049 3201 5097 revertentur
3231 5044 3287 5096 in
3304 5042 3579 5112 pulverem
3609 5058 3716 5113 pu-

2114 5133 2440 5188 trescendo.
2463 5133 2764 5186 Pulverem
2787 5129 2914 5185 dico
2935 5148 3110 5197 suum,
3129 5129 3425 5185 scilicetde
3441 5145 3554 5201 quo
3579 5128 3714 5183 facti

2115 5238 2149 5277 a
2169 5223 2286 5276 Deo
2303 5220 2361 5274 in
2376 5220 2562 5274 Adam
2576 5219 2825 5273 fuerunt.
2841 5218 3071 5290 Legitur
3101 5217 3256 5272 enim
3279 5218 3456 5272 homo
3475 5217 3548 5270 de
3571 5217 3713 5272 limo

2111 5313 2282 5366 terra
2313 5309 2482 5362 fuisse
2513 5311 2699 5361 cretus
2725 5306 2883 5377 (Gen.
2918 5322 2979 5373 ιι,
3011 5306 3085 5376 7).
3120 5307 3429 5376 Postquam
3449 5320 3587 5375 ergo
3619 5303 3717 5358 de-

2106 5399 2283 5468 ﬁcient
2307 5396 2379 5451 ab
2408 5397 2515 5450 hac
2536 5394 2651 5448 vita
2662 5398 2718 5448 et
2734 5397 2790 5447 in
2797 5393 3074 5464 pulverem
3099 5399 3440 5459 revertentur,
3469 5391 3712 5446 tandem

2106 5487 2163 5542 in
2187 5485 2279 5541 die
2293 5479 2471 5556 judici
2491 5484 2728 5538 emittens
2747 5481 3014 5552 Spiritum
3028 5482 3288 5536 sanctum
3310 5486 3481 5545 tuum,
3509 5487 3556 5533 et
3583 5479 3708 5550 ejus

399 5574 638 5644 deﬁcient
666 5570 736 5628 ab
766 5569 864 5625 illo
909 5567 1111 5640 spiritu
1135 5585 1204 5623 ex
1233 5570 1376 5625 toto.
1414 5569 1482 5625 Et
1507 5572 1570 5625 ut
1597 5586 1666 5628 ex
1694 5572 1816 5627 toto
1847 5588 1882 5628 a
1906 5589 1999 5630 su-
2103 5572 2512 5646 cooperatione
2537 5587 2653 5628 una
2679 5572 2843 5644 patre
2860 5573 2918 5627 et
2936 5571 2993 5626 te
3004 5570 3350 5641 cooperante
3365 5566 3709 5634 creabantur,
