3998 6026
260 234 406 305 mo
488 322 490 325 ι

1261 237 1626 305 EXPOSITIO
1661 243 1732 304 IN
1771 239 2105 307 PSALMOS.
2144 275 2214 292 -
2252 245 2446 310 PSAL.
2488 247 2600 310 CIV

3445 247 3582 327 μου

347 373 434 428 est
463 368 877 430 recreabuntur
890 371 1266 446 resurgendo,
1286 372 1864 464 etrenovabisfaciem,
1883 379 1941 440 Α
1974 374 2306 464 Peccatores
2325 378 2688 436 delectantur
2713 377 2772 437 in
2801 381 2968 439 malis
2997 386 3283 458 operibus.
3310 388 3427 464 Ego
3449 408 3581 450 vero

251 460 321 517 id
353 465 438 517 est
465 463 740 531 formam,
772 465 939 519 terra:
970 464 1043 519 ad
1080 464 1350 518 litteram.
1371 465 1439 517 Et
1453 464 1602 518 bene
1619 463 1754 518 dicit
1780 480 1867 518 re-

252 551 596 606 novandum
631 568 734 610 esse
755 552 952 622 faciem
984 559 1154 606 terrae.
1185 553 1362 606 Terra
1417 551 1627 623 quippe
1681 553 1738 605 et
1767 567 1864 604 aer

255 643 321 695 et
349 641 659 706 elementa,
694 658 820 712 qua:
882 642 955 696 ad
986 659 1117 695 usus
1148 644 1372 695 nostros
1402 639 1866 694 transmutabilia

252 731 412 795 sunt,
439 728 824 784 immutabilia
854 729 995 785 flent
1021 732 1078 784 et
1107 729 1363 784 formosa
1417 731 1474 782 et
1503 744 1669 782 nova.
1703 727 1866 782 Unde

250 815 506 887 legitur:
531 839 558 867 ‹‹
593 818 731 872 Ecce
764 833 911 872 nova
940 818 1088 872 facio
1121 817 1321 872 omnia
1349 816 1539 887 (Apoc.
1577 832 1687 883 xxx,
1725 816 1798 886 5).
1832 833 1865 867 θ

250 903 375 958 Hoc
397 909 592 959 autem
623 905 777 977 quod
807 906 1000 974 faciem
1031 913 1184 960 terrae
1209 905 1506 972 renovabis,
1540 905 1613 959 ad
1641 903 1864 976 magni-

249 991 550 1047 ﬁcentiam
583 994 680 1048 Dei
709 993 978 1066 pertinet.
1013 995 1078 1048 Et
1127 993 1262 1047 inde
1293 993 1448 1064 quod
1496 992 1668 1047 facies
1697 995 1866 1046 terrae

252 1081 652 1149 renovabitur,
707 1086 763 1136 et
815 1082 1013 1137 ﬁdeles
1066 1083 1502 1149 recreabuntur,
1562 1080 1673 1136 erit
1697 1080 1869 1150 gloria

248 1169 482 1224 Domini
503 1170 778 1225 duratura
803 1187 980 1242 usque
1009 1173 1065 1225 in
1094 1171 1367 1237 saeculum,
1408 1169 1469 1224 id
1495 1172 1580 1224 est
1606 1185 1789 1240 usque
1809 1167 1868 1222 in

250 1262 564 1321 aeternum,
597 1262 655 1313 et
682 1259 934 1314 concedo
962 1259 1198 1331 quidem
1229 1262 1293 1313 ut
1319 1260 1387 1313 sit
1431 1258 1605 1328 gloria
1652 1256 1875 1311 Domini

250 1348 314 1401 in
337 1347 614 1414 saeculum,
669 1347 885 1402 scilicet
916 1350 980 1402 ut
1028 1347 1308 1402 Dominus
1359 1346 1714 1418 gloriﬁcetur
1769 1360 1873 1417 per

253 1423 740 1506 gloriﬁcationem
767 1452 1005 1491 suorum
1033 1435 1092 1490 in
1120 1438 1427 1490 aeternum.
1461 1437 1522 1488 In
1555 1436 1662 1488 hoc
1676 1436 1871 1488 autem

252 1521 424 1578 nobis
451 1525 780 1595 exemplum
809 1524 1008 1579 tribuit
1026 1526 1207 1579 Deum
1237 1522 1617 1594 gloriﬁcandi.

1967 463 2064 536 qui
2102 467 2387 538 propheta
2407 487 2557 538 sum,
2609 470 2768 541 cujus
2816 474 3123 530 auctoritas
3152 480 3210 532 et
3253 463 3579 552 exemplum

1965 555 2324 643 sequendum
2348 561 2451 624 est,
2487 558 2818 614 delectabar
2833 561 2891 614 in
2909 562 3095 630 laude,
3115 568 3173 619 et
3188 565 3246 620 in
3261 568 3426 623 bonis
3444 587 3580 643 ope-

1962 640 2120 696 ribus
2150 659 2278 714 qua:
2311 645 2384 699 ad
2414 646 2727 700 Dominum
2769 648 3085 718 pertinent,
3120 640 3582 725 delectabor,_in-

1966 745 2161 800 quam.
2193 732 2269 785 Ac
2308 732 2352 786 si
2384 732 2535 788 dicat
2569 751 2582 788 :
2614 734 2755 790 Cum
2808 737 3128 794 delectione
3187 741 3335 796 bene
3386 762 3585 818 opera-

1967 818 2091 872 bor.
2124 821 2227 873 Per
2256 820 2370 874 hoc
2405 825 2599 877 autem
2654 839 2760 878 nos
2790 824 3020 880 instruit
3048 843 3178 882 cum
3204 829 3583 891 delectatione

1965 904 2113 959 bene
2144 906 2390 978 cperari.
2422 909 2557 964 Orat
2613 913 2809 966 autem
2837 929 2942 984 pro
2971 931 3074 969 nos
3092 915 3584 979 delectantibusin

1968 993 2214 1049 Domino
2246 995 2357 1050 sic:
2389 997 2515 1051 dico
2573 999 2849 1069 quoniam
2879 1017 2987 1071 ego
3038 1004 3368 1061 delectabor
3390 1007 3448 1062 in
3472 1011 3583 1065 Do-

1971 1080 2156 1137 mino:
2183 1087 2239 1137 et
2269 1087 2330 1138 ut
2353 1088 2683 1154 peccatores
2705 1088 2925 1158 possint
2945 1089 3003 1143 in
3018 1092 3261 1148 Domino
3291 1095 3585 1166 delectari,

1960 1175 2260 1239 peccatores
2298 1176 2577 1242 quantum
2605 1174 2677 1228 ad
2731 1192 2790 1229 se
2817 1176 2912 1247 qui
2963 1177 3224 1234 videlicet
3252 1181 3311 1235 in
3345 1200 3402 1238 se
3435 1187 3589 1242 mala

1972 1261 2305 1328 operantur,
2323 1261 2572 1329 deﬁciant
2623 1279 2653 1315 a
2693 1269 2855 1332 terra,
2898 1264 2956 1319 id
3007 1271 3149 1323 csta
3207 1269 3587 1329 delectatione

1971 1346 2342 1415 terrenitatis,
2363 1352 2422 1403 et
2451 1347 2530 1402 illi
2561 1349 2802 1427 quisunt
2819 1351 3023 1424 iniqui,
3042 1360 3326 1426 quantum
3351 1360 3422 1414 ad
3437 1360 3578 1416 alios

1970 1431 2165 1504 inique
2195 1435 2408 1490 scilicet
2435 1439 2670 1507 agentes
2713 1437 2770 1492 in
2801 1441 3112 1511 proximos,
3142 1444 3353 1512 deﬁciat
3388 1454 3448 1500 ut
3485 1466 3591 1504 non

1969 1522 2074 1575 sint
2103 1522 2411 1594 iniqui.Tu
2457 1541 2614 1592 vero,
2671 1528 2854 1580 anima
2904 1546 3020 1583 mea
3079 1530 3286 1587 benedic
3334 1534 3588 1603 Domino,

266 1632 284 1639 ’
328 1612 396 1665 Et
423 1615 561 1666 tunc
590 1613 821 1684 quando
851 1612 1050 1667 ﬁdeles
1078 1611 1556 1684 gloriﬁcabuntur
1585 1613 1874 1665 etrecrea—
1898 1679 1946 1694 ἢ
1971 1611 2125 1666 bona
2142 1611 2444 1667 affectione
2458 1613 2719 1668 contuitu
2735 1631 2976 1688 Operum
2994 1618 3567 1694 ejusmagniﬁcorum

250 1697 471 1754 buntur
495 1679 816 1755 laetabuntur
837 1679 1107 1755 Dominus
1131 1701 1384 1755 Christus
1414 1703 1469 1753 in
1485 1701 1722 1770 aperibus
1741 1701 1869 1767 suis,
1898 1679 1947 1739 Β
1973 1713 2099 1769 quae
2130 1698 2388 1770 superius
2405 1700 2556 1755 dicta
2584 1706 2736 1757 sunt.
2771 1679 2789 1688 ⁸
3019 1679 3040 1690 ν
3225 1679 3257 1694 ν
3575 1681 3590 1712 ’

250 1786 314 1842 id
341 1791 427 1842 est
447 1787 506 1842 in
531 1788 1003 1862 magniﬁcatione
1034 1789 1322 1843 bonorum
1354 1805 1481 1860 quae
1529 1788 1621 1842 hic
1676 1787 1734 1841 in
1757 1787 1874 1841 suis

253 1879 549 1945 operatur,
583 1876 681 1949 qui
709 1879 847 1931 tunc
873 1875 1128 1931 efficient
1155 1879 1218 1931 ut
1245 1879 1382 1930 tunc
1412 1876 1519 1948 ipsi
1544 1875 1870 1948 gloriﬁcen-

249 1965 368 2018 tur.
404 1962 569 2027 Quod
599 1967 684 2019 est
714 1965 1108 2020 dicerez'l‘unc
1127 1964 1425 2037 apparebit
1450 1980 1552 2037 per
1566 1963 1871 2035 praemium

250 2052 685 2124 gloriﬁcationis
698 2069 921 2120 eorum,
945 2053 1081 2124 quia
1097 2051 1375 2108 Dominus
1389 2051 1685 2107 laetaturin
1706 2051 1872 2106 bonis

251 2140 547 2212 operibus,
581 2157 710 2212 quae
741 2141 860 2212 ipse
891 2140 948 2195 in
981 2141 1060 2195 eis
1089 2145 1384 2212 operatur.
1433 2140 1659 2211 Repetit
1674 2141 1869 2194 autem

254 2229 515 2285 breviter
543 2230 617 2285 ad
646 2230 1219 2286 commendationem
1279 2229 1723 2301 magniﬁcentiae
1750 2229 1871 2300 ejus

251 2322 481 2388 partem
532 2317 766 2373 illorum
828 2335 1071 2391 operum
1124 2317 1220 2373 sic.
1269 2317 1552 2384 Dominus,
1608 2317 1866 2388 inquam,

254 2407 542 2473 laetabitur,
568 2406 626 2461 id
675 2411 760 2462 est
811 2407 1113 2479 apparebit
1162 2423 1266 2478 per
1602 2405 1869 2460 effectum

251 2495 504 2567 praemii,
527 2495 661 2568 quia
692 2495 968 2550 Dominus
997 2495 1068 2550 de
1099 2496 1265 2551 bonis
1319 2495 1587 2567 operibus
1632 2511 1869 2548 suorum

252 2585 501 2639 laetatur.
533 2571 815 2652 Deminus,
847 2584 971 2639 dico
1038 2587 1132 2656 qui
1173 2583 1266 2638 hic
1321 2585 1549 2655 respicit,
1610 2586 1870 2654 respectu

254 2671 457 2744 gratiae
515 2679 732 2736 terram,
814 2672 873 2727 id
903 2676 987 2728 est
1034 2675 1295 2728 terrenos
1349 2671 1731 2726 illuminando
1782 2671 1868 2725 in-

255 2760 437 2815 terius
463 2777 566 2832 per
596 2761 793 2815 ﬁdem.
826 2761 902 2815 Et
953 2763 1087 2831 facit
1117 2779 1231 2815 eam
1262 2767 1497 2828 tremere,
1528 2760 1599 2814 de
1625 2758 1872 2830 peccatis

257 2849 615 2922 pmnitendo.
653 2852 719 2904 Et
747 2868 863 2906 non
896 2852 1081 2906 solum
1096 2850 1192 2920 qui
1218 2849 1472 2904 subditos
1504 2851 1745 2920 respicit;
1774 2847 1874 2902 sed

258 2940 317 2993 et
350 2941 444 3010 qui
465 2941 639 3008 tangit
670 2938 912 2994 interius
959 2955 1064 3010 per
1094 2937 1552 3009 increpationem
1573 2941 1793 3003 montes,
1817 2934 1874 2989 id
1899 2956 1948 3018 α

257 3029 343 3081 est
374 3025 679 3098 principes,
735 3033 785 3081 et
840 3028 1134 3096 fumigant,
1190 3025 1248 3080 id
1302 3029 1386 3080 est
1429 3025 1655 3080 fumum
1705 3023 1873 3078 emit-

2471 1789 2539 1842 IN
2580 1789 2905 1847 PSALMUM
2942 1793 3073 1848 CIV.

2042 1874 2258 1929 Titulus
2289 1876 2589 1932 centesimi
2634 1880 2842 1950 quarti.
2875 1881 3134 1939 Alleluia.
3171 1883 3336 1948 Quod
3368 1889 3452 1942 est
3503 1887 3593 1943 di-

1970 1979 2098 2017 cere
2122 1980 2134 2017 :
2163 1964 2414 2020 Laudate
2447 1966 2782 2025 Dominum.
2811 1969 3050 2025 Alleluia
3071 1973 3285 2045 quippe
3304 1974 3589 2047 interpre-

1969 2053 2126 2104 tatur
2151 2051 2383 2119 laudate,
2445 2053 2502 2109 id
2558 2071 2692 2110 vero
2747 2059 2832 2110 est
2901 2059 3198 2130 quoddam
3245 2078 3460 2118 nomen
3490 2063 3590 2120 Dei

1972 2140 2124 2210 apud
2154 2141 2442 2196 Hebraeos.
2491 2143 2629 2198 Inde
2684 2143 2911 2200 alleluia
2943 2151 3030 2201 est
3087 2147 3276 2204 dicere
3311 2166 3323 2204 :
3352 2149 3592 2208 Laudate

1971 2227 2165 2282 Deum.
2200 2229 2268 2282 Et
2297 2244 2554 2300 congrue
2585 2231 2820 2303 quidem
2873 2235 3126 2304 psalmus
3164 2235 3292 2304 iste,
3345 2235 3592 2295 Lau‘date

1969 2313 2146 2369 Deum
2169 2316 2514 2372 intitulatur.
2549 2319 2839 2391 Propheta
2867 2338 3078 2393 nempe
3111 2325 3184 2378 ad
3213 2325 3589 2397 plenitudinis

1971 2407 2200 2475 tempus
2230 2406 2544 2460 extendens
2574 2409 3121 2486 se_consideratione
3169 2413 3365 2468 ﬁdeles
3397 2431 3464 2469 ex
3490 2416 3586 2470 Ju-

1972 2491 2108 2546 daeis
2125 2493 2440 2548 credituros
2453 2494 2800 2550 adhortatur
2811 2497 2884 2551 ad
2895 2498 3248 2555 laudandum
3262 2503 3443 2556 Deum
3456 2519 3589 2558 con-

1971 2579 2217 2635 fessione
2249 2585 2637 2654 peccatorum_
2663 2600 2921 2655 suorum,
2950 2590 3008 2641 et
3043 2587 3192 2644 bene
3226 2589 3403 2645 etiam
3431 2590 3586 2663 cogi-

1971 2667 2149 2722 tando
2180 2671 2237 2722 et
2264 2669 2412 2724 bene
2438 2672 2755 2742 operando,
2784 2675 2842 2726 et
2861 2673 3147 2730 mirabilia
3177 2677 3298 2748 ejus
3320 2679 3588 2748 gentibus

1973 2755 2398 2823 annuntiando,
2423 2760 2481 2811 et
2519 2759 2628 2813 hoc
2655 2776 2882 2831 quoque
2915 2762 3194 2831 contuitu,
3223 2765 3497 2836 quoniam
3519 2767 3587 2822 il-

1973 2842 2072 2896 lud
2103 2843 2254 2914 quod
2286 2844 2528 2899 Abrahae
2557 2850 2615 2900 et
2642 2847 2797 2901 Isaac
2827 2849 2885 2902 et
2911 2849 3085 2903 Jacob
3121 2851 3407 2922 promisit,
3439 2853 3587 2909 scili-

1975 2933 2065 2983 cet
2086 2929 2353 2986 daturam
2375 2948 2434 2986 se
2466 2932 2674 2987 semini
2703 2934 2826 3004 ejus
2857 2939 3071 2990 terram
3100 2937 3392 3007 Chanaan,
3426 2945 3485 2995 et
3514 2943 3590 2997 ad

1976 3018 2228 3073 litteram
2259 3023 2317 3074 et
2346 3021 2718 3092 significative
2747 3025 3072 3096 complevit,
3107 3029 3162 3080 et
3176 3027 3362 3082 adhuc
3383 3045 3451 3084 ex
3464 3032 3587 3085 toto

257 3116 409 3180 tunt,
463 3116 849 3186 lacrymosam
892 3114 1156 3169 videlicet
1185 3113 1715 3185 compunctionem,
1747 3128 1875 3184 qua:
1977 3108 2310 3178 complebit.
2351 3109 2625 3164 Enuntiat
2642 3128 2870 3184 quoque
2887 3130 3014 3184 qua:
3030 3115 3580 3189 beneﬁciapatribus

259 3205 454 3260 oculos
475 3204 787 3259 exteriores
839 3203 911 3258 ad
937 3203 1378 3258 similitudinem
1409 3202 1551 3256 fumi
1573 3202 1647 3257 ad
1674 3202 1874 3257 fletum
1977 3195 2219 3250 contulit
2245 3238 2257 3250 .
2292 3198 2360 3250 Et
2397 3200 2690 3269 quomodo
2717 3202 2934 3255 terram
2967 3201 3237 3258 Chanaan
3269 3204 3351 3259 eis
3410 3204 3588 3272 dedit,

258 3291 432 3363 cogit.
466 3292 713 3364 Ideoque
733 3292 923 3347 fumus
942 3292 1186 3360 dicitur;
1218 3292 1303 3346 vel
1331 3290 1430 3344 sic.
1458 3292 1613 3345 Tunc
1644 3291 1874 3363 quando
1976 3285 2040 3338 ut
2063 3284 2248 3355 magis
2277 3284 2476 3340 ﬁdeles
2503 3287 2732 3342 Iudaeos
2775 3288 2980 3362 quibus
3019 3290 3110 3345 hic
3143 3291 3284 3364 agit,
3333 3293 3589 3350 contuitu

257 3379 457 3434 ﬁdeles
480 3380 913 3447 recreabuntur,
945 3381 1212 3434 Laetabitur
1246 3379 1510 3433 Dominus
1560 3379 1614 3431 in
1639 3378 1877 3449 operibus
1975 3370 2204 3426 illorum
2228 3373 2644 3430 beneficiorum
2671 3375 2745 3430 ad
2766 3378 2865 3432 Dei
2895 3377 3128 3433 laudem
3158 3379 3377 3437 incitet.

257 3469 390 3535 suis,
422 3467 636 3523 scilicet
660 3468 912 3540 placebit
941 3468 993 3522 ei
1025 3467 1180 3540 quod
1211 3466 1353 3521 nihil
1384 3465 1638 3520 inveniet
1662 3466 1721 3520 in
1771 3465 1874 3528 eis,

260 3557 369 3612 nisi
390 3572 567 3627 opera
597 3574 720 3624 sua,
751 3557 963 3611 scilicet
990 3572 1168 3628 opera
1191 3556 1366 3610 bona.
1394 3555 1517 3609 Non
1545 3553 1879 3608 cnim'inve-

262 3643 382 3699 niet
412 3644 471 3698 iu
497 3644 642 3699 eism
655 3646 746 3700 ala
762 3647 1204 3716 opera,pr0pter
1222 3661 1348 3716 quas
1371 3642 1555 3697 dicat:
1585 3664 1611 3693 «
1635 3642 1881 3697 Paenitet

261 3747 357 3786 me
393 3731 594 3787 fecisse
645 3748 742 3787 eos
796 3731 953 3804 (Gen.
986 3749 1060 3798 VI,
1093 3731 1170 3804 '7).
1207 3753 1235 3780 »
1269 3731 1567 3799 Dominus,
1617 3731 1881 3802 inquam,

262 3822 359 3893 qui
379 3820 474 3874 hic
526 3822 734 3890 respicit
784 3827 1000 3888 terram,
1055 3823 1161 3874 etc.
1203 3820 1318 3874 Hoc
1349 3835 1465 3874 non
1517 3821 1794 3885 mutatur,
1827 3821 1886 3872 et

265 3909 337 3964 ad
370 3907 863 3980 magniﬁcentiam
880 3908 978 3963 Dei
999 3906 1268 3978 pertinet.
1297 3905 1547 3961 Ostensis
1565 3905 1886 3976 magniﬁcis

266 3996 532 4068 operibus
554 3995 675 4063 Dei,
709 3999 772 4051 ut
790 4013 894 4051 nos
906 3996 990 4050 sui
1005 3995 1266 4065 exemplo
1283 3993 1356 4047 ad
1369 3993 1721 4047 cantandum
1739 3992 1884 4046 invi-

266 4087 368 4151 tet,
401 4101 460 4139 se
490 4088 856 4139 cantaturum
892 4083 1138 4139 Domino
1163 4081 1450 4155 promittit
1481 4080 1558 4135 sic
1597 4098 1610 4135 :
1650 4079 1884 4136 Ostendi

269 4171 578 4243 magniﬁca
609 4189 786 4244 opera
816 4171 939 4239 Dei,
971 4171 1183 4226 scilicet
1214 4172 1372 4243 quod
1401 4170 1493 4225 hic
1521 4171 1658 4240 facit
1688 4177 1885 4223 terram

2048 3459 2394 3528 Con/itemini
2421 3461 2652 3517 Domino
2687 3469 2735 3518 et
2774 3473 3029 3534 mvocate,
3089 3469 3197 3522 etc.
3234 3468 3592 3527 Constructiu

1979 3548 2213 3618 quidem
2241 3548 2444 3619 incipit
2473 3567 2507 3604 a
2527 3554 2683 3605 sexto
2712 3568 2900 3621 versu,
2945 3553 3042 3625 qui
3092 3555 3221 3610 talis
3247 3560 3332 3611 est
3359 3575 3376 3610 :
3402 3557 3596 3614 Semen

1979 3635 2029 3690 Α
2043 3635 2288 3703 bra/iam,
2313 3639 2422 3690 etc.
2441 3636 2606 3701 Quod
2621 3637 2700 3692 sic
2745 3640 2991 3712 adaptur
3005 3657 3022 3694 εΔ
3062 3642 3171 3697 Vos
3187 3660 3386 3698 semen
3413 3646 3595 3701 Abra-

1981 3725 2118 3778 ham
2138 3725 2456 3779 secundum
2474 3742 2713 3780 carnem
2734 3727 2936 3793 Judaei,
2963 3728 3178 3784 scilicet
3197 3733 3253 3785 ct
3274 3748 3393 3787 non
3409 3735 3599 3790 omni-

1984 3813 2090 3867 bus
2116 3812 2239 3867 dico
2280 3811 2374 3885 qui
2427 3816 2561 3868 sunt
2596 3830 2769 3868 semen
2798 3814 3100 3879 Abraham,
3155 3819 3255 3872 sed
3300 3822 3438 3873 servi
3464 3821 3599 3893 ejus,

1987 3900 2221 3956 Domini
2251 3900 2463 3956 scilicet
2491 3900 2588 3973 qui
2612 3901 2757 3956 servi
2790 3903 3023 3957 Domini
3048 3905 3179 3959 Jcsu
3202 3922 3322 3960 esse
3354 3925 3472 3963 non
3507 3925 3598 3964 re-

1987 3989 2177 4043 nuitis.
2207 3989 2273 4043 Et
2302 3989 2437 4059 quia
2473 3989 2709 4061 quidam
2742 3991 2989 4062 gentiles
3023 3991 3256 4048 fuerunt
3281 3994 3352 4050 de
3379 3997 3601 4055 semine

1986 4078 2192 4131 Ismael
2220 4077 2321 4130 ﬁlii
2351 4076 2666 4145 Abraham,
2687 4077 2783 4150 qui
2805 4079 2878 4133 ad
2893 4079 3068 4135 ﬁdem
3080 4081 3203 4152 jam
3237 4089 3606 4154 venerunt,et

1986 4165 2132 4220 servi
2162 4165 2366 4219 Christi
2405 4167 2542 4220 facti
2581 4170 2732 4233 sunt,
2765 4167 2925 4222 addit
2949 4185 2961 4223 :
3199 4187 3296 4226 vos
3344 4173 3468 4230 dico
3508 4175 3606 4248 qui

270 4268 512 4327 tremere,
541 4263 598 4314 et
617 4266 817 4317 montes
835 4259 1144 4331 fumigare,
1169 4259 1295 4314 etin
1312 4259 1504 4314 futuro
1525 4273 1656 4312 suos
1669 4273 1888 4312 recrea-
1909 4230 1961 4290 D
1985 4253 2120 4309 estis
2139 4253 2244 4322 ﬁlii
2286 4254 2455 4308 Jacob
2507 4254 2849 4327 patriarcha:
2890 4258 3212 4312 secundum
3261 4230 3609 4329 carnem,‘et

269 4347 371 4415 bit,
401 4351 459 4402 et
485 4350 684 4418 [aciem
713 4355 868 4403 terra:
893 4347 1214 4403 renovabit.
1247 4349 1312 4401 Et
1342 4347 1479 4420 quia
1507 4348 1586 4402 sic
1617 4346 1887 4418 magniﬁ-

269 4453 365 4492 cus
391 4438 477 4490 est
501 4439 564 4491 ut
593 4436 652 4491 in
685 4437 877 4501 futuro
910 4451 1139 4491 merear
1175 4436 1245 4489 ab
1304 4453 1372 4491 eo
1401 4435 1730 4507 gloriﬁcari,
1759 4451 1884 4488 can-

270 4525 390 4579 tabo
411 4524 662 4593 Domino,
693 4525 754 4580 id
783 4528 868 4580 est
897 4526 1043 4579 bene
1075 4523 1362 4595 operabor
1381 4523 1454 4577 ad
1483 4523 1766 4578 honorem
1783 4524 1889 4578 Do-

271 4612 433 4678 mini,
467 4613 624 4684 quod
647 4612 756 4667 erit
781 4612 886 4683 ipsi
909 4611 1221 4667 canticum.
1250 4609 1516 4678 Cantabo,
1547 4611 1808 4683 inquam,
1831 4613 1890 4664 et

271 4699 380 4754 hoc
409 4701 464 4753 in
492 4700 597 4754 hac
627 4703 738 4754 vita
769 4717 884 4754 mea
903 4698 1208 4771 praesenti;
1234 4699 1416 4754 ethoc
1440 4715 1556 4753 non
1571 4697 1642 4752 ad
1660 4698 1884 4764 horam,

272 4787 371 4841 sed
389 4787 624 4858 psallam
649 4787 762 4842 Deo
792 4804 905 4841 meo
935 4787 1173 4859 quandiu
1200 4804 1340 4853 sum,
1374 4786 1432 4841 id
1463 4790 1547 4841 est
1578 4786 1725 4840 bene
1757 4802 1889 4858 ope-

274 4875 449 4929 rabor
469 4876 542 4930 ad
560 4876 844 4931 honorem
863 4876 964 4930 Dei
986 4875 1123 4943 mei,
1143 4873 1398 4947 quandiu
1415 4873 1506 4929 hic
1522 4873 1727 4928 vivam.
1745 4875 1888 4929 Nam

277 4984 304 5012 «
332 4962 431 5032 qui
456 4963 906 5033 perseveraverit
934 4980 1109 5035 usque
1138 4964 1197 5017 in
1230 4964 1432 5031 finem,
1460 4962 1552 5016 hic
1581 4963 1765 5016 salvus
1780 4962 1891 5016 erit

277 5049 498 5122 (Matth.
529 5068 582 5118 x,
616 5052 727 5122 22).
755 5070 788 5104 »
820 5052 954 5106 Dico
981 5052 1243 5121 psallam,
1277 5050 1891 5122 etperhocjucundum

279 5139 387 5194 erit
417 5142 466 5192 ei
501 5139 765 5211 eloquium
785 5157 983 5206 meum,
1016 5138 1074 5192 id
1108 5142 1192 5193 est
1211 5140 1471 5209 jucunda
1516 5139 1625 5193 erit
1655 5139 1706 5193 ei
1767 5140 1890 5194 laus

279 5227 490 5299 eloquii
521 5228 634 5282 oris
659 5228 798 5296 mei,
831 5229 985 5299 quod
1017 5228 1182 5281 aliter
1213 5244 1329 5281 non
1378 5232 1542 5281 esset.
1576 5249 1603 5278 «
1631 5228 1755 5281 Non
1804 5230 1890 5280 est

279 5315 432 5370 enim
454 5316 710 5386 speciosa
726 5319 847 5370 laus
873 5315 930 5369 in
954 5332 1053 5370 ore
1089 5314 1404 5387 peccatoris
1424 5315 1726 5383 (Eccli.xv,
1755 5317 1830 5386 9).
1859 5337 1884 5362 ››

280 5406 348 5460 Et
374 5405 482 5460 hoc
509 5405 746 5476 quidem
803 5421 904 5459 oro
937 5407 999 5459 ut
1038 5404 1346 5475 jucundum
1400 5405 1467 5457 sit
1516 5405 1566 5457 ei
1618 5404 1889 5475 eloquium

282 5509 472 5548 meum.
507 5491 625 5563 Ego
650 5509 774 5549 vevo
804 5492 1097 5550 delectabar
1121 5493 1179 5548 in
1233 5491 1489 5558 Domino,
1525 5508 1587 5547 ac
1614 5491 1659 5547 si
1685 5491 1836 5548 dicat
1869 5510 1882 5548 :

1986 4358 2105 4397 non
2132 4341 2258 4396 dico
2291 4343 2360 4396 de
2415 4342 2741 4398 inﬁdelibus
2799 4343 2928 4398 ﬁliis
2992 4345 3197 4402 Jacob:
3228 4347 3330 4401 sed
3378 4364 3478 4404 vos
3509 4349 3606 4422 qui

1987 4429 2120 4484 estis
2144 4429 2294 4484 electi
2316 4429 2428 4499 ejus
2450 4430 2701 4496 Domini,
2736 4430 2950 4485 scilicet
2977 4449 3121 4503 quos
3153 4435 3326 4506 elegit
3345 4439 3603 4495 vocando

1987 4518 2060 4572 ad
2090 4518 2286 4571 fidem.
2340 4516 2683 4586 Conﬁtemmi
2706 4517 2939 4573 Domino
2970 4519 3191 4576 Christo
3234 4528 3468 4593 peccata
3511 4543 3604 4582 ve-

1987 4607 2132 4673 stra;
2165 4621 2294 4677 qua:
2332 4604 2610 4659 confessio
2631 4605 2739 4659 erit
2753 4607 3004 4676 Domini,
3029 4614 3078 4661 et
3103 4610 3433 4669 conﬁtendo
3458 4616 3608 4671 invo-

1987 4700 2100 4747 cate
2127 4692 2468 4763 nomenejus,
2491 4692 2549 4747 id
2571 4697 2655 4748 est
2685 4693 2943 4750 invocate
2994 4713 3131 4752 eum
3186 4698 3244 4753 in
3276 4701 3604 4758 considera-

1988 4781 2206 4836 tionem
2240 4780 2493 4836 nominis
2524 4781 2665 4852 ejus,
2700 4784 2854 4856 quod
2885 4787 2969 4839 est
2999 4786 3296 4842 Dominus.
3345 4789 3606 4852 Quodest

1989 4869 2206 4925 dicere:
2233 4868 2602 4924 Considerate
2655 4872 2789 4942 quia
2818 4873 3095 4928 Dominus
3125 4874 3392 4929 omnium
3424 4881 3527 4945 est,
3547 4881 3606 4932 et

1988 4960 2094 5014 hac
2119 4957 2579 5013 consideratione
2607 4958 2846 5013 interius
2884 4964 3082 5014 vocate
3101 4978 3235 5016 eum
3259 4963 3415 5019 bona
3436 4964 3604 5022 devo~

1989 5047 2145 5101 tione
2178 5048 2427 5114 orantes,
2488 5049 2549 5100 ut
2588 5047 2758 5101 vestri
2800 5047 2872 5101 sit
2912 5047 3227 5116 inhabitor,
3281 5053 3598 5109 secundum

1986 5134 2390 5205 inoperantem
2421 5133 2690 5204 gratiam,
2725 5138 2782 5189 et
2807 5135 2884 5188 sic
2915 5139 3230 5190 annuntiate
3268 5141 3405 5194 inter
3421 5149 3596 5211 gentes

1987 5223 2047 5277 id
2077 5223 2239 5277 estin
2283 5222 2640 5292 plenitudine
2688 5223 2950 5293 gentium
2989 5225 3062 5279 ad
3105 5227 3336 5281 laudem
3363 5230 3595 5285 Domini

1988 5329 2163 5384 opera
2194 5311 2315 5382 ejus
2345 5311 2516 5381 facta,
2543 5313 2599 5364 et
2630 5310 2686 5363 in
2734 5311 2909 5364 veteri
2960 5316 3018 5368 et
3069 5315 3128 5368 in
3157 5331 3304 5370 novo
3355 5320 3591 5388 populo.

1989 5399 2133 5465 Quia
2160 5417 2293 5454 vero
2334 5416 2450 5454 non
2497 5399 2783 5454 sufﬁceret
2837 5403 2899 5454 ut
2929 5403 3060 5471 post
3083 5401 3506 5460 confessionem
3537 5411 3596 5464 et

1987 5491 2414 5548 invocationem
2463 5488 2658 5545 statim
2685 5488 3100 5547 annuntiarent
3130 5508 3309 5566 opera
3337 5495 3591 5564 Domini,
