3998 6026
425 230 556 292 ΗΜ

1025 217 1086 284 S.
1112 220 1460 284 BRUNONIS
1485 217 2015 282 CARTEUSIANOR

2115 220 2629 286 :nvsrrrmoals
2666 221 2824 286 opp.
2859 221 3124 320 usus:

3588 227 3778 291 “’3

422 356 616 416 addit:
635 352 973 428 Priusquam
992 350 1114 424 ejus
1141 367 1320 428 opera
1370 349 1745 421 annuntietis,
1800 355 2014 408 cantate
2031 369 2089 432 Α
2117 350 2385 423 Abrahae,
2413 350 2679 410 ﬁdelibus
2732 349 2946 410 scilicet
2993 351 3280 412 δειναηῶ
3333 353 3599 430 quotidie
3655 371 3760 414 ex

419 450 470 506 ei
494 447 746 514 Domino,
797 442 946 500 bene
1002 442 1074 498 de
1118 458 1187 497 eo
1234 441 1564 513 cogitando,
1617 445 1669 495 et
1709 439 1923 512 psallite
1945 441 2015 508 ei,

418 537 567 592 bene
596 532 922 607 Operando;
954 531 1143 585 ethoc
1173 529 1376 585 ordine
1401 529 1639 584 tandem
1667 528 1742 582 ad
1773 544 2016 584 narran-

421 625 561 680 dum
583 621 871 678 mirabilia
897 618 1123 674 Domini
1153 617 1288 672 facti
1318 617 1535 688 idonei,
1563 622 1781 672 narrate
1809 618 2016 685 omnia,

422 712 698 768 mirabilia
730 710 862 781 ejus,
891 711 948 764 et
972 708 1030 762 in
1060 705 1239 762 veteri
1280 709 1338 761 et
1363 705 1421 760 in
1454 722 1600 760 novo
1624 707 1837 777 populo
1864 705 2020 762 facta

415 800 630 859 scilicet
657 815 786 872 quae
835 798 906 853 de
948 795 1179 867 Virgine
1227 797 1394 850 natus
1451 797 1556 861 est,
1614 797 1674 848 et
1729 794 2017 849 mundum

418 892 606 946 morte
619 904 721 943 sua
734 883 1001 951 redemit,
1026 887 1084 938 et
1098 885 1306 938 caetera
1325 883 1445 954 ejus
1465 881 1770 950 mirabilia,
1799 883 1887 936 vel
1904 881 2012 938 sic:

416 978 655 1036 Narrate
673 977 852 1032 omnia
878 972 1148 1028 mirabilia
1173 988 1300 1043 quae
1330 971 1391 1026 in
1407 970 1565 1026 vobis
1591 973 1726 1025 sunt
1743 987 1862 1025 esse
1875 973 2013 1042 ejus,

416 1083 532 1124 non
565 1084 632 1122 ex
657 1065 836 1132 vobis,
867 1061 1077 1116 scilicet
1104 1060 1214 1114 hoc
1243 1059 1399 1130 quod
1460 1057 1755 1113 mirabiles
1785 1057 1921 1112 estis
1955 1057 2014 1112 in

413 1153 743 1211 conﬁtendo
772 1153 829 1206 et
853 1148 1140 1205 cantando
1158 1149 1216 1202 et
1237 1147 1556 1218 psallendo,
1582 1163 1700 1201 non
1718 1146 1900 1212 vobis,
1916 1145 2020 1202 sed

415 1242 494 1298 illi
527 1239 807 1297 ascribito.
864 1239 932 1292 Et
981 1253 1112 1291 cum
1182 1233 1545 1290 cantaveritis
1595 1237 1653 1289 et
1691 1233 2015 1305 psallcritis,

414 1330 592 1386 nolite
619 1330 728 1384 hac
748 1327 936 1383 solum
966 1323 1290 1378 intentione
1319 1323 1429 1378 hoc
1458 1323 1669 1389 facere,
1690 1325 1754 1376 ut
1774 1321 2019 1377 vosinde

409 1417 819 1476 tantummodo
838 1411 1281 1479 laudemini,sed
1294 1410 1589 1465 lauda-mini
1600 1413 1655 1465 in
1681 1413 1888 1466 nomine
1897 1427 2022 1468 san-

414 1515 496 1563 cto
517 1507 628 1579 ejus
657 1504 910 1568 laudato,
941 1500 1154 1555 scilicet
1191 1498 1269 1553 sic
1292 1499 1474 1554 velitis
1493 1499 1715 1554 laudari
1741 1501 1805 1553 ut
1823 1502 1882 1554 et
1911 1515 2016 1555 no-

415 1613 551 1653 men
583 1596 843 1649 sa-nctem
873 1590 997 1662 ejus
1029 1589 1086 1643 in
1119 1587 1588 1644 consideratione
1632 1590 1836 1643 vestrae
1885 1604 2018 1643 san-

2115 440 2222 497 hac
2251 441 2367 498 vita
2386 440 2789 514 migrantibus,
2811 443 2870 496 et
2919 441 3145 498 assidue
3192 460 3372 517 usque
3427 446 3501 502 ad
3544 446 3767 504 ﬁnem

2116 530 2320 585 mundi
2351 530 2410 585 in
2452 529 2691 585 diversis
2714 529 3073 603 temporibus
3125 531 3288 588 dabit
3343 534 3521 590 vitam
3549 541 3768 594 aeter—

2113 633 2274 686 nam,
2292 635 2420 691 quae
2438 635 2694 691 congrue
2707 635 2811 691 per
2826 621 3043 674 terram
3059 619 3334 676 Chanaan
3367 625 3752 696 praesignata

2115 708 2220 760 est.
2273 705 2547 761 Chanaan
2609 706 2822 778 quippe
2897 707 3130 763 humilis
3185 711 3490 780 promissio
3543 712 3758 770 inter-

2116 796 2393 868 pretatur.
2428 795 2592 850 Unde
2621 811 2727 868 per
2756 795 3028 851 Chanaan
3074 796 3191 852 vita
3219 801 3440 854 aeterna
3460 799 3751 859 ﬁdelibus

2114 881 2399 962 promissa
2407 882 2718 962 accipitur,
2750 899 2880 956 quas
2896 899 3001 955 per
3029 884 3422 942 humilitatem
3448 889 3750 962 adipisce-

2116 973 2230 1026 tur.
2272 955 2377 1041 4|
2398 954 2461 1041 9
2487 969 2623 1026 Dico
2655 954 2811 1043 quod
2839 954 3037 1026 memor
3061 973 3174 1043 fuit
3204 979 3524 1044 testamenti,
3541 954 3598 1033 id
3645 979 3758 1033 est

2115 1058 2246 1112 vitae
2259 1062 2494 1114 aeternae
2512 1074 2616 1130 pro
2626 1058 3017 1132 missaa,quam
3032 1061 3276 1117 assiduas
3290 1063 3455 1120 dabit
3473 1081 3652 1137 usque
3667 1065 3746 1122 in

2116 1146 2388 1200 saeculum
2410 1145 2670 1200 futurum
2699 1145 2964 1202 ﬁdelibus
3015 1149 3418 1206 morientibus.
3453 1152 3523 1206 Et
3550 1153 3752 1209 etiam

2114 1247 2316 1288 memor
2340 1234 2452 1304 fuit
2479 1235 2644 1302 verbi,
2657 1233 2716 1289 id
2748 1237 2833 1290 est
2861 1251 3024 1292 nova:
3050 1237 3194 1309 legis
3212 1254 3340 1310 qua:
3365 1255 3471 1310 per
3490 1240 3750 1297 verbum

2119 1337 2284 1376 suum
2318 1322 2454 1378 data
2472 1326 2578 1390 est,
2611 1323 2825 1378 scilicet
2855 1324 3015 1379 dedit
3044 1341 3256 1381 novam
3313 1328 3510 1400 legem
3550 1346 3746 1402 quam

2118 1408 2408 1480 promisit,
2432 1427 2561 1481 quae
2577 1411 2816 1466 verbum
2831 1411 3231 1468 abbreviatum
3245 1414 3473 1484 dicitur,
3492 1433 3559 1473 eo
3573 1418 3748 1491 quod

2119 1494 2178 1550 in
2202 1513 2270 1552 ea
2299 1498 2551 1553 breviter
2572 1498 2772 1554 omnia
2793 1500 3036 1556 moralia
3054 1507 3344 1576 praecepta
3363 1507 3569 1562 veteris
3586 1507 3750 1579 legis

2120 1585 2712 1656 comprehenduntur.
2747 1587 2911 1644 Unde
2948 1591 3262 1663 propheta:
3283 1592 3580 1650 «Verbum
3594 1611 3745 1651 con-

411 1683 624 1740 ctitatis
652 1681 724 1736 ab
757 1679 878 1734 aliis
904 1678 1186 1732 laudetur.
1219 1676 1383 1731 Unde
1424 1676 1736 1732 Dominus:
1763 1698 1790 1726 ‹‹
1815 1676 2020 1731 Luceat
2049 1682 2100 1742 Β
2119 1689 2418 1728 summans
2441 1678 2498 1728 et
2522 1674 2860 1731 abbrevians
2904 1676 2963 1732 in
2985 1679 3256 1751 aequitate
3280 1680 3418 1737 facit
3446 1683 3738 1740 Dominus

412 1774 507 1828 lux
527 1773 712 1827 vestra
728 1783 925 1824 coram
951 1765 1371 1832 hominibus,ut
1385 1764 1618 1819 videant
1637 1781 1815 1838 opera
1834 1768 2022 1819 vestra

413 1864 592 1928 bona,
607 1862 664 1915 et
682 1856 1005 1930 glorificent
1024 1857 1256 1910 Patrem
1273 1857 1544 1920 vestrum,
1560 1853 1656 1926 qui
1675 1854 1733 1908 in
1761 1853 1916 1909 caelis
1935 1855 2022 1908 est

411 1948 638 2019 (Matth.
667 1964 722 2014 ν,
759 1945 863 2017 16).
897 1964 925 1994 ››
962 1944 1031 1998 Et
1059 1942 1239 1998 nolite
1261 1941 1424 1996 inviti
1447 1944 1584 1995 etex
1613 1941 1846 1996 tristitia
1868 1943 2017 2013 psal-

412 2038 531 2092 lere
555 2035 700 2090 sicut
709 2035 904 2106 plures
932 2031 989 2085 in
1003 2030 1180 2102 priori
1198 2030 1432 2102 populo,
1449 2029 1552 2083 sed
1570 2029 1868 2100 psallendo
1883 2029 2020 2083 laste-

412 2131 502 2180 tur
519 2140 608 2178 cor
625 2128 875 2188 vestrum,
903 2121 1158 2174 vestrum
1186 2117 1318 2173 dico
1341 2120 1690 2189 quaerentium
1704 2116 2016 2184 Dominum,

412 2213 472 2270 id
492 2215 577 2268 est
606 2209 932 2285 optantium
945 2224 1063 2263 non
1077 2207 1399 2262 humanum
1422 2206 1704 2272 favorem,
1718 2205 1818 2260 sed
1831 2202 2021 2260 Domi-

409 2317 553 2357 num
576 2299 814 2355 tandem
846 2297 906 2352 in
935 2297 1130 2351 futuro
1161 2295 1377 2350 habere
1395 2296 1923 2350 remuneratorem.
1952 2293 2022 2348 Et

410 2391 627 2462 quaerite
640 2385 941 2442 affectione
958 2387 1016 2439 et
1027 2383 1289 2439 oratione
1307 2388 1365 2438 et
1379 2381 1713 2453 operatione
1725 2381 2021 2436 Dominum

410 2479 626 2532 habere
656 2475 1159 2530 remuneratorem
1187 2471 1248 2526 in
1271 2471 1484 2536 futuro,
1521 2473 1581 2524 et
1609 2486 1729 2524 non
1787 2469 2018 2524 horarie

410 2565 652 2637 quaerite,
674 2562 776 2617 sed
804 2561 860 2616 in
892 2561 1001 2616 hoc
1018 2559 1332 2632 quaerendo
1351 2559 1769 2628 conﬁrmamini,
1797 2557 2022 2613 scilicet

409 2653 738 2710 constantes
780 2648 900 2704 sitis
928 2647 1343 2715 etconﬁrmati,
1360 2648 1418 2701 in
1436 2647 1545 2701 hac
1559 2645 1873 2718 quaestione
1894 2645 2023 2701 dico

410 2742 628 2814 quaerite
642 2737 856 2811 habere
870 2735 1185 2792 Dominum
1202 2733 1262 2788 in
1284 2734 1479 2788 futuro
1494 2734 2016 2788 remuneratorem.

409 2831 479 2884 Et
505 2828 598 2883 hic
624 2826 800 2882 etiam
827 2823 1066 2880 rationis
1084 2825 1286 2879 vestrae
1307 2821 1772 2878 consideratione
1800 2821 2022 2892 quaerite

407 2933 608 2988 semper
634 2916 850 2986 faciem,
883 2911 941 2968 id
973 2915 1058 2966 est
1084 2910 1482 2983 cognitionem
1542 2909 1684 2980 ejus,
1716 2907 1930 2964 scilicet
1957 2911 2022 2963 ut

410 3005 615 3062 divina:
647 3001 1014 3058 sublimitatis
1043 2999 1166 3071 ejus
1192 2999 1461 3055 notitiam
1519 2997 1800 3064 habeatis,
1854 3000 1914 3052 et
1940 2996 2020 3052 sic

409 3110 551 3166 erga
578 3107 714 3148 eum
733 3089 1013 3145 cbaritate
1046 3086 1443 3143 vehementius
1495 3085 1765 3140 ardeatis.
1799 3085 1888 3151 Et,
1920 3101 2020 3140 vos

407 3183 623 3250 idiotas,
656 3194 905 3253 quorum
933 3176 1078 3231 ratio
1110 3176 1185 3230 ad
1227 3174 1603 3246 quaerendam
1669 3174 1790 3244 ejus
1813 3171 2020 3228 faciem

409 3253 527 3326 non
550 3273 637 3324 est
663 3266 976 3327 sufﬁciens,
1004 3266 1214 3319 saltum
1245 3265 1309 3316 ut
1338 3263 1646 3317 materiam
1704 3277 1838 3315 eum
1896 3262 2018 3316 lau-

409 3357 587 3414 dandi
617 3353 896 3420 habeatis,
919 3355 1232 3407 mementote
1257 3349 1591 3404 mirabilium
1607 3349 1718 3419 ejus
1729 3366 1848 3420 quae
1866 3349 2016 3419 fecit,

408 3445 619 3502 scilicet
674 3440 984 3496 nativitatis
1023 3439 1094 3494 de
1150 3437 1402 3511 Virgine,
1460 3436 1892 3492 resurrectionis
1945 3454 2015 3493 ex

410 3537 620 3600 morte,
650 3534 710 3586 et
734 3533 1075 3584 ceterorum
1099 3543 1228 3601 quas
1273 3526 1334 3582 in
1359 3541 1508 3582 novo
1540 3528 1598 3580 et
1623 3524 1684 3580 in
1708 3524 1886 3580 veteri
1916 3541 2016 3597 po-

405 3623 540 3695 pulo
573 3620 840 3692 operatus
879 3619 984 3672 est.

477 3709 613 3766 Dico
636 3711 950 3762 mementote
975 3703 1326 3770 mirabitium,
1382 3700 1596 3756 scilicet
1651 3703 2014 3757 mementote

400 3798 647 3872 prodigia
671 3795 804 3866 ejus,
833 3809 899 3848 ac
925 3792 971 3847 si
991 3791 1144 3848 dicat
1172 3807 1185 3846 :
1216 3792 1472 3858 Illorum,
1497 3789 1756 3862 inquam,
1782 3789 2014 3845 mirabi~

406 3887 547 3942 lium
576 3889 907 3950 mementote,
950 3897 1078 3953 quae
1115 3896 1235 3935 non
1267 3882 1400 3934 sunt
1453 3878 2012 3950 qualiacunque,sed

406 3972 673 4046 prodigia
695 3969 914 4037 sunt,id
944 3972 1031 4022 est
1056 3968 1221 4022 valde
1244 3964 1636 4064 mirabiliaLit
1653 3968 2013 4064 mementote

397 4062 608 4134 judicia
663 4061 768 4114 oris
813 4058 948 4128 ejus,
979 4056 1038 4110 id
1068 4059 1154 4111 est
1209 4058 1499 4128 praecepta
1556 4053 1680 4124 ejus
1731 4071 1860 4126 quas
1889 4053 2012 4126 ipse

399 4148 644 4222 judiciat
667 4147 876 4210 facere,
904 4145 981 4199 sic
1012 4145 1073 4197 ut
1093 4159 1163 4198 ea
1185 4142 1492 4214 impleatis.
1514 4141 1620 4211 Adj
1630 4141 1796 4213 ungit
1817 4145 2011 4197 autem

2119 1777 2291 1833 super
2312 1764 2528 1817 terram
2577 1761 2736 1835 (Isai.
2769 1781 2824 1831 ι,
2850 1768 2947 1833 22;
2982 1765 3141 1821 Rom.
3175 1785 3249 1836 ιι,
3285 1769 3398 1840 22).
3431 1790 3462 1820 »
3511 1771 3746 1828 Memor

2117 1849 2246 1917 fuit,
2280 1849 2546 1922 inquam,
2597 1851 2775 1921 verbi,
2816 1854 2958 1926 quod
3007 1856 3252 1912 verbum
3304 1858 3581 1915 mandavit
3607 1877 3743 1916 esse

2119 1939 2535 2009 complendum
2561 1957 2740 2012 usque
2772 1943 2830 1995 in
2887 1943 3032 1998 mille
3075 1947 3532 2015 generationes,id
3556 1952 3642 2003 est
3668 1948 3738 2004 in

2118 2025 2387 2081 omnibus
2425 2029 2898 2100 generationibus
2955 2048 3133 2104 usque
3181 2035 3255 2089 ad
3291 2035 3470 2091 ﬁnem
3502 2036 3735 2092 mundi.

2118 2115 2227 2169 Per
2257 2115 2412 2170 mille
2428 2115 2765 2189 quippe,qui
2782 2135 3057 2174 numerus
3072 2125 3156 2176 est
3172 2123 3480 2194 perfectus,
3495 2140 3740 2197 compa.

2117 2204 2312 2257 tenter
2342 2220 2544 2259 omnes
2565 2206 2971 2276 generationes
3002 2208 3378 2282 accipiuntur.
3395 2213 3512 2268 Hoc
3532 2217 3733 2271 autem

2119 2290 2275 2362 quod
2305 2290 2629 2364 interponit
2658 2295 2714 2347 in
2739 2296 2987 2350 universa
3018 2301 3159 2352 terra
3165 2298 3378 2369 judicia
3408 2301 3544 2371 ejus,
3577 2302 3734 2373 posi-

2117 2379 2244 2432 tum
2275 2378 2454 2433 estad
2507 2380 2936 2451 probationem,
2990 2385 3159 2457 quod,
3201 2389 3306 2458 ipse
3353 2389 3439 2443 est
3467 2388 3739 2447 Dominus

2116 2464 2280 2534 Deus,
2304 2469 2362 2521 et
2407 2467 2485 2522 sic
2529 2467 2835 2541 adaptatur
2867 2487 2880 2526 :
2915 2471 3050 2528 Dico
3076 2475 3354 2546 quoniam
3376 2479 3482 2548 ipse
3503 2480 3592 2532 est
3617 2477 3734 2534 Do-

2119 2555 2296 2609 minus
2310 2553 2476 2624 Deus,
2509 2560 2569 2612 et
2590 2557 2726 2613 inde
2753 2561 3167 2632 comprobatur
3195 2580 3318 2620 esse
3347 2565 3493 2621 Deus
3517 2571 3578 2623 et
3623 2567 3732 2624 Do-

2120 2644 2314 2709 minus,
2333 2643 2469 2715 quia
2493 2647 2550 2698 in
2578 2648 2826 2702 universa
2853 2655 3019 2716 terra,
3052 2654 3173 2705 tam
3208 2651 3269 2707 in
3294 2653 3504 2709 Iudaeis
3553 2672 3730 2728 quam

2119 2729 2180 2784 in
2208 2731 2498 2802 gentibus,
2526 2737 2660 2788 sunt
2676 2735 2907 2806 judicia,
2926 2737 2987 2793 id
3008 2743 3095 2794 est
3107 2744 3416 2814 praecepta,
3438 2742 3559 2813 ejus
3577 2761 3735 2800 com-

2119 2819 2295 2888 pleta,
2319 2821 2476 2892 quod
2519 2838 2639 2878 non
2695 2828 2844 2879 esset
2871 2825 2978 2881 nisi
3029 2827 3151 2900 ipse
3193 2827 3342 2884 Deus
3368 2835 3427 2886 et
3462 2831 3731 2888 Dominus

2120 2911 2290 2962 esset.
2322 2909 2458 2964 Dico
2487 2911 2642 2982 quod
2667 2929 2867 2967 memor
2879 2914 2992 2984 fuit
3021 2920 3337 2986 testamenti,
3371 2919 3515 2990 quod
3533 2921 3732 2977 videli-

2119 2997 2210 3050 cet
2238 2998 2651 3054 testamentum
2671 3000 2934 3072 disposuit
2961 2999 3036 3057 ad
3057 3003 3358 3074 Abraham,
3384 3006 3446 3062 id
3476 3012 3564 3063 est
3591 3025 3730 3080 pro-

2119 3082 2275 3137 misit
2301 3084 2566 3141 Abrabaa.
2609 3087 2859 3161 Ideoque
2889 3107 3008 3147 non
3041 3093 3230 3164 potuit
3265 3110 3385 3150 non
3409 3097 3731 3168 complere.

2119 3169 2195 3225 Et
2218 3187 2418 3226 memor
2441 3173 2548 3242 fui,
2595 3175 2899 3246 juramenti
2941 3181 3029 3234 sui
3052 3180 3190 3236 facti
3222 3181 3295 3236 ad
3319 3181 3498 3252 Isaac,
3548 3184 3609 3240 id
3637 3189 3730 3241 est

2119 3259 2305 3315 ﬁrmes
2333 3261 2732 3331 promissionis
2745 3266 2817 3321 ad
2834 3267 2988 3322 Isaac
3003 3267 3191 3338 factas,
3215 3287 3393 3342 quam
3415 3287 3547 3327 cum
3562 3273 3732 3344 jura-

2118 3351 2318 3402 mento
2349 3347 2435 3402 sui
2462 3347 2639 3419 ipsius
2661 3351 2822 3407 fecit.
2858 3353 3179 3426 Complevit
3208 3358 3368 3414 enim
3393 3359 3538 3416 illud
3560 3361 3727 3432 jura-

2115 3437 2404 3502 mentum,
2438 3439 2830 3510 etsecundum,
2843 3441 3098 3498 litteram
3110 3447 3169 3498 et
3183 3447 3501 3502 secundum
3512 3447 3734 3520 signifi-

2113 3521 2425 3579 cationem.
2459 3525 2528 3580 Et
2552 3525 2694 3582 illud
2723 3530 3162 3599 testamentum,
3190 3532 3250 3588 id
3269 3537 3356 3588 est
3399 3534 3560 3590 illam
3590 3553 3729 3609 pro-

2113 3611 2453 3668 missionem
2480 3617 2689 3683 statuit,
2723 3615 2886 3672 idest
2912 3619 3361 3690 promisitJacob
3382 3623 3732 3694 patriarcha

2113 3699 2327 3754 ducens
2356 3716 2462 3755 nos
2509 3703 2566 3756 in
2599 3712 2947 3776 praeceptum,
2982 3705 3040 3761 id
3070 3712 3156 3763 est
3187 3708 3244 3763 in
3272 3711 3728 3783 completionem

2111 3787 2385 3860 praecepti
2427 3789 2533 3844 sui.
2566 3789 2731 3855 Quod
2762 3797 2847 3849 est
2876 3793 3102 3851 dicere:
3133 3798 3235 3852 Illa
3262 3799 3567 3870 promissio
3599 3818 3728 3874 my-

2110 3875 2251 3931 stica
2275 3876 2405 3932 vitae
2436 3880 2670 3934 aeternae
2727 3881 2803 3936 ad
2840 3881 3016 3939 Jacob
3070 3884 3245 3958 facta,
3287 3903 3458 3943 causa
3481 3892 3567 3943 est
3618 3905 3724 3946 cur

2110 3964 2343 4020 Domini
2358 3969 2715 4039 praeceptum
2731 3972 3451 4047 compleamus,utperhoc
3463 3976 3538 4032 ad
3555 3977 3717 4034 illam

2109 4052 2558 4125 promissionem
2585 4057 3010 4125 perveniamus.

2179 4139 2258 4196 Et
2281 4143 2472 4195 statuit
2501 4141 2680 4198 etiam
2735 4145 2868 4200 illud
2895 4150 3302 4207 testamentum
3328 4152 3403 4208 ad
3458 4152 3715 4212 litteram

404 4252 604 4294 causas
631 4249 809 4308 quare
835 4230 1085 4287 debeant
1106 4229 1231 4284 haec
1262 4229 1450 4283 facere
1469 4229 1548 4284 sic
1571 4247 1588 4282 :
1613 4229 1749 4284 Dico
1794 4230 2010 4298 con/ite-
2034 4243 2086 4302 D
2112 4226 2296 4294 Israel,
2321 4227 2379 4283 id
2409 4230 2498 4284 est
2518 4230 2694 4286 Jacob
2727 4231 2943 4290 ducens
2971 4252 3077 4291 nos
3098 4254 3205 4308 per
3228 4239 3371 4295 illud
3396 4245 3713 4299 testamen-

405 4327 545 4382 mini
569 4324 823 4390 Domino,
857 4323 914 4375 et
958 4323 1170 4374 cantate
1199 4318 1249 4371 ei
1275 4320 1332 4372 et
1370 4316 1602 4388 psallite,
1621 4320 1679 4372 et
1706 4323 2014 4374 mementote

405 4411 695 4470 mirabilia
719 4413 776 4466 et
789 4407 1005 4480 judicia
1029 4406 1170 4478 ejus.
1191 4405 1259 4459 Et
1283 4405 1405 4460 haec
1428 4404 1627 4460 omnia
1642 4404 1830 4460 facere
1843 4405 2014 4460 debe-

404 4502 496 4557 tis.
533 4499 650 4572 Ipse
669 4496 826 4554 enim
849 4496 1098 4551 existens
1135 4493 1400 4548 Dominus
1448 4492 1594 4547 Deus
1644 4501 1842 4548 noster.
1888 4493 2011 4565 Ipse

402 4589 550 4656 dico,
579 4587 676 4659 qui
696 4586 756 4640 in
777 4583 1070 4657 prophetis
1099 4585 1234 4638 ante
1281 4582 1502 4636 locutus
1531 4584 1636 4649 est,
1668 4582 1727 4637 in
1775 4584 2013 4655 propria

403 4691 650 4750 persona
676 4673 930 4738 veniens,
963 4686 1160 4724 memor
1181 4669 1295 4739 fuit
1337 4672 1638 4725 testamenti
1656 4672 1760 4738 sui,
1816 4669 1877 4726 id
1923 4677 2012 4728 est

403 4764 537 4822 dicti
559 4763 645 4820 sui
674 4758 1004 4835 complendi
1031 4758 1089 4812 in
1105 4758 1402 4825 saeculum,
1428 4759 1585 4831 quod
1605 4750 1818 4815 scilicet
1853 4776 2010 4816 com-

400 4852 582 4928 plebit
604 4865 834 4922 semper
864 4846 1120 4921 quandiu
1139 4847 1410 4902 saeculum
1431 4846 1542 4902 hoc
1565 4847 1816 4904 durabit.
1842 4848 2006 4913 Quod

403 4945 490 4999 est
544 4937 906 5002 dicerezQui
951 4935 1098 4991 visus
1152 4937 1239 4989 est
1299 4933 1397 4989 diu
1443 4935 1840 5006 promissionis
1891 4953 2009 4992 suae

401 5029 572 5085 fuisse
603 5027 832 5094 oblitus,
866 5023 1102 5079 tandem
1127 5037 1326 5077 memor
1349 5022 1480 5092 fuit,
1501 5025 1562 5076 ut
1581 5039 1712 5077 eam
1734 5039 1850 5078 non
1879 5029 2006 5079 tan-

401 5124 527 5176 tum
573 5115 890 5173 secundum
937 5112 1212 5178 litteram,
1246 5111 1347 5166 sed
1399 5111 1576 5166 etiam
1629 5112 2004 5184 signiﬁcative

401 5207 737 5279 compleret.
763 5201 1030 5258 Promisit
1059 5201 1217 5256 enim
1239 5217 1297 5254 se
1329 5200 1596 5254 daturam
1615 5200 1742 5254 ﬁliis
1760 5201 2003 5257 Abrahae

403 5302 617 5352 terram
640 5293 933 5359 Chanaan,
967 5306 1143 5362 quam
1156 5289 1280 5360 jam
1305 5287 1380 5343 ad
1405 5289 1658 5343 litteram
1673 5287 1810 5342 olim
1845 5288 2004 5346 dedit

404 5386 508 5442 sub
537 5387 802 5456 tempore
841 5381 1032 5448 Josue,
1073 5379 1174 5434 dat
1227 5377 1406 5434 etiam
1456 5377 1842 5450 spiritualibus
1865 5379 2007 5473 ﬁliis

2110 4319 2235 4370 tum
2247 4318 2601 4389 completum
2609 4319 2739 4390 jam
2749 4322 2825 4377 ad
2836 4323 3090 4382 litteram
3107 4329 3165 4382 in
3180 4335 3553 4386 testamentum
3569 4340 3724 4388 ater“-

2110 4422 2259 4472 num,
2291 4405 2349 4460 id
2375 4410 2462 4461 est
2482 4407 2542 4463 in
2564 4407 2920 4466 intellectum
2941 4417 2998 4469 et
3018 4431 3183 4488 spem
3207 4421 3442 4474 aeternae
3467 4423 3717 4492 promis-

2111 4493 2308 4562 sionis,
2336 4498 2569 4552 aeternis
2598 4498 2749 4565 vitae,
2775 4500 2990 4556 scilicet
3021 4520 3154 4574 quas
3201 4505 3465 4562 ﬁdelibus
3515 4525 3585 4564 ex
3611 4510 3720 4568 hac

2109 4581 2227 4638 vita
2256 4583 2645 4655 migrantibus
2674 4586 2900 4644 assidue
2926 4590 3116 4647 datur.
3147 4593 3314 4658 Quod
3342 4599 3429 4651 est
3471 4597 3665 4654 dicere
3699 4616 3714 4656 :

2109 4672 2218 4726 Per
2235 4672 2687 4743 promissionem
2702 4677 2774 4731 ad
2786 4678 3043 4735 litteram
3059 4684 3432 4755 completam,
3453 4685 3721 4758 intelligi-

2109 4775 2237 4814 mus
2258 4761 2496 4832 mystice
2526 4763 2973 4834 promissionem
2988 4773 3293 4838 aaternam,
3311 4787 3439 4844 quas
3458 4775 3720 4844 quotidie

2108 4848 2166 4928 in
2193 4848 2457 4904 ﬁdelibus
2478 4853 2818 4922 completur.
2854 4855 3100 4926 Exponit
3151 4858 3330 4929 igitur
3353 4860 3539 4932 ipsam
3579 4878 3719 4933 pro-

2107 4924 2442 4992 missionem
2472 4939 2548 4994 ad
2576 4939 2847 5010 litteram,
2866 4946 2925 4998 et
2935 4924 3281 5016 qualiter'ad
3298 4924 3549 5003 litteram
3561 4924 3721 5006 com-

2105 5025 2262 5094 pleta
2285 5026 2376 5092 sit,
2408 5041 2514 5097 per
2534 5031 2719 5084 totum
2747 5031 3033 5102 psalmum
3065 5051 3244 5106 usque
3261 5036 3333 5090 ad
3353 5036 3554 5092 ﬁnem.
3576 5038 3715 5095 Dico

2105 5112 2260 5184 quod
2287 5117 2475 5168 statuit
2491 5115 2658 5171 Jacob
2679 5121 2737 5172 et
2765 5119 3120 5188 Abrahaa,ita
3132 5122 3400 5179 videlicet
3417 5125 3592 5180 dicens
3612 5144 3717 5200 per

2102 5201 2444 5271 angelorum
2473 5203 2729 5260 ofﬁcium
2760 5223 2772 5261 :
2801 5207 2922 5262 Tibi
2934 5209 3180 5265 Abrahae
3207 5214 3264 5264 et
3294 5213 3447 5268 Isaac
3461 5218 3520 5268 et
3539 5214 3718 5270 Jacob

2101 5288 2237 5342 dabo
2259 5296 2456 5344 terram
2482 5289 2764 5362 Chanaan,
2797 5296 3002 5350 semini
3035 5301 3132 5353 tuo
3167 5299 3431 5355 videlicet
3465 5302 3614 5356 dabo
3637 5303 3713 5357 ad

2103 5375 2375 5432 litteram.
2406 5379 2600 5435 Iunuit
2626 5385 2821 5438 autem
2837 5385 3122 5456 propheta
3156 5391 3441 5444 aeternum
3463 5390 3710 5462 promis-

2103 5464 2325 5522 sionem
2362 5483 2466 5540 per
2488 5471 2703 5526 terram
2731 5470 3003 5529 Chanaan
3025 5475 3479 5547 praeﬁguratam,
3495 5494 3625 5533 cum
3643 5495 3711 5540 ex
