3998 6026
264 267 405 329 ms
1272 261 1626 327 exeosn‘lt)
1663 261 1735 325 1N
1772 259 2109 329 psanuos.
2152 284 2222 303 -ι
2261 259 2454 333 PSAL.
2499 260 2616 319 CVI
3442 265 3580 351 usi
3630 264 3633 269 '

257 395 426 465 parte
454 406 557 446 sua
576 388 756 445 addit.
776 388 999 447 Terram
1018 386 1283 445 Chanaan
1304 388 1433 449 dico
1448 388 1875 461 signiﬁcantem
1898 392 1954 455 Α
1974 395 2049 443 est
2068 403 2102 442 a
2125 385 2399 443 fratribus
2425 385 2725 459 Egyptiis,
2749 386 2822 442 de
2849 385 3031 443 libero
3074 386 3359 445 transiens
3392 389 3450 465 in
3470 406 3580 455 ser-

254 480 565 551 funiculum
617 477 937 534 hereditatis
997 483 1182 539 vestrae
1241 480 1497 546 aeternas,
1544 494 1577 535 a
1623 477 1874 535 Domino
1974 493 2120 543 vum,
2163 476 2319 547 quod
2341 475 2614 549 equidem
2645 473 2965 544 mirabilius
3006 475 3116 530 fuit
3157 494 3290 533 cum
3323 494 3390 555 ex
3418 494 3578 534 servo

257 568 489 636 dandae,
512 567 570 622 id
599 570 683 621 est
712 566 1138 638 signiﬁcantem
1160 582 1495 623 mensuram
1523 565 1875 622 hereditatis
1976 565 2247 621 dominus
2289 564 2515 637 Egypti
2565 564 2638 619 sit
2682 568 2883 638 postea
2928 563 3131 621 factus.
3163 566 3412 639 Egyptii
3442 584 3579 645 vero

255 659 483 712 vestrae.
510 655 675 719 Quod
694 659 781 711 est
797 655 1017 711 dicere:
1042 655 1086 711 Ο
1118 654 1315 710 ﬁdeles
1342 654 1543 721 Judaei,
1565 658 1721 711 terra
1736 654 1877 710 Cha-
1974 652 2180 724 quibus
2208 653 2569 711 venundatus
2612 657 2714 722 est,
2754 653 3169 711 humiliaverunt
3187 654 3345 727 pedes
3374 655 3487 727 ejus
3525 658 3582 710 in

257 761 413 801 naan
439 743 641 799 vestris
670 743 931 815 patribus
962 742 1099 798 data
1144 759 1273 798 cum
1316 742 1569 803 funiculo
1603 741 1873 797 distribu-
1972 742 2323 814 compedibus.
2354 742 2581 797 Dictum
2611 745 2696 797 est
2724 742 2883 799 enim
2912 743 2986 798 ab
3016 756 3191 799 nxore
3215 744 3579 815 Putapharis,

255 833 455 900 tionis,
489 830 773 903 significat
799 834 1080 887 aeternam
1108 830 1535 887 beatitudinem
1566 829 1725 886 vobis
1736 846 1875 901 pro-
1973 831 2064 886 cui
2095 830 2422 887 consentire
2451 832 2660 900 noluit,
2690 832 2854 889 illum
2876 831 2982 887 sibi
3012 832 3346 889 violentiam
3367 833 3581 891 inferre

254 921 517 989 missam,
547 937 675 993 quas
706 935 838 975 cum
868 936 1144 975 mensura
1172 919 1334 975 vobis
1364 918 1614 986 dabitur,
1643 921 1875 987 ut,cum
1971 918 2213 977 voluisse
2243 919 2398 991 (Gen.
2443 936 2625 989 xxnv,
2680 919 2782 984 14).
2837 920 2961 985 Qua
3002 920 3072 976 de
3119 937 3289 977 causa
3333 939 3366 977 a
3408 921 3583 978 mini-

255 1026 467 1088 omneg
488 1009 757 1065 eamdem
789 1007 1216 1063 beatitudinem
1248 1007 1369 1063 sitis
1411 1007 1685 1076 habituri,
1728 1025 1874 1063 unus
1974 1007 2104 1062 stris
2128 1007 2446 1067 Pharaonis
2476 1012 2675 1081 captus
2702 1011 2788 1064 est
2816 1011 2873 1064 et
2901 1009 3311 1083 incarceratus,
3341 1013 3399 1066 et
3422 1028 3583 1068 com-

254 1097 585 1154 tamenalio
607 1096 831 1153 beatior
849 1096 1228 1168 etgloriosior
1247 1096 1703 1163 erit,secundum
1719 1096 1875 1168 quod
1972 1095 2212 1168 pedibus
2262 1097 2482 1157 vinctus
2514 1097 2700 1169 (Ibid.,
2742 1097 2850 1171 20),
2893 1101 2951 1153 et
2993 1098 3072 1153 ibi
3114 1100 3341 1169 ferrum,
3393 1100 3454 1156 id
3501 1104 3586 1156 est

255 1185 511 1241 sanctior
538 1185 734 1253 fuerit,
757 1185 925 1255 juxta
952 1184 1094 1240 illud
1121 1184 1379 1255 Apostoli
1409 1200 1424 1239 :
1459 1207 1488 1234 ‹‹
1524 1184 1683 1240 Sicut
1711 1185 1875 1243 stella
1973 1184 2187 1243 duritia
2210 1185 2651 1243 tribulationum
2669 1188 2997 1259 pertransiit
3013 1188 3257 1245 animam
3271 1189 3480 1259 eius,id
3498 1192 3584 1246 est

258 1274 455 1330 differt
483 1291 517 1330 a
546 1275 712 1330 stella
740 1274 800 1329 in
830 1273 1115 1341 claritate,
1144 1272 1224 1328 sic
1252 1276 1311 1328 et
1344 1273 1684 1328 resurrectio
1714 1288 1871 1329 mor-
1973 1272 2226 1333 anxiavit
2258 1274 2606 1331 vitalitatem
2646 1275 2790 1346 ejus,
2831 1275 2905 1330 ad
2935 1275 3179 1349 modum
3208 1276 3347 1331 ferri
3375 1292 3583 1348 corpus

258 1366 495 1419 tuorum
521 1363 582 1436 (Ι
609 1362 737 1419 Cor.
764 1379 855 1429 xv,
888 1363 1001 1433 41).
1028 1383 1056 1411 »
1071 1362 1139 1417 Et
1155 1361 1435 1418 Dominus
1452 1361 1508 1415 in
1535 1361 1871 1433 Evangelio,
1971 1362 2448 1434 pertranseuntis.
2482 1364 2721 1418 Ferrum
2753 1362 3195 1425 tribulationum
3217 1363 3343 1419 dico
3368 1364 3584 1420 durans

258 1475 291 1520 ει
322 1453 386 1506 In
411 1450 587 1509 domo
610 1450 788 1524 patris
820 1450 935 1506 mei
959 1450 1294 1506 mansiones
1316 1451 1513 1504 multa:
1537 1453 1669 1504 sunt
1685 1449 1870 1520 (Joan.
1973 1448 2135 1506 donec
2167 1453 2366 1506 veniret
2389 1451 2607 1507 verbum
2636 1452 2769 1524 ejus,
2804 1450 2862 1506 id
2892 1455 2979 1507 est
3008 1451 3193 1507 donec
3223 1452 3444 1508 veniret
3462 1469 3581 1509 ver-

258 1557 372 1608 xw,
397 1540 471 1611 2).
501 1561 530 1590 »
547 1540 684 1596 Dico
712 1539 992 1611 quoniam
1011 1538 1142 1595 filiis
1154 1540 1427 1607 Abrahae,
1449 1541 1603 1595 Isaac
1625 1543 1685 1594 et
1697 1538 1872 1597 Jacob
1970 1539 2112 1599 bum
2140 1539 2634 1611 interpretationis
2662 1539 2895 1596 visionis
2917 1539 3311 1609 Pharaonicee,
3349 1544 3408 1597 et
3444 1545 3582 1598 tunc

258 1628 528 1700 promisit
552 1631 770 1683 terram
806 1628 1103 1695 Chanaan,
1142 1632 1200 1682 et
1250 1630 1311 1683 ut
1354 1627 1455 1683 ﬁlii
1502 1642 1708 1685 eorum
1739 1642 1872 1680 eam
1973 1626 2238 1699 eloquium
2264 1628 2505 1696 Domini,
2524 1628 2739 1685 scilicet
2762 1630 3004 1685 verbum
3027 1628 3523 1701 interpretationis
3548 1647 3583 1688 a

258 1717 647 1789 possiderent,
670 1718 774 1769 non
801 1715 1033 1787 reliquit,
1050 1715 1208 1773 idest
1228 1733 1346 1771 non
1371 1714 1589 1771 dimisit
1609 1716 1873 1769 hominem
1898 1726 1951 1785 Β
1974 1715 2221 1771 Domino
2253 1715 2359 1788 ipsi
2395 1717 2596 1772 datum
2616 1719 2972 1788 inﬂammavit
3000 1735 3121 1781 eum
3147 1704 3380 1791 Ioseph,
3412 1719 3474 1775 id
3494 1706 3581 1775 est

259 1805 514 1877 aliquem
534 1822 716 1861 nocere
746 1807 840 1868 eis,
868 1805 929 1860 id
960 1809 1046 1860 est
1064 1805 1334 1873 Abrahaa,
1369 1808 1427 1860 et
1448 1806 1603 1863 Isaac
1637 1803 1737 1872 sic,
1766 1803 1872 1858 sci-
1973 1804 2373 1875 comprobavit
2401 1822 2537 1861 eum
2567 1808 2831 1875 sanctum
2868 1823 3012 1879 esse,
3050 1804 3148 1880 qui
3179 1809 3314 1862 ante
3355 1806 3582 1864 adulter

257 1894 621 1950 licetnocere
653 1898 718 1948 ut
749 1892 1242 1961 interﬁcerentur,
1257 1902 1306 1948 et
1336 1892 1511 1949 etiam
1542 1909 1645 1963 pro
1661 1894 1732 1948 eis
1752 1907 1870 1950 cor-
1974 1892 2304 1963 dicebatur;
2331 1909 2366 1948 a
2384 1893 2899 1963 similitudineauri
2919 1894 3581 1970 puri,quodinﬂamma-

257 1986 425 2054 ripuit
446 2000 610 2054 reges,
636 1999 708 2037 ne
750 1985 942 2039 essent
979 1982 1060 2038 eis
1098 1982 1310 2050 nocivi,
1343 1981 1488 2038 sicut
1517 1998 1616 2040 rex
1642 1980 1872 2053 Egypti
1970 1983 2086 2045 tur,
2119 1981 2177 2037 id
2198 1985 2284 2038 est
2307 1999 2413 2054 per
2432 1984 2735 2051 ﬂammam
2760 2000 2975 2057 purum
2997 2000 3119 2039 esse
3139 1985 3577 2058 comprobatur,

257 2076 319 2127 et
354 2089 453 2127 rex
473 2073 699 2127 Geraree
720 2072 993 2143 leguntur
1016 2070 1286 2126 divinitus
1303 2069 1552 2140 correpti
1577 2069 1773 2137 fuisse,
1797 2085 1871 2125 ne
1972 2074 2031 2125 et
2058 2074 2193 2127 tunc
2208 2074 2353 2127 misit
2374 2090 2467 2127 rex
2486 2062 2709 2129 Pharao
2740 2073 2799 2128 in
2831 2090 3143 2143 carcerem,
3163 2080 3213 2130 et
3235 2073 3389 2130 solvit
3403 2092 3524 2131 eum
3545 2093 3579 2133 a

259 2162 539 2217 nocerent
563 2159 808 2215 Abrahae
851 2159 1011 2231 (Gen.
1048 2176 1145 2225 xu,
1190 2163 1289 2225 l7;
1322 2174 1412 2225 xx,
1447 2160 1521 2229 3).
1552 2158 1687 2214 Dico
1715 2158 1871 2230 quod
1970 2161 2366 2232 compedibus,
2399 2164 2458 2216 et
2476 2165 2743 2234 princeps,
2771 2162 3034 2234 inquam,
3047 2164 3370 2235 populorum
3405 2165 3576 2238 Egy-

256 2266 404 2319 reges
458 2250 741 2319 corripuit,
796 2248 1012 2315 dicens,
1052 2247 1265 2303 scilicet
1309 2263 1522 2302 arcana
1569 2246 1820 2303 dictione
1853 2263 1866 2301 :
1968 2248 2248 2318 ptiorum,
2271 2248 2331 2305 id
2346 2252 2433 2305 est
2459 2266 2561 2306 rex
2585 2251 2812 2306 Pharao
2825 2250 3000 2321 misit,
3029 2254 3088 2307 et
3114 2253 3435 2309 nonsolum
3465 2254 3577 2309 sol-

255 2336 442 2394 Nolite
473 2345 711 2408 tangere,
737 2336 959 2405 nocive,
994 2334 1233 2392 Christos
1264 2351 1422 2404 meos,
1457 2335 1517 2391 id
1549 2336 1637 2390 est
1666 2337 1870 2391 unctos
1967 2335 2068 2405 vit,
2093 2337 2193 2393 sed
2223 2344 2273 2391 et
2301 2338 2501 2395 dimisit
2525 2357 2667 2404 eum,
2702 2339 2763 2395 id
2806 2342 2894 2396 est
2932 2340 3195 2396 liberavit
3224 2342 3297 2396 de
3326 2358 3576 2412 carcere,

256 2445 292 2483 a
316 2445 412 2484 me
443 2429 570 2483 oleo
601 2427 911 2499 spiritualis
946 2427 1169 2498 gratim,
1196 2434 1245 2481 et
1275 2426 1444 2483 nolite
1471 2425 1779 2495 malignari,
1810 2426 1869 2481 id
1970 2426 2028 2479 et
2057 2429 2365 2498 postquam
2392 2427 2534 2482 vidit
2564 2444 2699 2484 eum
2724 2427 3051 2502 sapientem
3072 2429 3281 2500 virum,
3303 2433 3580 2488 constituit

257 2520 345 2572 est
374 2516 630 2587 maligne
663 2532 840 2588 agere
889 2518 944 2570 in
983 2517 1258 2586 prophetis
1294 2517 1443 2584 meis,
1474 2514 1555 2570 illi
1589 2514 1869 2570 nimirum
1968 2530 2089 2568 eum
2114 2514 2388 2569 dominum
2431 2515 2619 2571 domus
2658 2534 2790 2585 sitae,
2829 2523 2879 2573 et
2905 2519 3208 2590 principem
3246 2520 3417 2574 omnis
3448 2537 3576 2592 pos-

258 2606 558 2677 prophetae
588 2606 844 2672 fuerunt,
867 2605 969 2660 etsi
991 2606 1313 2676 prophetiae
1337 2605 1516 2660 libros
1536 2621 1654 2659 non
1672 2603 1869 2659 edide-
1966 2603 2203 2658 sessionis
2229 2621 2356 2672 suae,
2398 2606 2461 2658 ut
2505 2604 2791 2669 familiam
2843 2622 3006 2661 suam
3031 2605 3091 2662 in
3114 2609 3379 2679 tempore
3407 2607 3579 2665 famis

256 2697 414 2749 runt.
436 2694 571 2749 Dico
595 2694 751 2766 quod
765 2694 1027 2763 corripuit
1043 2710 1146 2763 pro
1185 2695 1256 2747 eis
1286 2710 1435 2763 reges
1464 2695 1626 2755 tunc,
1657 2692 1871 2746 scilicet
1967 2694 2234 2763 regeret;
2266 2698 2317 2746 et
2348 2699 2406 2746 ut
2435 2693 2673 2747 erudiret
2699 2695 2969 2766 principes
2997 2694 3109 2765 ejus
3137 2695 3454 2751 Pharaonis
3473 2697 3576 2762 ita,

255 2784 535 2853 corripuit,
568 2799 689 2837 cum
719 2789 885 2838 essent
923 2776 1147 2837 numero
1181 2782 1340 2849 brevi,
1373 2788 1423 2836 et
1457 2784 1520 2835 ut
1551 2780 1871 2853 expressius
1965 2780 2107 2835 sicut
2130 2782 2469 2850 semetipsum
2499 2782 2672 2837 vellet
2692 2781 2814 2853 ipse
2843 2782 3067 2838 Pharao
3081 2782 3325 2842 erudiri:
3360 2787 3419 2843 et
3455 2802 3574 2843 non

258 2871 470 2939 dicam,
504 2888 635 2926 cum
666 2873 859 2926 essent
884 2871 1216 2941 paucissimi,
1248 2877 1297 2924 et
1327 2869 1537 2936 incolae,
1568 2868 1628 2923 id
1659 2871 1744 2922 est
1773 2868 1871 2923 ad-
1966 2867 2157 2920 solum
2177 2865 2422 2936 juvenes
2443 2866 2736 2938 principes
2750 2867 2847 2940 qui
2867 2884 2986 2924 non
3003 2872 3174 2944 erant
3190 2870 3334 2925 adeo
3355 2871 3578 2944 sapien-

256 2977 416 3016 vente
452 2961 697 3014 cultores
957 2959 1070 3029 ejus
1111 2962 1281 3013 terrae
1329 2958 1624 3022 Chanaan,
1659 2958 1719 3010 et
1746 2973 1868 3010 cum
1899 3013 1942 3031 η
1967 2956 2071 3022 tes,
2100 2954 2201 3009 sed
2235 2961 2285 3010 et
2316 2972 2458 3009 senes
2481 2956 2594 3026 ejus
2624 2955 2722 3028 qui
2755 2957 3043 3029 sapientes
3073 2943 3262 3027 erant,
3286 2943 3575 3031 majOrem

246 3013 679 3121 pertransierunt
716 3013 781 3103 de-
795 3013 957 3118 gente
974 3013 1050 3102 vin
1078 3053 1287 3118 gentem
1315 3013 1629 3113 Abraham,
1654 3044 1869 3101 scilicet
1896 3013 1943 3074 Ο
1955 3013 2302 3115 prudentiam
2350 3013 2553 3099 doceret
2581 3062 2594 3114 ;
2635 3013 2791 3117 quod
2819 3013 3103 3118 ‘equidem
3150 3013 3573 3119 mirabile

255 3141 315 3195 et
342 3138 563 3193 familia
587 3138 728 3208 ejus,
752 3140 810 3191 et
839 3136 972 3207 quia
990 3139 1223 3206 possent
1245 3134 1489 3191 transire
1524 3134 1593 3189 de
1621 3134 1866 3206 gentein
1969 3132 2161 3188 doceri
2192 3132 2407 3188 scilicet
2442 3150 2609 3189 senes
2639 3151 2674 3189 a
2693 3134 2931 3205 juvene,
2959 3142 3010 3190 et
3038 3136 3337 3213 occasione
3362 3139 3573 3212 Ioseph

254 3226 591 3299 gentem,in
608 3243 722 3282 uno
744 3240 928 3297 regno
957 3228 1158 3281 tamen
1193 3224 1546 3279 determinat
1576 3222 1653 3278 sic
1676 3240 1688 3277 :
1709 3222 1867 3278 Etsic
1967 3221 2064 3294 qui
2085 3221 2145 3277 in
2158 3222 2404 3294 Egypto
2429 3222 2864 3293 dominabatur,
2890 3224 3289 3287 intravitJacob
3311 3227 3573 3299 inﬁgi/-

254 3314 383 3371 dico
404 3314 885 3386 eospertransisse
907 3314 978 3368 de
1004 3315 1176 3384 gente
1196 3311 1255 3366 in
1278 3311 1714 3384 gentem,quod
1734 3328 1864 3383 per-
1968 3313 2095 3382 tum;
2120 3327 2252 3365 cum
2292 3309 2424 3366 ﬁliis
2453 3309 2567 3366 suis
2606 3328 2679 3366 ne
2702 3311 2859 3367 fame
2890 3311 3126 3385 periret.
3162 3314 3244 3369 Ne
3282 3331 3417 3371 vero
3448 3332 3572 3372 cre-

253 3403 611 3458 transierunt
624 3402 695 3457 de
708 3417 892 3473 regno
906 3400 1740 3469 Chaldaeorum,ubiAbraham
1760 3400 1869 3455 fuit
1968 3399 2201 3455 daretur
2246 3399 2422 3454 Jacob
2460 3400 2690 3473 Egypti
2740 3401 3013 3458 dominus
3039 3402 3233 3477 fuisse,
3262 3406 3322 3460 et
3347 3404 3427 3460 sic
3451 3424 3571 3463 non

252 3494 442 3559 natus,
476 3491 552 3546 ad
580 3491 860 3563 populum
899 3491 1166 3555 alterum,
1215 3488 1430 3549 scilicet
1471 3489 1542 3544 ad
1586 3489 1867 3560 populum
1966 3486 2328 3560 opportuisse
2358 3487 2507 3544 ﬁlios
2535 3506 2670 3544 suos
2697 3489 2834 3547 inde
2859 3491 3072 3560 redire,
3092 3492 3569 3565 additzEtIsrael,

254 3574 987 3651 Chanameorumiegitur
999 3579 1157 3634 enim
1184 3577 1466 3634 Dominus
1483 3577 1555 3633 ad
1569 3578 1864 3633 Abraham
1964 3573 2024 3630 id
2053 3580 2139 3630 est
2166 3576 2337 3630 Jecob
2377 3577 2489 3646 fuit
2519 3577 2719 3645 accola,
2754 3577 2813 3631 id
2843 3581 2929 3633 est
2954 3579 3176 3635 advena
3201 3581 3492 3639 habitator
3517 3586 3574 3638 in

253 3668 461 3724 dixisse
492 3685 553 3723 :«
580 3667 866 3740 Egredere
884 3667 957 3723 de
988 3669 1144 3724 terra
1173 3670 1230 3725 et
1261 3667 1333 3722 de
1364 3664 1720 3738 possessione
1743 3670 1861 3733 tua,
1965 3670 2107 3718 terra
2134 3661 2328 3730 Citam,
2362 3663 2418 3718 id
2448 3668 2533 3723 est
2560 3664 2619 3718 in
2650 3666 2919 3736 Egypto,
2943 3666 3041 3733 ubi
3058 3666 3498 3739 mansitCham;
3521 3677 3573 3727 et

255 3759 316 3812 et
335 3757 465 3813 veni
484 3758 543 3813 in
574 3760 794 3813 terram
823 3773 999 3829 quam
1018 3758 1420 3813 monstravero
1439 3753 1863 3820 tibi,etfaciam
1961 3751 2041 3811 ibi
2063 3755 2215 3807 auxit
2238 3751 2521 3808 Dominus
2550 3752 2813 3824 populum
2849 3771 3005 3809 suum
3024 3756 3370 3825 vehementer,
3396 3757 3457 3813 id
3486 3762 3573 3815 est

253 3848 312 3900 te
344 3860 599 3901 crescere
629 3845 689 3902 in
721 3848 959 3917 gentem
990 3842 1445 3917 magnam(Gen.
1470 3859 1569 3911 χιι,
1602 3842 1863 3908 1).»Quia
1961 3841 2361 3912 multiplicavit
2387 3841 2536 3897 ﬁlios
2558 3843 2752 3911 Israel,
2780 3849 2830 3897 et
2854 3843 3091 3912 ﬁrmavit
3122 3862 3240 3899 eum
3264 3847 3569 3918 populum,

254 3932 361 3988 nisi
389 3935 703 3996 Abraham,
730 3937 790 3988 et
816 3934 992 4001 Isaac,
1037 3934 1096 3988 et
1137 3931 1315 3987 Iacob
1359 3931 1431 3986 ad
1461 3930 1861 4002 generandum
1960 3929 2019 3985 id
2036 3932 2120 3985 est
2141 3930 2376 3985 ﬁrmum
2418 3929 2558 3985 fecit
2596 3928 2657 3984 in
2689 3930 3044 4003 possessione
3074 3934 3133 3987 et
3162 3932 3368 3989 divitiis
3393 3953 3568 4008 super,

254 4021 401 4077 ﬁlios
426 4022 745 4079 conservati
773 4025 1208 4090 essent,eorum
1239 4019 1342 4075 ﬁlii
1368 4022 1567 4092 utpote
1600 4019 1697 4092 qui
1719 4017 1860 4074 nulli
1961 4017 2021 4073 id
2044 4021 2131 4073 est
2150 4020 2454 4091 plusquam
2487 4036 2664 4074 omnes
2704 4021 2943 4077 inimicos
2976 4021 3089 4093 ejus
3130 4022 3445 4097 Egyptios,
3471 4027 3570 4099 qui

255 4114 463 4179 essent,
494 4127 797 4182 nunquam
841 4113 997 4165 terra
1043 4109 1317 4165 Chanaan
1348 4108 1753 4181 possedissent.
1783 4107 1861 4162 Et
1959 4107 2011 4161 ei
2061 4125 2127 4162 ex
2166 4107 2382 4164 invidia
2419 4107 2891 4166 inimicabantur.
2924 4111 2994 4166 Ut
3033 4115 3230 4169 autem
3269 4114 3568 4171 occasione

253 4200 562 4270 postquam
577 4216 674 4255 eos
698 4200 1064 4255 transeuntes
1083 4197 1154 4252 de
1166 4200 1341 4269 gente
1368 4197 1440 4252 ad
1465 4200 1704 4268 gentem
1729 4213 1860 4251 con-
1958 4196 2778 4269 persecutionisEgyptiorum
2791 4201 3037 4272 populus
3060 4202 3232 4257 Israel
3259 4201 3320 4257 in
3350 4206 3568 4260 terram

252 4285 513 4354 servavit,
536 4290 600 4344 ut
626 4288 799 4344 Iacob
821 4290 879 4343 et
893 4286 995 4342 ﬁlii
1022 4286 1145 4357 ejus
1177 4286 1236 4343 in
1260 4286 1568 4357 Egyptum
1603 4286 1774 4352 irent,
1803 4288 1860 4340 et
1883 4307 1936 4365 Ι)
1959 4285 2229 4341 Chanaan
2266 4286 2504 4354 rediret,
2538 4291 2793 4343 convertit
2823 4306 2911 4344 cor
2958 4306 3140 4345 eorum
3166 4291 3567 4363 Egyptiorum

250 4374 386 4432 inde
413 4380 541 4448 post
566 4378 626 4432 in
656 4381 873 4433 terram
888 4377 1174 4449 Chanaan
1201 4374 1481 4442 redirent,
1500 4378 1706 4430 vocavit
1739 4392 1857 4431 non
1956 4374 2028 4428 ab
2060 4374 2337 4442 amicitia,
2367 4381 2427 4428 ut
2456 4375 2665 4432 odire'nt
2696 4376 2962 4448 populum
3001 4378 3134 4449 ejus,
3181 4386 3232 4432 et
3278 4379 3357 4435 sic
3384 4380 3564 4438 dolum

250 4480 407 4533 voce,
445 4465 546 4520 sed
594 4466 842 4537 imperio
882 4443 1183 4538 potentias,
1213 4464 1415 4533 famem
1444 4480 1599 4534 super
1637 4469 1854 4531 terram,
1953 4462 2192 4531 facerent
2220 4465 2277 4518 in
2303 4480 2474 4519 servos
2498 4465 2631 4535 ejus,
2659 4463 2807 4518 ﬁlios
2837 4466 3011 4520 Israel
3039 4481 3243 4522 eorum
3256 4467 3404 4525 ﬁlios
3416 4471 3563 4526 occi-

248 4550 308 4608 id
332 4556 417 4608 est
445 4556 720 4626 praecepit
744 4556 947 4611 famen
966 4551 1260 4611 dominari
1284 4567 1453 4622 super
1480 4554 1697 4607 terram
1710 4551 1853 4606 Cha-
1954 4550 2414 4622 dentes,etipsos
2429 4552 2702 4607 servitute
2726 4552 3147 4624 opprimentes;
3182 4561 3239 4613 et
3269 4561 3332 4613 ut
3361 4559 3431 4616 de
3451 4578 3565 4617 ser-

250 4659 423 4712 naan,
447 4642 1028 4699 asimilitudineillius
1044 4641 1144 4713 qui
1166 4639 1501 4695 ministrum
1521 4643 1706 4707 vocat,
1721 4642 1784 4694 ut
1799 4639 1851 4694 ei
1952 4637 2126 4693 vitute
2156 4640 2401 4711 populus
2414 4639 2463 4710 ej
2472 4657 2536 4694 us
2551 4638 2629 4694 eri
2636 4645 3044 4713 pereturnnisit
3063 4646 3137 4702 ad
3166 4663 3299 4703 eum
3316 4648 3563 4705 liberan-

247 4730 463 4803 aliquid
489 4732 789 4804 praecipiat
821 4749 835 4788 :
868 4738 918 4786 et
940 4735 1001 4786 ut
1033 4731 1284 4785 multum
1314 4729 1498 4784 fames
1528 4729 1852 4785 dominare-
1950 4726 2115 4808 d_um_
2142 4727 2371 4797 Moysen
2424 4744 2631 4782 servum
2683 4746 2859 4798 suum,
2899 4740 2949 4786 et
2985 4734 3179 4790 Aaron
3226 4753 3380 4808 quem
3409 4737 3562 4808 elegit

243 4821 339 4873 tur
362 4836 534 4893 super
561 4824 800 4888 terram,
833 4821 1102 4887 contrivit,
1136 4818 1195 4873 id
1228 4819 1314 4872 est
1337 4816 1558 4873 conteri
1586 4815 1850 4887 permisit
2163 4815 2221 4869 in
2258 4815 2613 4871 sacerdotem
2642 4832 2655 4872 :
2698 4820 2889 4889 ipsum,
2920 4820 3182 4893 inquam,
3227 4826 3421 4880 Aaron
3451 4825 3558 4882 sibi

243 4923 397 4963 omne
434 4910 833 4977 ﬁrmamentum
861 4910 1042 4981 panis,
1083 4905 1298 4961 scilicet
1346 4921 1585 4961 omnem
1635 4919 1848 4975 panem
1946 4904 2110 4959 valde
2138 4904 2378 4958 charum
2408 4906 2466 4960 et
2494 4905 2879 4977 familiarem;
2910 4911 2968 4963 et
2998 4912 3053 4963 in
3083 4913 3173 4979 eis,
3196 4911 3255 4967 id
3271 4914 3552 4987 estMoyse

241 4997 505 5070 permisit
540 4998 775 5067 destrui,
798 4997 952 5053 unde
978 4995 1320 5052 sensualitas
1355 4995 1615 5050 humana
1644 4993 1850 5049 conﬁr-
1948 4996 2006 5047 et
2034 4993 2229 5052 Aaron
2250 4995 2433 5065 posuit
2472 4994 2650 5062 verba,
2683 4994 2743 5050 id
2780 5000 2869 5051 est
2897 5002 3189 5070 praecepta
3226 5017 3348 5069 sua,
3379 5004 3552 5059 verba

241 5090 454 5143 matur.
502 5088 573 5143 Ut
608 5091 804 5143 autem
847 5087 907 5141 in
957 5089 1223 5157 tempore
1253 5083 1426 5138 famis
1454 5083 1630 5139 Iacob
1661 5086 1719 5141 et
1747 5082 1849 5148 ﬁlii
1949 5082 2073 5138 dico
2101 5082 2358 5137 efﬁcacia
2379 5085 2655 5153 signorum
2680 5091 3116 5153 suorum,etnon
3150 5088 3553 5159 qualiumcun-

239 5177 361 5249 ejus
384 5176 445 5232 in
472 5179 781 5250 Egyptum
811 5174 1131 5242 transituri,
1178 5173 1470 5231 haberent
1510 5175 1844 5243 patronum,
1947 5188 2057 5243 que
2087 5171 2410 5243 signorum,
2439 5173 2540 5227 sed
2559 5171 2934 5242 prodigiorum
2970 5174 3256 5232 factorum
3305 5179 3361 5232 in
3403 5186 3548 5237 terra

241 5280 313 5320 ne
336 5265 494 5321 fame
504 5266 781 5338 perirent.
1946 5257 2139 5315 Cham.
2163 5260 2307 5315 Nam
2333 5258 2468 5331 quia
2492 5259 2668 5314 verba
2681 5260 2909 5315 Domini
2927 5262 3548 5341 ﬁdeliteretintrepide

306 5352 465 5411 Misit
492 5362 614 5412 ante
652 5373 734 5411 eos
760 5356 971 5427 Ioseph
1014 5354 1214 5422 virum,
1255 5350 1353 5425 qui
1390 5349 1628 5407 viriliter
1653 5367 1712 5407 se
1740 5351 1842 5407 ha-
1943 5348 2229 5405 Pharaoni
2259 5347 2546 5417 dicebant,
2577 5347 2842 5420 prodigia
2870 5352 3053 5409 multa
3078 5356 3492 5424 operabantur.

235 5441 504 5512 buit,non
519 5444 888 5501 consentiens
903 5440 1153 5516 turpiter
1172 5440 1337 5498 uxori
1359 5439 1637 5509 Putiphar
1668 5456 1843 5496 eunu—
2014 5437 2319 5505 Caeterum,
2333 5436 2610 5509 quoniam
2621 5436 2844 5493 Pharao
2861 5455 2968 5511 pro
2988 5440 3174 5497 verbis
3190 5444 3426 5503 Domini
3445 5462 3546 5521 po-

233 5530 325 5589 chi
350 5533 686 5593 Pharaonis.
711 5534 784 5590 Et
798 5534 911 5590 hoc
932 5532 1112 5590 modo
1138 5530 1297 5589 misit
1319 5528 1483 5605 quod
1506 5529 1843 5587 venundatus
1938 5527 2141 5602 pulum
2160 5527 2283 5600 ejus
2301 5525 2594 5585 dimittere
2623 5526 2827 5598 noluit,
2861 5531 3006 5588 misit
3030 5531 3263 5590 tenebras
3288 5533 3350 5595 in
3369 5537 3543 5613 δεῖ-

517 5632 758 5692 ΡΑινιοι..
782 5631 942 5691 CLII.

3119 5632 3191 5689 38
