4008 6040
513 318 645 377 “95

1120 311 1179 369 S.
1217 303 1563 367 BRUNONIS
1605 301 2239 366 GARTHUSIANORUH
2275 304 2745 367 INSTITUTORIS
2786 305 2941 367 OPP.
2981 310 3157 369 PARS
3194 312 3218 368 Ι

3691 316 3840 373 “96

508 441 699 513 ptum,
749 443 798 492 et
840 438 1030 492 tantas
1057 433 1214 506 quod
1252 431 1551 488 obscuravit
1590 447 1689 486 eos
1732 429 1998 502 Egytios,
2040 445 2112 484 ne
2134 434 2191 493 Α
2220 431 2483 484 saturavit
2510 447 2593 485 eos
2602 431 2885 501 panecazli,
2904 432 2963 487 id
2989 436 3074 487 est
3095 449 3312 489 manna
3329 434 3400 489 de
3421 435 3562 491 coelo
3585 436 3844 491 cadente

512 546 657 583 unus
705 526 883 582 alium
928 524 1125 581 videre
1170 524 1365 595 posset
1393 519 1587 590 (Exod.
1639 537 1693 586 x,
1740 521 1846 581 23).
1886 518 2118 590 Legitur

511 618 666 672 enim
686 633 787 671 aer
803 616 948 671 adeo
974 613 1186 686 spissus
1196 611 1392 676 fuisse,
1413 612 1478 664 ut
1490 608 1714 681 palpari
1731 606 1986 678 posset(I
1987 607 2090 661 bid.
2103 649 2116 674 ,

510 706 624 778 2t),
656 710 707 759 et
733 705 843 759 hoc
874 703 1051 759 modo
1091 716 1198 755 non
1242 698 1576 754 exacerbavit
1622 695 1921 764 Dominus,
1950 695 2007 749 id
2038 699 2122 750 est

508 812 630 851 non
659 793 923 867 permisit
943 792 1224 849 Dominus
1253 789 1380 844 ﬁeri
1412 788 1648 843 acerbos
1687 802 1949 841 sermones
1977 803 2116 840 suos.

512 885 678 953 Nam,
703 884 811 940 nisi
822 884 962 939 talia
972 881 1249 937 miracula
1262 879 1498 945 faceret,
1521 892 1821 932 sermones
1839 876 1960 947 ejus
1979 893 2122 947 quos

511 974 584 1028 ad
626 973 991 1029 Pharaonem
1019 970 1368 1035 habuerunt,
1410 965 1603 1021 acerbi
1634 966 1823 1019 essent
1859 963 2034 1035 Moysi
2065 967 2122 1018 et

510 1062 733 1131 Aaron;
763 1062 955 1116 essent
979 1057 1188 1130 quippe
1219 1071 1390 1111 causa
1416 1070 1590 1126 quare
1612 1053 1816 1107 acerbe
1843 1051 2118 1125 puniren-

511 1152 624 1204 tur.
656 1150 943 1214 Quoniam
974 1149 1167 1203 autem
1196 1142 1546 1201 cessantibus
1584 1142 1839 1196 tenebris
1868 1139 2118 1212 Egyptii

510 1241 789 1313 populum
812 1234 1109 1292 dimittere
1122 1235 1453 1299 noluerunt,
1474 1233 1733 1286 convertit
1748 1247 1914 1302 aquas
1930 1246 2121 1284 eorum

512 1332 568 1383 in
598 1329 913 1398 sanguinem
942 1342 1017 1380 ne
1041 1323 1309 1379 biberent
1337 1327 1418 1375 :et
1444 1320 1521 1374 sic
1533 1318 1722 1374 occidit
1726 1320 1896 1389 pisces
1915 1335 2115 1373 eorum.

511 1417 638 1472 Non
668 1417 855 1471 solum
867 1430 1001 1469 vero
1022 1412 1216 1467 taliter
1248 1427 1346 1465 eos
1365 1408 1608 1481 punivit,
1625 1407 1725 1462 sed
1751 1407 1927 1461 etiam
1958 1406 2119 1461 edidit

515 1515 655 1561 terra
688 1521 869 1559 eorum
914 1516 1099 1567 ranas,
1151 1502 1210 1555 et
1258 1515 1376 1554 non
1414 1498 1601 1552 solum
1641 1496 1701 1549 in
1748 1495 1987 1567 campis,
2022 1496 2119 1550 sed

514 1594 691 1649 etiam
718 1596 783 1647 ut
822 1592 1022 1647 durior
1052 1592 1199 1645 esset
1224 1585 1569 1659 persecutio,
1613 1584 1851 1638 fuerunt
1876 1600 2035 1638 ranae
2064 1585 2119 1637 in

505 1681 884 1754 penetralibus,
918 1679 976 1733 id
998 1681 1085 1733 est
1122 1676 1183 1730 in
1213 1674 1447 1730 secretis
1479 1672 1750 1728 thalamis
1778 1674 2007 1742 ipsorum
2038 1689 2119 1725 re-

2221 515 2415 585 (Exod.
2444 535 2575 585 xvn,
2609 522 2675 587 6;
2711 518 2883 574 Num.
2916 538 3006 589 xx,
3029 522 3136 589 tl).
3159 523 3225 575 Et
3254 538 3384 577 cum
3408 522 3844 587 sitirent,diru-

2208 609 2295 677 pit
2332 612 2549 677 petram
2593 623 2698 678 per
2738 610 2989 679 Moysen,
3016 616 3068 663 et
3096 609 3231 664 inde
3259 612 3530 679 ﬂuxerunt
3559 629 3749 683 aquae,
3788 618 3849 666 et

2219 712 2339 749 non
2379 711 2591 767 parvae,
2636 698 2737 752 sed
2784 698 3029 753 abierunt
3066 697 3202 753 inde
3238 700 3466 767 ﬂumina
3509 702 3644 771 post
3687 700 3849 755 ﬁlios

2220 785 2413 853 Israel,
2439 788 2498 838 et
2524 786 2635 840 hoc
2656 788 2713 839 in
2742 788 2895 841 sicco.
2930 786 3093 850 Quod
3123 787 3286 842 valde
3316 787 3584 842 mirabile
3612 788 3755 851 fuit,
3788 788 3846 842 id

2221 875 2308 926 est
2330 872 2389 926 in
2423 873 2649 929 deserto
2671 874 2897 929 ubinon
2920 876 3236 930 essetlocus
3252 876 3560 931 ﬂuminum
3576 918 3590 931 .
3616 878 3687 931 Et
3714 878 3847 931 haec

2221 960 2421 1016 omnia
2464 961 2594 1017 ideo
2633 963 2785 1030 fecit,
2818 966 3068 1035 quoniam
3098 982 3297 1019 memor
3334 966 3446 1034 fuit
3488 966 3645 1021 verbi
3667 970 3852 1019 sancti

2219 1051 2328 1118 sui,
2356 1049 2414 1104 id
2446 1054 2530 1106 est
2553 1052 2734 1105 sancti
2769 1052 2919 1122 pacti
2948 1052 3052 1120 sui,
3084 1053 3225 1124 quod
3247 1052 3433 1107 habuit
3460 1054 3533 1107 ad
3547 1054 3600 1108 Α
3618 1055 3844 1127 wall/xm

2210 1156 2465 1210 puerum,
2487 1139 2546 1194 id
2568 1143 2654 1193 est
2668 1156 2895 1194 servum
2907 1158 3081 1209 suum,
3109 1141 3323 1197 scilicet
3343 1143 3500 1215 quod
3523 1144 3699 1198 daret
3714 1143 3847 1198 ﬁliis

2222 1229 2343 1299 ejus
2389 1232 2604 1283 terram
2637 1228 2932 1295 Chanaan,
2961 1245 3135 1300 quam
3166 1230 3333 1284 aliter
3377 1249 3494 1286 non
3526 1232 3843 1297 haberent,

2222 1316 2327 1370 nisi
2354 1317 2476 1371 haec
2515 1317 2799 1372 beneﬁcia
2828 1317 3269 1387 praecessissent,
3301 1319 3617 1375 ettandem
3650 1321 3840 1373 edim!

2212 1404 2471 1475 populum
2500 1422 2653 1458 suum
2681 1406 2751 1460 de
2782 1406 3007 1461 deserto
3032 1408 3085 1459 in
3105 1408 3681 1474 exsultatione,etnon
3718 1425 3844 1462 om-

2222 1509 2359 1546 nem
2619 1496 2898 1566 populum
2920 1512 3093 1567 quem
3127 1497 3198 1551 de
3220 1497 3423 1568 Egyto
3453 1498 3677 1566 eduxit,
3708 1514 3840 1551 cum

2220 1582 2404 1635 multa
2422 1582 2546 1652 ejus
2565 1582 2748 1637 millia
2776 1587 2967 1639 essent
2998 1584 3056 1638 in
3086 1584 3313 1640 deserto
3331 1589 3596 1654 mortua;
3622 1586 3727 1640 sed
3749 1586 3841 1639 ele-

2223 1676 2332 1725 ctos
2351 1686 2491 1737 suos,
2523 1670 2581 1724 id
2610 1674 2697 1724 est
2727 1671 2873 1726 ﬁlios
2906 1689 3109 1726 eorum
3140 1673 3238 1745 qui
3269 1673 3339 1727 de
3378 1675 3624 1746 zEgypto
3643 1674 3839 1728 educti

511 1787 661 1840 gum,
682 1768 779 1841 qui
809 1770 1019 1822 caetera
1046 1762 1478 1835 impedimenta
1508 1762 1695 1816 solent
1724 1759 1915 1832 aliquo
1947 1759 2123 1815 modo
2151 1760 2200 1818 B
2225 1757 2622 1829 sunt,quosad
2644 1759 3006 1814 educendum
3025 1762 3298 1833 elegerat,
3321 1762 3516 1816 eduxit
3535 1765 3595 1814 in
3625 1763 3841 1825 laetitia;

514 1860 758 1932 pellere;
780 1856 878 1912 sed
908 1871 1082 1910 ranas
1112 1869 1234 1908 non
1261 1851 1555 1924 poterant,
1571 1851 1628 1903 et
1649 1848 1926 1921 quoniam
1941 1848 2126 1903 adhuc

515 1948 796 2022 populum
830 1944 1223 2008 detinuerunt,
1264 1940 1405 1994 dixit
1435 1956 1554 1993 non
1578 1953 1718 1991 voce
1754 1938 1853 1992 sed
1879 1936 2128 2009 imperio

515 2035 793 2109 potentiae
823 2050 960 2100 suae,
994 2037 1041 2088 et
1062 2032 1205 2085 venit
1232 2029 1290 2083 in
1313 2029 1643 2099 Egyptum,
1671 2028 1958 2096 caznomyia
1983 2032 2031 2079 et
2060 2027 2129 2079 ci-

516 2126 698 2194 niphes
752 2122 997 2177 existens
1044 2123 1101 2175 in
1149 2119 1391 2173 omnibus
1427 2117 1625 2185 ﬁnibus
1673 2132 1879 2181 eorum,
1909 2130 2025 2169 non
2069 2114 2127 2168 in

444 2226 447 2229 '
519 2216 684 2284 parte
712 2209 1103 2267 solummodo.
1134 2208 1202 2260 Et
1232 2207 1406 2261 etiam
1430 2206 1634 2275 posuit,
1665 2202 1724 2258 id
1750 2206 1835 2258 est
1862 2202 1998 2257 fecit
2006 2201 2131 2272 plu-

517 2304 632 2356 vias
654 2318 838 2355 eorum
864 2297 1206 2370 grandinem,
1239 2299 1302 2349 ut
1340 2295 1576 2349 arbores
1605 2292 2123 2358 contunderentur,

518 2394 575 2446 et
604 2390 796 2462 posuit
827 2392 1004 2460 ignem
1033 2385 1347 2441 fulminum
1388 2385 1445 2436 in
1479 2390 1621 2437 terra
1661 2384 1891 2451 ipsorum
1918 2380 2128 2434 combu-

521 2486 742 2545 rentem,
764 2477 822 2532 id
854 2478 939 2531 est
950 2476 1021 2530 ad
1038 2475 1150 2529 hoc
1171 2476 1234 2527 ut
1259 2488 1473 2526 messes
1490 2472 1546 2524 et
1559 2470 1832 2540 jumenta
1847 2471 1905 2522 et
1920 2471 2128 2522 caetera

518 2585 645 2639 quae
677 2565 755 2621 ibi
779 2569 947 2619 erant
975 2562 1361 2617 combureret.
1382 2558 1517 2613 Dico
1548 2558 1701 2628 quod
1714 2558 1893 2627 posuit
1912 2556 2125 2627 pluvias

517 2673 699 2712 eorum
744 2653 1080 2725 grandinem,
1118 2658 1167 2705 et
1206 2649 1331 2721 ipsa
1359 2647 1643 2721 grandine
1662 2648 1920 2717 percussit
1950 2647 2124 2699 vineas

516 2762 696 2799 eorum
724 2750 773 2798 et
802 2742 1058 2810 ﬁculneas
1087 2756 1288 2805 eorum,
1314 2740 1373 2791 et
1404 2740 1464 2791 ut
1492 2734 1889 2790 universaliter
1908 2733 2119 2799 dicam,

515 2832 799 2904 grandine
816 2830 913 2885 illa
936 2830 1185 2884 contrivit
1203 2842 1377 2882 omne
1393 2825 1599 2894 lignum
1622 2824 1815 2892 ﬁnium
1841 2839 2040 2887 eorum,
2064 2826 2122 2876 et

514 2921 794 2993 quoniam
812 2919 996 2974 adhuc
1011 2917 1069 2971 in
1088 2915 1300 2971 duritia
1314 2913 1774 2985 perseraverunt,
1788 2910 2117 2981 dixitimpe-

512 2982 601 3065 rio
614 3008 889 3081 potentias
905 3023 1043 3073 sum,
1060 3012 1109 3059 et
1127 3007 1269 3059 venit
1284 2982 1345 3058 in
1358 3004 1625 3073 Egvtum
1641 3001 1837 3053 locusta
1853 2999 2118 3053 innume—
2137 2982 2186 3042 (ἶ

516 3097 732 3165 rabilis,
759 3104 810 3151 et
837 3097 1026 3151 brucus
1052 3094 1204 3165 cujus
1232 3108 1337 3146 non
1363 3098 1477 3145 erat
1506 3106 1775 3143 numerus.
1808 3087 1884 3141 Et
1904 3089 2122 3142 locusta

517 3186 741 3242 comedit
765 3202 919 3240 omne
946 3186 1136 3254 fenum
1163 3183 1227 3237 in
1259 3188 1400 3235 terra
1432 3184 1695 3245 eornm,et
1726 3178 1934 3231 hrucus
1955 3193 2123 3230 come-

519 3276 603 3330 dit
628 3289 837 3328 omnem
856 3273 1098 3343 fructum
1130 3277 1283 3323 terra?
1302 3285 1499 3334 eorum,
1534 3273 1583 3320 et
1604 3269 1734 3337 post
1746 3267 2003 3337 percussit
2022 3268 2128 3320 Do-

520 3363 714 3417 minus
742 3377 847 3432 per
884 3360 1159 3429 angelum
1186 3356 1608 3429 percutientem
1639 3372 1791 3408 omne
1806 3356 2127 3425 primogeni-

523 3454 783 3518 tum,tam
804 3448 1110 3504 hominum
1127 3462 1299 3518 quam
1316 3445 1623 3517 pecudum,
1639 3446 1701 3499 in
1713 3449 1851 3499 terra
1864 3446 2128 3506 eorum,et

512 3541 786 3612 primitias
807 3540 975 3593 omnis
998 3536 1189 3590 laboris
1221 3550 1425 3601 eorum,
1452 3533 1510 3587 id
1530 3537 1616 3588 est
1644 3532 1915 3587 meliores
1935 3532 2129 3602 fruges

522 3645 747 3696 eorum,
773 3627 886 3682 sive
908 3624 1363 3698 primogenitum
1384 3622 1623 3694 accepit,
1650 3625 1931 3693 quantum
1947 3621 2019 3675 ad
2032 3622 2132 3676 ho-

522 3716 709 3773 mines
724 3718 974 3782 tantum,
1001 3713 1284 3785 primitias
1314 3728 1448 3767 vero
1479 3710 1712 3777 laboris,
1745 3713 2025 3781 quantum
2058 3709 2132 3762 ad

522 3807 770 3870 pecudes
799 3821 926 3877 qua:
956 3821 1087 3858 cum
1120 3803 1315 3856 labore
1348 3799 1700 3854 nutriuntur.
1724 3798 1801 3851 Et
1822 3802 2130 3869 postquam

526 3892 979 3967 primogenitum
1003 3906 1241 3946 omnem
1264 3887 1558 3960 percussit,
1582 3887 1763 3941 eduxit
1791 3903 1873 3940 eos
1889 3886 2131 3957 dezEgy-

524 3987 622 4055 pto
644 3999 765 4037 cum
780 3981 961 4035 multo
984 3985 1202 4048 argento
1215 3984 1410 4031 etauro
1422 3974 2133 4046 [EgyptiorumPrmcepit

527 4070 681 4124 enim
703 4068 988 4123 Dominus
999 4070 1060 4120 ut
1081 4064 1359 4137 quidquid
1376 4066 1609 4136 possent
1630 4063 1754 4116 auri
1776 4066 1834 4117 et
1854 4061 2080 4133 argenti
2102 4079 2135 4115 a

527 4157 725 4212 vicinis
746 4157 948 4210 mutuo
984 4156 1303 4221 sumerent,
1338 4156 1394 4206 et
1423 4153 1573 4206 clam
1617 4167 1811 4205 secum
1839 4151 2136 4206 deferrent

2227 1853 2278 1903 et
2298 1849 2401 1902 illis
2412 1848 2809 1915 eductis,dedit
2824 1850 3065 1919 regiones
3084 1852 3323 1920 gentium
3345 1851 3843 1917 Chananeeorum,

2228 1936 2565 1991 scilicetillis
2594 1938 2839 1991 mortuis
2867 1942 2924 1991 et
2948 1938 3162 2009 ejectis,
3194 1946 3243 1992 et
3272 1956 3389 1993 non
3416 1939 3581 1994 dedit
3602 1940 3738 1994 illas
3757 1957 3846 1994 va-

2228 2042 2381 2089 cuas,
2413 2026 2513 2081 sed
2545 2029 2607 2080 ut
2636 2027 2821 2097 majus
2842 2030 2989 2081 esset
3002 2027 3368 2093 beneﬁcium,
3393 2027 3599 2082 labores
3615 2029 3845 2099 populo-

2228 2132 2350 2169 rum
2369 2115 2828 2170 Chananaeorum
2839 2116 3409 2188 possederunt,frugas
3424 2117 3643 2171 scilicet
3653 2121 3717 2171 et
3734 2134 3843 2171 cae-

2229 2206 2353 2257 tera
2382 2220 2509 2275 quae
2532 2220 2661 2258 cum
2680 2204 2877 2259 labore
2902 2208 3266 2276 paraverant;
3291 2210 3348 2260 et
3376 2206 3497 2259 haec
3518 2204 3729 2260 omnia
3744 2207 3843 2259 be-

2230 2292 2433 2345 neﬁcia
2473 2292 2554 2346 eis
2583 2292 2711 2346 ideo
2743 2292 3006 2359 contulit,
3048 2300 3107 2346 ut
3145 2293 3445 2349 custodiant
3481 2294 3840 2366 complenda

2222 2380 2629 2450 iustiﬁcationes
2653 2381 2786 2451 ejus,
2811 2380 2867 2434 id
2888 2385 2972 2435 est
2993 2385 3281 2453 praecepta
3302 2381 3420 2452 ejus
3441 2382 3653 2454 quibus
3665 2382 3841 2453 justi-

2228 2468 2567 2534 ﬁcahantur,
2589 2476 2773 2523 etnon
2802 2468 2975 2523 invite
2997 2470 3343 2537 custodiant;
3378 2471 3478 2525 sed
3509 2471 3677 2539 legem
3699 2471 3837 2539 eius,

2227 2556 2284 2610 id
2303 2559 2388 2609 est
2416 2548 2704 2628 praecepta
2736 2558 2858 2628 ejus
2887 2554 3170 2628 exquirant
3188 2574 3319 2612 cum
3347 2574 3569 2624 amore,
3598 2563 3659 2612 ut
3683 2576 3839 2613 com-

2226 2645 2442 2715 pleant.
2464 2649 2522 2699 et
2545 2661 2649 2715 per
2666 2646 2773 2699 hoc
2802 2645 3033 2700 instruit
3053 2645 3249 2700 ﬁdeles
3276 2647 3502 2701 Judeeos
3533 2648 3607 2701 de
3630 2648 3836 2718 quibus

2222 2732 2314 2787 hic
2345 2733 2485 2805 agit,
2517 2734 2671 2805 quod
2702 2734 2808 2805 ipsi
2834 2734 3092 2788 contuitu
3122 2735 3496 2805 mysticorum
3526 2734 3835 2789 beneﬁcio-

2228 2838 2382 2887 rum,
2407 2839 2535 2893 qum
2583 2823 2728 2876 Deus
2775 2823 3031 2893 quotidie
3072 2823 3128 2877 in
3174 2823 3257 2877 eis
3293 2825 3589 2893 operatur,
3624 2824 3838 2877 debent

2233 2909 2671 2981 justiﬁcationes
2715 2911 2836 2981 ejus
2870 2912 3174 2979 custodire,
3204 2916 3262 2966 et
3289 2912 3477 2984 legem
3513 2912 3837 2984 exquirere.

2744 3000 2812 3053 IN
2844 3001 3167 3056 PSALMUM
3197 3001 3303 3055 CV.

2309 3088 2526 3142 Titulus
2555 3088 2867 3143 centesemi
2887 3089 3369 3161 quinti.Alleluia.
3395 3091 3461 3144 Et
3486 3091 3597 3143 hoc
3626 3089 3837 3144 eodem

2245 3178 2419 3232 modo
2446 3180 2509 3231 ut
2537 3176 2593 3230 in
2626 3176 2907 3247 superiori
2930 3178 3255 3248 exponitur,
3280 3178 3377 3233 sed
3392 3179 3841 3249 diversaasupe-

2234 3266 2371 3321 riori
2394 3266 2453 3320 in
2474 3267 2583 3320 hoc
2611 3268 2834 3336 psalmo
2862 3266 3107 3322 intentio
3138 3268 3403 3322 habetur.
3436 3268 3582 3322 Nam
3613 3285 3751 3322 cum
3782 3268 3839 3321 in

2228 3354 2575 3427 praecedenti
2588 3357 2809 3427 psalmo
2823 3355 2893 3409 de
2907 3355 3167 3410 ﬁdelibus
3188 3356 3397 3410 Judaais
3411 3356 3617 3427 egerit,
3639 3356 3701 3409 in
3734 3357 3843 3410 hoc

2229 3443 2464 3515 quidem
2487 3442 2749 3498 inﬁdeles
2768 3444 3417 3516 alloquitur,adhortans
3430 3448 3494 3499 ut
3505 3446 3692 3499 Deum
3718 3445 3843 3498 lau-

2231 3532 2627 3602 dent,peccata
2646 3532 3129 3604 conﬁtendo,quaa
3145 3533 3219 3590 ad
3229 3532 3673 3587 similitudinem
3688 3532 3845 3603 prio-

2229 3635 2359 3673 rum
2374 3623 2604 3690 patrum
2624 3620 2989 3690 peccantium
3002 3624 3267 3692 egerunt;
3286 3638 3412 3693 qua
3431 3621 3612 3675 etiam
3624 3621 3841 3675 adhor-

2232 3711 2384 3761 tatur
2405 3711 2467 3762 ut
2482 3713 2846 3777 enumerent,
2866 3714 2923 3764 et
2942 3710 3271 3765 conﬁtendo
3286 3727 3319 3764 a
3339 3709 3624 3765 similibus
3644 3726 3846 3781 pecca-

2231 3796 2303 3849 tis
2333 3800 2573 3865 cessent,
2604 3802 2772 3852 orent
2819 3816 3047 3871 quoque
3087 3802 3269 3855 Deum
3301 3801 3365 3853 ut
3386 3816 3484 3854 eos
3513 3799 3710 3853 visitet
3744 3816 3846 3870 per

2232 3883 2460 3951 Filium,
2481 3888 2538 3939 et
2560 3888 2622 3939 ut
2642 3886 2872 3941 Domini
2903 3888 3190 3958 potentias
3231 3887 3604 3953 annuntient,
3633 3890 3701 3942 et
3730 3890 3845 3942 lau-

2235 3973 2333 4028 des
2348 3974 2470 4045 ejus
2482 3974 2854 4046 faciant,quia
2881 3993 2982 4047 per
3001 3976 3109 4031 hoc
3123 3977 3195 4031 ad
3207 3976 3631 4031 beatitudinem
3655 3976 3832 4031 attin-

2237 4066 2397 4132 gent.
2413 4064 2725 4134 Postquam
2752 4067 2948 4118 autem
2967 4081 3067 4119 sua
3086 4081 3435 4137 suorumque
3448 4066 3693 4136 patrum
3715 4081 3843 4135 pec-

2236 4154 2363 4205 cata
2386 4151 2628 4205 confessi
2658 4151 2892 4220 fuerint,
2909 4168 3014 4222 pro
3032 4153 3155 4207 aliis
3186 4170 3351 4208 orare
3363 4153 3671 4208 admonet.
3690 4153 3844 4206 Hanc

531 4246 726 4318 (Exod.
757 4262 818 4308 η,
849 4243 923 4316 2),
946 4248 995 4299 et
1023 4259 1156 4295 cum
1188 4257 1287 4295 eos
1328 4240 1618 4307 educeret,
1652 4254 1758 4293 non
1783 4247 1896 4293 erat
1933 4239 2135 4310 aliquis
2161 4280 2210 4318 ἡ
2236 4242 2430 4292 autem
2462 4239 2921 4295 exhortationem
2955 4258 3022 4295 ea
3050 4241 3373 4297 intentione
3400 4241 3535 4295 facit
3558 4245 3621 4295 ut
3650 4258 3757 4296 eos
3771 4242 3842 4295 ab

529 4338 584 4390 in
617 4334 855 4389 tribubus
895 4348 1078 4387 eorum
1122 4330 1391 4398 inﬁrmus,
1426 4331 1484 4381 et
1525 4330 1663 4381 tunc
1691 4327 1977 4398 zEgyptus
2007 4344 2133 4398 qua}

531 4426 768 4495 propter
797 4419 1153 4476 ablatio‘nem
1185 4416 1310 4472 auri
1354 4419 1411 4471 et
1446 4415 1669 4487 argenti
1703 4415 1785 4469 sui
1826 4416 1896 4470 de
1933 4431 2135 4470 eorum

533 4512 781 4566 discessu
803 4509 979 4564 tristis
997 4509 1206 4567 fuerat,
1226 4504 1422 4560 audito
1455 4506 1563 4559 hoc
1586 4505 1739 4576 quod
1764 4505 1984 4559 Pharao
2006 4520 2136 4559 cum

533 4599 695 4654 omni
729 4596 978 4652 exercitu
1023 4597 1350 4649 submersus
1379 4593 1589 4659 fuerat,
1622 4593 1801 4647 laetata
1826 4600 1898 4647 est
1930 4596 1984 4646 in
2004 4610 2133 4663 pro-

530 4690 759 4761 fectione
774 4701 956 4739 eorum
976 4683 1227 4737 ﬁliorum
1243 4683 1437 4748 Israel,
1461 4681 1676 4736 scilicet
1700 4683 1890 4736 ltetata
1903 4686 1987 4736 est
2006 4682 2135 4736 ideo

535 4776 690 4850 quod
721 4791 839 4829 non
866 4772 1320 4837 revertebantur,
1355 4773 1419 4824 ut
1437 4774 1652 4824 terram
1679 4772 2059 4842 occuparent:
2081 4773 2138 4825 et

534 4868 664 4922 ideo
693 4864 886 4918 lietata
916 4862 1019 4928 est,
1051 4861 1178 4931 quia
1206 4858 1447 4913 incubuit
1471 4860 1629 4912 timor
1657 4876 1839 4913 eorum
1882 4859 2135 4913 ﬁliorum

534 4954 705 5009 Israel
736 4968 891 5023 super
919 4966 1002 5004 eos
1030 4947 1342 5020 Aigyptios.
1716 4992 1723 4997 .

605 5042 741 5098 Dico
773 5039 930 5112 quod
956 5040 1102 5094 Deus
1126 5035 1312 5091 eduxit
1340 5051 1443 5103 eos,
1476 5037 1535 5089 et
1562 5051 1691 5090 cum
1723 5052 1827 5107 per
1842 5036 2134 5090 desertum

533 5132 709 5192 irent,
740 5127 991 5200 expandit
1024 5125 1210 5180 nubem
1248 5140 1419 5195 super
1447 5140 1544 5179 eos
1573 5125 1628 5177 in
1649 5126 2030 5194 protectionem
2050 5142 2135 5179 eo-

534 5237 678 5285 rum,
702 5218 763 5273 id
792 5220 879 5272 est
903 5218 966 5270 ut
986 5232 1084 5270 eos
1113 5214 1184 5269 ab
1223 5216 1366 5268 aestu
1405 5215 1756 5283 protegeret,
1784 5218 1835 5265 et
1865 5214 2037 5283 ignem
2064 5213 2137 5268 ad

535 5308 777 5363 modum
802 5306 1149 5360 columnzeut
1167 5303 1364 5356 luceret
1388 5301 1459 5354 eis
1474 5316 1574 5370 per
1599 5306 1824 5367 noctem,
1839 5316 1911 5354 ne
1929 5300 2137 5355 alicubi

537 5395 919 5460 offenderent,
943 5394 1001 5446 et
1020 5396 1157 5446 tunc
1161 5392 1433 5461 petierunt
1459 5404 1615 5443 escas
1647 5386 1843 5459 (Exod.
1857 5404 1970 5455 xw,
1996 5391 2071 5457 3),
2087 5395 2137 5442 et

538 5486 741 5552 sponte
764 5480 1091 5536 sinelabore
1112 5476 1497 5550 inquisitionis
1524 5477 1667 5529 venit
1694 5477 1938 5530 coturnix
1966 5475 2133 5530 innu-

538 5568 849 5639 merabilis,
867 5567 1077 5624 cadens
1094 5566 1156 5623 in
1175 5563 1370 5621 medio
1398 5568 1720 5621 castrorum
1733 5563 1925 5638 (Ibid,
1960 5566 2068 5635 13),
2087 5572 2138 5628 et

2161 4300 2213 4358 D

2238 4326 2508 4380 omnibus
2535 4328 2782 4399 peccatis
2804 4332 3124 4396 revocet,et
3150 4330 3223 4384 ad
3252 4329 3429 4385 ﬁdem
3442 4328 3849 4402 adductospro

2236 4431 2296 4468 se
2317 4419 2375 4469 et
2402 4431 2508 4486 pro
2548 4416 2671 4470 aliis
2698 4433 2863 4471 orare
2893 4417 3158 4473 instruat.

2310 4502 2895 4572 ConﬁteminiDomino
2926 4506 3077 4560 Patri
3100 4511 3333 4577 peccata
3362 4510 3574 4572 vestra,
3602 4523 3705 4560 vos
3728 4507 3852 4561 inﬁ-

2238 4590 2392 4645 deles
2418 4592 2619 4660 Judaei,
2647 4596 2706 4647 et
2734 4593 2780 4647 si
2805 4609 2947 4665 puro
2989 4595 3162 4649 corde
3206 4594 3449 4650 confessi
3479 4594 3741 4661 fueritis,
3769 4612 3853 4649 se-

2237 4680 2356 4733 curi
2372 4681 2607 4751 potestis
2619 4698 2739 4736 esse
2764 4682 2835 4736 de
2861 4682 3047 4751 venia,
3064 4686 3318 4755 quoniam
3349 4684 3512 4737 bonus
3536 4693 3636 4750 est,
3670 4683 3737 4738 in
3775 4704 3857 4742 ξω

2239 4772 2465 4837 natura,
2486 4769 2545 4824 id
2575 4774 2660 4824 est
2688 4770 2870 4827 facilis
2901 4771 2973 4825 ad
3003 4773 3740 4839 condonandum,cui,vos
3757 4776 3854 4829 ad-

2237 4872 2450 4912 moneo
2472 4858 2733 4913 conﬁteri
2760 4862 2817 4913 et
2853 4876 2970 4915 non
2996 4860 3069 4915 ad
3098 4861 3304 4916 horam
3333 4864 3417 4915 est
3446 4860 3665 4929 bonus,
3692 4863 3761 4917 id
3780 4866 3857 4918 est

2238 4945 2584 5016 misericors,
2614 4946 2826 5002 scilicet
2841 4947 2971 5003 ideo
2992 4948 3336 5018 conﬁtemini,
3354 4951 3617 5020 quoniam
3644 4954 3863 5008 miseri-

2235 5035 2416 5090 cordia
2446 5036 2559 5106 ejus
2588 5051 2764 5107 quam
2794 5036 3045 5092 habetin
3072 5041 3299 5101 natura,
3321 5040 3407 5093 est
3427 5037 3654 5093 durans
3680 5048 3856 5113 usique.

2237 5125 2301 5180 in
2319 5124 2569 5179 sxeulum
2606 5124 2887 5192 futurum,
2915 5124 2973 5180 id
3004 5129 3090 5181 est
3128 5125 3187 5181 in
3215 5129 3520 5182 aeternum.
3566 5127 3754 5191 Quod
3784 5132 3855 5184 est

2237 5213 2457 5268 dicere:
2483 5214 2547 5266 In
2566 5216 2849 5268 aeternum
2876 5213 3203 5270 misericors
3227 5219 3331 5283 est,
3347 5214 3474 5270 dico
3493 5217 3853 5285 conﬁtemini,

2236 5304 2295 5356 et
2316 5303 2446 5373 post
2479 5300 2901 5355 confessionem
2926 5305 3316 5372 peccatorum,
3349 5306 3469 5375 guis
3486 5304 3747 5375 loquitur
3759 5322 3856 5377 po-

2235 5392 2424 5445 tentias
2451 5388 2694 5458 Domini,
2717 5396 2767 5444 et
2783 5389 2996 5445 auditas
3021 5391 3186 5460 faciet
3221 5391 3399 5447 laudes
3420 5393 3539 5464 ejus
3557 5395 3589 5447 ?
3612 5395 3858 5467 Praepo-

2233 5480 2416 5532 sterus
2445 5478 2608 5534 ordo.
2656 5478 2818 5533 Prius
2842 5479 3002 5534 enim
3043 5484 3127 5535 est
3165 5480 3344 5535 laudes
3389 5481 3613 5551 facere,
3644 5488 3859 5557 postea

2237 5582 2373 5625 vero
2382 5568 2648 5647 potentias
2671 5566 2851 5642 loqui,
2871 5571 2929 5625 et
2937 5568 3048 5626 hoc
3058 5568 3215 5649 quod
3231 5569 3307 5626 ad
3322 5571 3616 5648 majorem
3643 5574 3858 5630 exhor-
3944 5574 3945 5605 ἦ
