3998 6026
201 350 336 404 H97

1206 342 1565 421 exrosmo
1599 343 1669 398 IN
1706 339 2135 398 PSALMOS.-
2172 336 2366 394 PSAL.
2410 333 2497 392 cv

3376 336 3513 393 {198

198 478 478 533 tationem
512 475 617 530 sub
647 474 1104 547 interrogatione
1135 473 1391 545 ponitur,
1425 471 1803 545 mquipollens
1828 476 1882 534 Α
1912 472 1997 524 est
2012 467 2235 524 dicere:
2262 466 2570 523 Occasione
2589 464 2880 520 bonorum
2900 480 3145 537 operum
3159 467 3519 535 nostrorum,

198 571 306 635 est,
339 582 404 620 ac
436 564 480 618 si
509 563 726 618 diceret
760 580 772 617 :
811 565 946 617 Post
970 563 1394 618 confessionem
1434 564 1804 633 peccatorum

201 655 374 710 facile
402 652 581 707 laudes
611 653 744 722 ejus,
771 651 830 706 id
868 660 953 706 est
995 652 1281 722 complete
1326 651 1481 705 bona
1530 666 1707 721 opera
1750 648 1809 703 in

198 744 408 816 quibus
429 742 547 812 ipse
568 740 854 808 laudetur,
888 743 947 794 et
966 739 1100 812 quia
1121 743 1312 810 posset
1341 737 1452 793 dici
1471 738 1811 809 ignoramus

196 832 398 887 laudes
424 830 568 898 illas,
590 829 752 884 addit
780 828 990 883 auditas
1017 846 1082 883 ac
1114 828 1159 882 si
1193 828 1344 883 dicat
1371 845 1383 883 :
1421 826 1585 891 Quod
1614 827 1811 882 laudes

196 921 335 976 satis
356 920 485 990 jam
512 935 617 991 per
633 918 959 989 Scripturas
986 916 1241 971 audistis.
1259 918 1326 971 Et
1354 921 1660 989 postquam
1698 916 1812 969 lau-

195 1007 285 1062 des
314 1009 427 1078 ejus
466 1006 526 1061 in
558 1006 715 1061 vobis
745 1005 1014 1072 feceritis,
1064 1004 1372 1077 loquimini
1414 1004 1541 1058 aliis
1579 1020 1806 1058 annun-

194 1096 400 1151 tiando
412 1095 685 1166 potentias
713 1093 955 1162 Domini,
976 1093 1189 1149 scilicet
1209 1092 1551 1148 annuntiate
1577 1092 1651 1147 ad
1681 1109 1806 1148 cor-

194 1185 519 1240 rectionem
551 1185 797 1238 aliorum
827 1200 961 1237 eum
999 1186 1299 1254 potentem
1333 1198 1453 1236 esse
1481 1180 1554 1235 ad
1576 1182 1810 1253 peccata

194 1270 675 1340 condonandum,
701 1275 761 1327 et
787 1275 1087 1343 potentem
1117 1271 1190 1326 ad
1220 1271 1403 1327 bonos
1433 1286 1811 1325 remuneran-

198 1362 364 1429 dum,
395 1364 694 1434 potentem
722 1378 950 1433 quoque
983 1361 1056 1415 ad
1086 1360 1269 1414 malos
1296 1358 1809 1430 puniendum.Non

198 1450 360 1505 enim
378 1452 607 1520 oportet
621 1450 782 1521 prius
798 1448 1052 1520 aliquem
1075 1448 1204 1502 aliis
1219 1447 1533 1520 praedicare
1552 1462 1727 1518 quam
1748 1446 1807 1500 in

196 1556 256 1593 se
270 1539 426 1595 bona
439 1554 615 1610 opera
634 1538 950 1608 complere.
974 1536 1138 1591 Unde
1164 1537 1499 1606 Apostolus:
1524 1558 1551 1584 ‹‹
1580 1534 1807 1605 Castigo

199 1643 409 1700 corpus
432 1643 652 1694 meum,
673 1628 729 1680 et
748 1626 804 1679 in
828 1624 1163 1681 servitutem
1183 1624 1407 1695 redigo,
1423 1639 1517 1690 ne,
1540 1639 1671 1677 cum
1687 1622 1809 1676 aliis

197 1715 655 1787 praedicaverim,
672 1714 792 1786 ipse
805 1714 1085 1785 reprobus
1107 1712 1325 1767 efﬁciar
1343 1710 1536 1783 (ICor.
1555 1728 1628 1778 ιι,
1657 1714 1803 1778 27).»

198 1804 266 1858 Et
281 1805 457 1859 etiam
481 1804 551 1858 de
573 1804 699 1857 Jesu
718 1802 928 1873 legitur
958 1818 970 1855 :
998 1825 1025 1851 ‹‹
1050 1802 1185 1865 Quae
1225 1801 1395 1871 coepit
1428 1801 1587 1854 Jesus
1618 1799 1806 1854 facere
1828 1825 1879 1884 B

196 1897 257 1947 et
286 1893 495 1948 docere
526 1891 675 1949 (Act.
707 1908 744 1958 ι,
784 1890 855 1963 1).
890 1909 922 1942 »
953 1889 1076 1945 Dixi
1108 1890 1436 1959 conﬁtemini
1462 1891 1715 1959 peccata,
1750 1890 1807 1943 et

197 1998 430 2037 necesse
454 1981 692 2053 quidem
710 1980 871 2035 vobis
888 1983 991 2035 est.
1008 1978 1171 2033 Beati
1190 1979 1346 2034 enim
1374 1982 1432 2034 et
1450 1977 1542 2033 hic
1561 1981 1715 2046 sunt,
1749 1981 1808 2033 et

198 2071 257 2127 in
285 2071 478 2125 futuro
493 2072 674 2126 multo
694 2068 878 2139 magis
899 2072 1070 2123 erunt
1094 2068 1197 2137 illi,
1211 2071 1305 2141 qui
1316 2068 1623 2124 custodiunt
1640 2067 1698 2121 in
1723 2085 1803 2135 se,

202 2160 264 2216 id
279 2161 826 2230 estamplectuntur,
851 2174 969 2212 non
991 2158 1295 2229 negligunt
1316 2157 1575 2226 judicium
1604 2173 1804 2228 pecca-

200 2253 422 2316 torum,
456 2247 513 2303 id
546 2251 632 2302 est
660 2246 1105 2312 confessionem,
1128 2246 1339 2300 scilicet
1362 2246 1457 2318 qui
1481 2245 1558 2300 sic
1589 2245 1807 2300 confes-

196 2338 425 2394 sionem
455 2336 786 2393 custodiunt
829 2339 893 2390 ut
932 2336 1268 2407 frequenter
1308 2334 1713 2401 conﬁteantur,
1749 2338 1806 2389 et

196 2431 328 2500 post
351 2424 775 2481 confessionem
809 2424 883 2479 ad
909 2424 1190 2480 vomitum
1222 2440 1339 2478 non
1367 2422 1760 2478 redeant.Dixi
1786 2440 1798 2478 :

198 2513 331 2580 Quis
343 2515 508 2584 faciet
531 2513 712 2569 laudes
732 2513 867 2583 ejus,
882 2512 942 2566 id
974 2514 1059 2567 est
1082 2528 1261 2583 opera
1285 2512 1460 2575 bona,
1488 2513 1548 2565 et
1573 2528 1803 2566 necesse

197 2605 287 2658 est
314 2602 551 2674 quidem
585 2606 648 2656 ut
666 2601 909 2669 faciatis,
942 2600 1079 2673 quia
1113 2602 1251 2656 beati
1276 2603 1450 2655 erunt
1477 2603 1573 2672 qui
1592 2601 1805 2670 faciunt

186 2692 484 2762 justitiam,
519 2690 577 2745 id
610 2694 696 2745 est
714 2691 870 2761 justa
900 2706 1096 2762 opera,
1124 2693 1181 2744 et
1206 2707 1323 2745 non
1355 2689 1429 2743 ad
1453 2690 1682 2758 horam,
1706 2688 1806 2743 sed

198 2780 260 2835 in
290 2780 451 2834 omni
479 2783 777 2850 tempore;
803 2779 931 2835 dico
957 2779 1281 2848 conﬁtemini
1308 2778 1388 2831 ita
1420 2780 1649 2832 orantes
1683 2794 1695 2831 :

268 2867 538 2922 Memento
562 2869 748 2934 nostri,
778 2866 1029 2934 Domine,
1052 2866 1408 2938 indulgendo
1433 2869 1684 2936 peccata,
1706 2864 1807 2936 qui

200 2957 349 3011 visus
360 2974 418 3010 es
431 2973 534 3012 nos
546 2955 644 3011 diu
656 2955 928 3010 oblivioni
943 2955 1164 3010 dedisse
1172 2955 1333 3022 ,dum
1348 2971 1544 3007 sumus
1556 2958 1661 3007 sub
1674 2968 1804 3024 pec-

200 3044 311 3100 cati
336 3043 632 3115 originalis
646 3042 997 3098 conditione.
1019 3043 1178 3110 Dico,
1201 3048 1481 3104 memento,
1503 3045 1560 3095 et
1584 3058 1698 3096 non
1725 3057 1810 3095 se-

1913 562 1972 613 et
2002 576 2107 614 nos
2136 557 2456 625 laudemus,
2492 559 2550 610 et
2578 557 2640 609 tu
2665 553 2965 609 nobiscum
2986 571 3089 626 per
3110 572 3216 609 nos
3245 555 3517 610 lauderis.

1913 646 2151 703 Ostenso
2182 647 2292 702 hoc
2322 644 2615 718 quomodo
2657 648 2829 699 orent
2877 643 3129 698 ostendit
3178 644 3293 698 late
3340 661 3519 717 usque

1910 735 2061 791 circa
2077 735 2254 790 ﬁnem
2275 734 2503 806 psalmi,
2528 732 2823 805 quomodo
2839 732 2911 787 ad
2925 730 3398 787 conformitatem
3421 749 3518 804 pa-

1910 826 2067 879 trum
2083 841 2142 879 se
2158 840 2420 896 peccasse
2440 823 2689 877 debeant
2717 820 2999 877 conﬁteri.
3033 820 3168 875 Dico
3198 821 3519 889 conﬁtemini

1911 912 2010 981 sic,
2061 912 2297 985 scilicet,
2348 928 2381 968 ο
2432 910 2697 979 Domine,
2737 912 3071 981 peccavimus
3114 908 3238 963 cum
3273 909 3518 980 patribus

1910 1004 2120 1070 nostris,
2136 1001 2195 1055 id
2216 1003 2301 1056 est
2310 999 2674 1072 peccavimus
2696 998 2771 1053 ad
2790 997 3261 1055 conformitatem
3282 1002 3517 1070 patrum

1912 1094 2267 1159 nostrorum,
2292 1092 2455 1145 tanto
2483 1091 2618 1144 ante
2634 1090 2900 1159 tempore
2922 1086 3312 1150 existentium,
3337 1086 3436 1158 qui
3458 1088 3516 1141 te

1912 1180 2167 1251 graviter
2190 1176 2562 1233 oﬂ‘enderunt
2582 1193 2594 1230 :
2616 1178 2673 1231 et
2684 1177 2794 1231 hoc
2816 1174 3067 1230 ostendit
3088 1191 3191 1246 per
3207 1177 3401 1245 partes
3411 1174 3515 1230 sic.

1908 1267 2055 1322 Vere
2089 1269 2427 1338 peccavimus
2474 1267 2538 1319 ut
2586 1268 2810 1337 patres;
2869 1263 3062 1334 injuste
3108 1262 3266 1318 enim
3315 1266 3516 1334 egimus

1911 1359 2196 1428 quantum
2227 1356 2300 1410 ad
2342 1354 2694 1426 proximum,
2727 1351 2873 1406 sicut
2900 1351 3039 1423 ipsi;
3092 1353 3151 1404 et
3182 1352 3514 1423 iniquitatem

1908 1446 2154 1515 fecimus,
2187 1447 2470 1517 quantum
2502 1443 2576 1497 ad
2606 1457 2710 1496 nos
2736 1439 2878 1495 sicut
2907 1439 3034 1511 ipsi.
3069 1440 3266 1493 Posset
3294 1440 3510 1511 quaeri:

1910 1534 2375 1588 Peccaveruntne
2407 1533 2600 1603 patres
2634 1527 2844 1584 vestri?
2871 1526 2959 1581 Ad
2989 1526 3146 1599 quod
3174 1526 3252 1581 sic
3280 1543 3517 1598 respon-

1911 1620 2167 1675 dendum
2181 1623 2267 1675 est
2290 1636 2302 1674 :
2332 1618 2718 1674 Peccaverunt
2731 1615 2947 1687 utique.
2961 1614 3153 1670 Patres
3172 1616 3330 1671 enim
3350 1619 3521 1672 nostri

1909 1712 1965 1763 in
1980 1710 2259 1780 Egypto,
2282 1709 2380 1764 ubi
2399 1711 2464 1762 tu
2476 1709 2623 1762 Deus
2636 1722 2743 1778 pro
2762 1705 2843 1760 eis
2859 1706 3042 1760 multa
3058 1705 3351 1761 mirabilia
3376 1723 3514 1779 ope-

1908 1801 2067 1852 ratus
2078 1814 2269 1865 es,uon
2281 1793 2732 1863 intellexeruntﬁd
2744 1796 2829 1848 est
2848 1812 2882 1848 n
2891 1810 2965 1849 on
2980 1792 3517 1849 animadverterunt

1908 1886 2197 1942 mirabilia
2218 1903 2346 1960 quae
2376 1901 2482 1958 pro
2515 1885 2596 1940 eis
2626 1886 2897 1955 operatus
2922 1886 3082 1951 es,ut
3101 1899 3306 1938 eorum
3337 1882 3515 1939 mira-

1905 1974 2109 2030 bilium
2131 1975 2392 2037 contuitu
2410 1973 2518 2029 tibi
2539 1974 2730 2028 essent
2746 1972 3047 2027 credentes
3069 1975 3126 2027 et
3151 1971 3508 2029 obedientes.

1906 2064 2041 2121 Dico
2064 2083 2170 2121 non
2185 2065 2573 2131 intellexerunt,
2596 2062 2712 2117 etsi
2729 2061 2804 2116 ad
2828 2064 3058 2133 tempus
3082 2061 3510 2131 intellexerunt,

1904 2171 2012 2208 non
2048 2155 2272 2224 fuerunt
2312 2153 2408 2209 diu
2439 2169 2691 2207 memores
2736 2149 3099 2205 multitudinis
3137 2150 3513 2207 misericordia:

1906 2251 2030 2311 tua»,
2066 2243 2123 2297 id
2172 2246 2259 2297 est
2304 2242 2625 2297 multorum
2673 2238 3028 2297 mirabilium
3068 2238 3507 2312 beneficiorum,

1904 2347 2033 2403 quae
2063 2348 2167 2402 per
2195 2333 2378 2386 solam
2412 2327 2869 2385 misericordiam
2900 2327 2980 2383 eis
3009 2327 3320 2384 contulisti.

1977 2420 2253 2489 Dicimus,
2288 2437 2321 2475 ο
2348 2419 2660 2485 auditores,
2690 2418 2846 2490 quod
2869 2417 3106 2472 fuerunt
3133 2416 3510 2475 immemores

1903 2509 2312 2566 misericordiae
2352 2507 2583 2564 Domini
2632 2505 2984 2578 multiplicis,
3032 2509 3091 2560 et
3131 2506 3510 2563 immemores

1904 2599 2232 2661 existentes.
2266 2599 2631 2664 irritaverant,
2664 2596 2722 2650 id
2753 2597 2838 2651 est
2867 2595 2941 2650 ad
2973 2593 3332 2651 iracundiam
3374 2613 3511 2652 eum

1906 2690 2364 2761 provocaverunt
2388 2685 2744 2753 ascendentes,
2772 2684 2831 2739 id
2869 2687 2954 2738 est
2986 2683 3057 2738 de
3085 2684 3330 2755 Egypto
3352 2702 3514 2757 egre-

1908 2777 2150 2844 dientes,
2216 2779 2275 2829 et
2328 2775 2479 2828 bene
2547 2773 2683 2828 dicit
2749 2771 3097 2827 ascendentes.
3161 2771 3305 2827 Cum
3354 2774 3512 2829 enim

1904 2865 2180 2935 Egyptus
2208 2862 2451 2917 inferior
2475 2861 2585 2915 situ
2610 2861 2683 2916 sit
2708 2860 2977 2915 omnibus
2996 2858 3167 2915 terris
3198 2860 3350 2917 circa
3379 2878 3512 2917 eam

1908 2952 2299 3019 existentibus,
2319 2950 2509 3004 nullus
2529 2949 2665 3004 inde
2686 2952 2876 3021 potest
2905 2948 3103 3020 egredi
3125 2952 3305 3020 parte.
3320 2950 3517 3023 aliqua

1909 3041 2015 3095 nisi
2037 3057 2168 3096 cum
2197 3056 2455 3095 ascensu.
2487 3038 2862 3106 Ascendentes,
2884 3038 3144 3110 inquam,
3168 3040 3517 3095 irritaverunt

201 3133 459 3188 cundum
510 3135 723 3187 merita
773 3134 990 3199 nostra,
1024 3131 1125 3185 sed
1168 3133 1222 3185 in
1273 3130 1587 3202 beneptacito
1829 3115 1876 3174 α
1908 3148 2046 3199 eum,
2079 3133 2138 3185 et
2165 3131 2274 3185 hoc
2306 3132 2364 3186 in
2387 3131 2547 3198 mari,
2578 3130 2725 3183 mari
2762 3128 2968 3196 Rubro,
3014 3128 3228 3185 scilicet
3267 3130 3366 3185 ubi
3395 3147 3515 3186 non

189 3221 384 3294 populi
408 3222 507 3287 tui,
548 3220 607 3273 id
638 3222 724 3274 est
751 3219 809 3272 in
842 3219 1205 3289 beneplacito
1233 3218 1644 3275 misericordiae
1674 3224 1807 3285 tum,

201 3309 521 3364 secundum
550 3307 705 3379 quod
735 3308 882 3363 soles
925 3307 1187 3362 misereri
1232 3307 1429 3379 populi
1470 3308 1572 3372 tui,
1606 3310 1664 3361 et
1700 3307 1808 3362 hoc

201 3397 379 3453 modo
405 3397 640 3468 quidem
671 3402 931 3450 memento
963 3399 1150 3464 nostri,
1182 3398 1336 3450 visita
1366 3413 1461 3451 nos
1492 3395 1705 3450 scilicet
1747 3396 1811 3451 in

198 3486 437 3544 salutari
464 3492 577 3553 tuo,
608 3485 667 3541 id
689 3487 776 3540 est
804 3502 910 3540 nos
938 3485 1203 3540 inﬁrmos
1228 3484 1285 3539 in
1321 3485 1569 3555 peccatis
1610 3489 1667 3539 et
1715 3485 1811 3539 ob-

200 3574 403 3629 noxios
426 3574 600 3629 morti
619 3573 784 3628 visita
814 3590 918 3645 per
934 3573 1222 3628 Christum
1248 3572 1604 3628 Salvatorem
1622 3576 1807 3639 tuum,

200 3666 266 3717 ut
295 3664 417 3734 ejus
450 3662 651 3718 mortis
678 3662 865 3734 pretio
912 3662 984 3717 ad
1031 3661 1205 3717 vitam
1255 3661 1621 3718 reducamur.
1673 3661 1808 3716 Dico

199 3753 358 3806 visita
380 3770 472 3807 nos
499 3751 557 3806 in
590 3750 922 3807 obedientia
961 3748 1272 3806 Salvatoris
1321 3750 1427 3817 tui,
1465 3749 1679 3804 ducens
1706 3766 1811 3805 nos

200 3857 308 3914 per
336 3840 510 3912 ipsius
541 3839 851 3896 Salvatoris
881 3838 1153 3894 notitiam
1194 3839 1264 3893 ad
1292 3838 1575 3893 videndum
1605 3841 1684 3907 te,
1721 3838 1809 3892 in-

201 3928 403 3983 teriori
432 3927 944 4000 contemplatione,
973 3944 1098 3995 nos,
1128 3927 1390 4000 inquam,
1419 3928 1633 4001 positos
1654 3930 1709 3982 in
1730 3927 1814 3982 bo-

203 4020 370 4074 nitate
399 4033 615 4089 0perum
645 4016 927 4070 electorum
958 4022 1189 4071 tuorum.
1225 4016 1389 4081 Quod
1435 4019 1521 4072 est
1565 4016 1752 4073 dicere
1794 4033 1806 4070 :

209 4106 303 4162 Sic
330 4124 434 4161 nos
460 4123 566 4178 per
597 4122 730 4160 eum
754 4104 922 4159 visita
950 4108 1012 4160 ut
1039 4105 1318 4161 visitando
1349 4123 1454 4178 per
1503 4106 1813 4177 indulgen-

205 4194 351 4249 tiam
382 4195 554 4249 ducas
584 4210 689 4249 nos
717 4193 791 4248 ad
816 4195 1369 4266 contemplationem
1421 4195 1644 4250 notitiae
1675 4198 1809 4261 tuas,

206 4300 333 4351 nos,
357 4283 617 4355 inquam,
639 4282 855 4354 positos
876 4285 931 4336 in
962 4284 1208 4351 bonitate,
1228 4283 1288 4338 id
1308 4287 1397 4339 est
1416 4284 1475 4339 in
1496 4283 1663 4340 bonis
1675 4299 1811 4354 opes
1835 4279 1845 4285 ’

1910 3221 2057 3275 esset
2086 3218 2418 3287 irritandus,
2450 3235 2569 3291 pra:
2596 3218 2896 3274 nimietate
2926 3217 3184 3290 periculi.
3217 3219 3362 3275 Nam
3383 3237 3517 3276 cum

1909 3309 2102 3363 hostes
2132 3307 2500 3380 insequentes
2528 3324 2589 3361 se
2614 3306 2896 3375 viderent,
2928 3309 2987 3361 et
3034 3324 3203 3363 mare
3256 3308 3518 3365 Rubrum

1910 3399 2068 3465 ante,
2102 3396 2511 3452 dubitaverunt
2540 3413 2614 3451 an
2653 3398 2802 3451 Deus
2826 3399 3020 3469 posset
3049 3413 3146 3452 eos
3170 3397 3438 3468 liberare,
3462 3401 3521 3454 et

1910 3485 1989 3540 sic
2047 3503 2183 3541 eum
2235 3485 2626 3541 irritaverunt.
2688 3485 2787 3539 Vel
2843 3483 2968 3539 sic:
3006 3484 3365 3542 Irritaverunt
3403 3494 3522 3545 eum

1911 3574 2242 3627 ascendentes
2281 3573 2353 3627 de
2392 3573 2638 3644 Egypto
2696 3573 2751 3625 in
2795 3589 2961 3640 mare,
3019 3589 3202 3641 mare,
3257 3574 3518 3647 inquam,

1911 3661 2191 3715 Rubrum.
2213 3661 2363 3716 Mare
2386 3660 2600 3731 quippe
2623 3659 2883 3714 Rubrum
2922 3660 3091 3716 altius
3130 3664 3214 3715 est
3251 3663 3519 3734 Egypto,

1913 3749 2060 3806 sicut
2082 3753 2140 3804 et
2164 3752 2323 3804 terra
2359 3748 2418 3803 in
2451 3765 2565 3820 qua
2589 3751 2693 3802 est.
2721 3748 2821 3802 Vel
2852 3747 2929 3802 sic
2964 3765 2977 3802 :
3008 3747 3373 3807 Irritaverunt
3400 3769 3521 3807 eum

1909 3840 2239 3896 ascendentes
2294 3842 2349 3894 in
2402 3841 2560 3905 mari,
2612 3839 2752 3892 mari
2801 3837 3015 3893 scilicet
3070 3838 3262 3893 Rubro
3315 3839 3519 3895 formi-

1912 3930 2067 3986 dato.
2102 3930 2239 3985 Mari
2278 3929 2470 3984 Rubro
2517 3925 2922 3983 determinatio
2980 3929 3065 3982 est
3104 3927 3351 3998 qualiter
3402 3946 3521 3985 eum

1911 4021 2277 4087 irritaverunt,
2320 4020 2379 4074 et
2430 4016 2689 4090 quamvis
2738 4033 2873 4072 eum
2926 4015 3266 4082 irritassent,
3318 4021 3519 4075 tamen

1911 4108 2136 4162 salvavit
2188 4124 2290 4174 eos,
2339 4109 2397 4161 et
2442 4122 2561 4161 non
2614 4106 2855 4177 propter
2901 4104 3111 4160 merita
3157 4122 3385 4177 eorum,
3416 4108 3519 4165 sed

1901 4203 2121 4268 propter
2146 4213 2335 4251 nomen
2357 4212 2515 4249 suum
2535 4194 3000 4266 gloriﬁcandum,
3028 4201 3087 4249 ut
3110 4211 3217 4267 per
3239 4197 3351 4251 hoc
3374 4198 3522 4253 scili-

1914 4289 2005 4339 cet
2037 4292 2220 4340 notam
2256 4285 2457 4355 faceret
2510 4282 2755 4355 posteris
2782 4286 3083 4355 potentiam
3123 4301 3299 4353 suam,
3332 4286 3391 4340 id
3434 4292 3521 4343 est

204 4372 384 4440 ribus,
433 4389 610 4444 quam
653 4371 977 4426 bonitatem
1026 4372 1245 4426 habent
1300 4372 1463 4427 electi
1514 4373 1617 4430 tui.
1648 4373 1727 4426 Ac
1765 4372 1812 4428 si
1834 4371 1885 4430 D
1913 4392 1972 4430 se
2005 4378 2301 4446 potentem
2326 4390 2468 4441 esse,
2500 4376 2559 4428 et
2585 4373 2694 4428 hoc
2728 4373 2902 4428 modo
2938 4389 3154 4428 nomen
3188 4373 3312 4444 ejus
3329 4374 3403 4429 ab
3436 4375 3517 4430 eis

207 4461 365 4516 dicat
383 4477 396 4515 :
420 4461 531 4515 Nos
551 4459 806 4515 visitatos
822 4459 914 4514 fac
928 4460 1076 4514 bene
1104 4459 1331 4531 operari
1345 4459 1418 4513 ad
1434 4460 1810 4515 conformita-

204 4553 327 4605 tem
360 4548 621 4603 ﬁdelium
650 4550 906 4617 tuorum,
939 4547 1036 4620 qui
1068 4548 1140 4603 ad
1170 4548 1345 4602 vitam
1374 4547 1538 4603 electi
1565 4550 1718 4616 sunt,
1752 4551 1814 4602 ut

204 4637 416 4693 merito
428 4638 717 4693 bonorum
733 4653 976 4708 operum
993 4640 1049 4691 te
1063 4636 1443 4708 contemplari
1458 4653 1809 4692 mereamur.

202 4726 343 4783 Dico
366 4730 521 4783 visita
553 4746 667 4794 nos,
694 4728 909 4783 ducens
939 4743 1045 4782 nos
1069 4727 1143 4781 ad
1168 4727 1485 4782 videndum
1514 4730 1571 4781 te
1596 4727 1815 4799 positos

205 4816 267 4870 in
296 4815 549 4886 bonitate,
583 4818 641 4870 et
676 4816 889 4871 ducens
921 4814 1095 4871 etiam
1125 4816 1196 4870 ad
1225 4816 1514 4872 laetandum
1545 4816 1615 4870 de
1646 4815 1811 4871 boni-

203 4904 327 4958 tate
353 4920 596 4976 operum
626 4906 682 4958 in
712 4904 896 4958 latitia
925 4906 1095 4974 gentis
1127 4911 1253 4972 tuae,
1281 4904 1340 4959 id
1385 4908 1469 4959 est
1496 4904 1557 4959 in
1589 4904 1816 4959 confor-

206 4991 412 5047 mitate
438 4992 651 5048 latitia:
676 4992 966 5064 justorum
997 4992 1094 5065 qui
1124 4996 1259 5047 sunt
1285 5010 1428 5065 gens
1473 4995 1591 5047 tua.
1647 4992 1814 5057 Quod

206 5082 297 5135 est
327 5080 517 5136 dicere
548 5098 561 5135 :
597 5080 687 5136 Sic
720 5098 826 5137 nos
851 5082 944 5136 fac
972 5082 1120 5137 bene
1151 5082 1379 5152 operari
1420 5084 1483 5136 ut
1529 5082 1678 5137 hanc
1708 5081 1810 5136 bo-

209 5184 348 5223 nam
378 5169 773 5240 operationem
804 5186 923 5225 non
956 5187 1088 5224 cum
1138 5169 1370 5224 tristitia
1418 5186 1683 5242 agamus,
1714 5167 1815 5224 sed

206 5258 495 5325 latenter,
530 5258 603 5313 ad
620 5258 1089 5314 conformitatem
1114 5257 1326 5313 laetitite
1342 5257 1653 5329 justorum.
1679 5280 1707 5310 «
1729 5257 1817 5313 Hi-

213 5346 399 5402 larem
431 5347 589 5401 enim
617 5347 885 5403 datorem
917 5346 1103 5420 diligit
1133 5348 1281 5402 Deus
1313 5345 1402 5420 (II
1429 5344 1557 5402 Cor.
1592 5364 1666 5416 ιι,
1688 5348 1762 5419 7).
1784 5366 1816 5401 »

212 5434 333 5491 Duc
361 5452 488 5504 nos,
517 5435 781 5508 inquam,
815 5436 890 5492 ad
917 5435 1179 5491 laetitiam
1235 5435 1403 5491 bonae
1444 5435 1815 5507 Operationis,

212 5523 456 5579 utnobis
483 5525 749 5581 iactanter
768 5525 917 5581 bene
947 5541 1053 5598 per
1078 5529 1135 5582 te
1175 5524 1550 5599 operantibus
1581 5523 1817 5581 lauderis

215 5612 289 5670 ab
313 5613 440 5671 aliis
454 5630 581 5671 cum
596 5613 899 5673 haereditate
923 5621 1039 5687 tua,
1058 5616 1363 5675 uobiscum
1383 5615 1617 5675 scilicet.
1647 5613 1818 5682 Quod

1914 4465 2355 4536 gloriﬁcaretur.
2394 4462 2525 4517 Dico
2562 4461 2837 4534 quoniam
2886 4478 2983 4516 eos
3009 4461 3263 4530 salvavit,
3313 4468 3363 4519 et
3408 4465 3520 4521 hoc

1915 4554 2091 4609 modo
2114 4552 2350 4626 quidem
2373 4550 2627 4617 salvavit,
2661 4552 2917 4619 increpuit
2949 4550 3119 4606 tacito
3142 4550 3390 4625 imperio
3412 4571 3515 4626 po-

1914 4642 2112 4697 tentim
2160 4658 2275 4696 suae
2316 4656 2464 4693 mare
2522 4638 2791 4705 Rubrum,
2832 4655 2905 4692 ne
2955 4655 3053 4694 eos
3092 4639 3423 4712 impediret,
3469 4652 3519 4700 et

1912 4746 2018 4801 per
2037 4731 2146 4784 hoc
2177 4731 2524 4785 exsciccatum
2549 4732 2623 4781 est
2652 4726 2711 4781 in
2743 4726 2961 4797 medio,
2992 4727 3127 4783 hinc
3162 4732 3219 4784 et
3244 4730 3381 4785 hinc
3410 4749 3515 4804 pro

1915 4834 2083 4874 muro
2106 4817 2268 4890 aquis
2290 4815 2664 4871 accumulatis
2690 4818 2747 4871 et
2776 4817 3079 4885 stantibus,
3111 4824 3161 4872 et
3192 4817 3408 4874 deduxit
3432 4836 3516 4876 eos

1913 4910 1969 4961 in
1998 4908 2219 4977 abyssis,
2251 4905 2309 4960 id
2352 4908 2439 4961 est
2482 4905 2561 4960 ita
2604 4904 2763 4960 siccae
2807 4906 2968 4960 duxit
3011 4922 3110 4961 eos
3164 4923 3268 4978 per
3319 4908 3512 4964 locum

2136 4995 2233 5051 ubi
2247 4995 2509 5051 solebant
2529 5011 2651 5050 esse
2670 4994 2875 5066 abyssi,
2898 4994 2958 5049 id
2988 4995 3074 5049 est
3116 5010 3346 5066 magna;
3376 5013 3511 5068 pro-

1913 5084 2247 5153 funditates,
2272 5084 2407 5139 sicut
2435 5083 2498 5138 in
2523 5082 2742 5150 deserto,
2776 5082 2836 5137 id
2867 5084 2952 5137 est
2981 5082 3143 5153 quasi
3186 5098 3293 5154 per
3321 5085 3513 5143 deser-

1914 5177 2060 5240 tum,
2094 5172 2188 5228 ubi
2216 5187 2515 5244 nunquam
2543 5186 2705 5242 aquae
2746 5169 3001 5225 fuerunt.
3032 5169 3111 5224 Et
3149 5174 3284 5227 tunc
3312 5178 3517 5244 operuit

1915 5279 2057 5334 aqua
2086 5259 2264 5315 maris
2299 5259 2611 5313 tribulantes
2640 5276 2743 5326 eos,
2779 5257 2994 5312 scilicet
3034 5259 3330 5332 Egyptios
3369 5261 3517 5319 scili-

1916 5353 2006 5407 cet
2034 5352 2255 5405 temere
2287 5348 2594 5420 ingressos,
2627 5349 2685 5401 et
2712 5346 2791 5401 sic
2821 5347 2979 5419 quod
3024 5366 3162 5402 unus
3201 5366 3264 5403 ex
3310 5353 3383 5406 eis
3410 5367 3521 5408 non

1916 5436 2281 5510 remansitqui
2298 5453 2396 5491 eos
2417 5436 2816 5507 insequeretur
2842 5439 3044 5508 postea
3068 5443 3150 5492 :et
3179 5440 3316 5494 tunc
3348 5441 3518 5499 credi-

1915 5527 2107 5584 derunt
2127 5529 2243 5583 Deo
2271 5524 2333 5580 in
2358 5524 2525 5580 verbis
2543 5525 2656 5596 ejus
2688 5524 3013 5598 completis,
3036 5525 3095 5581 id
3121 5530 3210 5583 est
3241 5527 3303 5584 in
3333 5531 3521 5587 consi-

1919 5615 2219 5675 deratione
2245 5614 2554 5672 verborum
2564 5614 3017 5692 completorum,
3030 5614 3246 5674 scilicet
3263 5619 3525 5680 conside-
