3998 6026
505 284 639 364 μ’έό

1110 308 1170 365 8.
1209 304 1553 364 BRUNONIS
1593 293 2225 364 CAR’I‘HUSIANORUM
2260 298 2729 365 INSTITUTORIS
2770 307 2923 365 ore.
2967 310 3145 367 PARS
3185 312 3205 365 1

3685 309 3846 368 i200

500 426 693 503 rando
717 440 854 486 eum
885 432 1204 504 complesse
1236 434 1410 489 verba
1449 450 1570 502 sua,
1603 448 1731 506 quae
1762 450 1866 507 per
1888 433 2117 507 Moysen
2136 438 2191 500 Α
2214 439 2317 503 est,
2351 438 2407 490 in
2434 436 2833 491 similitudinem
2874 436 3033 492 vituli
3070 436 3380 492 comedentis
3408 436 3614 505 fenum.
3647 435 3839 500 Quod

504 522 586 576 eis
616 521 993 577 mandaverat
1037 520 1108 577 de
1141 538 1345 578 eorum
1394 523 1725 594 ereptione;
1777 524 2113 579 crediderunt

432 596 438 607 ’
502 616 639 665 eum
670 611 1135 682 omnipotentem
1170 628 1314 674 esse,
1353 618 1404 666 et
1434 614 1569 666 tunc
1601 612 1949 667 laudauerunt
1979 628 2111 667 cum

499 699 691 755 cordis
705 698 1030 764 affectione,
1044 700 1397 771 proferendo
1424 700 1629 755 laudem
1657 702 1771 772 ejus
1801 718 1919 756 ore.
1948 694 2113 766 Quod

500 792 589 845 est
619 788 809 844 dicere
844 805 857 843 :
892 789 1294 844 Laudaverunt
1344 804 1500 856 eum,
1548 792 1605 844 et
1655 804 1775 857 ore,
1810 794 1866 844 et
1916 790 2108 859 corde,

499 877 605 932 sed
633 877 743 933 hoc
772 877 1030 945 credere,
1058 881 1116 932 et
1134 878 1243 932 hoc
1274 877 1510 933 laudare
1553 881 1675 946 cito,
1704 878 1764 933 id
1791 882 1875 934 est
1904 880 1975 934 ad
2007 880 2110 934 ho-

506 980 637 1048 ram
668 965 910 1045 fecerunt
951 981 1069 1022 non
1118 966 1254 1036 diu;
1308 972 1356 1021 et
1394 970 1523 1039 post
1568 967 1762 1022 statim
1806 968 1957 1023 obliti
1993 976 2113 1023 sunt

502 1069 720 1125 operum
769 1054 901 1126 ejus,
937 1071 1185 1127 quorum
1246 1055 1472 1111 assiduo
1523 1056 1784 1111 contuitu
1835 1057 2115 1112 deberent

502 1142 738 1198 credere
765 1147 822 1197 et
851 1143 1107 1200 laudare.

572 1229 650 1286 Et
679 1246 811 1288 cum
833 1231 955 1305 ipse
982 1232 1221 1288 consilio
1251 1248 1462 1287 arcano
1490 1230 1855 1304 disposuisset
1875 1251 1973 1289 eos
1994 1251 2111 1290 non

501 1316 697 1377 statim
737 1320 955 1375 terram
995 1319 1269 1375 Chanaan
1300 1320 1675 1391 ingressuros,
1717 1338 1821 1375 non
1851 1324 2109 1377 sustinue-

501 1417 650 1478 runt,
678 1410 739 1465 id
774 1412 860 1464 est
916 1424 1035 1464 non
1088 1409 1380 1479 patienter
1432 1414 1903 1481 exspectaverunt
1943 1415 2110 1466 consi-

505 1494 641 1554 lium
674 1497 806 1569 ejus,
840 1500 1277 1552 murmurantes
1307 1501 1364 1551 et
1403 1496 1473 1552 de
1517 1499 1899 1571 promissione
1945 1504 2109 1556 lerrtr

506 1582 781 1642 Chanaan
813 1585 1163 1655 difﬁdentes,
1192 1588 1251 1641 et
1294 1589 1425 1658 post
1463 1589 1519 1641 in
1566 1587 1764 1642 deserto
1808 1589 2111 1645 existentes

501 1674 601 1731 ubi
616 1673 760 1730 nihil
784 1674 1046 1730 ciborum
1071 1678 1196 1730 erat
1215 1676 1593 1747 concupierunt
1612 1680 2106 1748 concupiscentiam,

2217 528 2303 579 est
2319 524 2505 579 dicere
2526 526 2805 579 :Vitulum
2830 525 3203 593 conﬂatilem,
3224 523 3318 597 qui
3351 524 3667 579 similitudo
3698 527 3841 578 erat

2211 612 2328 666 veri
2352 613 2735 679 vituli,Deum
2779 630 2899 668 esse
2930 616 3358 684 reputaverunt.
3406 613 3569 677 Quod
3617 616 3837 667 autem

2214 701 2392 769 addit,
2425 702 2738 756 eomedentis
2768 702 2978 771 fenum,
3012 719 3131 756 non
3157 705 3243 756 est
3285 701 3537 773 positum
3587 701 3663 755 ad
3715 700 3836 755 dif-

2212 788 2652 857 ferentiam,sed
2668 791 2741 845 ad
2763 807 2963 845 eorum
2986 789 3537 861 ignominiam,quia
3555 789 3835 844 videlicet

2212 877 2363 933 illius
2389 878 2829 933 similitudinem
2860 881 3043 933 Deum
3067 895 3189 933 esse
3217 878 3646 950 dixerunt,quia
3675 877 3834 932 adeo

2212 982 2305 1021 res
2336 967 2540 1022 debilis
2565 970 2651 1022 est
2683 970 2739 1021 et
2770 967 2912 1035 vilis,
2947 967 3101 1039 quod
3130 968 3264 1022 feno
3295 967 3563 1038 pascitur.

2284 1056 2420 1111 Dico
2457 1056 2612 1128 quod
2644 1056 3003 1112 adoraoerunt
3029 1055 3282 1126 sculptile,
3316 1060 3374 1111 et
3401 1056 3479 1110 sic
3519 1054 3673 1108 obliti
3698 1062 3831 1107 sine!

2212 1145 2385 1199 Deum
2405 1145 2501 1217 qui
2525 1145 2769 1200 minime
2792 1145 3211 1199 obliviscendus
3228 1147 3403 1199 esset:
3426 1146 3521 1216 qui
3538 1143 3827 1198 nimirum

2211 1235 2553 1301 salvaviteos,
2569 1234 2640 1288 de
2658 1234 2957 1288 Pharaone
2973 1236 3029 1287 ct
3041 1233 3112 1287 de
3127 1232 3275 1287 mari
3288 1234 3502 1301 Rubro,
3526 1236 3581 1287 et
3593 1234 3693 1305 qui
3714 1248 3828 1305 pro

2214 1324 2294 1379 eis
2303 1324 2432 1393 fecit
2449 1323 2725 1392 magnalia
2749 1325 2803 1376 in
2828 1323 3109 1393 (Egi/pio,
3140 1327 3197 1377 et
3227 1339 3341 1377 non
3372 1322 3826 1393 qualiacunque,

2212 1411 2313 1466 sed
2328 1412 2595 1465 mirabilia
2616 1414 2669 1465 in
2691 1419 2830 1466 terra
2850 1411 3109 1480 Cham;et
3126 1428 3231 1484 pro
3249 1411 3330 1465 eis
3350 1411 3525 1466 etiam
3553 1410 3690 1466 fecit
3713 1417 3827 1463 ter-

2214 1500 2390 1554 ribilia
2410 1502 2463 1553 in
2483 1502 2627 1553 mari
2638 1500 2909 1567 Rubro,id
2923 1503 3007 1554 est
3019 1500 3156 1554 talia
3168 1516 3347 1571 opera
3358 1499 3512 1553 unde
3525 1497 3830 1552 timendus

2213 1591 2514 1655 esset,cum
2531 1590 2892 1643 Pharaonem
2909 1604 3039 1642 cum
3305 1587 3554 1642 exercitu
3568 1590 3688 1641 toto
3719 1586 3827 1640 de-

2211 1678 2515 1746 merserit;
2547 1683 2598 1732 et
2622 1677 2897 1748 quoniam
2930 1677 3108 1731 Deum
3141 1678 3294 1730 obliti
3320 1685 3461 1742 sunt,
3486 1678 3634 1731 Deus
3656 1676 3822 1741 dixit,

500 1763 562 1819 id
591 1766 676 1819 est
707 1776 927 1819 manna
951 1764 1107 1836 quod
1135 1764 1595 1836 concupiscentia
1621 1766 1847 1836 dicitur,
1874 1784 1940 1822 eo
1955 1768 2110 1839 quod
2133 1763 2184 1825 B
2209 1766 2270 1822 id
2301 1769 2387 1821 est
2415 1766 2614 1822 statuit
2646 1773 2707 1819 ut
2731 1765 3050 1836 disperderet
3081 1782 3163 1820 eos
3187 1768 3238 1821 si
3254 1783 3358 1818 non
3389 1764 3602 1834 Moyses
3625 1765 3825 1818 electus

501 1850 964 1924 c‘onCupiscentia
994 1852 1268 1924 ingluviei
1293 1852 1401 1908 fuit
1450 1856 1752 1926 optatum;
1786 1856 1873 1910 vel
1917 1871 2107 1910 concu-

491 1941 833 2012 piscentiam,
866 1941 927 1997 id
957 1943 1041 1997 est
1073 1942 1213 1997 ollas
1246 1943 1533 2012 carnium,
1585 1960 1724 2015 quas
1769 1943 1829 1999 in
1865 1945 2107 2017 Egypto

503 2031 849 2099 habuerant,
907 2036 959 2083 et
1014 2030 1474 2103 concupiscendo
1536 2037 1871 2087 tentaverunt
1913 2033 2107 2101 Deum,

503 2114 820 2175 difﬁdeth
852 2119 923 2175 de
946 2120 1210 2190 potentia
1230 2120 1373 2191 ejus,
1393 2122 1450 2174 et
1475 2119 1792 2176 dubitando
1823 2136 1896 2177 an
1921 2124 2113 2193 posset

502 2207 584 2263 eis
615 2223 770 2263 escas
801 2208 960 2274 dare,
989 2211 1048 2262 et
1076 2208 1186 2263 hoc
1236 2210 1293 2263 in
1333 2210 1608 2281 inaquoso,
1655 2208 1717 2264 id
1763 2213 1867 2277 est,
1899 2210 1957 2264 in
2012 2209 2109 2265 de-

502 2300 655 2353 serto
691 2297 789 2352 ubi
834 2298 1037 2352 saltem
1077 2295 1290 2351 timore
1336 2296 1666 2351 debuissent
1710 2313 1744 2351 a
1791 2297 2110 2352 tentatione

504 2396 787 2452 cessasse;
830 2388 888 2439 et
915 2384 1047 2439 licet
1081 2387 1420 2452 tentassent,
1452 2385 1597 2438 dedit
1624 2388 1819 2440 tamen
1855 2387 1927 2439 eis
1964 2387 2110 2457 peli-

504 2472 699 2527 ti‘enem
741 2474 996 2543 ipsorum,
1039 2473 1096 2526 et
1123 2472 1232 2527 hoc
1260 2473 1434 2527 modo
1486 2474 1721 2545 quidem
1773 2474 1950 2542 dedit,
1978 2475 2113 2546 quia

505 2559 795 2615 mittendo
814 2574 1033 2614 manna
1054 2560 1200 2614 misit
1229 2562 1565 2615 saturitatem
1594 2564 1648 2615 in
1671 2565 1879 2617 animas
1907 2572 2109 2631 eorum,

500 2639 564 2695 id
591 2642 676 2695 est
697 2639 971 2694 saturavit
989 2639 1482 2711 vegetabilitatem
1501 2657 1736 2710 eorum;
1765 2649 1815 2698 et
1838 2643 1971 2697 licet
1989 2645 2111 2698 haec

500 2728 583 2783 eis
604 2727 891 2783 beneﬁcia
915 2728 1225 2796 conferret,
1260 2731 1458 2784 tamen
1493 2732 1837 2785 irritaverant
1864 2730 2108 2801 Moysen,

500 2820 561 2873 et
590 2818 701 2872 hoc
733 2819 789 2871 in
818 2819 1025 2881 castris,
1056 2816 1154 2872 ubi
1196 2818 1353 2872 locus
1391 2822 1517 2874 erat
1552 2819 1796 2887 timoris,
1832 2822 1889 2874 et
1928 2822 2112 2877 Aaron

501 2904 874 2961 irritaverant
900 2912 1143 2961 sanctum
1172 2906 1537 2961 sacerdotem
1580 2906 1823 2963 Domini.
1882 2909 2113 2981 Legitur

501 2993 662 3049 enim
693 2994 872 3067 quod,
909 3010 1042 3049 cum
1084 2994 1299 3066 Moyses
1323 2995 1485 3065 jussu
1516 2996 1747 3051 Domini
1778 2999 1969 3051 Aaron
1996 2997 2111 3051 fra-

498 3086 652 3138 trem
679 3098 847 3137 suum
888 3082 1251 3138 sacerdotem
1298 3083 1709 3151 constituisset,
1758 3086 1865 3156 ipsi
1900 3086 1970 3139 de
2006 3086 2113 3140 hoc
2136 3076 2185 3136 C

499 3174 935 3226 murmurantes
955 3186 1072 3226 non
1096 3171 1527 3243 acquieverunt,
1566 3173 1819 3228 dicentes
1849 3190 1978 3228 cum
2004 3174 2112 3228 hoc

498 3259 631 3314 ideo
652 3259 852 3315 fecisse
869 3260 1023 3331 quod
1036 3260 1251 3314 tribum
1280 3276 1441 3315 suam
1468 3262 1639 3315 vellet
1657 3262 1905 3316 exaltare
1919 3261 2109 3331 (Num.

501 3362 612 3413 XVI,
663 3346 771 3416 Η),
824 3349 881 3401 et
930 3346 1065 3418 quia
1111 3348 1339 3418 Moysen
1392 3351 1450 3402 et
1499 3350 1691 3403 Aaron
1747 3349 2115 3405 irritaverant

499 3432 698 3505 (Ibid.,
750 3433 853 3506 18),
901 3442 1085 3506 aperta
1137 3443 1210 3489 est
1258 3442 1398 3489 terra
1452 3444 1502 3490 et
1544 3437 1825 3508 deglutivit
1869 3439 2109 3495 Dathan.

501 3522 949 3595 Intelligendum
982 3526 1069 3578 est
1096 3523 1375 3595 quoniam
1412 3530 1462 3578 et
1490 3524 1704 3579 Abiron
1741 3526 2037 3595 deglutivit,
2066 3535 2114 3579 et

499 3616 727 3685 aperuit,
763 3613 821 3669 id
852 3617 937 3669 est
966 3615 1158 3669 clausa
1208 3618 1293 3669 est
1338 3632 1492 3685 super
1534 3619 1985 3687 congregationem
2034 3617 2115 3671 fa-

504 3703 739 3757 miliaeA
754 3703 903 3757 biron
929 3703 1618 3775 absorptam.Notandum
1640 3721 1868 3777 quoque
1887 3706 2042 3777 quod
2057 3709 2115 3760 et

503 3791 1025 3864 congregationem
1049 3791 1277 3846 Dathan
1305 3790 1620 3859 absorbuit,
1661 3794 1760 3848 sed
1786 3810 1956 3849 causa
1982 3795 2111 3849 bre-

502 3880 691 3936 vitatis
710 3880 791 3935 ita
812 3881 1068 3952 positum
1091 3884 1194 3934 est.
1216 3881 1441 3935 Dathan
1465 3897 1603 3935 sane
1629 3884 1686 3936 et
1710 3882 1926 3937 Abiron
1948 3883 2115 3953 hujus

505 3968 987 4023 murmurationis
1016 3967 1362 4023 exstiterunt
1393 3972 1673 4035 auctores,
1707 3970 1950 4043 ideoque
1982 3988 2112 4025 cum

508 4057 669 4111 omni
699 4056 921 4110 familia
952 4072 1055 4109 sua
1103 4056 1214 4109 vivi
1265 4057 1519 4127 absorpti
1564 4061 1715 4111 sunt.
1759 4059 1881 4113 Non
1929 4061 2113 4114 solum

504 4148 700 4199 autem
751 4160 849 4198 eos
899 4148 1055 4198 terra
1109 4160 1239 4197 cum
1291 4143 1518 4199 familia
1578 4162 1779 4201 eorum
1830 4140 2116 4220 absorpsit

504 4231 697 4307 (Ibid.,
731 4231 843 4305 32),
871 4232 970 4286 sed
996 4237 1046 4285 et
1083 4234 1283 4285 exarsit
1314 4233 1454 4301 ignis
1496 4234 1552 4285 in
1588 4234 1901 4307 Synagoga,
1934 4237 1991 4289 id
2032 4241 2115 4290 est

503 4323 562 4377 in
595 4320 1049 4393 congregatione
1077 4337 1279 4387 eorum,
1308 4327 1358 4374 et
1382 4320 1461 4375 sic
1485 4324 1696 4376 exarsit
1721 4326 1876 4396 quod
1893 4328 2114 4394 flamma
2137 4300 2190 4359 D

504 4411 1197 4481 eombussitpeccatores,ex
1214 4409 1342 4463 aliis
1373 4409 1609 4465 familiis
1629 4411 1726 4483 qui
1764 4412 1844 4467 eis
1887 4415 2113 4486 acquie-

507 4501 727 4565 verant,
758 4498 901 4552 Core
932 4498 1198 4553 videlicet
1228 4501 1287 4552 et
1328 4498 1469 4553 alios
1520 4499 1798 4555 ducentos
1841 4503 2119 4576 quinqua-

510 4585 692 4657 ginta,
710 4584 807 4657 qui
830 4586 902 4639 ad
922 4587 1145 4641 Dathan
1167 4588 1226 4640 et
1253 4585 1471 4641 Abiron
1495 4590 1833 4661 congregati
1863 4592 2116 4654 fuerant,

510 4678 569 4728 et
607 4673 772 4728 electi
798 4674 872 4727 ad
908 4672 1205 4727 offerenda
1247 4675 1525 4730 sacriﬁcia
1579 4683 1781 4733 contra
1827 4681 2019 4736 Aaron
2061 4684 2119 4735 et

512 4762 731 4817 tribum
756 4759 1078 4832 ejus(Ibid.,
1096 4761 1346 4831 35).Non
1366 4764 1551 4818 solum
1581 4769 1774 4821 autem
1801 4767 1909 4823 hoc
1939 4768 2114 4823 modo

514 4853 913 4922 peccaverunt,
932 4850 1031 4904 sed
1057 4850 1230 4904 etiam
1248 4851 1734 4920 feceruntvitulum
1762 4857 2115 4912 conﬁatilem

508 4939 707 5013 (Exod.
736 4956 905 5007 χχχιι,
938 4938 989 5007 4)
1020 4941 1077 4992 et
1106 4939 1299 4993 hocin
1349 4938 1556 5008 Horeb,
1584 4942 1642 4996 in
1688 4943 1785 4998 illo
1828 4946 1974 5013 loco,
2008 4946 2114 5000 sci-

510 5031 646 5086 licet
670 5030 728 5085 in
768 5047 881 5102 quo
912 5032 1026 5084 Deo
1055 5029 1444 5085 obediendum
1498 5037 1663 5101 esset,
1715 5036 1915 5090 saltem
1956 5040 2115 5092 metu

513 5119 776 5191 gentium
814 5118 1387 5188 circumastantium;
1420 5123 1478 5174 et
1520 5124 1825 5194 postquam
1874 5125 2114 5181 vitulum

510 5207 1161 5274 fecerunt,adoraverunt
1182 5207 1323 5263 illud
1334 5208 1595 5279 sculptile,
1616 5210 1831 5265 scilicet
1851 5213 2112 5282 vitulum,

510 5302 561 5353 et
587 5297 665 5352 sic
684 5303 1029 5350 mutaverunt
1053 5297 1281 5366 gloriam
1306 5314 1479 5365 suam,
1500 5298 1716 5353 scilicet
1750 5302 1979 5356 Domini
2020 5305 2115 5375 qui

512 5385 697 5456 gloria
707 5401 909 5441 eorum
922 5388 1072 5439 esset
1084 5384 1405 5452 deberet,in
1421 5402 1534 5456 quo
1549 5387 1789 5443 adorato
1806 5391 2117 5447 solummo-

511 5474 587 5528 do
624 5472 996 5543 gloriandum
1036 5488 1159 5527 esse
1179 5478 1525 5529 mutaverunt
1542 5490 1658 5529 non
1680 5475 1740 5530 in
1762 5491 1959 5532 verum
1972 5476 2116 5535 vitu-

513 5560 659 5628 lum,
689 5561 847 5631 quod
883 5560 1018 5615 satis
1048 5560 1329 5617 miserum
1356 5565 1523 5632 esset,
1549 5563 1652 5621 sed
1675 5565 1831 5641 quod
1861 5567 2113 5628 deterius

2212 1856 2347 1926 ejus,
2380 1856 2439 1910 id
2462 1858 2548 1909 est
2578 1853 2794 1909 amicus
2822 1855 2964 1925 ejus,
2992 1869 3096 1924 pro
3126 1870 3239 1926 quo
3272 1854 3389 1924 ipse
3430 1855 3677 1907 multum
3725 1853 3827 1907 de-

2210 1943 2384 1998 bebat
2410 1944 2623 2009 facere,
2655 1944 2875 1997 stetisset
2898 1958 3004 2015 pro
3032 1942 3132 2009 eis,
3162 1943 3217 1995 in
3240 1943 3618 2011 con/'ractione,
3646 1940 3706 1995 id
3736 1946 3830 1995 est

2211 2032 2270 2087 in
2302 2032 2557 2087 maxima
2612 2031 2901 2086 anxietate
2937 2030 3355 2097 sollicitudinis,
3407 2046 3576 2085 orans
3632 2031 3825 2084 Deum

2210 2136 2315 2193 pro
2346 2119 2482 2194 ipsis
2512 2123 2574 2174 ut
2603 2120 2683 2174 eis
2714 2119 3153 2192 parceret.Dico
3177 2122 3227 2173 si
3248 2120 3580 2174 nonstetisset
3610 2121 3671 2172 in
3687 2134 3831 2172 con-

2209 2210 2495 2279 fractione,
2529 2212 2587 2262 et
2616 2209 2723 2264 hoc
2757 2211 2812 2262 in
2837 2214 3110 2279 conspectu
3139 2208 3272 2279 ejus,
3305 2207 3363 2261 id
3392 2211 3477 2261 est
3501 2207 3827 2262 interiusin

2213 2298 2410 2353 anima
2436 2314 2609 2370 quam
2642 2297 2761 2369 ipse
2794 2298 2948 2352 solus
2964 2296 3262 2368 conspicit.
3284 2296 3449 2360 Quod
3471 2299 3555 2350 est
3583 2295 3783 2351 dicere
3811 2314 3825 2350 :

2210 2386 2369 2441 Vere’
2388 2404 2484 2443 eos
2516 2385 2967 2458 disperdidisset,
2996 2385 3105 2439 nisi
3136 2402 3328 2441 servus
3352 2385 3474 2457 ejus
3493 2385 3707 2456 Moyses
3739 2386 3827 2440 eis

2212 2476 2642 2548 compatiendo,
2676 2492 2780 2548 pro
2826 2474 2962 2546 ipsis
3010 2473 3312 2528 affectione
3352 2472 3538 2528 cordis
3576 2478 3819 2528 orasset.

2210 2564 2442 2620 Dixerat
2471 2564 2626 2618 enim
2662 2564 2711 2619 ei
2741 2566 2888 2618 Deus
2919 2580 2931 2616 :
2967 2582 2996 2614 «
3020 2561 3257 2617 Dimitte
3296 2578 3392 2615 me
3434 2564 3499 2616 ut
3539 2560 3822 2615 irascatur

2211 2655 2376 2708 furor
2409 2668 2572 2707 meus
2610 2655 2812 2707 contra
2841 2668 2938 2707 eos
2968 2650 3166 2720 (Exod.
3218 2667 3387 2717 xxx",
3424 2652 3510 2721 10)
3536 2667 3551 2717 ;
3581 2670 3609 2698 n
3647 2653 3704 2703 et
3742 2650 3819 2704 ad

2214 2744 2340 2808 hoc,
2366 2741 2579 2796 scilicet
2592 2744 2812 2795 stetisset
2838 2742 2893 2793 in
2914 2739 3281 2809 confractione
3291 2745 3351 2791 ut
3371 2738 3595 2793 orando
3614 2753 3716 2810 pro
3733 2738 3818 2791 eis

2212 2836 2467 2885 averteret
2494 2832 2652 2895 iram,
2680 2830 2737 2884 id
2764 2833 2849 2883 est
2868 2819 3181 2883 vindictam
3199 2828 3313 2898 ejus
3338 2828 3410 2882 ab
3429 2827 3510 2881 eis
3532 2844 3595 2880 ne
3618 2826 3817 2896 disper-

2210 2920 2354 2973 deret
2383 2936 2484 2973 eos.
2516 2918 2648 2973 Dico
2676 2917 2833 2990 quod
2857 2916 3013 2970 obliti
3041 2923 3162 2970 sunt
3204 2916 3520 2979 Dominum,
3553 2918 3610 2968 et
3639 2915 3816 2969 etiam

2214 3014 2411 3062 terram
2434 3006 2855 3072 desiderabilem,
2890 3005 2948 3059 id
2981 3008 3066 3059 est
3093 3007 3312 3059 terram
3345 3004 3642 3070 Chanaan,
3689 3018 3818 3075 quae

2214 3098 2387 3153 nimis
2400 3100 2547 3151 esset
2560 3094 2941 3150 desideranda
2957 3092 3152 3165 (Num.
3178 3109 3286 3160 xw,
3307 3094 3384 3161 7),
3403 3092 3702 3146 habuerunt
3714 3110 3818 3163 pro

2213 3187 2398 3253 nihilo,
2439 3185 2652 3240 scilicet
2684 3185 2762 3238 sic
2793 3184 2863 3237 de
2888 3184 3010 3253 ejus
3038 3180 3423 3253 promissione
3456 3181 3820 3245 difﬁderunt,

2214 3279 2275 3330 ut
2298 3292 2426 3330 eam
2451 3274 2612 3346 quasi
2646 3272 2890 3327 nihilum
2921 3274 3279 3343 reputarent,
3308 3286 3413 3325 nec
3443 3270 3517 3324 ad
3537 3285 3669 3324 eam
3696 3268 3819 3323 adi-

2216 3364 2545 3437 piscendam
2574 3364 2839 3417 laborare
2870 3362 3119 3427 vellent;
3148 3362 3204 3413 et
3252 3375 3382 3413 cum
3422 3359 3504 3413 eis
3536 3374 3667 3413 eam
3708 3359 3821 3412 Do-

2215 3453 2410 3507 minus
2431 3451 2746 3507 certissime
2778 3449 3153 3521 promitteret
3172 3446 3364 3518 (Ibid,
3398 3447 3508 3519 30),
3546 3462 3665 3502 non
3695 3460 3822 3500 cre-

2216 3540 2488 3595 diderunt
2510 3539 2698 3595 verbis
2730 3538 2851 3609 ejus
2881 3536 3128 3609 acceptis
3151 3552 3255 3608 per
3276 3536 3529 3606 Moysen,
3558 3538 3617 3589 et
3636 3535 3824 3605 magis

2216 3633 2273 3684 et
2300 3629 2486 3701 magis
2515 3633 3012 3693 murmuraverunt,
3041 3625 3347 3680 existentes
3382 3625 3445 3678 in
3472 3622 3826 3677 tabernaculis

2213 3720 2343 3784 suis,
2363 3716 2460 3771 ubi
2475 3715 2803 3770 timendum
2838 3716 2986 3768 esset
3012 3717 3068 3768 et
3084 3729 3118 3766 a
3137 3727 3436 3767 murmure
3456 3711 3817 3778 cessandum,

2216 3823 2345 3861 cum
2375 3805 2636 3860 nondum
2664 3806 2884 3859 certam
2920 3802 3116 3859 sedem
3147 3801 3450 3864 haberent,
3475 3804 3534 3855 et
3558 3817 3693 3856 cum
3723 3814 3819 3855 eos

2214 3893 2491 3950 Dominus
2522 3910 2625 3966 per
2646 3893 2872 3965 Moysen
2907 3891 3213 3963 castigaret
3238 3907 3310 3945 ne
3360 3891 3816 3955 murmurarent,

2214 4000 2322 4039 non
2350 3983 2704 4037 exaudierunt
2734 3997 2904 4036 vocem
2949 3980 3179 4035 Domini
3205 3994 3309 4051 per
3336 3978 3563 4050 Moysen
3597 3977 3814 4039 datam,

2216 4074 2278 4125 ut
2306 4074 2615 4125 cessarent.
2646 4071 2714 4125 Et
2742 4086 2872 4123 cum
2917 4070 3025 4123 hac
3072 4067 3369 4123 occasione
3421 4066 3581 4137 digni
3632 4070 3817 4119 essent

2215 4159 2614 4226 damnatione,
2642 4159 2883 4227 elewvit,
2914 4158 2973 4213 id
3002 4160 3088 4211 est
3113 4157 3397 4228 separavit
3426 4158 3485 4209 et
3527 4154 3819 4226 elongavit

2217 4249 2288 4303 ab
2317 4248 2398 4302 eis
2424 4265 2667 4315 manum,
2702 4247 2760 4301 id
2798 4250 2885 4301 est
2913 4245 3224 4300 vindictam
3254 4261 3424 4312 suam,
3458 4260 3700 4298 manum
3732 4243 3818 4297 in-

2217 4355 2415 4410 quam,
2444 4337 2855 4392 imminentem
2890 4352 2993 4406 pro
3016 4335 3182 4389 malis
3197 4334 3416 4388 meritis
3434 4349 3639 4388 eorum
3669 4348 3821 4402 ςιφεγ-

2216 4424 2407 4492 eos,ad
2443 4426 2553 4479 hoc
2586 4430 2647 4478 ut
2674 4425 2847 4497 digne
2872 4426 3245 4495 prosterneret,
3260 4420 3316 4474 id
3352 4423 3437 4475 est
3466 4419 3820 4473 interﬁceret

2217 4530 2300 4568 eos
2322 4515 2377 4566 in
2396 4512 2618 4580 deserto,
2638 4516 2695 4567 et
2716 4511 3123 4566 imminentem
3146 4509 3321 4563 etiam
3341 4508 3414 4562 ad
3434 4508 3563 4574 hoc,
3598 4514 3655 4560 ut
3682 4506 3817 4576 deji-

2218 4607 2352 4655 ceret
2373 4618 2547 4655 semen
2577 4617 2759 4655 eorum
2799 4602 2856 4653 in
2898 4598 3201 4653 nationibus
3236 4595 3524 4668 gentium,
3552 4594 3612 4649 id
3643 4596 3729 4649 est
3761 4597 3820 4647 ut

2216 4690 2584 4762 permitteret
2622 4689 2770 4745 ﬁlios
2810 4704 3013 4744 eorum
3036 4685 3352 4758 captivatos
3381 4683 3631 4756 dispergi
3668 4682 3820 4737 inter

2216 4778 2482 4833 nationes
2513 4778 2796 4849 gentium,
2831 4779 2889 4831 et
2918 4792 3015 4831 eos
3046 4773 3390 4845 disperderet,
3414 4771 3471 4826 id
3486 4769 3818 4825 estdiversis
3924 4800 3925 4807 η

2217 4866 2405 4920 modis
2414 4865 2684 4937 perderet
2697 4869 2751 4920 in
2764 4865 3059 4935 regionibus
3068 4862 3329 4934 gentium
3344 4860 3646 4931 dispersos.
3656 4858 3816 4923 Quod

2216 4957 2299 5009 est
2320 4970 2384 5008 ac
2401 4954 2445 5008 si
2461 4954 2679 5009 diceret
2702 4970 2715 5008 :
2741 4952 2882 5008 Cum
2904 4954 3383 5024 propter’eorum
3425 4945 3810 5001 difﬁdentiam

2215 5056 2386 5113 super
2406 5058 2502 5097 eos
2542 5042 2628 5096 ira
2658 5042 2761 5096 Dei
2803 5040 3139 5095 immineret
3184 5038 3258 5092 ad
3312 5038 3440 5103 hoc,
3473 5038 3538 5089 ut
3590 5036 3812 5107 partem
3920 5068 3921 5083 ι

2216 5146 2416 5185 eorum
2440 5129 2498 5184 in
2527 5129 2753 5185 deserto
2784 5128 3163 5199 disperderet,
3196 5127 3425 5197 partem
3446 5138 3580 5178 vero
3624 5122 3685 5176 in
3724 5137 3812 5175 re-

2215 5217 2483 5290 gionibus
2512 5218 2773 5289 gentium
2818 5216 3141 5287 dissiparet,
3176 5218 3234 5267 et
3257 5212 3406 5267 ﬁlios
3432 5226 3638 5266 eorum
3670 5208 3814 5264 inter

2217 5305 2486 5360 nationes
2512 5305 2893 5378 dispergeret,
2925 5300 3043 5374 ipse
3090 5300 3244 5375 prius
3298 5301 3448 5356 hanc
3503 5297 3810 5354 vindictam

2217 5394 2436 5450 distulit
2474 5411 2547 5449 ne
2589 5394 2865 5465 perirent,
2899 5392 2972 5446 ad
3010 5388 3447 5445 similitudinem
3498 5386 3673 5455 illius,
3719 5384 3812 5458 qui

2214 5494 2359 5539 onus
2389 5483 2572 5537 elevat
2601 5498 2674 5536 ne
2699 5480 2953 5553 aliquem
2978 5478 3288 5552 deprimat.

2287 5571 2354 5627 Et
2410 5570 2542 5629 licet
2581 5584 2823 5628 manum
2872 5568 3143 5641 elevaret,
3201 5569 3400 5626 tamen
3450 5563 3655 5623 ἱππῆατί
3700 5567 3813 5622 naut
