4008 6040
198 262 339 319 1201

1209 264 1565 331 sxaosirno
1592 265 1673 320 tm
1708 263 2045 339 assumes.
2078 294 2150 315 .—
2180 263 2382 322 PSAL.
2414 264 2510 323 ,cv

3368 271 3510 342 £2.02

191 383 658 458 Behel-Phegpr,
715 383 775 440 id
827 388 911 441 est
968 384 1289 441 consecrati
1338 385 1492 441 idolo
1532 384 1724 452 Behel,
1745 384 1805 439 in
1906 364 2384 455 damoniisﬁdolis
2404 386 2615 443 scilicet
2642 385 2702 441 in
2733 386 2940 460 quibus
2969 389 3259 448 daemonia
3291 389 3510 448 dabant

189 472 434 545 Phegor
459 473 719 544 regione.
750 476 829 530 Ac
859 474 905 530 si
936 475 1180 531 diceret:
1214 476 1368 530 Licet
1387 475 1466 533 eis
1488 475 1579 547 pie
1603 491 1801 546 parce-

190 563 311 627 ret,
330 563 529 615 tamen
546 578 679 616 eum
711 564 898 635 magis
927 563 1314 626 offenderunt,
1345 564 1804 619 consecrandoet

185 649 502 704 subdendo
535 667 594 705 se
624 652 817 718 Behel,
837 656 894 707 et
918 652 995 708 ibi
1030 652 1089 707 in
1118 652 1376 724 Phegor;
1400 651 1612 707 scilicet
1639 644 1803 707 come-

190 738 397 793 derunt
423 740 686 809 sacrificia
717 741 1387 808 mortuorumhominum,
1431 757 1574 813 quos
1600 743 1803 812 gentes

188 825 341 880 deos
381 843 503 883 esse
556 828 1010 897 mentiebantur,
1057 829 1202 885 sicut
1248 832 1373 886 erat
1399 829 1639 903 Jupiter,
1668 830 1802 896 etc.,

188 913 297 986 qui
330 916 600 972 homines
629 917 883 983 fuerunt,
929 935 1179 990 quorum
1235 918 1513 974 sacriﬁcia
1553 918 1806 973 nefanda

185 1003 490 1077 prohibita
520 1009 705 1074 erant,
736 1024 807 1063 ne
823 1008 1430 1065 comederentur.Dico
1463 1010 1618 1081 quod
1634 1025 1803 1064 come-

184 1092 385 1148 derunt
424 1096 687 1165 sacriﬁcia
717 1094 934 1166 illicita,
961 1098 1019 1151 et
1056 1097 1233 1152 etiam
1284 1100 1632 1153 irritaverant
1686 1114 1804 1157 eum

186 1183 386 1237 Deum
418 1186 474 1237 in
504 1184 960 1241 adinventiom'bus
1012 1188 1140 1252 suis,
1173 1186 1232 1240 id
1263 1189 1348 1241 est
1376 1203 1480 1258 per
1509 1187 1617 1243 hoc
1648 1188 1803 1259 quod

191 1269 647 1340 adinvenerunt,
676 1276 740 1328 ut
763 1290 895 1329 cum
928 1274 1264 1331 mulieribus
1297 1275 1521 1331 Madian
1553 1276 1801 1333 fornica-

180 1363 422 1429 rentur,
456 1361 612 1433 quod
633 1379 667 1417 a
688 1364 807 1418 Deo
828 1362 1185 1434 prohibitum
1209 1364 1431 1433 fuerat;
1454 1368 1511 1419 et
1525 1365 1803 1438 quoniam

187 1448 595 1519 irritaverant,
611 1451 974 1522 multiplicata
987 1455 1135 1510 estin
1148 1456 1219 1509 eis
1240 1454 1421 1521 ruina,
1450 1454 1509 1508 id
1530 1456 1614 1508 est
1636 1453 1804 1509 multi

189 1553 229 1592 a
260 1538 380 1592 Deo
402 1537 697 1594 interfecti
736 1542 870 1595 sunt
894 1558 906 1595 :
940 1543 997 1596 et
1026 1541 1258 1614 quando
1290 1541 1457 1596 ruina
1484 1541 1582 1595 illa
1609 1541 1804 1610 ﬁebat,

188 1628 340 1681 stetit
376 1626 624 1695 Phinees,
676 1628 825 1683 ﬁlius
881 1629 1130 1685 Eleazari
1208 1629 1310 1684 ﬁlii
1366 1631 1559 1684 Aaron
1615 1629 1807 1685 fratris

1903 489 2198 543 responsa.
2232 474 2478 546 Exponit
2521 477 2718 530 autem
2765 476 3010 547 qualiter
3039 466 3503 538 immolaverunt.

1902 561 2039 617 Dico
2059 563 2485 632 immolaverunt,
2519 564 2577 619 id
2615 567 2701 620 est
2729 564 2839 619 hoc
2864 565 3039 620 modo
3066 567 3299 638 quidem
3326 569 3505 625 inter-

1903 649 2149 706 ﬁciendo
2193 668 2309 719 eos,
2342 659 2393 706 et
2447 654 2750 725 effuderunt
2789 656 3099 725 sanguinem
3157 658 3504 727 innocentem,

1906 738 2059 811 quod
2093 741 2272 796 multo
2297 740 2460 812 pejus
2489 745 2574 797 est
2600 759 2774 809 quam
2805 742 2851 797 si
2881 748 3506 816 nocensesset,sangui-

1904 844 2023 881 nem
2050 828 2283 897 ﬁliorum
2308 847 2525 883 suorum
2567 836 2617 885 et
2644 832 2885 900 ﬁliarum
2928 849 3168 900 suarum,
3192 850 3323 905 quas
3349 837 3511 889 sacri-

1904 916 2197 984 ﬁcaverunt
2238 919 2562 989 sculptilibus
2604 919 2769 974 idolis
2802 920 3112 989 Chanaan;
3146 922 3300 995 quod
3325 924 3509 983 multo

1905 1005 2189 1061 crudelius
2219 1024 2394 1079 quam
2415 1007 2461 1062 si
2490 1007 2590 1062 ﬁlii
2618 1011 2674 1063 et
2693 1009 2823 1064 filiae
2847 1027 3048 1065 eorum
3068 1029 3186 1067 non
3198 1016 3420 1082 essent;
3455 1015 3515 1068 et

1906 1111 2023 1148 non
2058 1110 2266 1167 paucos
2296 1094 2735 1166 interfecerunt,
2769 1099 2868 1153 sed
2899 1100 2970 1154 ab
2997 1098 3104 1154 illis
3131 1101 3407 1172 inter/ecta
3437 1108 3511 1156 est

1907 1189 2066 1248 terra,
2091 1182 2149 1237 id
2181 1186 2267 1236 est
2299 1184 2553 1239 maxima
2582 1202 2715 1257 pars
2748 1187 3001 1242 ﬁliorum
3031 1188 3420 1244 habitantium
3450 1190 3509 1245 in

1905 1274 2059 1325 terra
2088 1271 2203 1326 illa.
2261 1272 2330 1325 In
2371 1275 2743 1343 sanguinibus,
2778 1275 2837 1329 id
2867 1278 2953 1329 est
2982 1275 3042 1330 in
3072 1276 3348 1332 effusione
3380 1294 3511 1333 san-

1905 1358 2169 1431 guinum,
2199 1359 2412 1415 scilicet
2443 1362 2516 1416 ad
2558 1363 2665 1417 hoc
2716 1362 3021 1419 interfecta
3051 1367 3156 1433 est,
3188 1369 3252 1420 ut
3281 1365 3514 1439 sanguis

1905 1448 2026 1519 ejus
2056 1447 2221 1503 idolis
2251 1448 2664 1519 eli'underetur,
2698 1454 2755 1505 et
2788 1453 2948 1507 tanta
2978 1452 3089 1507 fuit
3117 1453 3321 1510 occisio
3357 1456 3513 1527 quod

1906 1541 2045 1586 terra
2079 1534 2173 1588 ubi
2202 1535 2543 1591 sacriﬁcium
2562 1537 2757 1606 ﬁebat,
2790 1541 3151 1595 contaminata
3177 1548 3250 1595 est
3269 1544 3323 1595 in
3341 1545 3510 1614 operi-

1904 1621 1996 1675 bus
2041 1639 2242 1690 eorum,
2276 1623 2490 1678 scilicet
2530 1625 2589 1679 in
2639 1626 2907 1697 operibus
2952 1628 3362 1685 sacrificiorum
3414 1630 3511 1687 ubi

194 1714 399 1786 Moysi,
435 1732 553 1771 ηοη
599 1716 821 1785 cecidit,
862 1719 963 1773 sed
995 1720 1262 1773 constans
1291 1718 1399 1772 fuit
1427 1718 1485 1772 in
1517 1723 1804 1792 praecepto
1826 1689 1880 1777 β
1903 1709 2134 1782 sanguis
2164 1711 2570 1768 etfundebatur
2599 1731 2612 1782 ;
2646 1717 2704 1769 et
2723 1715 2801 1770 sic
2828 1710 3090 1786 fornicati
3110 1724 3231 1773 sunt
3262 1722 3318 1772 in
3360 1719 3512 1775 adin-

201 1804 461 1869 Domini,
496 1822 568 1860 ne
598 1822 730 1861 cum
767 1807 1086 1862 Madianitis
1110 1807 1531 1863 fornicaretur:
1563 1810 1620 1863 et
1648 1811 1804 1867 stans

176 1893 428 1964 placavit
461 1895 669 1961 Deum,
729 1895 1078 1967 perforando
1129 1897 1359 1968 cuspide
1390 1897 1463 1951 ad
1491 1896 1803 1951 vindictam

195 1981 300 2037 Dei
332 1982 635 2039 Hebraeum
657 1986 714 2038 et
732 1983 1159 2041 Madianitidem
1181 1985 1518 2056 quamdam,
1545 1984 1804 2057 quosilli-

188 2069 303 2125 cite
323 2071 891 2127 commistosinvenit
912 2072 1102 2145 (Num.
1133 2090 1257 2141 xxv,
1275 2078 1350 2142 8),
1385 2076 1442 2128 et
1471 2073 1548 2131 sic
1570 2076 1794 2130 cessavit

199 2161 494 2231 quassatio,
535 2163 598 2215 ut
610 2161 848 2232 posthac
872 2161 1423 2234 Deuseisparceret:
1455 2163 1801 2235 ethocquod

191 2247 276 2303 sic
303 2250 485 2305 Deum
517 2251 779 2322 placavit,
805 2257 1112 2323 reputatum
1141 2258 1217 2308 est
1245 2255 1294 2307 ei
1318 2255 1373 2306 in
1411 2253 1708 2323 justitiam,
1741 2252 1802 2311 id

191 2340 282 2393 est
310 2338 418 2394 hac
449 2338 519 2395 de
552 2341 1172 2413 causajustusvocatus
1188 2344 1357 2409 est,et
1375 2344 1430 2397 in
1466 2344 1802 2412 generatione

190 2426 293 2482 illa
323 2427 593 2498 praesenti
623 2433 681 2484 et
713 2446 890 2502 usque
930 2433 986 2485 in
1011 2433 1404 2501 generationem
1434 2434 1797 2504 sequentem,

188 2517 248 2569 et
283 2515 461 2570 etiam
491 2534 655 2589 usque
684 2519 741 2571 in
762 2519 1145 2589 sempiternum
1162 2519 1353 2589 justus
1372 2520 1478 2574 hac
1493 2520 1791 2576 occasione

196 2596 579 2666 reputabitur.
624 2597 758 2653 Dico
791 2598 948 2670 quod
970 2597 1145 2652 Deum
1170 2602 1515 2654 irritaverant
1562 2602 1614 2653 in
1645 2600 1796 2653 adin-

192 2686 525 2741 ventionibus
551 2689 677 2753 suis,
711 2690 771 2740 et
799 2704 915 2742 non
949 2688 1134 2743 solum
1162 2689 1289 2755 hoc,
1331 2690 1431 2743 sed
1464 2692 1521 2744 et
1546 2689 1792 2744 irritave-

201 2779 329 2827 runt
359 2790 478 2827 eum
507 2774 579 2829 ad
621 2793 787 2848 aquas
817 2775 1271 2844 contradictionis,
1311 2777 1525 2832 scilicet
1547 2780 1681 2832 ante
1705 2794 1800 2851 pe-

189 2861 465 2929 tram,ubi
482 2863 845 2934 objurganda
865 2865 1337 2925 contradixerunt
1350 2865 1521 2936 Moysi
1539 2867 1595 2919 et
1607 2866 1797 2920 Aaron

1905 1800 2235 1854 ventionibus
2286 1801 2550 1873 gentium
2592 1805 2701 1858 suis
2726 1804 2912 1873 factis,
2941 1805 3153 1862 scilicet
3181 1807 3317 1879 quia
3345 1807 3509 1864 adin-

1904 1888 2417 1959 ventitiagentium
2438 1891 2717 1947 sacriﬁcia
2741 1909 2843 1948 sua
2855 1894 3508 1963 fecerunt,eafaciendo,

1904 1975 2170 2031 fornicati
2204 1981 2337 2032 sunt
2365 1980 2550 2033 Deum
2597 1981 3002 2054 relinquendo,
3039 1987 3096 2039 et
3119 1984 3285 2041 idolis
3313 1984 3508 2041 adhes-

1901 2064 2107 2131 rendo,
2137 2065 2208 2119 ad
2239 2064 2680 2127 similitudinem
2706 2070 2965 2125 mulieris
2989 2070 3505 2146 fornicantis,qu£e,

1903 2151 2135 2207 dimisso
2170 2154 2401 2222 marito,
2437 2172 2567 2211 cum
2598 2157 2856 2213 adultero
2905 2159 3243 2217 fornicatur.
3276 2162 3345 2216 Et
3359 2160 3512 2233 {quia

1901 2239 2166 2295 fornicati
2188 2246 2321 2298 sunt
2339 2245 2507 2297 iratus
2524 2252 2601 2301 est
2615 2245 2880 2301 Dominus
2894 2249 3101 2318 furore,
3138 2248 3197 2303 id
3219 2252 3303 2307 est
3325 2248 3510 2309 nimia

1900 2329 1983 2385 ira
2001 2332 2057 2383 in
2074 2333 2336 2403 populum
2357 2351 2532 2401 suum,
2554 2334 2612 2390 id
2629 2340 2714 2390 est
2725 2339 2927 2392 contra
2941 2339 3223 2410 populum
3241 2338 3509 2411 suumﬁet

1901 2418 2242 2477 abominatus
2273 2428 2348 2476 est
2380 2422 2742 2477 hereditatem
2780 2442 2956 2492 suam,
2990 2425 3047 2481 id
3094 2428 3179 2481 est
3203 2426 3506 2482 abomina-

1899 2508 2077 2563 bilem
2121 2513 2178 2564 et
2232 2511 2641 2568 exsecrabilem
2674 2514 2957 2584 reputavit
2986 2516 3267 2586 populum
3315 2532 3507 2584 suum,

1904 2615 2077 2670 quem
2110 2615 2212 2669 per
2251 2600 2480 2671 Moysen
2513 2604 2570 2655 et
2596 2605 2833 2657 cmteros
2864 2602 3127 2658 doctores
3158 2603 3506 2667 excoluerat,

1901 2687 2045 2741 sicut
2074 2687 2278 2759 aliquis
2311 2688 2515 2742 excolit
2544 2689 2967 2758 haereditatem,
2999 2698 3049 2744 et
3078 2691 3304 2747 tradidit
3337 2708 3420 2746 eos
3450 2694 3507 2746 in

1900 2774 2169 2841 manus,id
2186 2779 2270 2829 est
2290 2776 2347 2829 in
2362 2779 2709 2847 potestatem
2724 2780 2966 2847 gentium
2982 2777 3503 2846 circumstantium,

1900 2865 1957 2917 et
2000 2863 2108 2917 hoc
2138 2863 2311 2917 modo
2374 2864 2611 2919 tradidit
2668 2866 2825 2938 quod
2868 2866 3133 2923 dominati
3158 2874 3284 2923 sunt
3323 2885 3506 2923 eorum

189 2949 465 3018 dicentes,
487 2953 644 3023 quod
666 2970 783 3009 non
807 2958 1039 3025 possent
1056 2954 1126 3009 de
1151 2957 1318 3025 petra
1357 2970 1567 3025 aquam
1589 2953 1797 3024 ejicere
1827 2972 1875 3032 ρ
1898 2951 2163 3021 gentiles,
2195 2954 2290 3024 qui
2318 2952 2542 3006 oderunt
2588 2969 2690 3020 eos,
2722 2954 2976 3025 captivos
3003 2971 3100 3010 eos
3130 2956 3415 3020 ducendo,
3446 2961 3506 3013 et

190 3037 384 3110 (Num.
428 3056 517 3105 xx,
556 3042 664 3112 l0),
693 3044 752 3097 et
781 3041 858 3097 ibi
906 3048 1144 3104 vexatus,
1175 3041 1241 3096 id
1293 3044 1380 3098 est
1439 3041 1698 3099 anxiatus
1725 3049 1796 3097 est

184 3127 402 3199 Moyses
431 3130 675 3200 propter
695 3146 813 3198 eos,
844 3130 902 3185 id
933 3133 1017 3185 est
1040 3132 1281 3202 propter
1309 3129 1795 3186 contradictiones

170 3202 391 3273 deorum
411 3233 425 3284 ;
455 3218 513 3272 et
527 3233 661 3272 vere
680 3221 910 3277 vexatus
932 3219 1178 3290 est,quia
1195 3218 1300 3290 ipsi
1320 3218 1790 3288 contradicendo,

188 3236 425 3284 eorum;
455 3236 513 3272 et
527 3236 661 3272 vere
680 3236 910 3277 vexatus
932 3236 1035 3285 εει,
1085 3236 1178 3273 uia
1195 3236 1300 3290 ipsi
1320 3236 1790 3288 contradicendo,

186 3304 621 3365 exacerbaverunt
652 3236 1112 3379 spiritum
1138 3309 1268 3379 ejus,
1310 3309 1367 3364 id
1413 3312 1497 3365 est
1522 3310 1791 3365 acerbam

162 3396 244 3461 get
280 3393 489 3450 iratam
513 3394 778 3450 fecerunt
821 3395 1084 3451 animam
1115 3397 1257 3467 ejus,
1292 3401 1350 3452 et
1375 3399 1521 3454 adeo
1555 3398 1666 3453 fuit
1695 3416 1790 3453 ex-

184 3484 487 3539 acerbatus
531 3486 590 3539 et
615 3488 775 3541 extra
804 3502 1036 3541 sensum
1066 3486 1248 3541 factus
1278 3487 1433 3557 quod
1457 3488 1703 3542 distinxit
1734 3491 1790 3542 in

184 3572 341 3627 labiis
369 3575 496 3640 suis,
526 3573 585 3628 id
635 3577 721 3629 est
767 3577 830 3629 ut
861 3574 1291 3631 distinctionem
1308 3578 1365 3630 et
1397 3574 1787 3632 diversitatem

180 3661 399 3717 faceret
427 3661 486 3716 in
511 3662 697 3717 verbis
715 3662 1005 3719 labiorum
1028 3680 1288 3732 suorum,
1315 3663 1530 3719 scilicet
1558 3668 1621 3719 ut
1654 3680 1787 3719 cum

181 3748 325 3807 nihil
354 3754 525 3806 antea
552 3750 863 3806 dubitative
890 3752 960 3806 de
985 3752 1095 3807 hoc
1126 3752 1281 3824 quod
1309 3752 1418 3807 sibi
1442 3754 1566 3808 erat
1592 3752 1785 3823 injun-

184 3842 339 3895 ctum
369 3857 404 3896 a
428 3839 674 3896 Domino
708 3839 957 3909 dixisset,
988 3841 1098 3896 hoc
1119 3840 1432 3896 dubitative
1459 3841 1695 3897 diceret.
1719 3842 1789 3896 Et

182 3927 261 3984 sic
289 3929 462 3985 verba
490 3929 612 3984 haec
644 3928 910 3985 distincta
953 3932 1011 3984 et
1040 3930 1261 3985 diversa
1311 3934 1501 3985 essent
1538 3947 1572 3985 a
1600 3930 1786 3986 verbis

184 4033 313 4090 quae
340 4017 501 4090 prius
530 4034 661 4073 cum
692 4017 1040 4074 certitudine
1073 4018 1316 4075 dixerat.
1360 4018 1595 4090 Legitur
1625 4019 1782 4074 enim

185 4103 409 4161 dixisse:
436 4128 462 4155 α
503 4106 774 4178 Nunquid
805 4107 875 4162 de
897 4109 1064 4179 petra
1080 4108 1187 4167 hac
1216 4107 1597 4181 vobisaquam
1628 4111 1787 4180 pote-

183 4189 359 4247 rimus
375 4193 582 4264 ejicere
602 4194 630 4248 ?
660 4216 687 4244 ››
722 4194 902 4267 (Ibid.)

1898 3039 2116 3093 tributa
2142 3039 2213 3094 ab
2240 3039 2321 3094 eis
2351 3040 2665 3111 exigendo:
2700 3044 2757 3095 et
2778 3040 2955 3097 etiam
2997 3043 3397 3099 tribulaverunt
3418 3062 3503 3101 eos

1896 3127 2110 3183 inimici
2137 3128 2586 3201 eorum‘gentiles
2612 3129 2933 3185 innumeris
2963 3131 3503 3207 tribulationibus,et

1894 3234 1961 3271 ex
1992 3218 2112 3272 toto
2141 3217 2416 3272 humiliati
2456 3224 2583 3273 sunt
2617 3219 2714 3273 sub
2742 3219 3006 3287 manibus,
3058 3220 3115 3276 id
3148 3224 3233 3276 est
3261 3221 3365 3277 sub
3394 3237 3500 3293 po-

1892 3307 2096 3360 testate
2118 3322 2325 3369 eorum,
2345 3309 2404 3360 ut
2426 3305 2719 3380 interdum
2746 3324 2949 3364 eorum
2971 3309 3117 3367 servi
3128 3309 3500 3366 efﬁcerentur

1892 3398 1950 3449 et
1977 3411 2044 3449 ex
2068 3395 2175 3450 hac
2204 3395 2604 3452 humiliatione
2635 3415 2768 3469 saepe
2815 3397 3057 3454 liberavit
3099 3416 3181 3455 eos
3219 3398 3499 3456 Dominus

1894 3484 2089 3538 multis
2118 3485 2327 3549 modis,
2369 3489 2432 3540 ut
2459 3486 2517 3540 in
2548 3485 2788 3542 historia
2808 3488 3040 3560 legitur.

1960 3572 2072 3644 Ipsi
2096 3581 2271 3629 autem
2293 3591 2426 3629 cum
2443 3575 2551 3629 hac
2582 3575 2879 3631 occasione
2897 3577 3179 3632 deberent
3196 3593 3331 3632 eum
3353 3596 3498 3634 nun-

1890 3676 2065 3731 quam
2079 3663 2445 3729 exacerbare,
2474 3664 2923 3719 exacerbaverunt
2946 3682 3064 3721 eum
3094 3666 3146 3718 in
3170 3665 3495 3721 consiliosuo

1886 3748 2105 3816 illicito,
2123 3750 2173 3805 id
2195 3754 2278 3804 est
2298 3752 2516 3805 malum
2528 3752 2833 3806 consilium
2847 3754 3123 3825 peccandi
3136 3754 3493 3827 accipiendo;

1886 3845 1935 3892 et
1964 3855 2158 3893 rursus
2188 3856 2221 3891 ει
2248 3834 2363 3893 Deo
2386 3839 2660 3895 humiliati
2684 3847 2808 3897 sunt
2834 3842 2936 3895 sub
2966 3843 3255 3913 potestate
3294 3841 3488 3897 inimi~

1885 3943 2085 3982 corum
2118 3929 2174 3981 in
2190 3928 2558 3999 iniquitatibus
2575 3928 2778 3996 suis,id
2798 3932 2884 3984 est
2899 3933 3139 4002 propter
3155 3929 3490 4004 iniquitates

1884 4033 2035 4085 suas,
2054 4018 2256 4071 ettunc
2270 4016 2485 4071 iterum
2505 4016 2956 4073 misericorditer
2978 4018 3117 4085 vidit
3127 4035 3249 4073 cum
3269 4018 3492 4074 tribula-

1884 4112 2160 4174 rentur,et
2184 4105 2388 4159 audivit
2416 4107 2708 4161 orationem
2736 4123 2940 4173 eorum,
2955 4106 3251 4162 orantium
3285 4111 3349 4163 ut
3370 4107 3489 4164 eri-

1886 4196 2160 4266 perentur
2180 4210 2192 4247 :
2216 4200 2264 4248 et
2277 4193 2407 4248 ideo
2430 4193 2665 4262 audivit,
2686 4195 2819 4267 quia
2832 4212 3031 4249 memor
3045 4195 3159 4266 fuit
3192 4198 3490 4251 testamenti

250 4279 373 4335 Non
411 4282 598 4335 solum
637 4285 831 4338 autem
861 4282 947 4338 his
974 4282 1160 4337 modis
1183 4286 1361 4339 Deum
1395 4283 1780 4354 offenderunt,
1806 4253 1860 4314 D
1882 4282 2690 4355 sui,factiadAbraham,quod
2706 4300 2772 4337 ex
2785 4283 3006 4338 semine
3020 4283 3142 4354 ejus
3156 4286 3485 4339 nasceretur

184 4368 281 4423 sed
308 4369 416 4424 hoc
437 4369 613 4423 modo
644 4386 873 4441 quoque
888 4371 1065 4442 quod,
1094 4374 1401 4443 postquam
1418 4372 1784 4447 interrapro-

183 4455 463 4513 missionis
486 4457 803 4525 fuerunt,et
826 4458 1107 4514 Dominus
1121 4459 1487 4530 praecepisset
1503 4464 1564 4515 ut
1579 4478 1781 4517 omnes

182 4549 378 4617 gentes
408 4549 575 4602 terra:
598 4546 747 4601 illius
771 4547 1187 4613 interﬁcerent,
1218 4564 1322 4599 non
1349 4547 1780 4619 disperdiderunt

177 4642 348 4705 gentes
360 4635 483 4691 illas
504 4652 707 4691 omnes
729 4653 858 4708 quas
878 4636 1013 4690 dixit
1034 4636 1300 4690 Dominus
1318 4635 1441 4698 illis,
1464 4640 1527 4692 ut
1556 4637 1777 4693 interfi-

181 4728 391 4780 cerent.
433 4726 555 4779 Non
591 4726 777 4780 solum
815 4728 1009 4780 autem
1061 4724 1141 4779 eis
1165 4728 1568 4796 pepercerunt,
1598 4726 1699 4781 sed
1729 4734 1779 4782 et

185 4815 440 4868 commisti
465 4820 586 4868 sunt
616 4830 719 4884 per
749 4813 1037 4869 connubia
1082 4813 1393 4879 mulierum
1423 4816 1559 4867 inter
1600 4821 1778 4885 gentes

180 4903 471 4969 Amalech,
511 4902 714 4974 quibus
745 4906 947 4958 contra
976 4906 1331 4974 praeceptum
1378 4902 1476 4958 Dei
1508 4918 1778 4975 peperce-

180 4994 324 5058 rant,
352 4993 408 5044 et
437 4990 512 5044 sic
542 4990 841 5045 didicerunt
865 5007 1019 5062 Opera
1050 5008 1249 5059 eorum,
1300 4991 1513 5047 scilicet
1550 4992 1776 5049 illicitos

180 5079 314 5134 ritus
334 5078 776 5134 sacriﬁciorum:
804 5083 863 5134 et
890 5079 1265 5136 sacriﬁcando
1301 5084 1594 5136 servierunt
1641 5083 1775 5136 scul-

171 5168 386 5239 ptilibus
416 5166 583 5222 idolis
614 5166 808 5237 (Num.
834 5183 958 5234 xxv,
992 5172 1045 5233 2,
1075 5170 1148 5233 3),
1191 5172 1248 5223 et
1281 5169 1389 5224 hoc
1438 5168 1656 5225 factum
1689 5173 1775 5224 est

182 5257 277 5312 illis
296 5260 347 5310 in
369 5256 702 5323 scandalum,
732 5256 790 5310 id
820 5260 905 5311 est
935 5272 1107 5311 causa
1156 5257 1266 5310 fuit
1298 5274 1476 5328 quare
1518 5259 1669 5312 Deus
1702 5258 1773 5313 ab

183 5346 390 5401 eisdem
413 5344 682 5417 gentibus
722 5344 1088 5417 permitteret
1126 5361 1224 5399 eos
1256 5346 1437 5400 multa
1463 5344 1777 5401 tribulatio-

184 5451 314 5490 num
336 5432 606 5490 scandala
632 5433 768 5504 pati.
800 5433 934 5489 Dico
955 5432 1109 5505 quod
1121 5433 1413 5487 servierunt
1428 5433 1775 5503 sculptilibus,

185 5532 228 5579 et
275 5522 574 5579 serviendo
626 5524 1028 5581 inmolaverunt
1068 5523 1204 5592 ﬁlios
1230 5540 1369 5583 suos,
1401 5530 1450 5577 et
1479 5523 1620 5591 ﬁlias
1643 5537 1769 5580 suus

1884 4371 2135 4426 Christus
2162 4371 2258 4443 qui
2290 4388 2410 4425 non
2442 4373 2774 4426 nasceretur
2790 4370 2896 4424 uisi
2924 4369 3014 4424 his
3044 4373 3400 4440 parceretur;
3429 4374 3487 4425 et

1882 4459 2016 4531 quia
2040 4475 2268 4513 memor
2296 4459 2424 4526 fuit,
2429 4460 2680 4530 paenituit
2707 4475 2849 4525 eum,
2867 4457 2927 4510 id
2945 4459 3030 4510 est
3045 4455 3123 4511 sic
3143 4474 3241 4512 eos
3275 4456 3485 4530 eripuit

1881 4546 2039 4618 quasi
2070 4546 2140 4601 de
2168 4562 2370 4601 eorum
2387 4544 2757 4601 tribulatione
2778 4544 3174 4618 poeniteretJn
3190 4547 3305 4600 Deo
3325 4545 3482 4601 enim

1883 4652 2181 4705 nunquam
2201 4636 2285 4689 est
2309 4633 2773 4705 pmnitentiased
2784 4633 3093 4705 aliquando
3118 4634 3344 4689 videtur
3361 4652 3484 4690 esse

1879 4723 2104 4797 quaodo
2121 4722 2334 4777 factum
2348 4721 3480 4798 quodlibetimmutat.Paanituit,inquam

1880 4816 1935 4868 et
1954 4815 2061 4868 hoc
2077 4812 2363 4866 secundum
2397 4811 2794 4866 multitudinem
2815 4812 3184 4866 misericordiae
3202 4828 3332 4878 suae,
3362 4827 3479 4865 non

2098 4902 2415 4958 secundum
2439 4918 2640 4955 eorum
2654 4900 2879 4956 merita.
2894 4899 2970 4955 Et
2983 4900 3054 4955 ab
3080 4899 3165 4955 ira
3178 4898 3323 4952 dedit
3333 4914 3414 4954 eos
3427 4901 3481 4953 in

1876 4990 2343 5059 misericordias,id
2357 4993 2442 5045 est
2456 4988 2515 5044 in
2536 4989 2817 5045 beneﬁcia
2834 4986 3481 5055 misericordim,scilicet

1875 5097 2005 5136 cum
2032 5081 2288 5152 primum
2314 5081 2393 5135 eis
2415 5082 2563 5134 esset
2594 5079 2791 5146 iratus,
2842 5074 3180 5148 multiplicia
3199 5075 3481 5130 beneficia

1875 5170 2284 5227 misericordiae
2302 5168 2381 5224 eis
2398 5168 2724 5235 contulit,et
2743 5167 2851 5220 hoc
2873 5168 2930 5219 in
2950 5170 3226 5236 conspectu
3241 5166 3479 5219 omnium

1876 5259 2241 5313 inimicorum
2278 5259 2371 5330 qui
2398 5262 2644 5327 ceperunt
2687 5254 2845 5327 prius
2897 5272 2977 5310 eos
3033 5253 3094 5308 in
3121 5253 3477 5310 servitutem.

1877 5347 2041 5411 Quod
2071 5350 2156 5403 est
2177 5346 2395 5401 dicere:
2428 5343 2518 5397 Eis
2533 5342 2791 5398 liberatis
2811 5340 2889 5398 sic
2911 5341 3193 5399 beneﬁcia
3218 5342 3483 5411 contulit,

1877 5438 1939 5491 ut
1966 5437 2075 5491 hoc
2101 5435 2370 5491 omnibus
2395 5449 2597 5488 eorum
2626 5428 2882 5487 inimicis
2906 5429 3494 5496 innotesceret.Quod

1883 5523 2020 5579 dicit
2049 5527 2105 5578 in
2137 5520 2545 5589 misericordias,
2581 5538 2682 5593 per
2712 5520 3046 5591 emphasim
3105 5518 3264 5575 dicit.
3317 5520 3396 5576 Ac
3448 5514 3503 5572 si
