3998 6026
490 304 626 366 1203

1096 301 1157 363 S.
1179 302 1525 362 BRUNONIS
1566 300 2197 361 CARTHUSIANORUM
2232 300 2700 361 INSTITUTORIS
2739 301 2895 362 OPP.
2931 302 3130 361 PARS.
3172 304 3196 360 Ι

3675 304 3822 362 1204

486 427 641 484 dicat
668 445 681 483 :
716 426 1110 483 Circumdedit
1137 444 1234 482 eos
1265 426 1461 482 multis
1492 424 1899 481 misericordia:
1927 425 2099 479 bene-
2118 433 2174 494 Α
2196 424 2395 480 omnia
2440 425 2565 480 haec
2606 425 2860 498 pericula
2891 423 3220 492 deveniunt,
3254 423 3354 479 sed
3386 423 3574 480 nullus
3611 428 3707 481 est
3755 425 3819 479 in

484 516 645 572 ﬁciis.
662 518 975 589 Postquam
995 533 1090 571 eos
1108 514 1672 588 Prophetainstruxit
1687 513 1978 587 quomodo
1997 530 2097 569 sua

2196 513 2451 569 Ecclesia
2480 514 2571 569 cui
2604 516 2690 569 vel
2724 531 2839 569 una
2864 515 3072 569 harum
3111 514 3198 569 vel
3237 529 3442 569 omnes
3477 514 3821 588 ereptiones

483 622 832 678 suorumque
844 608 1074 677 patrum
1089 607 1320 678 peccata
1334 602 2099 659 debeantconﬁteriinstruit
2197 600 2317 657 ista:
2345 603 2682 658 necessarias
2709 620 2827 658 non
2859 603 2991 659 sint.

484 713 712 770 quoque
728 712 895 751 orare
924 695 1001 750 sic
1028 713 1039 750 :
1067 696 1202 751 Dico
1226 693 1376 749 utsic
1399 692 1793 748 Conﬁteamini
1808 692 2091 747 dicentes:

482 784 852 840 Peccavimus
864 802 995 839 cum
1018 784 1276 858 patribus
1293 782 1501 838 nostris
1532 786 1663 849 etc.,
1684 786 1744 836 et
1768 781 1843 835 sic
1865 796 2093 853 quoque

481 872 651 929 dicite
687 890 700 927 :
732 873 1215 945 Quandoquidem
1259 876 1451 943 patres
1490 874 1718 927 orantes
1744 870 1949 925 audisti
1980 869 2089 924 eri-

478 961 696 1035 piendo
741 978 840 1017 eos
880 963 951 1017 de
993 960 1478 1027 tribulationibus,
1518 977 1622 1015 nos
1663 976 1892 1031 quoque
1925 976 2092 1014 oran-

473 1054 559 1105 tes
590 1052 771 1105 salvos
809 1051 899 1105 fac
942 1051 1013 1107 de
1062 1049 1525 1104 tribulationibus
1570 1051 1938 1118 peccatorum
1978 1048 2086 1102 eri-

471 1138 705 1214 piendo.
730 1142 963 1198 Instruit
980 1142 1154 1197 etiam
1181 1157 1277 1194 eos
1316 1139 1618 1211 Prepheta,
1647 1140 1949 1210 postquam
1980 1154 2084 1208 pro

473 1246 532 1284 se
554 1229 865 1293 oraverint,
898 1246 1002 1300 pro
1020 1229 1144 1284 aliis
1168 1244 1332 1283 orare
1349 1227 1424 1281 sic
1443 1244 1454 1280 ε
1471 1229 1780 1298 Postquam
1815 1226 1884 1279 de
1906 1226 2084 1280 salute

468 1321 656 1373 vestra
684 1317 1003 1385 oraveritis,
1031 1318 1102 1371 de
1130 1318 1312 1371 salute
1345 1331 1573 1387 quoque
1604 1314 1866 1385 gentium
1901 1317 2079 1380 orate,

469 1406 727 1462 dicentes
752 1423 766 1461 :
796 1406 1050 1461 Dicimus
1078 1405 1247 1459 salvos
1286 1406 1378 1474 fac
1416 1421 1530 1471 nos,
1556 1408 1613 1458 et
1643 1402 1818 1457 etiam
1851 1420 2083 1458 oramus

467 1490 729 1565 congrega
770 1495 845 1549 ad
890 1493 1175 1548 unitatem
1221 1492 1356 1547 ﬁdei
1386 1492 1448 1546 de
1496 1491 1730 1546 diversis
1782 1493 2083 1547 nationibus

467 1583 731 1655 gentium
762 1599 875 1649 nos,
907 1582 967 1637 id
998 1585 1082 1636 est
1125 1581 1292 1637 nobis
1336 1580 1667 1636 conformes
1686 1581 1910 1635 futuros
1935 1581 2079 1649 illos,

466 1670 679 1726 scilicet
704 1689 770 1727 ex
797 1670 1066 1744 gentibus
1095 1669 1191 1742 qui
1218 1669 1489 1724 credituri
1533 1672 1685 1736 sunt,
1716 1669 1859 1724 sicut
1891 1672 1947 1723 et
1978 1686 2082 1723 nos

2267 693 2516 747 Primum
2547 692 2782 765 quidem
2798 693 3117 764 periculum
3143 694 3229 747 est
3254 692 3583 758 inﬁdelitas,
3597 694 3673 749 de
3694 710 3814 767 quo

2195 781 2429 855 quidem
2466 798 2668 837 omnes
2696 798 2801 853 per
2828 782 3005 837 ﬁdem
3031 798 3261 837 necesse
3290 783 3376 837 est
3405 782 3566 855 eripi.
3606 782 3818 838 Secun-

2191 871 2320 926 dum
2372 887 2507 926 vero
2558 872 2910 927 consuetudo
2957 870 3254 944 peccandi,
3309 888 3437 944 quae
3493 875 3622 943 post
3669 872 3811 927 ﬁdei

2190 958 2613 1032 susceptionem
2644 962 2838 1027 restat,
2872 977 3000 1033 qum
3040 962 3097 1015 et
3144 959 3189 1014 si
3222 959 3416 1015 multis
3446 960 3809 1028 dominetur,

2188 1048 2470 1103 reducens
2498 1065 2596 1103 eos
2634 1049 2708 1103 ad
2740 1048 2983 1121 pristina
3021 1048 3177 1104 vitia.
3221 1048 3391 1104 Pauci
3429 1052 3628 1104 tamen
3673 1054 3812 1104 sunt

2187 1153 2329 1208 quos
2354 1137 2681 1210 opprimere
2718 1138 2952 1209 nequit;
2982 1138 3053 1193 de
3085 1155 3199 1210 qua
3228 1138 3640 1192 consuetudine
3670 1154 3806 1209 pec-

2184 1225 2353 1279 candi
2384 1225 2582 1281 ﬁdeles
2620 1243 2679 1281 se
2719 1226 3095 1296 deprecantes
3124 1228 3272 1282 Deus
3302 1225 3489 1297 eripit,
3522 1227 3660 1280 dum
3708 1243 3809 1281 eos

2184 1330 2289 1386 per
2308 1315 2554 1387 gratiam
2584 1315 2656 1369 ad
2679 1315 2847 1369 home
2880 1299 3809 1386 operationis428consuetudi-

2184 1420 2321 1458 nem
2352 1405 2603 1460 adducit.
2639 1404 2881 1459 Tertium
2899 1408 3093 1460 autem
3124 1409 3209 1481 est
3234 1405 3452 1472 acedia,
3470 1405 3527 1459 id
3544 1406 3630 1458 est
3648 1404 3803 1459 desi-

2185 1493 2298 1561 dia,
2328 1494 2483 1566 quod
2502 1493 2634 1549 solis
2663 1493 3052 1565 spiritualibus
3069 1493 3202 1548 viris
3235 1493 3471 1565 ingruit,
3501 1492 3616 1565 qui,
3640 1497 3802 1563 post-

2183 1597 2358 1652 quam
2383 1582 2455 1637 ad
2486 1582 2623 1637 boni
2651 1582 2842 1654 operis
2870 1581 3351 1637 consuetudinem
3383 1581 3699 1653 attigerint,
3735 1598 3803 1635 ex

2182 1668 2456 1724 dilatione
2483 1660 2745 1742 supernae
2778 1670 2979 1740 patrim
3002 1674 3299 1741 torporem
3326 1670 3638 1741 quemdam
3660 1670 3808 1723 acci-

465 1758 705 1815 dicimus
733 1760 903 1815 salvos
943 1760 1035 1831 fac
1079 1776 1195 1827 nos,
1252 1765 1311 1813 ut
1357 1757 1489 1813 salvi
1536 1758 1691 1825 facti,
1735 1758 2083 1827 conﬁteamur
2104 1759 2156 1818 B
2178 1756 2367 1827 piunt,
2391 1774 2455 1813 ac
2483 1758 2802 1829 spiritalem
2836 1759 3045 1814 animae
3076 1758 3617 1826 cibum,lectionem
3642 1758 3805 1812 vide-

461 1849 694 1905 laudem
724 1851 782 1905 et
808 1865 907 1904 ore
952 1851 1011 1903 et
1035 1864 1207 1919 opere
1240 1852 1297 1903 et
1325 1846 1497 1901 corde
1527 1848 1733 1900 nomini
1761 1854 1848 1901 tuo
1876 1854 2076 1914 sancto,

465 1938 622 2011 quod
651 1941 737 1993 est
764 1938 1062 1993 Dominus.
1095 1936 1172 1991 Et
1216 1938 1271 1989 in
1315 1936 1410 1991 illa
1450 1936 1604 1990 laude
1633 1943 1729 1990 tua
1768 1937 2078 2005 gloriemur,

463 2044 583 2082 non
614 2026 776 2082 inviti
807 2026 1020 2082 scilicet
1049 2043 1178 2081 eam
1211 2027 1619 2098 persolvamus.
1665 2025 2078 2091 Conﬁteamur,

459 2114 722 2188 inquam,
762 2114 841 2169 sic
885 2115 1159 2170 dicentes.
1200 2113 1539 2182 Benedictus,
1574 2114 1634 2169 id
1682 2118 1766 2168 est
1805 2116 2081 2169 exaltatus

462 2202 536 2260 sit
571 2202 837 2259 Dominus
888 2204 1033 2259 Deus
1076 2203 1263 2271 Israel,
1303 2203 1515 2258 scilicet
1565 2204 1966 2276 magniﬁcatus
2012 2204 2083 2258 sit

465 2292 564 2366 qui
596 2293 930 2349 dominator
984 2297 1042 2347 et
1094 2295 1322 2348 creator
1376 2296 1462 2347 est
1511 2293 1712 2361 nostri,
1758 2293 1856 2366 qui
1885 2310 2082 2347 sumus

460 2382 656 2449 Israel,
689 2386 746 2437 et
775 2383 884 2437 hoc
918 2399 1035 2437 non
1068 2382 1142 2436 ad
1174 2383 1403 2448 horam,
1423 2382 1523 2437 sed
1543 2400 1575 2435 a
1600 2383 1787 2436 saeculo
1808 2384 2081 2452 praesenti

462 2472 521 2524 et
549 2486 713 2541 usque
732 2471 788 2523 in
816 2470 1089 2536 saeculum,
1112 2470 1172 2524 id
1188 2472 1272 2523 est
1301 2470 1359 2523 in
1387 2472 1692 2525 aeternum.
1713 2471 1827 2525 Hoc
1845 2472 2080 2543 quidem

407 2554 411 2562 ’
464 2556 722 2612 dicemus
770 2574 874 2612 nos
913 2558 1270 2625 benedictus,
1321 2562 1429 2613 etc.
1482 2560 1551 2612 Et
1593 2560 1854 2631 exemplo
1899 2559 2078 2614 nostri

463 2661 690 2713 omnes,
723 2644 780 2700 id
807 2649 893 2700 est
921 2645 1275 2701 omnismodi
1314 2648 1561 2719 populus
1600 2649 1718 2701 tam
1749 2648 2079 2702 Judazorum

464 2749 639 2805 quam
651 2734 917 2806 gentium
930 2735 1002 2789 ad
1023 2735 1195 2789 ﬁdem
1214 2736 1637 2813 convertendus
1658 2736 1809 2791 dicet
1828 2736 1948 2809 ﬁat,
1960 2737 2078 2806 ﬁat.

465 2820 629 2885 Quod
660 2824 854 2877 autem
882 2821 969 2878 bis
996 2824 1095 2892 ﬁat
1116 2822 1399 2893 ponit,vel
1427 2824 1499 2878 ad
1515 2822 2083 2892 inculcationem,ve1

461 2912 701 2983 propter
726 2911 1015 2984 duplicem
1042 2911 1325 2982 parietem
1358 2912 1618 2967 Ecclesia:
1645 2913 1797 2967 facit.

986 3000 1054 3054 IN
1087 2999 1410 3056 PSALMUM
1436 3001 1567 3057 CVI.

532 3086 748 3143 Titulus
789 3087 1089 3143 centesimi
1120 3089 1284 3143 sexti.
1333 3089 1603 3157 Alleluia,
1650 3090 1888 3144 alleluia.
1923 3090 2088 3154 Quod

471 3175 559 3231 bis
578 3175 671 3230 hic
702 3177 918 3231 alleluia
943 3178 1199 3248 ponitur,
1225 3177 1481 3233 afﬁrmat
1507 3178 1711 3232 beatus
1739 3177 2089 3249 Augustinus

466 3263 726 3335 positum
758 3281 878 3319 esse
907 3267 1149 3337 propter
1171 3264 1464 3337 duplicem
1489 3265 1751 3320 Ecclesia:
1770 3266 2085 3337 parietem:

468 3368 677 3419 unum,
722 3351 985 3407 videlicet
1031 3352 1267 3419 alleluia,
1302 3354 1374 3407 ad
1420 3353 1730 3408 Ecclesiam
1775 3370 1842 3408 ex
1880 3354 2087 3410 Iudaeis

471 3439 892 3495 exhortandam
955 3440 1028 3493 ad
1085 3441 1444 3495 laudandum
1491 3443 1703 3509 Deum;
1742 3442 1897 3497 aliud
1931 3460 2085 3511 vero,

473 3530 755 3604 quantum
783 3528 855 3583 ad
887 3528 1194 3583 Ecclesiam
1216 3529 1918 3601 gentium.Verumtamen
1951 3533 2086 3587 scri-

471 3616 560 3671 bit
584 3619 815 3672 sanctus
843 3616 1246 3689 Hieronymus,
1280 3617 1574 3674 chraicae
1605 3619 1859 3674 veritatis
1891 3620 2085 3691 exqui-

474 3704 616 3759 sitor
659 3703 926 3777 diligens,
958 3705 1115 3777 quod
1156 3705 1215 3760 in
1258 3707 1694 3780 quibuscumque
1722 3708 1959 3780 psalmis
2000 3709 2087 3763 bis

476 3792 697 3847 alleluia
746 3792 1002 3866 ponitur,
1040 3793 1196 3866 prius
1229 3795 1301 3849 ad
1326 3796 1757 3867 praacedentcm
1798 3797 2086 3867 psalmum

475 3883 716 3953 spectat,
744 3883 1028 3953 posterius
1066 3886 1260 3938 autem
1310 3883 1507 3938 titulus
1551 3886 1635 3939 est
1683 3885 1992 3956 sequentis,
2024 3889 2087 3940 ut

476 3968 536 4024 in
585 3970 1045 4043 praecedentibus
1094 3971 1329 4043 quidem
1368 3971 1605 4043 psalmis
1648 3976 1907 4044 apparet.
1939 3974 2084 4027 Nam

478 4061 786 4129 postquam
805 4058 862 4113 in
886 4060 1108 4131 psalmo
1127 4059 1498 4130 prmcedenti,
1514 4059 1612 4113 ubi
1629 4060 1699 4114 de
1726 4060 1934 4115 Judaais
1953 4060 2082 4115 inﬁ-

480 4144 704 4201 delibus
729 4147 867 4218 egit,
898 4147 1161 4218 priorum
1192 4150 1423 4219 patrum
1458 4151 1692 4219 peccata
1723 4150 1993 4218 ostendit,
2027 4155 2084 4205 et

478 4232 728 4305 qualiter
752 4251 851 4289 eos
864 4236 1013 4290 Deus
1034 4252 1138 4307 pro
1163 4236 1408 4307 peccatis
1420 4236 1890 4308 afﬂictos,etpost
1912 4256 2081 4294 oran-

2179 1835 2311 1901 licet
2339 1850 2397 1901 et
2424 1847 2747 1901 orationem
2790 1847 2983 1902 minus
3020 1847 3207 1915 solito,
3251 1851 3309 1901 et
3349 1863 3481 1901 cum
3510 1846 3682 1901 taedio
3719 1864 3809 1900 su-

2180 1938 2369 1990 munt.
2408 1936 2456 1988 A
2486 1952 2599 2007 quo
2648 1935 2901 2007 periculo
2944 1937 3089 1990 Deus
3137 1952 3236 1990 eos
3281 1935 3356 1989 ad
3389 1952 3448 1989 se
3487 1937 3810 1989 clementes

2179 2023 2405 2092 liberat,
2439 2042 2571 2079 cum
2603 2025 2661 2079 in
2714 2025 2793 2079 eis
2836 2025 3126 2080 fervorem
3156 2023 3449 2079 charitatis
3476 2024 3806 2078 exsuscitat.

2185 2112 2451 2180 Quartum
2480 2113 2752 2185 equidem
2785 2116 2870 2167 est
2914 2112 3236 2184 periculum
3270 2113 3426 2184 quod
3459 2112 3592 2167 solis
3620 2112 3813 2166 instar

2183 2201 2446 2257 Ecclesiae
2472 2201 2816 2273 pastoribus,
2849 2203 3166 2272 tempestas
3194 2201 3457 2256 videlicet
3486 2200 3812 2255 immodica

2183 2290 2640 2359 tribulationum,
2664 2292 2751 2345 vel
2764 2304 2895 2345 cum
2917 2291 2988 2345 ab
3003 2289 3380 2345 exterioribus
3395 2290 3655 2345 hostibus
3676 2305 3811 2362 per.

2181 2384 2518 2454 sequuntur,
2537 2381 2634 2454 qui
2661 2379 2804 2435 ovile
2830 2380 3194 2436 Dominicum
3219 2381 3495 2435 devorare
3515 2379 3804 2446 nituntur,

2179 2471 2268 2525 vel
2314 2487 2445 2524 cum
2493 2486 2526 2523 a
2577 2469 2816 2524 subditis
2846 2470 3233 2525 immoderate
3277 2473 3335 2524 et
3377 2469 3696 2523 incorrecte
3740 2483 3806 2521 se

2178 2559 2524 2613 habentibus
2556 2558 2986 2614 tribulationem
3020 2558 3261 2613 interius
3303 2558 3620 2628 patiuntur,
3661 2557 3803 2610 dum

2182 2646 2261 2700 eis
2292 2646 2450 2719 quos:
2475 2646 2548 2700 ad
2578 2645 2728 2701 viam
2768 2646 3128 2701 rectitudinis
3168 2646 3442 2700 reducere
3482 2648 3799 2717 nequeunt,

2182 2735 2345 2790 valde
2370 2734 2815 2806 compatiuntur.
2854 2736 3039 2800 Quam
3076 2751 3182 2808 pro
3209 2738 3364 2789 certo
3391 2736 3802 2806 tempestatem

2187 2822 2257 2878 ab
2290 2822 2507 2878 eisdem
2532 2823 2782 2895 praelatis
2813 2828 3047 2879 exorata
3077 2822 3269 2879 divina
3294 2822 3601 2877 clementia
3632 2839 3799 2877 man-

2187 2909 2443 2966 suefacit.
2463 2911 2561 2965 Vel
2582 2912 2720 2966 dum
2743 2912 2973 2984 plebem
2993 2912 3283 2967 subditam
3316 2911 3647 2983 spiritaliter
3674 2928 3801 2966 cor-

2187 2996 2344 3071 rigit,
2384 3000 2470 3053 vel
2502 2999 2624 3070 ejus
2645 3000 2899 3055 hostium
2925 3000 3275 3055 exteriorum
3308 3000 3593 3072 impetum
3625 3000 3802 3054 modo

2190 3087 2447 3158 quolibet
2490 3085 2720 3158 imperii
2769 3087 2853 3141 sui
2894 3087 3157 3158 potentia
3200 3087 3441 3142 miriﬁce
3466 3087 3801 3160 compescit.

2190 3175 2306 3230 Hoc
2329 3175 2503 3230 etiam
2525 3176 2679 3246 quod
2692 3175 2777 3229 bis
2788 3178 3012 3247 psalmo
3024 3175 3157 3230 huic
3176 3175 3396 3230 alleluia
3424 3176 3805 3248 prmponitur,

2190 3262 2589 3318 inculcationis
2608 3281 2776 3318 causa
2792 3268 2849 3319 et
2862 3264 3097 3335 majoris
3113 3264 3529 3320 exhortationis
3546 3264 3811 3335 pondere

2188 3351 2403 3406 factum
2436 3368 2558 3406 esse
2589 3370 2622 3407 a
2648 3353 2991 3425 quibusdam
3022 3354 3313 3410 asseritur.
3340 3353 3482 3408 Cum
3511 3353 3707 3424 itaque
3736 3353 3811 3407 de

2186 3440 2519 3511 hujusmodi
2548 3458 2611 3495 re
2642 3440 2928 3496 sententia
2960 3442 3257 3514 multiplex
3279 3442 3583 3507 habeatur,
3609 3440 3812 3497 Hiero-

2190 3545 2417 3600 nymus,
2442 3531 2642 3601 utpote
2680 3528 2892 3601 lingua:
2917 3530 3136 3601 peritus
3166 3530 3483 3597 Hebraicaa,
3517 3530 3812 3603 praecipue

2186 3616 2411 3672 videtur
2440 3634 2561 3672 esse
2594 3618 2937 3689 sequendus.

2259 3703 2603 3775 Conﬁtemini
2624 3706 2876 3774 Domino,
2907 3708 3039 3775 etc.,
3060 3723 3123 3762 ac
3153 3707 3197 3761 si
3222 3706 3401 3762 dicat:
3423 3707 3530 3761 Vos
3541 3706 3807 3778 gentiles,

2188 3792 2245 3848 id
2277 3796 2362 3847 est
2383 3810 2415 3847 a
2448 3794 2668 3849 Christo
2696 3796 2819 3867 ejus
2848 3798 3035 3851 morte
3069 3796 3417 3865 redimendi,
3439 3795 3671 3851 laudate
3701 3798 3812 3851 Do-

2187 3879 2414 3935 minum
2448 3898 2568 3950 ore,
2597 3886 2654 3938 et
2682 3900 2876 3956 opere,
2900 3887 2958 3939 et
2983 3885 3318 3953 devotione;
3336 3888 3393 3940 et
3410 3886 3518 3940 hoc
3541 3885 3805 3940 contuitu

2185 3971 2512 4039 confitemini
2526 3975 2780 4043 quoniam
2805 3974 2967 4029 bonus
2995 3982 3069 4028 est
3099 3974 3158 4028 in
3181 3977 3389 4029 natura
3409 3973 3799 4029 ineﬁabiliter.

2183 4057 2294 4112 Vos
2318 4060 2741 4129 autemidiotaa,
2764 4061 2860 4134 qui
2886 4079 3003 4118 non
3026 4062 3262 4134 potestis
3292 4064 3366 4118 ad
3397 4063 3506 4118 hoc
3537 4063 3801 4117 sufﬁcere

2185 4149 2248 4200 ut
2264 4147 2822 4215 contuitu,bonitatis
2844 4151 2964 4222 ejus
2982 4151 3031 4205 ei
3046 4150 3805 4220 conﬁteamini,conﬁtcmini

2184 4236 2388 4290 saltem
2416 4237 2526 4291 hoc
2548 4238 2826 4306 contuitu,
2848 4241 3105 4312 quoniam
3136 4243 3191 4294 in
3218 4240 3470 4295 saeculum
3499 4242 3803 4295 misericor-

478 4324 565 4377 tes
599 4324 658 4377 et
699 4322 769 4377 de
806 4322 1053 4394 peccatis
1081 4323 1425 4395 poenitentes
1455 4325 1527 4379 ab
1549 4325 1957 4382 afﬂictionibus
1979 4327 2085 4384 illis
2106 4323 2159 4383 D
2183 4323 2273 4377 dia
2302 4325 2434 4396 ejus,
2460 4326 2519 4381 id
2541 4329 2625 4382 est
2638 4328 2774 4400 quia
2794 4328 3120 4400 conSpicitis
3150 4329 3305 4401 quod
3336 4328 3805 4384 beneﬁciamise-

477 4409 707 4481 eripuit,
732 4428 988 4483 congrue
1005 4411 1371 4483 subjungitur
1399 4412 1630 4467 alleluia.
1656 4415 1734 4467 Ac
1746 4413 1791 4467 si
1809 4419 2079 4485 poneret:

478 4496 961 4571 Quandoquidem
1010 4502 1073 4554 ut
1125 4500 1369 4569 ostendi,
1418 4500 1559 4556 talia
1611 4502 1891 4558 beneﬁcia
1939 4505 2084 4559 Deus

475 4584 738 4657 patribus
760 4586 960 4641 vestris
975 4587 1127 4654 fecit,
1143 4592 1204 4644 ut
1223 4592 1279 4644 et
1296 4588 1415 4661 ipse
1447 4589 1605 4647 vobis
1631 4591 1837 4646 eadem
1865 4592 2079 4646 beneﬁ-

474 4672 562 4728 cia
589 4673 783 4742 faciat,
820 4674 1032 4729 laudate
1058 4675 1235 4731 Deum
1274 4678 1407 4747 ﬁde,
1443 4696 1600 4747 voce,
1655 4682 1711 4734 et
1756 4696 1951 4752 Opere.
1981 4680 2080 4736 Se-

477 4778 658 4833 quens
675 4765 871 4819 autem
884 4763 1115 4834 alleluia,
1134 4768 1423 4839 sequentis
1444 4768 1651 4840 psalmi
1673 4769 2081 4824 convenienter

474 4853 559 4905 est
587 4851 803 4907 titulus.
840 4853 1128 4926 Propheta
1159 4855 1370 4927 quippe
1401 4856 1497 4928 qui
1511 4856 1582 4910 de
1600 4856 1810 4912 Judmis
1831 4857 1888 4911 in
1911 4875 2076 4929 supe-

471 4937 719 4994 rioribus
748 4941 984 5011 psalmis
1016 4942 1238 4997 duobus
1268 4942 1405 5014 egit,
1429 4942 1489 4998 in
1517 4944 1628 4999 hoc
1642 4943 1712 4998 de
1728 4944 1988 4999 ﬁdelibus
2010 4963 2075 5001 ex

470 5027 739 5098 gentibus
768 5029 908 5100 agit,
949 5030 1263 5085 adhortans
1294 5034 1354 5086 ut
1385 5033 1567 5087 Deum
1595 5032 1853 5102 laudent,
1881 5036 1939 5088 et
1966 5034 2073 5089 hoc

470 5115 756 5180 contuitu,
786 5116 920 5189 quia
951 5118 1289 5189 multiplicia
1308 5120 1588 5176 beneﬁcia
1603 5120 1661 5175 in
1680 5121 1921 5175 Ecclesia
1943 5138 2074 5192 ope-

464 5206 627 5259 ratur
658 5222 669 5260 :
697 5209 755 5260 et
779 5205 914 5277 quia
934 5207 1143 5262 Iudaeis
1166 5208 1428 5280 repulsis,
1446 5213 1648 5282 gentes
1679 5211 1751 5264 ad
1781 5210 1956 5265 ﬁdem
1977 5212 2072 5266 ad-

464 5291 639 5361 misit,
661 5294 926 5350 enuntiat
954 5313 1184 5370 quoque
1211 5296 1334 5370 ipsa
1361 5298 1662 5364 beneﬁcia,
1679 5301 1739 5353 ut
1768 5298 1953 5369 magis
1974 5316 2071 5354 eos

463 5380 536 5436 ad
567 5382 669 5438 Dei
697 5383 931 5440 laudem
962 5384 1182 5441 incitet.
1200 5386 1333 5459 Agit
1352 5386 1511 5441 enim
1535 5386 1828 5459 quomodo
1850 5404 1981 5442 suos
1998 5388 2069 5443 de

457 5471 707 5540 quatuor
730 5472 995 5544 periculis
1006 5473 1339 5546 eripit.Qua3
1361 5474 1593 5549 quidem
1608 5474 1933 5548 ereptiones
1951 5493 2067 5532 non

454 5571 659 5614 omnes
685 5560 957 5617 omnibus
987 5562 1359 5621 conveniunt.
1401 5564 1526 5621 Non
1570 5564 1727 5620 enim
1767 5582 1969 5622 omnes
2008 5566 2065 5623 in

2184 4413 2445 4469 ricordiae
2482 4415 2624 4487 ejus,
2672 4419 2805 4471 sunt
2846 4416 2904 4472 in
2954 4417 3212 4474 humano
3260 4434 3474 4490 genere
3522 4418 3803 4473 duratura

2185 4518 2362 4574 usque
2389 4502 2449 4556 in
2472 4505 2764 4569 saeculum,
2792 4505 2848 4558 id
2876 4508 2961 4559 est
2990 4522 3165 4577 usque
3188 4505 3244 4559 in
3277 4509 3581 4560 aeternum.
3612 4502 3799 4573 Conﬁ-

2183 4593 2390 4658 temini,
2422 4591 2683 4664 inquam,
2722 4597 2779 4647 et
2817 4594 2925 4648 hoc
2966 4594 3143 4648 etiam
3187 4592 3579 4649 adhortatorie
3611 4593 3799 4647 dicant

2182 4680 2523 4734 alterutrum
2543 4683 2638 4752 qui
2662 4680 2919 4753 redempti
2933 4687 3079 4744 sunt,
3098 4682 3157 4737 id
3176 4685 3262 4736 est
3273 4682 3516 4754 gentiles
3532 4681 3627 4754 qui
3640 4682 3795 4737 redi-

2181 4768 2379 4823 mendi
2409 4772 2541 4823 sunt
2592 4788 2625 4822 a
2672 4770 2908 4825 Domino
2952 4770 3195 4838 Christo,
3239 4771 3602 4826 adhortando
3648 4788 3796 4826 unus

2181 4856 2426 4911 alterum
2470 4856 2666 4912 dicant
2697 4859 2804 4913 hoc
2835 4859 2989 4930 quod
3023 4859 3171 4927 dico,
3218 4858 3432 4913 scilicet
3461 4860 3796 4927 conﬁtemini

2175 4944 2430 5000 Domino.
2477 4947 2720 5020 Exponit
2742 4948 2916 5020 igitur
2963 4949 3115 5004 unde
3140 4953 3274 5004 sunt
3302 4948 3626 5004 redimendi
3658 4967 3791 5006 cum

2175 5034 2335 5089 addit
2361 5052 2372 5089 :
2394 5034 2535 5102 Quos
2564 5036 2801 5104 redemit,
2832 5037 3091 5110 inquam,
3120 5039 3177 5094 id
3200 5043 3285 5093 est
3321 5040 3572 5094 redimet
3601 5044 3791 5095 morte

2173 5140 2273 5178 sua
2312 5123 2376 5178 de
2416 5141 2582 5178 manu
2612 5126 2833 5193 inimici,
2876 5125 2934 5180 id
2984 5131 3069 5181 est
3116 5127 3187 5181 de
3240 5132 3522 5200 potestate
3553 5128 3788 5195 diaboli,

2172 5211 2278 5266 illis
2306 5228 2375 5266 ex
2404 5211 2618 5267 invidia
2648 5213 3018 5276 inimicantis,
3048 5218 3105 5269 et
3126 5215 3244 5271 illos
3266 5216 3641 5271 redimendos
3660 5234 3787 5271 con-

2166 5303 2426 5371 gregavit,
2460 5301 2517 5356 id
2539 5305 2621 5355 est
2644 5302 3143 5374 congregavitnon
3162 5302 3221 5358 in
3248 5322 3429 5359 unum
3448 5306 3662 5372 locum,
3687 5305 3787 5360 sed

2168 5388 2227 5443 in
2274 5389 2557 5444 unitatem
2604 5390 2738 5445 ﬁdei
2767 5390 2831 5444 de
2860 5391 3153 5460 regionibus
3192 5393 3482 5449 omnibus.
3525 5395 3633 5449 Per
3677 5394 3785 5449 hoc

2170 5478 2326 5551 quod
2356 5478 2495 5534 dicit
2531 5479 2596 5534 de
2625 5480 2921 5548 regionibus
2951 5482 3241 5551 omnibus,
3281 5499 3380 5538 eos
3421 5499 3541 5538 esse
3572 5483 3785 5539 multos

2168 5567 2377 5639 innuit,
2422 5571 2481 5624 et
2524 5570 2683 5625 tanto
2733 5568 2919 5641 majus
2963 5587 3085 5627 esse
3124 5570 3468 5628 beneﬁcium
3504 5573 3781 5629 ostendit.
