3998 6026
278 272 299 326 i
310 272 413 328 205

1280 266 1634 326 EXPOSITIO
1672 269 1742 324 IN
1781 266 2113 328 PSALMOS.
2154 299 2222 311 --
2264 266 2457 327 PSAL.
2500 266 2609 325 CVI

3456 271 3591 327 1206

278 394 542 451 Ostendit
577 393 771 451 autem
826 390 978 464 ipsas
1027 391 1291 463 regiones
1344 409 1449 464 per
1496 396 1708 465 partes,
1756 411 1888 450 cum
1909 413 1964 472 Α
1989 394 2275 451 beneﬁcia
2295 391 2707 451 misericordia:
2729 390 3144 465 ejus,quodeos
3164 391 3597 468 sciliceteripiet

272 485 366 556 adi
378 484 563 556 ungit,
593 482 808 538 scilicet
835 482 1173 551 congregabit
1201 497 1286 537 eos
1315 500 1348 535 a
1376 483 1495 537 solis
1533 490 1671 550 orta,
1702 484 1762 539 id
1792 487 1877 539 est

272 574 345 629 ab
380 573 602 628 oriente
628 578 677 626 et
706 587 914 637 occasu,
944 569 1003 624 id
1044 572 1128 623 est
1158 570 1477 637 occidente,
1506 574 1563 625 et
1606 573 1673 626 ab
1729 575 1878 644 aqui-

270 664 411 729 lone,
440 660 497 715 id
526 663 613 715 est
642 678 676 714 a
719 657 1157 730 septentrionali
1180 659 1352 730 plaga
1381 666 1429 714 et
1454 662 1599 714 mari
1620 661 1872 716 australi.

271 751 438 816 Quod
470 753 555 805 est
584 766 649 803 ac
680 747 723 801 si
754 747 909 802 dicat
939 763 951 801 :
980 748 1056 801 Ex
1087 747 1354 802 omnibus
1384 749 1587 804 mundi
1618 749 1875 821 partibus

267 837 670 910 congregabit.
697 836 863 900 Quod
906 838 1101 889 autem
1140 836 1304 907 ponit
1331 855 1364 890 a
1392 837 1556 904 mari,
1588 854 1707 892 non
1756 841 1877 894 vult

266 927 474 983 referri
504 927 564 980 Β.
596 924 978 995 Hieronymus
990 927 1273 995 quantum
1307 925 1380 980 ad
1413 927 1724 982 australem
1750 928 1873 999 pla-

264 1032 425 1085 gam,
446 1032 514 1070 eo
539 1014 696 1087 quod
727 1013 1082 1068 Hierusalem
1117 1015 1341 1069 nullum
1366 1031 1527 1069 mare
1556 1016 1767 1071 habeat
1797 1017 1872 1071 ab

268 1104 503 1159 australi
531 1105 716 1175 parte,
756 1102 857 1157 sed
883 1104 1073 1174 potest
1116 1102 1187 1156 ad
1227 1104 1425 1157 omnia
1462 1104 1687 1158 referri.
1719 1106 1798 1159 Ac
1829 1105 1875 1159 si

268 1193 422 1248 dicat
455 1209 467 1246 :
504 1192 639 1247 Dico
670 1191 949 1263 quoniam
971 1208 1069 1245 eos
1089 1191 1465 1261 congregabit
1494 1193 1775 1264 quosdam
1801 1194 1873 1247 ab

268 1281 516 1348 oriente,
553 1282 611 1334 et
641 1280 927 1351 quosdam
960 1279 1030 1333 ab
1057 1278 1376 1347 occidente,
1397 1281 1677 1352 quosdam
1698 1280 1871 1336 etiam

267 1370 341 1425 ab
370 1368 659 1441 aquilone.
696 1369 763 1423 Et
802 1383 1005 1421 omnes
1045 1367 1179 1422 istos
1227 1369 1606 1441 congregabis
1650 1388 1682 1424 a
1733 1372 1881 1423 mari

267 1461 588 1529 exemptos,
606 1456 763 1510 idest
779 1455 848 1510 ab
869 1455 1264 1512 amaritudine
1286 1455 1663 1512 inﬁdelitatis.
1678 1459 1874 1514 Inten-

268 1548 353 1603 dit
378 1551 576 1602 autem
606 1546 913 1601 ostendere
936 1547 1183 1616 primum
1190 1547 1490 1617 periculum
1521 1564 1653 1603 cum
1692 1547 1872 1614 addit,

267 1638 628 1693 erraverunt.
656 1634 821 1699 Quod
855 1634 935 1689 sic
956 1634 1262 1705 adaptatur
1291 1635 1417 1690 dico
1447 1636 1878 1706 congregabit.Et

1982 486 2039 539 et
2075 485 2338 553 deducet,
2369 484 2485 539 sint
2522 482 2771 539 materia
2799 498 2976 553 quare
3003 481 3108 555 ipsi
3134 484 3371 539 laudent
3397 484 3591 539 Domi-

1977 590 2118 629 num
2137 575 2330 641 corde,
2351 591 2472 640 ore,
2491 576 2548 628 et
2563 570 2919 645 operatione.
2936 569 3013 624 Et
3031 588 3149 626 non
3167 573 3589 645 qualiacunque

1974 662 2256 717 beneficia
2282 664 2472 729 erunt,
2501 661 2601 716 sed
2622 660 2897 715 mirabilia
2919 658 3248 715 exhibenda
3266 662 3392 730 ﬁliis
3416 664 3587 717 homi-

1975 767 2104 804 num
2121 767 2463 822 promorum
2479 750 2618 805 Ade:
2632 749 2896 805 videlicet
2914 750 2971 803 et
2986 750 3134 818 Evm,
3151 748 3249 820 qui
3273 766 3389 804 non
3417 753 3589 805 erunt

1975 840 2161 894 solum
2187 839 2289 894 ﬁlii
2303 838 2623 894 secundum
2647 836 3071 909 originem,sed
3085 836 3407 891 secundum
3426 854 3585 893 mor—

1974 927 2044 982 tis
2070 928 2597 1000 participationem.
2631 927 2779 981 Illud
2805 925 2964 980 enim
2996 924 3261 981 mirabile
3292 925 3403 981 erit
3432 927 3588 998 quod

1974 1032 2078 1087 per
2102 1016 2279 1071 ﬁdem
2312 1020 2574 1072 mortuos
2608 1014 2923 1070 suscitabit.
2958 1015 3186 1087 Repetit
3230 1018 3425 1070 autem
3466 1015 3588 1086 ipsa

1972 1105 2259 1160 beneﬁcia
2275 1123 2403 1177 quae
2426 1104 2683 1177 plurima
2699 1106 2852 1171 sunt,
2871 1106 3155 1175 quantum
3168 1103 3242 1158 ad
3258 1105 3450 1174 plures
3464 1119 3589 1176 per-

1975 1211 2165 1261 sonas,
2192 1198 2253 1248 ut
2283 1194 2472 1266 magis
2501 1212 2600 1250 eos
2625 1194 2696 1249 ad
2719 1193 2822 1248 Dei
2840 1193 3071 1248 laudem
3087 1191 3420 1255 incitet,sic:
3443 1194 3587 1249 Vere

1973 1282 2237 1338 conﬁteri
2270 1284 2487 1339 debent
2516 1283 2781 1338 contuitu
2805 1282 3014 1336 harum
3036 1280 3585 1349 misericordiarum,

1974 1374 2099 1443 quia
2131 1374 2368 1439 satiavit,
2398 1372 2582 1427 id'est
2606 1371 2810 1425 satiate
2838 1373 2897 1426 et
2921 1371 3080 1442 large
3104 1370 3353 1440 replebit
3382 1386 3587 1425 eorum

1976 1461 2223 1515 animam
2247 1461 2401 1533 prius
2424 1462 2656 1527 inanem,
2672 1460 2731 1513 id
2744 1463 2831 1514 est
2850 1474 3091 1513 vacuam
3117 1460 3175 1512 et
3198 1461 3440 1513 animam
3469 1476 3590 1512 esu-

1978 1551 2201 1605 rientem
2232 1551 2398 1617 bonis,
2437 1549 2496 1604 id
2539 1553 2627 1604 est
2655 1548 2822 1603 valde
2864 1546 3297 1603 desiderantem
3340 1546 3585 1602 satiavit.

1979 1638 2161 1708 Large
2191 1638 2440 1709 replebit
2469 1636 2638 1692 bonis
2653 1636 2783 1703 illis,
2805 1635 2919 1689 ﬁde
2936 1634 3170 1701 scilicet,
3190 1639 3246 1689 et
3266 1635 3587 1703 virtutibus,

267 1742 400 1781 ecce
430 1725 584 1780 unde
610 1741 695 1777 cos
722 1724 1061 1794 congregabit
1092 1723 1162 1777 de
1184 1740 1402 1790 errore,
1427 1724 1642 1779 scilicet
1666 1725 1873 1780 inﬁde-
1901 1730 1953 1789 B
1977 1730 2035 1781 et
2065 1727 2378 1782 intellectu.
2412 1726 2579 1791 Quod
2602 1725 2813 1797 repetit
2846 1731 2897 1779 et
2934 1725 3172 1778 animam
3199 1723 3329 1778 ideo
3362 1723 3498 1779 facit
3530 1734 3591 1779 ut

265 1814 465 1870 litatis.
493 1815 833 1870 Erraverunt
858 1812 1038 1876 enim,
1068 1813 1125 1868 id
1167 1817 1253 1868 est
1290 1813 1567 1869 errabant
1612 1815 1781 1884 positi
1821 1816 1877 1868 in

264 1904 570 1969 solitudine,
603 1902 819 1957 scilicet
837 1900 1214 1969 inﬁdelitatis,
1243 1900 1458 1957 scilicet
1486 1902 1746 1970 solitarii,
1770 1920 1876 1958 nec

268 1992 531 2048 associati
586 1992 799 2063 populo
838 1989 1070 2045 Judaico
1121 1989 1221 2044 Dei
1272 1993 1560 2063 utcunque
1608 1992 1876 2048 notitiam

275 2080 535 2137 habenti.
566 2082 633 2135 Et
664 2079 863 2150 positas
895 2081 950 2133 in
980 2080 1251 2149 inaquoso,
1284 2078 1344 2132 id
1390 2081 1476 2133 est
1504 2078 1564 2132 in
1609 2077 1877 2134 ariditate

272 2168 487 2236 cordis,
523 2170 783 2223 carentes
827 2182 977 2238 aqua
1020 2165 1294 2220 doctrinae
1328 2169 1387 2220 et
1430 2165 1773 2221 intellectus.
1810 2169 1880 2221 Et

273 2259 513 2331 quidam
545 2272 747 2312 eorum
787 2253 1115 2326 philosophi
1141 2254 1374 2321 scilicet,
1403 2256 1680 2310 esurientes
1728 2263 1776 2310 et
1804 2258 1876 2311 si-

276 2350 482 2414 tientes,
498 2347 554 2401 id
577 2348 663 2409 est
680 2343 840 2399 valde
854 2343 1249 2399 desiderantes
1269 2345 1343 2399 ad
1362 2344 1605 2399 modum
1630 2344 1879 2401 esurien-

278 2436 422 2492 tium
452 2439 509 2489 et
540 2432 881 2499 sitientium,
904 2432 1132 2487 ratione
1152 2450 1253 2486 sua
1283 2432 1541 2487 invenire
1563 2451 1676 2505 qua
1697 2433 1784 2489 via
1806 2435 1881 2490 ad

274 2525 565 2581 civitatem
599 2522 893 2577 caelestem
927 2520 1337 2592 pervenirent;
1370 2539 1476 2576 non
1504 2524 1702 2577 tamen
1735 2524 1877 2577 inve-

273 2617 471 2668 nerunt
502 2612 651 2667 viam
683 2611 912 2665 civitatis
936 2610 1314 2676 habitaculi,in
1328 2627 1443 2681 qua
1470 2627 1588 2665 non
1616 2613 1701 2665 est
1721 2628 1881 2682 pere-

279 2702 556 2773 grinatio,
585 2700 684 2754 sed
709 2698 980 2771 perennis
1010 2698 1311 2773 habitatio.
1341 2700 1409 2753 Et
1434 2716 1538 2771 per
1560 2701 1670 2754 hoc
1692 2700 1883 2755 innuit

279 2771 559 2862 quoniam
588 2788 784 2847 idiotaa
810 2786 910 2859 qui
941 2786 1090 2841 viam
1339 2804 1457 2842 non
1491 2787 1841 2859 quaesierunt
1864 2806 1877 2857 ;

281 2880 466 2934 multo
489 2877 682 2932 minus
706 2875 1323 2948 inveneruntnLegitur
1337 2877 1548 2947 quippe
1582 2878 1882 2932 Platonem

281 2969 353 3023 de
383 2965 660 3021 Trinitate
683 2964 1019 3037 disputasse,
1049 2965 1149 3020 sed
1181 2965 1251 3019 de
1284 2965 1452 3020 Verbi
1484 2965 1882 3020 incarnatione

277 3054 498 3110 notitias
516 3053 598 3108 nil
616 3025 904 3108 habuisse.
925 3025 1087 3108 Unde
1105 3052 1164 3107 in
1196 3052 1442 3107 Canticis
1476 3070 1490 3108 :
1519 3076 1545 3103 «
1582 3055 1645 3109 In
1675 3053 1882 3108 lectulo
1908 3025 1953 3085 α

274 3160 408 3199 meo
427 3142 659 3214 quaesivi
682 3158 856 3214 quem
878 3141 1271 3213 diligitanima
1297 3159 1448 3209 mea,
1473 3141 1704 3214 quaesivi
1721 3142 1884 3197 illum

274 3236 334 3288 et
361 3249 480 3287 non
511 3230 703 3286 inveni
730 3228 916 3302 (Cant.
949 3247 1030 3298 Ill,
1068 3229 1139 3302 l).
1168 3249 1198 3282 »
1232 3231 1299 3284 Et
1330 3230 1540 3284 eodem
1571 3232 1749 3286 modo
1789 3231 1884 3285 alii

270 3319 600 3394 philosophi
615 3320 687 3375 de
707 3335 936 3374 summo
956 3320 1110 3374 bono
1126 3321 1264 3387 Deo,
1278 3319 1492 3374 scilicet
1508 3319 1882 3390 disputantes,

273 3410 537 3481 ejusdem
563 3408 978 3464 incarnationis
1005 3408 1120 3463 ﬁde
1161 3411 1492 3464 caruerunt.
1523 3408 1773 3481 Ideoque
1801 3426 1881 3464 er-

272 3503 544 3555 ravemnt.

344 3588 654 3654 Errabant,
689 3589 952 3658 inquam,
984 3593 1032 3641 et
1058 3588 1242 3641 anima
1267 3601 1449 3640 eorum
1478 3586 1535 3638 in
1560 3586 1685 3656 ipsis
1703 3584 1882 3639 conﬁ-

272 3678 438 3747 dens,
469 3677 542 3732 ab
574 3677 869 3731 intellectu
908 3678 965 3730 et
1006 3673 1167 3730 omni
1205 3674 1415 3729 virtute
1454 3673 1666 3744 defecit,
1712 3672 1769 3727 id
1800 3676 1886 3727 est

272 3765 520 3821 deﬁciet.
558 3765 723 3830 Quod
753 3768 838 3819 est
858 3764 1048 3819 dicere
1077 3780 1090 3818 :
1123 3762 1265 3827 Quia
1296 3778 1401 3834 per
1450 3778 1510 3816 se
1559 3761 1796 3815 virtutes
1825 3763 1884 3814 et

273 3853 630 3915 intellectum
661 3854 876 3909 habere
904 3854 1210 3925 putabunt,
1237 3852 1308 3907 ab
1330 3850 1419 3906 his
1447 3849 1718 3905 omnibus
1748 3849 1883 3905 deﬁ-

274 3947 447 4001 cient.
476 3945 602 3999 Non
634 3942 793 3998 enim
823 3942 1062 3997 virtutes
1092 3943 1150 3996 et
1178 3943 1369 3996 rectus
1404 3940 1725 3995 intellectus
1760 3955 1881 3993 esse

274 4034 517 4090 dicenda
536 4034 826 4103 sunt,quas
842 4031 964 4086 sine
982 4030 1095 4085 ﬁde
1108 4033 1166 4085 et
1186 4030 1468 4085 charitate
1491 4026 1883 4084 habentur.Et

278 4121 526 4177 errando
546 4123 602 4175 et
633 4119 954 4175 deﬁciendo
973 4117 1424 4185 clamaverunt,id
1440 4119 1526 4172 est
1549 4117 1883 4171 clamabunt

278 4209 350 4263 ad
375 4209 569 4275 Deum,
600 4224 717 4263 non
747 4225 900 4273 voce,
932 4224 1052 4262 non
1085 4207 1416 4271 affectione;
1448 4205 1550 4261 sed
1580 4222 1699 4260 eum
1720 4206 1884 4259 tribu-

1977 1815 2155 1870 addat
2180 1817 2515 1882 esurientem,
2550 1831 2614 1869 ac
2643 1814 2689 1868 si
2718 1812 2873 1869 dicat
2893 1829 2912 1867 ~:
2947 1812 3081 1867 Ideo
3128 1811 3327 1867 anima
3382 1829 3589 1867 eorum

1976 1903 2243 1975 replebit,
2278 1904 2415 1976 quia
2457 1903 2553 1957 illa
2603 1901 2834 1957 esuriet.
2870 1902 3049 1956 Datur
3100 1905 3297 1956 autem
3344 1899 3588 1971 intelligi

1979 1992 2137 2062 quod
2192 1993 2406 2047 multos
2452 1991 2659 2046 idiotas
2699 1989 2759 2044 in
2798 1989 2951 2045 viam
3000 1992 3220 2044 rectam
3250 1988 3386 2044 ﬁdei
3417 1989 3591 2044 dedu-

1978 2083 2131 2143 cent,
2165 2080 2263 2152 qui
2294 2081 2454 2159 prius
2482 2096 2612 2135 eam
2645 2095 2904 2151 quaarere
2936 2078 3283 2133 nescierunt.

2051 2170 2231 2225 Primi
2256 2170 2493 2242 quidem
2526 2168 2767 2242 periculi
2785 2168 3087 2240 ereptione
3105 2170 3357 2234 ostensa,
3375 2165 3594 2221 secundi

1979 2259 2343 2329 ereptionem
2365 2258 2669 2313 ostendere
2697 2256 3067 2312 sic'intendit.
3099 2257 3225 2311 Non
3254 2257 3442 2310 solum
3469 2271 3591 2310 esu-

1978 2346 2195 2402 rientes
2207 2347 2460 2414 satiabit,
2478 2347 2574 2401 sed
2594 2348 2725 2418 post
2743 2347 2894 2400 hanc
2908 2344 3273 2416 ereptionem
3297 2346 3512 2399 multos
3522 2361 3592 2398 ex

1979 2435 2067 2491 his
2097 2438 2328 2507 ereptos
2355 2436 2606 2501 sedentes,
2640 2434 2697 2488 id
2729 2437 2816 2488 est
2844 2434 3231 2489 immorantes
3277 2435 3333 2486 in
3362 2433 3591 2487 tenebris

1981 2528 2372 2596 peccatorum,
2392 2531 2442 2578 et
2471 2523 2532 2577 in
2564 2522 2674 2577 illis
2703 2523 2978 2590 tenebris,
3011 2539 3139 2594 qua:
3182 2523 3354 2576 erunt
3397 2521 3591 2575 umbra

1980 2616 2186 2681 mortis,
2220 2613 2281 2668 id
2311 2617 2396 2668 est
2424 2612 2680 2667 tenebras
2722 2611 2997 2666 ducentes
3027 2610 3100 2665 ad
3134 2613 3389 2664 mortem
3420 2612 3590 2664 ester-

1981 2719 2143 2768 nam,
2172 2703 2353 2756 solvet
2382 2717 2415 2755 a
2444 2699 2700 2755 tenebris
2732 2699 2860 2766 illis,
2903 2698 3119 2753 scilicet
3146 2715 3180 2752 a
3205 2696 3452 2769 peccatis
3477 2697 3585 2752 cri-

1984 2790 2312 2845 minalibus.
2339 2790 2614 2843 Tenebrae
2639 2790 2697 2842 et
2716 2786 3093 2842 umbraidem
3117 2785 3211 2841 hic
3238 2784 3584 2857 signiﬁcant;

1981 2878 2230 2933 Sedentes
2261 2880 2315 2930 in
2334 2878 2581 2944 tenebris,
2614 2876 2879 2948 inquam,
2909 2879 2969 2930 et
2993 2877 3194 2929 vinctos
3224 2874 3285 2928 in
3309 2874 3417 2930 illis
3436 2878 3593 2930 tene-

1984 2967 2101 3021 bris
2117 2983 2151 3021 a
2164 2983 2341 3038 prava
2361 2964 2776 3021 consuetudine
2795 2981 2868 3019 ne
2892 2981 2994 3035 per
3006 2981 3064 3018 se
3086 2962 3305 3033 possint
3326 2964 3588 3032 evadere,

1985 3060 2043 3112 et
2072 3056 2131 3111 in
2158 3057 2268 3110 hoc
2298 3055 2536 3127 quidem
2564 3054 2752 3124 majus
2791 3052 3141 3109 beneﬁcium
3191 3053 3501 3108 denotatur
3530 3052 3591 3107 in

1986 3162 2188 3201 eorum
2210 3144 2516 3199 solutione.
2531 3143 2784 3210 Vinctos,
2803 3141 3066 3214 inquam,
3089 3158 3265 3213 prava
3285 3145 3591 3198 consuetu-

1986 3234 2119 3289 dine
2150 3233 2509 3305 persistendo
2550 3234 2607 3287 in
2641 3230 2979 3287 mendicitate
3007 3238 3057 3285 et
3083 3231 3251 3301 ferro,
3298 3230 3357 3285 id
3406 3233 3494 3286 est
3532 3231 3591 3287 in

1985 3324 2090 3377 feri
2105 3339 2173 3378 ea
2186 3321 2584 3388 mendicitate,
2605 3320 2818 3376 scilicet
2846 3320 2906 3374 in
2928 3318 3221 3375 insolubili
3250 3323 3592 3391 paupertate

1986 3411 2417 3477 imbecillitatis,
2449 3409 2585 3481 quia
2614 3409 2690 3464 sic
2720 3408 3037 3465 imbecilles
3086 3411 3258 3463 erunt
3302 3424 3370 3462 ex
3416 3425 3593 3479 prava

1984 3499 2422 3566 consuetudine,
2456 3499 2611 3569 quod
2638 3498 2886 3569 peccatis
2916 3497 3243 3569 nequibunt
3266 3496 3593 3566 resistere,a

1985 3586 2362 3643 similitudine
2391 3586 2715 3654 imbecillis,
2761 3586 2859 3657 qui
2890 3586 3082 3641 ferrea
3108 3585 3355 3652 vincula,
3388 3585 3592 3657 quibus

1984 3676 2248 3732 astrictus
2278 3678 2384 3742 est,
2402 3674 2605 3747 nequit
2630 3675 2897 3729 evadere.
2933 3674 3068 3729 Dico
3096 3674 3295 3727 vinctos
3316 3674 3372 3726 in
3400 3673 3592 3730 ferrea

1982 3764 2340 3831 mendicitate,
2374 3765 2433 3817 et
2457 3762 2593 3817 inde
2626 3760 2925 3833 continget
2954 3777 3051 3816 eos
3071 3759 3455 3817 insolubiliter
3475 3761 3593 3817 vin-

1981 3853 2103 3920 ciri,
2127 3853 2252 3922 quia
2285 3851 2735 3908 exacerbaverunt
2755 3850 2964 3921 eloquia
2987 3849 3237 3917 Domini,
3261 3847 3321 3903 id
3347 3853 3433 3904 est
3457 3850 3592 3922 quia

1982 3942 2188 3997 acerba
2199 3943 2257 3996 et
2274 3939 2468 4012 gravia
2482 3940 2839 4011 reputabunt
2857 3940 3152 4009 praecepta
3168 3936 3423 4006 Domini;
3437 3955 3588 4010 quae,

1981 4030 2027 4086 si
2058 4029 2407 4100 eisjucunda
2423 4030 2481 4084 et
2502 4027 2775 4083 amabilia
2796 4026 3276 4093 viderentur,non
3297 4024 3375 4080 sic
3393 4027 3590 4099 utique

1982 4116 2351 4172 vincirentur.
2386 4114 2844 4180 Exacerbabunt,
2878 4113 3138 4184 inquam,
3166 4115 3456 4186 prmeepta
3485 4115 3593 4169 Do-

1984 4205 2129 4261 mini
2157 4211 2205 4260 et
2230 4204 2528 4271 consilium,
2546 4203 2605 4258 id
2636 4206 2723 4258 est
2755 4204 3048 4275 praecepta
3076 4201 3322 4256 altissimi
3344 4203 3592 4274 sapienti

276 4299 536 4364 larentur,
559 4296 617 4351 id
645 4299 730 4351 est
754 4313 887 4350 cum
910 4296 1019 4350 hoc
1046 4295 1157 4350 erit
1175 4294 1331 4367 quod
1352 4294 1784 4349 tribulabuntur
1811 4294 1883 4349 ab
1906 4314 1958 4372 D
1983 4294 2216 4351 consilio
2243 4294 2437 4350 danda
2474 4292 2872 4349 exacerbando
2906 4294 3270 4358 irritaverant,
3300 4290 3361 4344 id
3403 4293 3489 4345 est
3518 4291 3591 4345 ad

278 4386 565 4442 anxietate
595 4383 961 4456 ignorantiae.
998 4384 1165 4450 Cum,
1202 4382 1557 4439 causativum
1605 4387 1707 4449 est,
1743 4399 1807 4438 ac
1837 4381 1880 4436 si

280 4474 433 4530 dicat
450 4490 463 4527 :
480 4474 606 4543 Ipsa
627 4470 861 4525 miseria
877 4469 1265 4525 tribulationis
1289 4485 1490 4523 eorum
1524 4468 1796 4523 clamabit
1812 4468 1884 4522 ad

278 4561 614 4627 Dominum,
647 4575 777 4614 cum
802 4559 909 4613 hoc
941 4557 1051 4612 erit
1080 4557 1234 4628 quod
1263 4556 1454 4611 minus
1480 4556 1883 4624 anxiabuntur,

278 4667 347 4705 eo
379 4648 537 4721 quod
565 4647 639 4702 ad
665 4647 816 4701 viam
837 4646 1049 4701 summi
1068 4646 1206 4701 boni
1228 4645 1516 4717 attingere
1540 4644 1881 4718 nequibunt.

278 4737 353 4792 Et
382 4737 646 4791 Dominus
670 4737 884 4807 eripuit,
912 4734 970 4790 id
1020 4737 1105 4789 est
1142 4734 1348 4806 eripiet
1389 4750 1472 4789 eos
1509 4734 1573 4788 de
1614 4735 1886 4789 necessita-

278 4827 437 4893 tibus,
461 4825 520 4880 id
550 4828 637 4879 est
666 4824 737 4879 de
762 4823 1200 4896 paupertatibus
1220 4841 1419 4892 eorum,
1449 4824 1518 4879 de
1541 4825 1652 4879 hoc
1672 4822 1884 4879 scilicet

278 4913 434 4987 quod
461 4915 704 4985 egentes
736 4914 909 4967 erunt
933 4912 1071 4980 ﬁde,
1108 4911 1410 4966 virtutibus
1461 4914 1519 4967 et
1563 4912 1878 4967 intellectu.

280 5002 441 5079 Unde
462 4999 1254 5070 valdeeoseripinecesseest.
1278 4999 1357 5054 Et
1393 5000 1503 5055 hoc
1545 5002 1718 5057 modo
1756 5000 1881 5072 qui-

280 5091 413 5147 dem
445 5089 652 5162 eripiet
678 5089 834 5161 quod
863 5105 945 5142 eos
974 5090 1205 5160 ereptos
1234 5088 1305 5142 ab
1328 5106 1523 5144 errore
1555 5089 1793 5157 deduxit,
1823 5089 1882 5143 id

279 5182 364 5234 est
394 5179 641 5234 deducet
690 5180 746 5231 in
785 5179 930 5233 viam
974 5183 1169 5231 rectam
1196 5176 1329 5231 ﬁdei
1361 5180 1417 5231 et
1446 5178 1790 5243 intellectus,
1822 5186 1884 5233 ut

277 5268 389 5322 hac
402 5267 492 5321 via
505 5269 665 5333 irent,
684 5266 741 5320 id
757 5268 843 5319 est
861 5268 999 5320 eant
1016 5267 1070 5319 in
1085 5266 1351 5319 civitatem
1368 5265 1734 5336 habitationis,
1764 5284 1882 5321 non

276 5353 783 5429 peregrinationis,
802 5353 1019 5409 scilicet
1040 5354 1098 5408 in
1114 5354 1466 5409 Hierusalem
1487 5356 1798 5410 caelestem.
1819 5358 1884 5411 Et

279 5444 414 5515 quia
438 5445 559 5500 haec
576 5443 857 5500 beneﬁcia
877 5443 957 5499 eis
976 5442 1255 5511 conferet,
1280 5444 1486 5498 hortor
1512 5447 1572 5498 ut
1603 5445 1886 5515 conﬁtean-

294 5540 387 5588 tur
433 5534 642 5589 laudem
678 5532 911 5587 Domino
950 5531 1322 5587 misericordia
1363 5534 1496 5604 ejus,
1530 5534 1588 5588 id
1637 5536 1732 5601 est,
1764 5534 1886 5590 haec

1984 4384 2128 4439 iram
2156 4384 2550 4451 provocabunt
2567 4381 2729 4436 illum
2752 4380 3114 4444 Altissimum,
3135 4378 3291 4449 quod
3316 4376 3591 4451 equidem

2204 4472 2315 4526 erit
2336 4471 2499 4526 valde
2521 4468 2923 4535 temerarium,
2941 4483 3075 4522 cum
3097 4464 3404 4522 altissimus
3422 4467 3495 4522 sit
3531 4470 3591 4524 et

1986 4561 2059 4614 ad
2080 4559 2468 4615 ulciscendum
2485 4562 2711 4629 potens.
2740 4555 3029 4620 Quoniam
3043 4559 3237 4611 autem
3259 4572 3358 4612 eos
3371 4556 3594 4612 dixerat

1986 4647 2464 4717 vinctos,ostendit
2476 4647 2556 4702 sic
2567 4645 2786 4701 vinctos
2800 4647 2863 4701 ut
2874 4646 3031 4701 nullo
3045 4646 3172 4701 nisu
3183 4645 3470 4718 possintse
3485 4648 3593 4702 sol-

1987 4753 2138 4805 vere,
2160 4739 2224 4791 ut
2239 4735 2350 4807 maj
2363 4753 2424 4791 us
2442 4738 2721 4807 appareat
2741 4734 3089 4791 beneﬁcium
3107 4735 3168 4790 in
3199 4751 3404 4790 eorum
3434 4736 3587 4789 solu-

1987 4826 2163 4881 tione.
2180 4825 2315 4881 Dico
2332 4826 2487 4898 quod
2500 4824 2674 4881 vincti
2691 4826 2950 4893 erunt,et
2965 4824 3045 4879 sic
3062 4823 3239 4878 vineti
3266 4822 3444 4894 quod,
3458 4822 3593 4878 licet

1985 4917 2105 4970 toto
2126 4914 2250 4969 nisu
2272 4914 2515 4970 rationis
2541 4931 2600 4969 se
2625 4916 2844 4970 solvere
2868 4913 3359 4975 laborent,tamen
3389 4910 3593 4983 persis-

1985 5004 2159 5059 tendo
2173 5003 2231 5057 in
2249 5003 2542 5059 laboribus
2558 5002 2816 5058 solvendi
2833 5017 2892 5056 se
2902 5000 3091 5068 ,cor,id
3104 4999 3397 5054 estanima
3407 5015 3590 5054 eorum

1984 5092 2329 5149 humiliatum
2340 5093 2500 5161 est,id
2519 5095 2605 5147 est
2622 5089 3021 5147 humiliabitur
3036 5089 3139 5144 sub
3152 5088 3419 5160 peccatis,
3440 5090 3498 5144 et
3517 5088 3589 5145 ab

1983 5182 2063 5237 eis
2080 5182 2530 5253 superabitur,et
2544 5179 2624 5235 sic
2640 5179 2797 5251 quod
2816 5179 3082 5248 inﬁrmati
3098 5176 3315 5242 sunt,id
3326 5174 3586 5232 estinﬁr-

1982 5271 2469 5337 mabuntur,adeo
2492 5272 2557 5323 ut
2575 5268 2636 5323 in
2657 5266 2934 5339 peccandi
2949 5266 3432 5322 consuetudinem
3446 5265 3593 5320 deci-

1984 5360 2144 5426 dant,
2177 5375 2271 5415 nec
2295 5359 2404 5428 fuit
2428 5359 2524 5430 qui
2565 5356 2868 5429 adjuvaret,
2892 5357 2953 5414 id
2981 5360 3065 5412 est
3098 5373 3214 5413 non
3246 5355 3358 5413 erit
3385 5353 3592 5427 aliquis

1984 5451 2196 5519 praeter
2214 5449 2395 5502 Deum
2415 5445 2513 5519 qui
2538 5446 2718 5519 possit
2751 5463 2849 5502 eos
2868 5446 3162 5518 adjuvare,
3188 5444 3491 5519 eripienda
3521 5442 3593 5498 ab

1984 5538 2090 5592 hac
2119 5534 2477 5592 inﬁrmitate.
2503 5533 2583 5593 Et
2628 5535 2757 5629 ideo
2795 5535 3163 5592 clamauerunt
3192 5535 3263 5591 ad
3294 5535 3613 5593 Dominum‘
