4008 6040
472 284 625 350 "1207

1091 289 1129 345 s
1196 273 1542 343 nauuoms
1580 271 2216 342 CARTHUSIANORUM
2249 269 2721 335 INsm‘U'roms
2761 272 2916 334 OPP.
2960 275 3138 334 PARS
3173 277 3198 332 ι

3679 278 3846 338 me

487 430 611 473 cum
642 413 1048 482 tribularentur,
1074 412 1287 468 scilicet
1308 411 1443 486 quia
1472 415 1578 482 per
1605 420 1666 464 se
1683 396 2095 464 insufﬂcientos
2118 411 2174 470 Α
2196 418 2350 472 rum,
2383 405 2442 460 et
2472 404 2543 459 de
2568 402 2810 458 interitu
2843 404 3063 459 aeterno
3108 401 3168 458 in
3195 416 3369 475 quem
3394 403 3757 461 deciderent
3790 406 3843 460 si

488 504 679 570 erunt,
707 501 1043 556 clamabunt
1072 500 1145 555 ad
1171 499 1490 555 Dominum
1515 513 1652 553 voce
1684 499 1743 552 et
1762 494 2087 559 affectione,

490 610 621 648 cum
649 589 887 647 interius
928 608 962 645 a
1002 588 1153 645 vitiis
1178 589 1624 655 tribulabuntur,
1653 593 1702 640 et
1729 586 1792 640 de
1820 585 2092 639 neceSsita-

497 682 638 737 tibus
665 697 847 736 eorum
873 679 1115 733 liberavit
1139 694 1241 745 eos,
1271 674 1331 731 id
1370 679 1455 731 est
1492 676 1564 730 de
1600 676 1707 729 hac
1753 674 2094 746 paupertate

498 766 882 825 mendicitatis
896 765 1165 823 liberabit
1179 783 1299 832 eos,
1324 768 1380 820 et
1399 766 1506 819 hoc
1526 763 1702 819 modo
1720 762 1959 834 quidem
1990 760 2094 815 sci-

488 856 624 913 licet
653 864 703 913 et
726 857 926 923 eduxit,
975 855 1036 910 id
1077 858 1161 910 est
1191 853 1450 910 extrahet
1491 869 1573 907 eos
1609 868 1715 923 per
1761 850 2013 923 gratiam
2036 848 2098 902 de

493 946 734 1014 tenebris,
774 951 823 999 et
852 946 922 1000 de
952 944 1060 999 illis
1100 959 1226 1014 qua:
1280 944 1414 998 sunt
1445 940 1635 994 umbra
1691 941 1896 1000 mortis,
1923 938 1984 993 id
2015 940 2101 992 est

494 1034 701 1089 umbra
718 1033 931 1088 ducens
946 1032 1018 1086 ad
1035 1034 1311 1097 mortem,
1326 1032 1384 1084 et
1401 1028 1613 1083 vincula
1646 1044 1826 1083 eorum
1851 1027 2096 1096 disrupit,

494 1122 552 1178 id
572 1125 658 1178 est
683 1122 906 1177 vincula
931 1137 1119 1193 pravze
1144 1118 1579 1175 consuetudinis
1607 1122 1665 1172 et
1689 1115 2102 1171 imbecillitatis

496 1209 817 1281 disrumpet
841 1209 901 1263 in
918 1208 1022 1275 eis,
1039 1209 1096 1261 et
1119 1207 1375 1262 destruet
1412 1222 1484 1259 ne
1520 1205 1592 1259 ab
1618 1204 1707 1260 his
1731 1204 1969 1258 ulterius
1998 1203 2101 1257 im-

476 1297 818 1369 pediantur.
843 1294 911 1351 Et
936 1295 1216 1368 quoniam
1234 1294 1357 1349 haec
1386 1291 1797 1348 misericordia:
1820 1291 2101 1347 beneficia

494 1385 573 1441 cis
602 1385 926 1458 impendet,
955 1384 1310 1453 conﬁteantur
1334 1383 1572 1437 Domino
1604 1381 1694 1435 ha:
1729 1380 2099 1435 misericordia?

493 1473 626 1544 eius,
658 1480 708 1529 et
760 1471 1034 1527 mirabilia
1087 1472 1200 1542 eius
1252 1470 1577 1525 exhibenda
1622 1470 1745 1539 ﬁliis
1781 1470 2095 1536 hominum;

494 1562 604 1618 hoc
634 1565 698 1617 ut
722 1562 980 1634 superius
1011 1561 1336 1631 exponitur.

566 1650 797 1722 Repetit
826 1651 1022 1705 autem
1053 1650 1126 1704 ad
1157 1647 1729 1703 commendationem
1757 1649 1860 1702 has
1882 1645 2100 1701 miseri-

2195 492 2258 547 in
2272 493 2384 548 hoc
2402 491 2559 547 tadio
2588 494 2982 547 remanerent.
3017 492 3167 563 Ergo
3189 492 3545 561 conﬁteantur
3572 494 3841 549 Domino
3946 508 3947 517 ‘

2196 580 2320 637 istm
2348 579 2724 635 misericordiae
2754 580 2888 651 ejus,
2920 584 2969 632 et
3000 579 3271 634 mirabilia
3316 582 3432 652 ejus
3481 582 3837 638 exhibenda

2196 670 2329 740 ﬁliis
2350 670 2644 736 hominum,
2678 672 2743 743 et
2784 669 2893 743 hoc
2939 683 3188 740 quoque,
3226 671 3291 724 ut
3324 670 3590 742 superius
3634 688 3835 743 expo-

2198 738 2375 812 nitur.
2392 756 2469 812 Et
2487 770 2618 813 cum
2784 741 2801 828 I
2847 756 2899 811 ei
2916 738 3092 813 corde
3110 760 3168 812 et
3186 772 3287 813 ore
3308 762 3367 812 et
3383 738 3562 831 opere
3573 738 3836 815 conlita.

2196 847 2432 913 buntur,
2490 846 2789 915 sacriﬁcent
2844 847 2894 899 ei
2945 846 3276 915 sacriﬁcium
3341 846 3533 916 laudis,
3597 848 3829 904 scilicet

2200 934 2521 990 devoveant
2548 935 2602 989 ei
2632 951 2751 990 non
2776 934 3025 1008 pecudes
3043 938 3143 990 aut
3173 935 3448 1009 quaelibet
3474 938 3827 1009 hujusmodi

2200 1023 2498 1089 sacriﬁcia;
2528 1023 2627 1078 sed
2658 1024 2911 1090 laudem,
2946 1023 3103 1095 quod
3128 1024 3184 1079 ei
3213 1024 3324 1079 erit
3350 1024 3703 1081 delectabile
3728 1043 3823 1081 sa-

2201 1111 2502 1169 criﬁcium.
2527 1111 2603 1166 Et
2618 1113 2726 1167 hoc
2741 1112 2980 1184 quidem
2992 1113 3169 1168 modo
3192 1110 3317 1168 dico
3340 1131 3443 1170 eos
3462 1115 3823 1170 sacriﬁcium

2199 1200 2382 1255 laudis
2399 1201 2807 1263 sacriﬁcare,ut
2828 1202 2937 1256 hoc
2962 1201 3118 1273 quod
3142 1204 3275 1256 sunt
3296 1218 3415 1259 non
3438 1203 3699 1267 taediOsi,
3721 1203 3827 1258 sed

2199 1288 2478 1344 charitate
2507 1288 2735 1356 fervidi,
2768 1303 2887 1362 non
2927 1289 3193 1360 sibiipsis,
3226 1291 3325 1345 sed
3356 1293 3474 1346 Deo
3510 1292 3570 1346 in
3612 1295 3825 1346 mente

2199 1392 2301 1431 sua
2329 1376 2640 1445 ascribunt,
2668 1380 2728 1432 et
2756 1377 2933 1433 etiam
2960 1380 3289 1434 annuntiat
3330 1380 3402 1434 ad
3432 1379 3535 1435 Dei
3576 1380 3823 1437 laudem

2200 1465 2326 1520 aliis
2358 1468 2415 1519 in
2442 1465 2788 1522 exsultatione
2815 1483 2973 1538 opera
3003 1467 3129 1539 ejus
3152 1467 3211 1523 in
3253 1468 3452 1540 seipsis
3483 1469 3821 1531 existentia,

2199 1552 2414 1609 scilicet
2438 1556 2787 1610 annuntient
2805 1557 2917 1611 hoc
2936 1558 3091 1629 quod
3111 1559 3254 1613 tales
3287 1560 3439 1626 sunt,
3470 1558 3823 1629 operatione

2201 1640 2303 1697 Dei
2333 1658 2475 1698 esse.

496 1738 722 1794 cordias
747 1738 826 1794 sic
856 1755 868 1793 :
905 1736 1298 1805 Conﬁteantur,
1329 1736 1592 1808 inquam,
1625 1740 1685 1791 et
1712 1737 1818 1791 hoc
1846 1752 1914 1790 ea
1937 1752 2097 1790 occa-
2121 1731 2173 1791 B
2275 1728 2544 1797 Quartum
2576 1749 2806 1804 quoque
2825 1735 3147 1805 periculum,
3189 1735 3345 1806 quod
3384 1735 3519 1789 solis
3558 1734 3825 1806 praelatis

496 1826 677 1895 sione,
710 1828 837 1900 quia
888 1827 1141 1881 contrivit
1178 1831 1367 1897 portas
1394 1840 1582 1891 aereas,
1616 1832 1665 1879 et
1708 1832 1871 1881 vectes
1903 1826 2100 1895 ferreos

494 1917 779 1987 confregit,
806 1913 1020 1970 scilicet
1042 1916 1306 1969 conteret
1323 1917 1380 1968 et
1407 1913 1737 1985 confringet
1758 1916 1817 1967 et
1844 1914 2102 1968 destruet

494 2004 558 2059 in
590 2003 674 2058 eis
695 2004 935 2060 omnino
958 2018 1198 2075 pravam
1232 2002 1711 2057 consuetudinem
1730 2005 1788 2057 et
1808 2001 2103 2057 imbecilli-

494 2095 834 2165 tatem,qum
848 2091 1117 2147 dicuntur
1133 2107 1299 2145 aerea:
1317 2094 1499 2161 porta:
1523 2093 1581 2144 et
1596 2090 1767 2161 ferrei
1788 2092 1997 2158 vectes,
2031 2106 2099 2145 eo

499 2180 657 2253 quod
686 2179 842 2252 ipsos
869 2181 1067 2251 captos
1093 2179 1381 2234 tenebunt
1421 2196 1455 2233 a
1496 2178 1874 2234 similitudine
1904 2182 2099 2251 porta-

492 2283 624 2323 rum
651 2284 936 2324 aerearum
968 2270 1025 2322 et
1064 2267 1312 2322 vectium
1343 2258 1690 2334 ferreorum,
1724 2266 1821 2338 qui
1847 2266 2099 2337 aliquem

492 2357 552 2412 in
611 2362 840 2413 earcere
888 2345 1144 2412 clausum
1203 2357 1489 2419 detinent,
1522 2372 1595 2411 ne
1648 2356 1999 2429 egrediatur.
2032 2358 2103 2412 Et

494 2462 615 2500 non
645 2448 835 2501 solum
861 2447 984 2500 haec
1014 2446 1075 2500 in
1106 2445 1186 2500 eis
1210 2447 1490 2513 conteret,
1524 2446 1624 2500 sed
1653 2448 1897 2516 suscepit,
1929 2445 1988 2501 id
2019 2449 2104 2501 est

491 2536 623 2606 post
651 2532 920 2603 suscipiet
948 2550 1029 2588 eos
1063 2537 1360 2604 exemptos
1373 2534 1437 2588 de
1465 2536 1551 2588 via
1583 2535 1879 2605 iniquitatis
1899 2551 2099 2603 eorum,

494 2620 709 2677 scilicet
742 2638 840 2679 eos
879 2622 1153 2677 liberatos
1196 2638 1229 2677 a
1265 2637 1443 2695 prava
1488 2621 1926 2690 consuetudine,
1973 2640 2101 2695 quia

493 2710 584 2767 via
610 2714 695 2767 est
730 2712 803 2767 ad
843 2712 1215 2784 iniquitatem
1263 2714 1656 2784 operandam;
1706 2712 1783 2767 Sic
1826 2713 2101 2785 suscipiet

489 2804 557 2857 ut
584 2804 717 2874 post
739 2802 826 2857 eis
873 2802 1276 2874 patrocinatur
1324 2819 1398 2857 ne
1446 2802 1682 2857 ulterius
1724 2804 1794 2858 ab
1832 2805 1941 2859 hoc
1985 2803 2103 2858 vin-

494 2891 621 2945 culo
652 2889 999 2948 vinciantur.
1034 2889 1332 2961 Suscipiet,
1357 2890 1623 2962 inquam,
1652 2898 1868 2962 propter
1893 2891 2102 2962 injusti-

493 2978 595 3032 tias
631 2978 771 3031 enim
814 2993 937 3031 suas
984 2976 1255 3031 humiliati
1293 2986 1437 3043 sunt,
1471 2977 1531 3032 id
1574 2981 1659 3032 est
1706 2978 2098 3035 humiliabun-

490 3067 607 3133 tur,
653 3054 868 3121 scilicet
914 3064 1044 3120 ideo
1091 3081 1188 3120 eos
1227 3065 1495 3135 suscipiet
1534 3065 1669 3137 quia
1707 3067 2098 3122 humilia-bunt

466 3170 553 3207 ‘se
580 3154 699 3209 Deo
732 3153 892 3209 omni
923 3152 1227 3208 devotione
1259 3153 1520 3209 contuitu
1559 3153 1935 3226 iniquitatum
1977 3172 2100 3210 sua-

492 3258 646 3308 rum,
698 3245 764 3296 ut
820 3241 1215 3297 remittantur.
1274 3242 1565 3296 Permittit
1624 3242 1837 3314 quippe
1890 3246 2103 3300 multos

493 3332 641 3385 Deus
669 3329 784 3384 labi
805 3332 867 3384 ut
888 3346 994 3401 per
1031 3330 1140 3384 hoc
1184 3319 1587 3384 humiliantur.
1632 3332 1965 3402 lngreditdr
2010 3346 2105 3388 au-

488 3420 614 3473 tem
645 3414 935 3489 Propheta
975 3419 1193 3472 tertium
1214 3419 1880 3493 periculum‘ostendere,
1908 3425 1965 3476 et
1980 3422 2103 3493 ejus

495 3506 857 3577 ereption’em
912 3500 992 3561 sic
1039 3523 1053 3561 :
1096 3507 1230 3563 Dico
1287 3508 1442 3580 quod
1487 3489 1634 3570 Deus
1682 3524 1781 3564 eos
1830 3489 2103 3567 liberatos

491 3595 763 3668 suscipiet
780 3597 844 3650 ut
873 3612 908 3650 a
944 3594 1093 3651 vitiis
1134 3597 1438 3652 custodiat.
1472 3599 1679 3653 Postea
1712 3614 1849 3653 vero
1894 3616 2101 3655 omnem

491 3700 663 3740 escam
687 3681 1032 3758 spiritalem,
1057 3684 1371 3740 lectionem
1403 3685 1619 3742 scilicet
1648 3690 1705 3742 et
1749 3686 2099 3757 orationem,

494 3773 702 3846 quibus
732 3776 914 3828 anima
945 3773 1200 3830 reﬁCitur
1227 3776 1537 3830 abominata
1571 3783 1664 3843 est,
1697 3775 1757 3831 id
1787 3779 1872 3831 est
1897 3777 2105 3833 abhor-

492 3863 663 3932 rebit,
697 3865 758 3918 et
797 3862 1029 3919 fastidio
1059 3864 1297 3920 habebit
1345 3863 1543 3918 anima
1579 3866 1969 3937 quorumdam
2015 3882 2099 3921 eo-

493 3968 635 4020 rum,
664 3952 972 4025 quaa,‘licet
991 3953 1117 4024 jam
1159 3970 1288 4009 esca
1322 3952 1420 4011 illa
1446 3953 1559 4008 frui
1593 3954 1970 4023 consueverit,
2012 3958 2098 4011 ta-

492 4057 631 4095 men
662 4057 728 4095 ex
774 4041 1049 4096 dilatione
1097 4042 1302 4115 patria:
1359 4043 1599 4097 caelestis
1656 4042 1897 4098 taedium
1951 4044 2101 4099 illius

494 4144 637 4183 escm
669 4126 973 4199 concipiet,
1009 4133 1066 4183 et
1093 4145 1199 4200 per
1225 4130 1336 4184 hoc
1358 4132 1915 4202 appi'opmquaoerunt
1940 4150 2101 4205 usque

494 4215 769 4297 adportas
797 4218 1002 4284 mortis,
1030 4216 1092 4271 id
1128 4220 1213 4271 est
1241 4217 1749 4289 appropiquabunt
1793 4237 1971 4292 usque
2026 4223 2098 4277 ad

494 4306 752 4379 peccata,
785 4322 913 4378 quae
943 4307 1292 4379 suntportaa
1321 4323 1428 4378 per
1464 4322 1605 4378 quas
1648 4309 1720 4363 ad
1751 4312 2002 4365 mortem
2034 4311 2101 4367 ﬁt

494 4393 802 4469 ingressus,
836 4393 1050 4450 scilicet
1077 4395 1151 4449 ad
1198 4390 1308 4451 hoc
1342 4395 1649 4451 devenient
1693 4400 1754 4452 ut
1804 4399 1926 4454 fere
1966 4416 2097 4472 pec-

496 4484 630 4537 cent
658 4482 1061 4551 criminaliter;
1097 4487 1155 4539 et
1184 4484 1243 4539 in
1276 4487 1458 4540 tanto
1487 4484 1743 4557 periculo
1789 4504 1847 4541 se
1885 4488 2097 4543 consti-

493 4572 651 4625 tutos
698 4587 820 4625 esse
857 4571 1312 4641 considerantes,
1343 4574 1729 4643 clamaverunt,
1762 4575 1822 4630 id
1861 4579 1945 4631 est
1984 4578 2097 4631 cla-

497 4659 743 4715 mabunt
772 4659 844 4714 ad
879 4660 1173 4715 Dominum
1200 4679 1341 4717 voce
1390 4666 1448 4718 et
1496 4664 1668 4718 corde
1698 4681 1821 4719 cum
1873 4665 2097 4720 tribula-

494 4753 695 4817 rentur,
718 4748 781 4804 id
838 4751 922 4804 est
970 4756 1102 4804 eum
1141 4742 1574 4807 tribulabuntur
1617 4753 1877 4809 interiori
1928 4756 2097 4810 taedio

494 4852 637 4893 escae
666 4835 956 4909 spiritalis.
987 4836 1065 4892 Et
1094 4838 1157 4893 de
1199 4842 1597 4898 necessitatibus
1638 4859 1819 4897 eorum
1863 4843 2100 4898 liberavit

490 4942 599 4995 eos,
623 4926 839 4982 scilicet
869 4928 1306 5001 depaupertate
1335 4929 1569 4985 fervidae
1622 4932 1914 4988 charitatis
1956 4933 2098 4988 libe-

493 5015 648 5071 rabit
672 5022 771 5071 eos
798 5018 856 5072 et
884 5017 994 5073 hoc
1025 5018 1201 5074 modo
1240 5014 1531 5074 liberabit.
1564 5017 1744 5088 Misit,
1772 5020 1829 5075 id
1858 5023 1945 5075 est
1969 5022 2100 5076 mit-

486 5105 576 5160 tet
596 5103 660 5159 in
689 5119 893 5161 eorum
915 5105 1191 5161 auxilium
1227 5123 1347 5162 non
1391 5106 1671 5175 localiter,
1698 5108 1797 5163 sed
1828 5108 2095 5179 spiritali-

462 5196 580 5250 ‘ter
607 5192 829 5248 verbum
853 5210 1026 5262 suum,
1058 5193 1120 5249 id
1161 5195 1249 5248 est
1294 5192 1608 5267 imperium
1642 5197 1925 5267 potentiae
1958 5212 2092 5265 suae,

484 5287 541 5338 et
567 5282 648 5337 sic
670 5284 905 5351 sanavit,
927 5283 992 5338 id
1021 5286 1109 5338 est
1136 5283 1365 5339 sanabit
1394 5298 1496 5339 eos.
1532 5285 1698 5349 Quod
1730 5288 1816 5339 est
1858 5285 2048 5341 dicere
2078 5304 2091 5342 :

481 5370 1046 5444 Imperiopotentiaa
1078 5364 1192 5427 suae
1238 5371 1551 5428 constituet
1600 5376 1663 5428 ut
1700 5377 1996 5442 sanentur,
2038 5378 2097 5429 et

478 5457 751 5530 protinus
779 5478 814 5515 a
843 5462 1124 5532 languore
1173 5462 1345 5534 hujus
1388 5462 1545 5517 taedii
1589 5463 1968 5519 sanabuntur.
2016 5466 2095 5520 Et

474 5545 765 5614 per‘hahc
794 5548 1105 5605 sanitatem
1155 5553 1369 5622 eripuit,
1404 5552 1462 5606 id
1506 5556 1591 5606 est
1650 5551 1859 5623 eripiet
1902 5569 1984 5606 eos
2030 5554 2093 5608 de

475 5630 880 5690 intentionibus
922 5655 1122 5707 eorum,
1169 5638 1229 5693 id
1281 5645 1365 5696 est
1425 5639 1495 5693 de
1544 5640 1779 5696 interitu
1825 5647 2087 5712 peccato-

2201 1816 2494 1888 imminet,
2517 1823 2574 1875 et
2585 1820 2843 1891 ejusdem
2863 1821 3103 1894 periculi
3118 1822 3527 1878 liberationem
3538 1824 3822 1879 ostende-

2201 1925 2265 1965 re
2286 1908 2536 1965 intendit
2555 1925 2685 1965 cum
2709 1909 2864 1965 dicit.
2892 1908 3002 1977 Qui
3022 1911 3361 1979 descendunt,
3399 1914 3508 1969 etc.
3534 1912 3710 1977 Quod
3743 1912 3823 1967 sic

2202 1998 2529 2069 adaptatur.
2556 1998 2684 2053 'Non
2728 1998 2916 2053 solum
2962 1997 3040 2052 illi
3087 2014 3230 2071 quos
3276 1996 3536 2072 superius
3584 2000 3825 2055 Ostendi

2202 2102 2382 2158 opera
2409 2082 2617 2142 divinae
2637 2086 3047 2143 misericordiae
3078 2086 3137 2141 in
3169 2105 3227 2141 se
3254 2088 3717 2144 considerabant
3763 2091 3823 2142 et

2203 2174 2589 2248 experientur,
2606 2176 2705 2231 sed
2722 2177 2898 2232 etiam
2918 2177 3161 2248 praelati,
3179 2177 3275 2249 qui
3297 2176 3817 2249 contemplationis

2199 2263 2549 2319 sublimitate
2573 2265 2890 2320 descendunt
2919 2264 3334 2322 descendentes
3364 2269 3422 2319 in
3450 2282 3622 2331 mare,
3650 2264 3821 2322 idest

2203 2351 2262 2406 in
2275 2352 2564 2409 subditam
2577 2354 2830 2425 plebem,
2839 2354 3333 2426 quemadmodum
3348 2370 3509 2409 mare
3526 2356 3813 2411 creberri-

2203 2442 2314 2496 mis
2337 2443 2726 2498 tentationum
2746 2441 3189 2513 tempestatibus
3208 2444 3674 2515 perturbatur,et
3690 2442 3811 2500 neu

2202 2530 2280 2585 sic
2310 2530 2671 2586 descendunt
2697 2535 2760 2586 ut
2783 2532 3231 2603 submergantur
3258 2531 3319 2586 in
3364 2532 3533 2600 mari,
3562 2533 3665 2588 sed
3692 2534 3809 2588 exi-

2202 2620 2405 2675 stendo
2461 2622 2516 2673 in
2554 2621 2803 2689 navibus,
2827 2622 2885 2676 id
2922 2625 3010 2677 est
3050 2623 3112 2678 in
3162 2621 3707 2695 gubernationibus,
3749 2628 3809 2679 ut

2202 2708 2465 2764 videlicet
2500 2709 2791 2765 subditam
2822 2711 3051 2783 plebem
3093 2712 3206 2767 suis
3236 2711 3809 2784 gubernation‘ibnsa

2202 2790 2547 2869 tempestate
2567 2798 3009 2855 tribulationum
3029 2804 3354 2873 protegant,
3365 2800 3436 2855 ad
3449 2800 3695 2856 modum
3714 2819 3809 2858 na-

2200 2885 2358 2941 vium
2380 2903 2507 2959 quaa
2534 2888 2801 2943 homines
2818 2888 2923 2944 sibi
2938 2889 3268 2957 innitentes,
3293 2907 3327 2944 a
3347 2888 3809 2962 marinatempe

2204 2976 2353 3031 state
2365 2979 2699 3048 protegunt,
2716 2980 2779 3033 et
2798 2993 2903 3049 per
2919 2978 3403 3049 gubernationem
3421 2992 3588 3034 suam
3605 2981 3809 3050 facien-

2206 3069 2283 3118 tes
2337 3066 2691 3135 operationem
2743 3067 2801 3119 in
2843 3068 2997 3137 aquis
3044 3066 3336 3133 multis,-id
3386 3066 3564 3123 estin
3612 3069 3809 3124 multis

2203 3151 2450 3223 populis,
2476 3150 2535 3207 id
2567 3155 2654 3207 est
2672 3153 2836 3208 valde
2863 3157 3168 3224 operantes
3194 3171 3298 3227 per
3319 3156 3805 3227 gubernationem

2206 3238 2635 3311 praedicationis
2655 3258 2770 3296 suae
2798 3241 2857 3295 in
2882 3242 3110 3313 populis
3131 3242 3235 3297 sibi
3252 3243 3512 3310 subditis,
3527 3260 3634 3300 eos
3651 3251 3805 3302 recte

2205 3332 2263 3384 et
2287 3329 2663 3386 ecclesiastice
2689 3348 2747 3385 se
2770 3331 2984 3386 habere
3023 3331 3427 3404 faciendonsi
3448 3323 3719 3402 viderunt,
3751 3335 3807 3390 id

2204 3420 2290 3472 est
2318 3418 2596 3473 videbunt
2620 3430 2780 3490 opera
2821 3418 3229 3478 misericordia
3273 3421 3515 3477 Domini.
3549 3422 3622 3476 Et
3656 3422 3809 3478 bene

2201 3507 2368 3577 ponit
2384 3510 2503 3579 ipsi,
2522 3511 2585 3562 ut
2610 3507 2817 3564 innuat
2837 3510 2991 3581 quod
3012 3527 3143 3565 cum
3164 3511 3357 3567 czeteri
3386 3511 3457 3567 de
3479 3511 3687 3583 quibus
3717 3530 3808 3567 sn-

2202 3594 2396 3667 perius
2422 3598 2617 3651 actum
2636 3600 2740 3664 est,
2770 3598 2944 3652 visuri
2974 3599 3090 3655 sint
3108 3615 3288 3672 opera
3313 3600 3566 3665 Domini,
3585 3601 3695 3673 ipsi
3713 3618 3810 3673 po-

2200 3683 2316 3738 tius
2345 3682 2445 3756 qui
2471 3683 2827 3741 descendent
2850 3686 2909 3741 in
2931 3700 3114 3755 mare,
3137 3684 3271 3744 sunt
3292 3682 3469 3760 opera
3490 3688 3810 3746 misericor-

2202 3771 2310 3827 diae
2344 3772 2467 3843 ejus
2492 3772 2663 3827 visuri
2687 3773 2813 3846 ipsa
2831 3774 2916 3830 rei
2940 3776 3317 3847 experientia.
3348 3778 3414 3831 Et
3442 3786 3559 3833 non
3589 3778 3804 3849 qualia-

2201 3876 2427 3933 cunque
2442 3863 2745 3932 opera,sed
2756 3865 3033 3921 mirabilia
3064 3867 3177 3937 ejus
3198 3866 3611 3922 misericordia
3632 3883 3803 3939 Opera

2192 3950 2525 4005 exercenda
2554 3952 2611 4004 in
2634 3953 2931 4022 profundo,
2966 3954 3023 4008 id
3049 3960 3135 4010 est
3160 3955 3223 4009 in
3276 3955 3387 4010 illis
3424 3954 3667 4010 subditis
3710 3957 3797 4028 qui

2200 4041 2334 4094 sunt
2356 4039 2635 4109 profundi
2662 4042 2719 4095 in
2742 4041 2912 4097 vitiis.
2934 4044 3002 4098 Et
3021 4045 3130 4105 hoc
3153 4046 3341 4098 totum
3365 4047 3451 4098 est
3478 4060 3544 4099 ac
3577 4044 3625 4097 si
3655 4044 3799 4099 dice-

2200 4129 2291 4183 ret
2322 4144 2335 4182 :
2368 4128 2592 4182 Praelati
2621 4129 2717 4201 qui
2750 4147 2783 4184 a
2808 4134 3297 4204 contemplatione
3314 4132 3373 4187 in
3390 4132 3705 4203 practicam
3722 4134 3794 4187 vi-

2200 4220 2323 4272 tam
2354 4214 2731 4286 descendunt,
2765 4221 2828 4274 ut
2854 4220 3112 4275 subditos
3144 4224 3369 4292 regant,
3390 4221 3798 4294 ipsi'mirabilia

2201 4303 2303 4361 Dei
2319 4304 2600 4360 beneﬁcia
2620 4307 2774 4363 circa
2800 4309 3058 4365 subditos
3084 4310 3144 4365 in
3166 4312 3413 4381 peccatis
3437 4311 3799 4382 profundissi-

2199 4412 2325 4453 mos
2360 4398 2748 4465 experientur,
2802 4415 2929 4471 qum
2983 4400 3266 4455 beneﬁcia
3316 4399 3377 4455 in
3434 4401 3796 4473 sequentibus

2200 4490 2483 4545 ostendet.
2522 4488 2769 4560 Pepulos
2797 4487 3033 4559 quidem
3054 4505 3232 4560 aquas
3251 4493 3416 4544 vocat
3445 4506 3514 4544 eo
3543 4490 3699 4562 quod
3730 4491 3794 4544 ad

2200 4579 2441 4634 modum
2475 4592 2755 4649 aquarum
2785 4576 2855 4630 de
2882 4577 3255 4647 generatione
3276 4576 3335 4632 in
3363 4578 3795 4649 generationem

2200 4665 2785 4730 difﬂuunt.Quoniam
2801 4668 2995 4719 autem
3010 4665 3232 4721 dixerat
3247 4667 3799 4737 prazlatosbeneﬁcia

2199 4755 2431 4811 Domini
2476 4753 2715 4821 visuros,
2765 4757 2827 4808 ut
2870 4758 3290 4827 consequenter
3342 4754 3468 4827 ipsa
3527 4755 3799 4810 beneﬁcia

2200 4845 2486 4913 ostendat,
2513 4843 2671 4914 prius
2699 4842 3018 4916 periculum
3054 4843 3325 4911 ostendit,
3365 4844 3484 4900 sic:
3518 4845 3627 4916 lpsi
3655 4845 3795 4900 vide-

2196 4932 2363 5001 bunt,
2390 4933 2652 5005 inquam,
2689 4947 2865 5004 opera
2913 4930 3323 4988 misericordiae
3347 4933 3606 5001 Domini;
3638 4937 3698 4988 et
3736 4940 3794 4988 ut

2197 5021 2319 5075 haec
2347 5020 2582 5076 videant
2605 5020 2762 5087 dixit,
2794 5027 2844 5074 et
2869 5021 3011 5074 stetit
3038 5019 3097 5074 in
3125 5021 3275 5075 mari
3297 5021 3525 5076 subdito
3551 5021 3636 5076 eis
3654 5038 3790 5093 pra:-

2195 5109 2323 5163 latis
2347 5110 2575 5180 spiritus
2620 5108 2942 5180 operatoris
2977 5108 3240 5180 procellae,
3284 5108 3344 5163 id
3389 5113 3477 5164 est
3517 5111 3793 5181 permittit

2195 5198 2345 5253 Deus
2360 5197 2494 5253 etin
2518 5198 2689 5269 plebe
2705 5196 2951 5264 subdita,
2975 5213 3150 5268 quam
3188 5213 3348 5252 mare
3375 5199 3636 5271 superius
3666 5200 3792 5254 dixi-

2194 5303 2325 5341 mus
2377 5304 2390 5342 :
2437 5286 2623 5341 Stabit
2676 5287 2899 5357 spiritus
2919 5285 3192 5357 procellas,
3224 5286 3284 5340 id
3321 5289 3408 5341 est
3437 5289 3496 5343 in
3531 5288 3679 5343 mari
3703 5289 3788 5343 illo

2192 5375 2581 5449 perseverabit
2606 5375 2838 5448 spiritus
2870 5374 3164 5446 malignus
3209 5378 3485 5446 operator
3529 5378 3789 5449 procella:

2192 5465 2489 5521 seditionis
2504 5468 2561 5520 et
2581 5463 2902 5531 discordiae,
2924 5470 2974 5517 et
2999 5464 3073 5517 sic
3101 5464 3326 5519 craltati
3352 5471 3476 5519 sunt
3503 5467 3718 5535 fluetus,
3738 5465 3789 5520 id

2196 5558 2282 5610 est
2307 5555 2710 5611 exaltabuntur
2737 5557 2795 5608 et
2816 5553 3351 5623 augmentabuntur
3374 5553 3580 5608 ﬂuctus
3602 5571 3787 5625 perse-

2201 5644 2499 5699 cutionum
2530 5644 2643 5716 ejus
2669 5643 2863 5709 maris,
2894 5646 2955 5697 ut
2980 5642 3240 5698 videlicet
3262 5642 3423 5715 plebs
3450 5642 3679 5699 subdita
3706 5644 3787 5698 in-
