3998 6026
304 287 439 346 1209

1311 290 1665 348 EXPOSI’I‘IO
1704 291 1773 347 IN
1813 287 2145 346 PSALMOS.
2187 313 2256 332 -'-
2288 291 2480 350 PSAL.
2511 291 2620 348 CVI

3486 299 3621 357 1210

309 409 540 466 terdum
562 408 622 464 in
635 409 904 481 praelatos
925 408 1422 483 persecutionibus
1437 411 1811 467 exterioribus
1826 409 1908 464 in-
1929 411 1984 472 Α
2013 409 2179 475 Quod
2215 414 2305 467 est
2325 412 2516 468 dicere
2544 413 2816 469 :Mutabit
2843 415 3132 486 procellam
3185 415 3296 489 ejus
3334 420 3532 486 maris,
3561 421 3619 476 id

305 501 523 570 surgat,
560 503 618 552 et
645 497 872 569 penitus
908 515 940 553 a
979 515 1041 552 se
1079 499 1356 554 doctrinte
1407 503 1463 554 et
1519 499 1910 554 ecclesiasticae

307 587 624 659 disciplinae
642 588 848 658 jugum
868 587 1132 642 excutiat.
1153 589 1248 642 Vel
1273 589 1315 642 si
1338 605 1454 642 non
1473 590 1796 642 exaltentur
1811 590 1913 643 tlu-

307 681 430 732 ctus
450 677 801 732 exteriorum
817 677 1694 744 tribulationum,exallabuntur
1711 678 1914 733 ﬂuctus

309 765 764 833 interiorum,sic
787 768 848 819 ut
864 783 962 821 eos
975 767 1217 820 nimisin
1243 766 1926 821 animatribulationibus-

313 858 563 927 urgeant
579 872 647 910 ex
662 855 1063 927 compassione
1080 855 1487 910 misericordia:
1507 873 1621 909 sum
1641 873 1656 923 ;
1683 871 1813 908 cum
1841 854 1913 908 ad

313 961 514 1001 eorum
536 944 965 1014 correptionem
980 946 1238 997 sanctam
1262 947 1515 997 renuunt
1535 959 1736 1015 pravos
1754 945 1913 996 actus

312 1050 444 1087 suos
463 1033 798 1088 emendare.
826 1032 982 1086 Tunc
1000 1035 1196 1085 autem
1216 1048 1348 1086 cum
1370 1032 1572 1087 tluctus
1589 1031 1910 1085 tribulatio-

312 1137 455 1175 num
478 1121 908 1186 exaltabuntur,
929 1120 1223 1174 ascendunt
1250 1120 1475 1191 praelati
1504 1136 1667 1191 usque
1707 1119 1776 1172 ad
1804 1136 1913 1172 cae—

311 1209 406 1271 los,
438 1215 485 1264 et
513 1209 834 1264 descendunt
864 1225 1023 1281 usque
1047 1209 1118 1262 ad
1147 1209 1386 1278 abyssos,
1418 1208 1476 1262 id
1513 1212 1598 1262 est
1628 1207 1914 1261 ascendunt

312 1298 776 1354 consideratione
807 1315 909 1353 sua
952 1314 1118 1369 usque
1147 1297 1215 1351 ad
1244 1298 1411 1365 catos,
1446 1297 1505 1352 id
1530 1300 1615 1352 est
1640 1314 1818 1370 usque
1837 1297 1907 1352 ad

312 1387 798 1442 considerandam
828 1387 1006 1442 vitam
1039 1386 1354 1441 cmlestium
1385 1387 1639 1441 virorum
1671 1403 1799 1457 quae
1817 1403 1912 1440 su-

313 1475 505 1531 blimis
539 1478 624 1530 est
651 1480 707 1530 et
739 1479 956 1542 sancta,
979 1478 1037 1529 et
1062 1477 1178 1530 Deo
1203 1475 1487 1542 amabilis,
1520 1482 1568 1528 et
1597 1476 1913 1530 descendunt

309 1578 471 1638 usque
505 1565 575 1619 ad
595 1565 824 1634 abyssos,
858 1565 918 1618 id
956 1567 1041 1618 est
1083 1581 1260 1635 usque
1314 1565 1387 1618 ad
1432 1564 1911 1619 considerandam

308 1654 621 1721 infelicem,
644 1657 700 1709 et
721 1654 851 1709 ideo
883 1654 1158 1709 odibilem
1194 1653 1369 1707 vitam
1397 1656 1790 1723 peccatorum,
1816 1653 1912 1724 qui

2016 503 2101 555 est
2125 501 2386 556 minores
2409 502 2812 557 tribulationes
2824 507 2879 558 et
2894 506 3201 562 exteriores
3220 510 3276 562 et
3295 508 3615 577 interiores,

2012 593 2067 644 in
2089 607 2302 652 auram,
2331 591 2389 644 id
2410 594 2495 645 est
2520 591 2582 644 in
2606 591 2982 646 serenitatem
2999 597 3059 648 et
3083 595 3335 665 quietem
3362 606 3445 666 ;et
3461 599 3614 653 silue-

2013 687 2140 732 runt
2161 681 2354 749 ﬂuctus
2365 681 2499 751 ejus,
2518 680 2575 735 id
2600 683 2685 735 est
2703 682 2973 749 silcbunt,
2997 685 3055 738 et
3078 689 3291 742 ex-toto
3316 690 3618 744 cessabunt

2013 768 2263 837 majores
2285 772 2658 841 tempestates
2687 771 3152 840 persecutionum
3181 774 3358 846 ipsius
3375 777 3616 832 subditte

2013 855 2342 926 plebis,sive
2365 857 2676 912 exteriores
2703 858 2818 913 sive
2839 860 3159 916 interiores.
3205 861 3370 926 Quod
3410 869 3493 918 est
3531 863 3614 918 di-

2013 959 2140 996 cere
2167 960 2179 996 :
2206 943 2294 998 Sic
2316 945 2541 998 sedabit
2566 945 2746 1017 plebis
2767 949 3009 1004 subditae
3027 950 3615 1013 dissensionem,bene

2011 1034 2069 1085 et
2095 1035 2287 1086 sancte
2316 1036 2373 1087 et
2403 1033 2751 1103 regulariter
2786 1053 2882 1092 eos
2913 1054 2972 1092 se
3002 1039 3217 1094 habere
3246 1041 3531 1108 faciendo,
3555 1045 3618 1097 ut

2012 1136 2130 1173 non
2156 1125 2422 1192 oporteat
2441 1125 2711 1193 praelatos
2740 1123 2821 1178 eis
2842 1141 2969 1180 com
2976 1127 3116 1198 pati,
3131 1131 3189 1182 et
3199 1146 3302 1200 pro
3325 1130 3404 1184 eis
3420 1129 3613 1185 anxia-

2012 1207 2060 1260 ri
2087 1225 2120 1261 a
2138 1208 2513 1265 similitudine
2529 1211 2725 1279 maris,
2746 1213 2991 1283 quodsic
3005 1215 3316 1286 aliquando
3332 1222 3459 1289 post
3472 1221 3617 1273 tem-

2011 1299 2294 1366 pestatem
2319 1299 2550 1353 sedatur
2575 1304 2639 1354 ut
2663 1317 2770 1355 nec
2801 1317 2835 1355 a
2861 1302 3122 1372 procellis
3147 1320 3254 1358 nec
3291 1323 3324 1359 a
3353 1306 3615 1362 ﬂuctibus

2011 1387 2366 1458 inquietetur
2391 1405 2408 1451 ;
2441 1389 2542 1443 sed
2569 1391 2755 1444 solum
2783 1389 2920 1444 levis
2943 1395 3145 1446 ventus
3169 1396 3227 1447 et
3243 1411 3497 1462 serenus,
3518 1396 3614 1468 qui

2012 1493 2152 1530 aura
2183 1475 2406 1530 dicitur.
2442 1475 2500 1530 in
2542 1493 2608 1532 eo
2639 1477 2731 1531 sit.
2765 1479 3048 1534 Procellas
3087 1480 3299 1553 quippe
3347 1498 3616 1538 vocamus

2013 1565 2270 1620 minores
2290 1565 2465 1618 maris
2482 1566 2923 1633 commotiones,
2944 1567 3149 1622 ﬂuctus
3171 1585 3327 1635 vero,
3343 1571 3616 1640 majores.

2012 1655 2226 1707 Auram
2257 1653 2433 1707 etiam
2462 1669 2731 1708 serenum
2745 1657 2802 1708 et
2829 1672 3061 1710 suavem
3088 1659 3326 1711 ventum
3354 1658 3615 1714 dicimus.

311 1743 584 1815 profundi
601 1745 772 1797 erunt
790 1743 846 1796 in
863 1742 1109 1813 peccatis
1128 1742 1198 1796 ad
1217 1742 1457 1797 modum
1477 1743 1916 1812 abyssorum;et
1935 1729 1986 1788 Β
2013 1742 2176 1796 Unde
2205 1757 2310 1812 per
2337 1743 2617 1811 procellas
2657 1742 2912 1797 minores
2953 1743 3380 1814 tribulationes,
3417 1751 3476 1801 et
3519 1764 3624 1819 per

311 1847 417 1903 per
447 1831 555 1884 hoc
588 1833 770 1885 anima
805 1848 986 1885 eorum
1019 1832 1389 1901 prwlatorum
1411 1830 1716 1896 tabescebat,
1750 1829 1808 1884 id
1828 1832 1914 1883 est

311 1920 567 1973 tabescet
606 1923 663 1973 et
710 1919 938 1974 deficiet
974 1918 1156 1973 nimia
1205 1918 1469 1974 maeroris
1518 1918 1824 1983 anxietate,
1858 1919 1913 1971 in

310 2006 551 2069 malis,id
569 2010 655 2061 est
676 2007 733 2062 in
748 2006 1208 2062 consideratione
1221 2008 1509 2061 malorum
1531 2006 1911 2072 subditorum,

312 2095 408 2167 qui
436 2099 498 2148 ut
519 2096 702 2166 abyssi
730 2096 1004 2166 profundi
1021 2095 1688 2165 erunt.Compensabunt
1704 2109 1914 2164 nempe

309 2183 626 2239 ccelestium
673 2183 929 2238 virorum
971 2183 1410 2250 sublimitatem,
1438 2183 1914 2253 subditorumque

540 2289 777 2327 suorum
805 2271 1213 2343 dejectionem,
1235 2286 1482 2343 quorum
1521 2271 1602 2324 eis
1631 2286 1764 2325 cura
1799 2286 1917 2326 cre-

310 2360 431 2414 dita
461 2365 565 2417 est.

383 2451 576 2504 Potest
603 2449 781 2503 etiam
807 2450 915 2504 hoc
937 2449 1058 2503 sola
1085 2448 1470 2502 similitudine
1493 2447 1606 2518 legi
1627 2447 1703 2501 sic
1727 2466 1739 2501 :
1760 2449 1915 2503 Exal-

311 2538 612 2600 tabuntur,
656 2538 923 2608 inquam,
970 2540 1163 2605 ﬂuctus
1203 2538 1348 2608 ejus;
1401 2540 1456 2589 et
1509 2540 1644 2590 tunc
1691 2538 1914 2607 prtelati

312 2626 591 2680 aseendent
619 2642 780 2697 usque
832 2626 905 2678 ad
952 2626 1117 2691 ccelos,
1177 2631 1229 2678 et
1275 2625 1582 2678 descendent
1633 2641 1794 2696 usque
1844 2626 1914 2679 ad

309 2716 540 2784 abyssos,
572 2713 631 2767 id
659 2716 745 2767 est
763 2716 936 2768 erunt
965 2711 1182 2767 similes
1215 2712 1552 2767 hominibus
1583 2710 1640 2766 in
1684 2713 1914 2796 marina

309 2805 652 2872 tempestate
683 2800 1164 2873 periclitantibus,
1183 2800 1282 2872 qui
1309 2800 1620 2872 aliquando
1648 2799 1912 2856 ﬂuctibus

309 2889 662 2944 elevantibus
685 2907 764 2956 se,
779 2889 1047 2943 videntur
1064 2906 1246 2961 usque
1281 2890 1354 2943 ad
1377 2890 1546 2944 caelos
1579 2890 1909 2957 ascendere,

305 2977 618 3050 aliquando
649 2976 1056 3048 dejicientibus
1073 2995 1132 3032 se
1150 2979 1414 3032 fluctibus
1440 2978 1709 3034 videntur
1735 2994 1912 3049 usque

307 3068 381 3121 ad
407 3068 641 3140 abyssos
671 3069 1020 3122 descendere
1049 3085 1062 3134 ;
1097 3066 1314 3121 scilicet
1344 3067 1404 3120 in
1460 3068 1622 3121 tanto
1656 3067 1908 3139 periculo

306 3172 422 3209 sure
448 3156 800 3227 prailationis
832 3155 1001 3228 positi
1034 3159 1225 3218 erunt,
1259 3155 1317 3209 in
1349 3158 1566 3226 quanto
1591 3155 1671 3209 illi
1702 3156 1820 3228 qui,
1851 3160 1913 3210 ut

310 3246 606 3297 ostensum
630 3247 733 3311 est,
757 3244 817 3297 in
845 3245 990 3298 mari
1014 3243 1433 3316 periclitantur.
1470 3245 1536 3296 Et
1559 3244 1688 3298 ideo
1712 3243 1912 3298 anima

309 3348 513 3386 eorum
530 3333 785 3387 tabescet
806 3332 991 3404 posita
1020 3332 1077 3386 in
1110 3332 1229 3386 istis
1255 3332 1420 3386 malis
1443 3332 1828 3398 anxietatum;
1852 3335 1911 3386 et

301 3423 446 3474 tunc
481 3421 682 3474 turbati
703 3428 827 3475 sunt
857 3420 1098 3492 praelati,
1117 3419 1177 3473 id
1194 3422 1278 3473 est
1307 3420 1453 3474 ratio
1483 3437 1684 3475 eorum
1712 3421 1907 3474 turba-

309 3509 483 3566 bitur.
511 3510 576 3563 Et
604 3527 674 3564 ne
706 3509 781 3563 sic
812 3509 1279 3580 intelligerentur
1300 3524 1420 3562 esse
1439 3508 1912 3575 turbati,utnun-

307 3614 484 3668 quam
507 3598 793 3652 sinceram
819 3597 1107 3651 rationem
1129 3596 1454 3662 habuerint,
1473 3595 1660 3650 addit:
1686 3595 1761 3650 Et
1781 3599 1916 3651 moti

306 3692 451 3752 sunt,
485 3686 545 3740 id
575 3689 662 3740 est
689 3703 721 3741 a
748 3686 1079 3741 sinceritate
1105 3685 1344 3739 rationis
1370 3701 1484 3739 sum
1502 3685 1909 3757 movebuntur,

307 3781 371 3827 ac
392 3774 436 3827 si
469 3773 620 3828 dicat
641 3791 653 3828 :
671 3775 814 3829 Cum
847 3774 1004 3844 prius
1034 3773 1318 3827 sinceram
1345 3774 1402 3826 et
1425 3772 1910 3843 imperturbatum

304 3861 596 3915 rationem
626 3861 684 3915 in
716 3860 970 3933 regendo
1003 3861 1260 3915 subditos
1273 3861 1605 3926 habuerint,
1629 3877 1662 3914 a
1683 3861 1912 3916 sinceri-

305 3953 422 4004 tate
453 3950 552 4004 illa
581 3950 638 4004 in
670 3949 1169 4020 perturbationem
1201 3965 1320 4019 prae
1343 3949 1524 4003 nimia
1548 3949 1908 4005 subditorum

305 4040 657 4095 dissensione
689 4041 1096 4105 movebuntur,
1116 4040 1202 4093 vel
1224 4039 1612 4093 movebuntur
1640 4038 1906 4109 indigna-

301 4128 459 4182 tione
483 4132 683 4182 contra
697 4129 966 4183 subditos,
981 4131 1088 4182 Per
1099 4129 1208 4182 hoc
1230 4128 1424 4198 itaque
1439 4127 1681 4181 nimiam
1705 4145 1905 4182 eorum

301 4217 797 4288 perturbationem
829 4218 1100 4273 ostendit.
1128 4217 1558 4283 Turbabuutur,
1590 4216 1850 4288 inquam,
1875 4235 1907 4270 a

2014 1832 2218 1884 ﬂuctus
2251 1831 2500 1900 majores
2519 1830 2899 1902 accipiuntur,
2923 1835 2983 1887 et
3002 1848 3106 1903 per
3119 1850 3320 1889 auram
3343 1837 3620 1892 serenitas

2014 1918 2336 1973 concordiae
2358 1918 3159 1992 convenienterintelligitur:
3193 1921 3500 1991 Sive,sicut
3514 1941 3617 1996 per

2013 2006 2278 2078 spiritum
2309 2007 2598 2076 procellae,
2633 2008 2956 2078 malignum
2997 2009 3264 2080 spiritum
3319 2012 3612 2068 denotavi-

2016 2111 2161 2160 mus,
2207 2095 2287 2148 ita
2344 2097 2403 2147 et
2453 2111 2556 2165 per
2594 2112 2794 2150 auram
2823 2111 2950 2168 quae
2975 2114 3180 2153 serena
3208 2102 3293 2155 est
3321 2103 3379 2155 et
3407 2101 3610 2169 suavis,

2014 2182 2256 2253 Spiritus
2286 2187 2513 2237 sanctus
2533 2183 2826 2255 accipitur,
2849 2185 3025 2240 totius
3045 2187 3367 2244 serenitatis
3395 2193 3452 2245 et
3475 2207 3611 2246 con-

2013 2269 2224 2325 cordiae
2247 2274 2464 2326 auctor.
2499 2273 2567 2325 Et
2592 2272 2670 2326 sic
2709 2273 2902 2328 littera
2932 2275 3238 2346 adaptetur
3270 2293 3282 2330 :
3313 2279 3461 2333 Deus
3499 2282 3612 2334 sta-

2011 2360 2154 2423 tuet,
2172 2357 2232 2411 id
2249 2361 2334 2412 est
2354 2360 2736 2415 commutabit
2750 2363 3062 2432 procellam
3084 2363 3381 2420 diabolicae
3399 2367 3613 2422 dissen-

2013 2445 2187 2500 sionis
2210 2445 2271 2499 in
2303 2462 2528 2513 auram,
2551 2448 2610 2502 id
2633 2451 2718 2502 est
2746 2450 3070 2505 serenitatis
3096 2452 3382 2522 spiritum,
3404 2454 3616 2510 scilicet

2013 2536 2076 2588 ut
2102 2535 2262 2588 omni
2293 2537 2546 2604 procella
2577 2536 2838 2608 depulsa,
2856 2537 2937 2592 ibi
2960 2539 3271 2610 spiritualis
3291 2542 3612 2598 concordiae

2010 2623 2289 2677 serenitas
2318 2624 2628 2691 habeatur;
2660 2632 2711 2678 et
2740 2625 2819 2679 sic
2847 2626 3166 2693 silebant,id
3184 2629 3268 2682 est
3312 2631 3615 2685 cessabunt

2009 2712 2203 2781 ﬂuctus
2232 2711 2346 2780 ejus
2377 2712 2574 2779 maris,
2606 2712 2665 2766 id
2697 2715 2781 2767 est
2810 2714 3205 2770 tribulationes
3233 2716 3472 2772 subditae
3495 2720 3614 2788 ple-

2011 2799 2121 2866 bis,
2154 2803 2217 2853 ut
2246 2817 2366 2854 non
2395 2800 2632 2854 ulterius
2660 2802 2914 2873 praelatis
2937 2803 3334 2859 tribulationes
3363 2804 3615 2861 inferant

2011 2887 2124 2942 sive
2151 2887 2409 2954 interius,
2443 2888 2558 2942 sive
2584 2890 2848 2945 exterius.

1940 3006 1986 3065 Ο
2080 2975 2158 3029 Et
2181 2979 2310 3065 quia
2338 2977 2542 3030 ﬂuctus
2572 2977 2849 3042 siluerunt,
2899 2978 2963 3033 id
3000 2981 3085 3033 est
3135 2979 3403 3048 silebunt,
3449 2982 3618 3037 (atati

2007 3070 2151 3130 sunt,
2185 3064 2247 3118 id
2272 3067 2358 3117 est
2386 3065 2737 3118 laetabuntur
2780 3067 3003 3137 praelati
3045 3067 3202 3139 prius
3251 3069 3321 3123 de
3362 3071 3613 3139 procella

2009 3153 2353 3207 contristati.
2387 3153 2464 3207 Et
2496 3153 2672 3208 etiam
2718 3156 3069 3210 laetabuntur
3098 3157 3168 3210 de
3207 3158 3316 3212 hoc
3347 3160 3501 3230 quod
3529 3160 3613 3214 de-

2008 3242 2162 3296 duxit
2201 3259 2283 3296 eos
2325 3244 2473 3297 Deus
2515 3245 2571 3295 in
2606 3250 2824 3313 portum
2863 3245 3148 3300 voluntatis
3189 3261 3389 3313 eorum,
3420 3245 3479 3302 id
3528 3251 3614 3302 est

2011 3330 2257 3386 deducet
2286 3348 2384 3386 eos
2415 3332 2473 3386 in
2500 3331 2979 3405 tranquillitatem
3015 3338 3071 3388 et
3121 3336 3403 3407 requiem,
3437 3354 3608 3408 quam

2010 3420 2432 3475 volent.Posset
2450 3421 2662 3493 quippe
2679 3439 2778 3477 eos
2803 3423 3010 3478 ducere
3023 3423 3098 3477 ad
3111 3425 3610 3496 tranquillitatem,

2010 3507 2111 3560 sed
2142 3523 2260 3562 non
2287 3509 2358 3562 ad
2377 3513 2603 3564 tantam
2627 3510 2701 3563 ad
2728 3513 3005 3580 quantam
3026 3512 3517 3584 vellent,ideoque
3551 3515 3614 3567 ut

2010 3595 2199 3664 majus
2231 3599 2507 3666 appareat
2527 3597 2895 3665 beneficium,
2925 3599 3114 3653 addit:
3136 3602 3191 3652 in
3200 3607 3420 3670 portum
3431 3600 3614 3654 volun-

2013 3685 2135 3736 tatis
2151 3701 2329 3737 eorum
2347 3703 2367 3750 ;
2399 3701 2432 3738 a
2449 3684 2826 3740 similitudine
2849 3690 3178 3754 nautarum,
3193 3688 3290 3759 qui
3309 3690 3614 3759 tempesta-

2010 3774 2130 3825 tem
2157 3773 2487 3840 evadentes,
2523 3776 2830 3844 postquam
2866 3774 2938 3828 ad
2976 3777 3209 3845 portum
3249 3775 3610 3846 perveniunt,

2009 3859 2068 3912 in
2100 3860 2518 3931 tranquillitate
2549 3864 2607 3915 et
2647 3861 2704 3915 in
2740 3861 2938 3932 requie
2967 3865 3118 3919 sunt.
3152 3863 3301 3935 Ergo
3334 3862 3608 3934 quoniam

2008 3948 2111 4002 bas
2139 3948 2560 4003 misericordias
2591 3949 2842 4020 praelatis
2870 3950 3062 4017 faciet,
3105 3952 3456 4019 conﬁteantur
3497 3950 3610 4006 Do-

2007 4021 2354 4106 mino433
2396 4038 2516 4092 istm
2554 4039 2935 4094 misericordiae
2959 4039 3074 4109 ejus
3101 4045 3152 4092 et
3179 4038 3448 4094 mirabilia
3487 4039 3610 4109 ejus

2008 4125 2330 4180 exhibenda
2359 4125 2483 4194 ﬁliis
2513 4127 2784 4180 hominum
2813 4128 2950 4182 Adae
2977 4129 3036 4181 et
3066 4128 3212 4193 Evae,
3237 4127 3448 4182 scilicet
3477 4128 3607 4182 sub-

2008 4213 2160 4267 ditis.
2204 4215 2326 4268 Non
2359 4214 2516 4268 enim
2546 4216 2768 4284 praelati
2795 4216 2929 4270 licet
2957 4215 3017 4270 in
3050 4218 3394 4285 tempestate
3416 4215 3608 4286 positi,

300 4287 525 4359 ratione
545 4324 646 4361 sua
660 4309 795 4360 sicut
823 4307 1018 4372 ebrius,
1052 4306 1108 4358 id
1130 4308 1217 4359 est
1239 4307 1307 4359 ad
1334 4306 1574 4359 modum
1613 4305 1776 4370 ebrii,
1810 4305 1905 4374 qui
1928 4287 1980 4347 Ῑ)
2005 4301 2105 4355 filii
2137 4301 2441 4356 hominum
2466 4303 2603 4357 Adm
2636 4306 2694 4357 et
2723 4305 2849 4358 Eva:
2866 4303 3183 4358 secundum
3204 4306 3455 4357 mortem
3475 4309 3612 4378 sunt

300 4409 333 4445 a
356 4394 685 4448 valetudine
704 4393 943 4448 rationis
964 4409 1077 4446 sum
1101 4393 1166 4446 fit
1182 4392 1482 4446 alienatus.
1507 4391 1654 4445 Etin
1677 4396 1903 4446 tantum

300 4483 690 4537 turbabuntur
720 4483 874 4554 quod
901 4483 1152 4536 devorata
1185 4487 1278 4549 est,
1313 4481 1369 4534 id
1401 4484 1484 4534 est
1517 4481 1902 4548 devorabitur,

301 4573 359 4624 et
376 4587 443 4624 ex
460 4574 582 4626 toto
611 4571 935 4626 destruetur
953 4572 1122 4625 omnis
1150 4570 1406 4640 sapientia
1430 4584 1630 4634 eorum,
1668 4573 1748 4635 ut,
1774 4585 1902 4622 cum

301 4662 435 4712 ante
451 4659 947 4730 perturbationem
960 4658 1252 4730 sapienter
1262 4673 1464 4728 regere
1478 4657 1904 4723 noverint,tunc

299 4746 358 4799 in
393 4750 554 4801 tanta
585 4747 1019 4819 perturbatione
1063 4747 1234 4816 positi
1272 4761 1517 4800 omnem
1560 4745 1904 4814 sapientiam

300 4835 600 4906 regiminis
632 4836 919 4904 amittant,
943 4834 1367 4889 asimilitudine
1386 4836 1716 4902 nautarum,
1752 4833 1847 4904 qui
1871 4850 1904 4886 a

299 4923 481 4976 nimia
510 4926 852 4995 tempestate
877 4922 1220 4993 deprehensi
1248 4923 1333 4976 sui
1365 4921 1666 4991 regiminis
1697 4921 1904 4992 peritia

299 5015 598 5082 nequeunt
622 5012 724 5066 uti.
756 5011 1181 5078 Turbabuntur,
1211 5011 1474 5081 inquam,
1492 5009 1902 5064 etideoviden-

298 5102 384 5153 tes
412 5117 471 5153 se
504 5100 766 5154 sufﬁcere
797 5115 916 5154 non
949 5115 1134 5170 posse,
1167 5098 1552 5162 clamauerunt,
1587 5099 1644 5152 id
1675 5101 1760 5151 est
1788 5099 1901 5151 cla-

299 5176 632 5243 mabuntad
652 5189 948 5243 Dominum
969 5189 1303 5255 corde,0re,
1336 5192 1393 5242 et
1423 5205 1621 5258 opere,
1653 5204 1773 5241 cum
1805 5189 1901 5240 tri-

304 5275 635 5345 bularentur,
660 5278 718 5331 id
741 5279 825 5331 est
840 5293 971 5331 cum
991 5276 1051 5330 in
1075 5276 1330 5346 periculo
1359 5279 1522 5330 tanto
1543 5275 1901 5329 tribulabun-

299 5367 427 5432 tur;
460 5372 510 5418 et
528 5366 591 5419 de
623 5367 1022 5422 necessitatibus
1062 5382 1240 5418 eorum
1276 5363 1452 5418 eduxit
1483 5381 1587 5428 eos,
1619 5363 1677 5417 id
1716 5367 1802 5416 est
1831 5364 1902 5417 de

300 5451 707 5508 insufﬁcientia
727 5457 784 5508 et
803 5453 1311 5525 inopiaregiminis
1331 5453 1666 5506 educeteos.
1691 5453 1757 5504 Et
1773 5468 1902 5506 ecce

302 5541 547 5613 qualiter
571 5543 794 5610 educet,
828 5542 1040 5598 scilicet
1085 5545 1142 5596 ct
1179 5543 1384 5608 statuit,
1431 5541 1489 5595 id
1539 5543 1623 5594 est
1663 5541 1893 5594 statuet.

2007 4391 2257 4445 dicendi.
2295 4391 2540 4463 Exponit
2565 4395 2760 4445 autem
2792 4391 3086 4462 quomodo
3115 4390 3286 4455 dicat,
3302 4393 3365 4444 ut
3382 4389 3606 4445 miseri-

2005 4479 2214 4533 cordize
2245 4479 2365 4533 ista:
2414 4480 2529 4533 sint
2570 4479 2812 4532 materia
2860 4477 3173 4531 confitendi
3213 4478 3321 4532 sibi
3354 4479 3607 4541 laudem,

2005 4583 2136 4620 cum
2159 4567 2319 4621 addit
2352 4584 2364 4619 :
2397 4565 2788 4637 Conﬁteantur,
2818 4567 3152 4636 inquam,id
3183 4569 3268 4622 est
3291 4566 3404 4622 sint
3428 4570 3608 4622 mate-

2005 4655 2090 4708 ria
2120 4654 2513 4719 confessionis,
2571 4653 2784 4708 scilicet
2831 4655 3063 4710 exaltent
3108 4673 3228 4709 eum
3277 4656 3606 4727 quicunque

2005 4741 2534 4796 omnimodalaude
2580 4743 2634 4795 in
2674 4740 2933 4812 Ecclesia,
2974 4743 3033 4798 id
3067 4747 3152 4797 est
3178 4743 3236 4797 in
3279 4744 3604 4798 considera-

2005 4832 2162 4885 tione
2194 4831 2479 4898 Ecclesiae,
2489 4832 2657 4902 plebis
2687 4831 3459 4899 subditae,videndo,scilicet
3477 4845 3604 4901 qua:

2005 4919 2379 4991 congregatio
2413 4921 2774 4976 subditorum
2806 4919 3058 4990 egregie,
3093 4922 3150 4972 et
3176 4919 3519 4988 regulariter
3545 4933 3605 4972 se

2002 5009 2240 5076 habeat;
2280 5011 2338 5063 et
2359 5009 2572 5064 laudent
2600 5025 2720 5064 eum
2747 5011 2803 5062 in
2824 5008 3072 5062 cathedra
3103 5009 3388 5076 seniorum,
3429 5006 3486 5060 id
3518 5008 3606 5060 est

2001 5097 2061 5151 in
2077 5098 2539 5152 consideratione
2558 5095 2996 5169 gubernationis
3018 5095 3413 5166 prtelatorum,
3434 5095 3607 5149 ratio-

2001 5186 2270 5240 nabiliter
2295 5189 2352 5240 et
2379 5203 2509 5240 cum
2533 5185 2947 5255 tranquillitate
2974 5183 3231 5237 subditos
3253 5183 3602 5253 regentium.

2003 5275 2287 5329 Catbedra
2299 5291 2404 5344 pro
2423 5271 2841 5344 gubernatione
2863 5270 3117 5341 ponitur,
3133 5285 3201 5324 eo
3222 5270 3376 5341 quod
3394 5270 3602 5340 guber-

2001 5368 2230 5417 natores
2249 5362 2307 5414 in
2328 5359 2612 5415 cathedris
2632 5360 2819 5413 solent
2841 5358 3064 5414 sedere.
3081 5357 3332 5412 Ostensis
3357 5359 3605 5430 quatuor

2001 5449 2414 5522 ereptionibus,
2432 5451 2494 5502 ut
2517 5447 2700 5518 magis
2713 5446 2784 5500 ad
2801 5447 2900 5501 Dei
2917 5445 3148 5501 laudem
3163 5445 3366 5500 incitet
3379 5449 3602 5517 gentes,

2003 5544 2060 5593 et
2087 5539 2130 5593 si
2162 5537 2419 5608 superius
2435 5536 2506 5591 de
2525 5537 2925 5591 earum-salute
2945 5534 3150 5606 egerit,
3172 5535 3294 5606 agit
3313 5538 3511 5592 tamen
3531 5535 3603 5589 de
