3998 6026
405 266 534 332 l2“

982 274 1042 335 S.
1080 270 1425 331 BRUNONIS
1464 265 2092 329 CARTHUSIANORUM
2129 264 2596 325 INSTITUTORIS
2634 267 2787 325 ΟΡΡ.
2830 265 3006 323 PARS
3040 266 3083 322 Ι.

3569 264 3727 323 1212

403 399 511 453 hac
555 398 764 455 eadem
794 414 857 454 re
882 397 943 453 in
963 397 1333 469 sequentibus
1350 397 1577 468 agendo
1595 395 1812 468 pariter
1829 394 1900 449 de
1912 393 2007 447 Ju-
2027 394 2082 451 A
2107 393 2248 448 ﬁant
2274 391 2648 464 postmodum
2694 390 2756 446 in
2802 391 2994 446 futuro
3038 389 3391 446 Hierusalem
3441 389 3721 456 caelestis,

404 488 665 542 dasorum
696 486 1045 560 repulsione,
1079 488 1142 540 ut
1176 485 1361 556 majus
1390 486 1668 556 appareat
1714 482 1772 536 in
1823 482 2004 537 salute

401 574 669 649 gentium
683 576 1026 631 beneﬁcium
1037 591 1125 641 ,ex
1137 574 1567 646 comparatione
1580 570 2008 642 repulsionislu—

403 663 828 719 dmorum.Dico
845 662 1059 717 laudent
1070 661 1676 733 quicunque;videntes
1693 658 2005 714 Dominum

403 754 460 806 in
485 752 737 808 cathedra
757 752 1040 818 seniorum,
1064 753 1121 805 et
1148 750 1219 804 de
1249 750 1357 804 hoc
1379 764 1606 820 quoque
1629 748 1847 802 laudent
1871 745 2009 818 quod

392 843 575 912 posuit
598 842 825 908 ﬂumina
856 842 911 893 in
939 839 1222 907 desertum,
1256 838 1314 892 id
1360 839 1445 893 est
1473 835 1881 907 praedicatores
1911 834 2009 905 qui

406 927 649 984 flumina
662 927 1023 995 dicuntur,eo
1041 927 1199 999 quod
1214 927 1288 981 ad
1303 926 1541 981 modum
1560 923 1869 977 ﬂuminum
1884 923 2010 977 sub-

405 1015 555 1073 ditos
583 1015 847 1070 doctrina
873 1033 974 1070 sua
999 1015 1277 1070 reﬁciant.
1314 1014 1464 1078 Quos
1478 1012 1761 1068 mittendo
1784 1013 1933 1066 Deus
1955 1013 2009 1063 in

404 1102 662 1157 desertum
700 1107 895 1175 ponet,
922 1102 982 1158 id
1028 1106 1113 1159 est
1158 1103 1255 1157 diu
1304 1118 1671 1174 perseverare
1712 1099 1920 1166 faciet;
1949 1098 2008 1152 in

405 1191 517 1246 hoc
548 1192 797 1259 deserto,
830 1192 889 1246 id
918 1195 1002 1246 est
1042 1192 1100 1246 in
1141 1192 1341 1264 gentili
1370 1192 1583 1263 populo
1623 1194 1684 1244 ut
1727 1206 1859 1243 eum
1907 1188 2009 1241 do-

407 1278 601 1337 ctrina
619 1298 721 1336 sua
750 1280 1005 1345 reficiat;
1033 1280 1131 1351 qui
1174 1281 1467 1335 desertum
1511 1279 1718 1334 dicitur
1757 1294 1825 1331 eo
1856 1275 2011 1348 quod

410 1371 545 1423 ante
563 1369 888 1423 doctrinam
906 1368 1351 1439 praedicatorum
1373 1369 1445 1422 ad
1458 1368 1700 1422 modum
1727 1369 1894 1420 terra!
1917 1365 2013 1420 de-

410 1456 836 1533 sertaa,ster_iles
867 1456 927 1509 in
955 1457 1110 1509 bono
1150 1472 1325 1526 opere
1368 1456 1621 1510 fuerunt.
1656 1455 1777 1509 Non
1825 1454 2009 1508 solum

409 1548 603 1598 autem
618 1544 875 1598 minores
893 1543 1299 1615 praedicatores
1310 1546 1646 1616 ponetDeus
1668 1545 1721 1597 in
1747 1543 2013 1596 desertum

2110 498 2238 553 quas
2268 484 2331 535 ut
2357 481 2615 551 superius
2646 479 2862 535 dictum
2892 485 2996 547 est,
3029 480 3139 533 erit
3166 479 3361 534 civitas
3397 479 3723 533 habitatio-

2108 554 2446 640 nis;
2473 572 2558 624 vel
2581 570 2894 624 esurientes
2919 569 2977 622 in
3001 568 3084 623 eis
3104 567 3421 623 collocandi
3436 567 3728 638 praedica-

2107 660 2261 713 tores
2277 657 2461 713 eﬂ‘ecti
2473 657 2851 724 facient,alios
2862 657 3234 728 praedicando
3248 656 3536 711 civitatem
3550 657 3722 710 habi-

2076 778 2081 783 -
2108 748 2360 802 tationis.
2393 747 2471 801 Et
2491 748 2598 802 hoc
2630 747 2803 802 modo
2837 746 3184 801 constituent
3210 744 3524 807 civitatem,
3550 745 3717 816 quod

2109 840 2166 891 et
2196 836 2477 908 quosdam
2508 836 2686 890 factos
2714 833 2816 889 Dei
2861 851 3019 903 agros
3057 833 3362 899 cultibiles,
3390 849 3492 903 per
3530 832 3718 886 ﬁdem

2105 927 2518 991 seminaverunt,
2541 924 2599 978 id
2632 928 2717 978 est
2740 923 3112 977 seminabunt
3141 921 3362 976 semine
3408 920 3720 985 doctrinae,

2109 1018 2167 1069 et
2193 1031 2260 1068 ex
2306 1014 2442 1086 ipsis
2482 1013 2635 1085 agris
2667 1013 3078 1083 plantaverunt,
3132 1011 3188 1065 id
3238 1014 3325 1064 est
3367 1010 3725 1080 plantabunt

2110 1105 2310 1169 vineas,
2333 1102 2543 1157 scilicet
2559 1119 2625 1156 ex
2639 1101 2915 1156 ﬁdelibus
2928 1102 3044 1155 Deo
3056 1116 3160 1170 per
3171 1100 3349 1154 ﬁdem
3364 1096 3727 1170 generandis

2113 1191 2355 1246 ﬁrmiter
2381 1190 2733 1245 constituent
2759 1188 3243 1261 congregationes
3282 1186 3628 1241 clericorum
3664 1190 3729 1239 et

2111 1282 2554 1346 monachorum,
2588 1295 2716 1350 qua:
2742 1279 2845 1333 Dei
2872 1278 3052 1333 vineae
3086 1280 3255 1332 erunt
3283 1275 3622 1341 fructiferae;
3662 1276 3729 1328 et

2113 1386 2230 1424 non
2257 1368 2512 1423 eruntin
2546 1368 2699 1421 malo
2748 1365 3083 1433 fructiferae,
3109 1366 3210 1420 sed
3244 1366 3503 1434 fecerunt,
3532 1363 3589 1417 id
3629 1366 3730 1416 est

2112 1457 2325 1511 facient
2348 1458 2587 1525 fructum
2621 1456 2938 1521 nativitatis,
2980 1454 3036 1508 id
3068 1457 3153 1507 cst
3185 1454 3433 1508 fructum
3478 1453 3724 1506 natura-

2112 1547 2247 1611 lem,
2279 1547 2529 1600 fructum
2560 1543 2818 1598 videlicet
2843 1559 3085 1614 operum
3108 1544 3418 1608 bonorum,
3442 1541 3511 1594 ad
3536 1556 3724 1611 quem

409 1631 509 1686 sed
535 1634 594 1685 et
622 1633 802 1703 ponet
831 1649 885 1684 in
907 1632 1072 1694 sitim,
1105 1630 1165 1686 id
1193 1635 1279 1686 est
1308 1632 1365 1685 in
1406 1624 1685 1702 gentilem
1733 1632 2009 1701 populum
2042 1701 2073 1703 _
2112 1632 2442 1689 faciendum
2477 1635 2625 1685 natae
2661 1633 2814 1696 sunt,
2847 1632 2907 1683 et
2935 1646 2970 1683 a
3010 1631 3129 1685 Deo
3173 1632 3403 1684 creata.
3435 1628 3723 1682 Malorum

408 1721 577 1774 exitus
608 1736 893 1792 aquarum,
927 1719 986 1774 id
1017 1723 1101 1774 est
1126 1722 1437 1791 apostolos,
1458 1722 1521 1773 ut
1547 1736 1650 1790 per
1679 1735 1880 1774 eorum
1917 1718 2013 1772 do-
2038 1701 2090 1760 Β
2113 1721 2271 1777 enim
2300 1737 2540 1792 operum
2568 1719 2786 1773 fructus
2816 1721 3020 1773 contra
3050 1706 3318 1772 naturam
3356 1721 3461 1772 est.
3509 1718 3728 1770 Pecca-

409 1807 658 1863 ctrinam
704 1808 776 1862 ad
827 1807 1003 1862 fidem
1048 1809 1426 1864 adducantur.
1471 1808 1748 1863 Dicuntur
1778 1806 2011 1879 quidem
2113 1813 2240 1866 tum
2266 1811 2425 1865 enim
2454 1824 2569 1862 non
2602 1810 2688 1862 est
2706 1810 2935 1873 natura,
2966 1807 3068 1861 sed
3087 1806 3290 1861 vitium
3308 1808 3546 1871 natura},
3571 1803 3727 1858 sicut

413 1896 655 1968 apostoli
685 1898 855 1952 exitus
884 1912 1169 1968 aquarum,
1200 1896 1257 1951 id
1288 1899 1374 1951 est
1402 1896 1612 1963 fontes,
1648 1912 1716 1951 eo
1764 1895 1918 1967 quod
1942 1894 2013 1949 ab

409 2000 610 2042 eorum
634 1984 897 2039 doctrina
917 1988 1258 2040 cunctorum
1280 1985 1727 2057 praedicatorum
1751 1985 2014 2039 doctrina

412 2073 736 2141 dirimetur,
751 2073 892 2128 sicut
907 2090 941 2129 a
962 2074 1221 2129 fontibus
1234 2074 1334 2129 rivi
1357 2074 1751 2145 egrediuntur.
1781 2072 2014 2127 Gentilis

413 2164 605 2219 autem
629 2163 893 2235 populus,
916 2178 1023 2234 per
1043 2162 1388 2235 emphasim,
1404 2161 1610 2216 dicitur
1621 2162 1835 2227 sitis,eo
1859 2160 2014 2231 quod

410 2250 481 2308 de
511 2250 776 2307 doctrina
806 2250 940 2305 ﬁdei
965 2251 1128 2306 valde
1160 2251 1335 2305 siccus
1368 2252 1523 2306 esset
1548 2253 1606 2306 et
1636 2250 1851 2305 aridus.
1877 2248 2012 2303 Dico

416 2338 571 2412 quod
603 2341 780 2408 ponet
807 2341 1033 2407 ﬂumina
1066 2341 1120 2393 in
1146 2339 1427 2395 desertum.

487 2427 712 2482 Terram
738 2430 934 2481 autem
963 2427 1324 2496 fructi/eram,
1340 2427 1398 2481 id
1424 2429 1508 2481 est
1523 2428 1799 2498 populum
1822 2423 2013 2480 Judai-

416 2530 568 2580 cum,
602 2513 758 2584 prius
796 2513 1136 2569 existentem
1169 2518 1382 2569 terram
1414 2532 1579 2569 suam
1599 2515 1659 2569 in
1690 2514 1854 2569 bonis
1884 2530 2017 2585 ope-

417 2601 574 2658 ribus
602 2601 985 2671 fructiferam,
1013 2603 1315 2675 permittet
1342 2604 1478 2675 poni
1508 2606 1563 2658 in
1580 2604 1923 2672 salsuginem,
1956 2603 2013 2658 id

418 2694 506 2747 est
534 2690 592 2745 in
624 2691 986 2747 sterilitatem
1034 2708 1161 2763 qua:
1194 2708 1301 2762 per
1327 2692 1676 2764 salsuginem
1717 2692 2012 2763 accipitur,

416 2795 484 2833 eo
517 2780 671 2850 quod
696 2780 842 2835 salsa
884 2783 1037 2835 terra
1077 2780 1286 2835 sterilis
1323 2780 1414 2834 sit.
1465 2781 1580 2836 Hoc
1621 2785 1815 2835 autem
1861 2782 2015 2853 quod

343 2884 354 2892 ·
414 2866 618 2921 sterilis
643 2867 743 2922 ﬁet
772 2884 806 2922 a
829 2869 984 2923 bono
1016 2884 1210 2939 opere,
1229 2869 1530 2940 continget
1555 2888 1586 2922 a
1622 2870 1826 2924 malitia
1859 2869 2011 2924 inha-

2114 1901 2359 1968 Prosper
2379 1897 2596 1952 asserit.

2182 1985 2260 2040 Et
2287 1988 2358 2039 eis
2387 1985 2566 2040 vineis
2595 1987 2654 2040 et
2682 1983 2835 2056 agris
2869 1982 3147 2049 benedixit,
3180 1982 3238 2037 id
3283 1985 3370 2035 est
3409 1979 3726 2035 benedicet

2113 2075 2415 2143 Dominus,
2446 2074 2659 2129 scilicet
2689 2073 2961 2129 exaltabit
2984 2073 3043 2126 in
3076 2072 3396 2126 virtutibus.
3425 2069 3500 2125 Et
3530 2069 3721 2122 multi-

2102 2165 2298 2236 plicati
2318 2171 2465 2232 sunt,
2499 2164 2558 2218 id
2602 2166 2686 2217 est
2740 2162 3276 2232 multiplicabuntur
3319 2162 3603 2232 quantum
3641 2157 3721 2212 ad

2116 2269 2425 2307 numerum
2456 2267 2859 2324 personarum,
2891 2254 2948 2305 et
2973 2251 3084 2304 hoc
3124 2250 3301 2315 nimis,
3346 2248 3404 2302 id
3430 2249 3513 2301 est
3543 2262 3720 2318 supra

2114 2342 2376 2397 modum.
2402 2341 2467 2394 Et
2484 2341 2591 2395 hoc
2605 2340 2780 2394 modo
2798 2338 2991 2404 nimis,
3023 2337 3157 2410 quia
3180 2355 3283 2390 non
3310 2338 3599 2390 minoravit
3614 2334 3717 2404 ju-

2113 2437 2289 2484 menta
2311 2446 2512 2483 eorum.
2533 2429 2630 2483 Hic
2662 2429 2831 2483 datur
2859 2426 3125 2498 intelligi,
3154 2426 3310 2497 quod
3350 2421 3719 2494 multiplicari

2114 2518 2413 2589 permittet
2441 2518 2689 2587 jumenta
2729 2532 2930 2581 eorum,
2963 2514 3022 2569 id
3074 2517 3156 2568 est
3196 2514 3322 2568 illos
3351 2530 3417 2567 ex
3456 2511 3591 2583 ipsis
3618 2510 3718 2582 qui

2114 2606 2400 2676 simplices
2421 2607 2661 2659 eruntet
2680 2604 2948 2670 rudes,ut
2961 2603 3250 2673 jumenta,
3282 2600 3491 2656 idiotas
3520 2597 3719 2653 videli-

2115 2697 2237 2760 cet;
2274 2693 2370 2764 qui
2394 2693 2523 2747 ideo
2561 2694 2721 2746 nimis
2750 2691 3097 2761 multiplicati
3129 2690 3418 2756 dicuntur,
3438 2687 3715 2759 quoniam

2116 2783 2305 2854 plures
2350 2798 2418 2835 ex
2464 2781 2620 2852 ipsis,
2652 2784 2714 2835 ut
2758 2779 2816 2833 in
2868 2778 3239 2850 sequentibus
3257 2777 3615 2842 ostendetur,
3646 2775 3717 2828 ab

2114 2870 2398 2925 haereticis
2428 2868 2784 2941 incorporati
2814 2868 3067 2922 fuerunt.
3103 2867 3247 2921 Cum
3279 2866 3438 2921 enim
3464 2861 3719 2920 haeretici

414 2954 720 3022 bitantium,
740 2954 799 3010 id
816 2958 901 3010 est
914 2956 1342 3012 dominantium
1372 2959 1428 3011 in
1456 2975 1535 3025 ea,
1550 2957 1765 3012 scilicet
1779 2974 1883 3030 per
1898 2972 2017 3012 ma—
2036 2988 2084 3049 α
2114 2959 2431 3029 prudentes
2488 2958 2767 3012 devorare
2810 2958 3129 3027 nequeunt,
3158 2954 3366 3009 idiotas
3418 2952 3714 3006 invadunt.

410 3043 593 3099 litiam
614 3044 1042 3099 Pharisaeorum
1065 3048 1124 3100 et
1148 3048 1491 3101 caeterorum
1518 3045 2015 3117 praelatorum,qui
2043 3039 2083 3049 “”
2116 3047 2277 3101 Unde
2301 3045 2601 3101 Psalmista
2629 3043 2766 3100 alibi
2800 3061 2814 3099 :
2852 3066 2878 3093 «
2906 3042 3295 3114 Congregatio
3327 3046 3630 3097 taurorum
3659 3039 3718 3094 in

412 3133 564 3187 male
589 3132 834 3189 vivendo
864 3137 923 3187 et
965 3133 1187 3189 steriles
1230 3134 1547 3202 existendo,
1592 3150 1722 3188 eam
1750 3135 2014 3204 exemplo

409 3236 510 3274 suo
543 3224 938 3291 corrumpant.
971 3222 1049 3274 Ex
1080 3221 1342 3293 opposito
1390 3237 1525 3275 vero
1568 3228 1770 3291 posuit,
1801 3221 1861 3276 id
1907 3224 2010 3287 est,

409 3311 589 3378 ponet
606 3323 711 3380 per
731 3307 1003 3363 auxilium
1025 3307 1230 3379 gratiae
1249 3308 1532 3372 desertum,
1556 3309 1615 3363 id
1630 3312 1715 3363 est
1731 3309 2012 3380 gentilem

406 3395 688 3464 populum
716 3397 771 3449 in
790 3400 981 3466 stagna
998 3397 1346 3467 aquarum,id
1367 3399 1453 3451 est
1488 3397 1545 3451 in
1585 3397 2011 3468 praedicatores,

399 3480 613 3535 scilicet
638 3483 919 3554 quosdam
951 3500 1017 3538 ex
1053 3484 1341 3555 gentibus,
1373 3485 1519 3540 adeo
1547 3502 1700 3557 aqua
1730 3485 2013 3540 doctrinae

404 3568 577 3625 faciet
595 3570 942 3640 redundare,
980 3572 1133 3628 unde
1164 3573 1303 3629 alios
1332 3573 1612 3641 reﬁciant,
1646 3573 1704 3628 in
1732 3577 2013 3646 quantum

404 3660 612 3731 stagna
641 3660 804 3732 aquis
849 3661 1201 3717 redundant.
1231 3663 1298 3716 Et
1342 3662 1490 3717 bene
1517 3670 1705 3733 stagna
1738 3663 1923 3735 ponit,
1954 3666 2016 3717 ut

405 3763 512 3818 per
540 3749 649 3803 hoc
674 3750 897 3822 praalati
940 3751 1021 3806 illi
1075 3751 1428 3824 accipiantur
1476 3752 1572 3824 qui
1614 3755 1833 3808 stantes
1859 3756 2011 3819 sunt,

407 3852 526 3892 non
558 3837 812 3894 diversas
852 3840 1054 3895 mundi
1086 3844 1278 3912 partes
1320 3841 1581 3896 docendo
1617 3845 2011 3913 peragrantes,

407 3924 553 3980 sicut
582 3926 838 3999 episcOpi
880 3928 1068 3994 multi,
1101 3931 1160 3983 et
1189 3928 1379 3984 caeteri
1404 3930 1615 4000 gradus
1638 3931 2012 4000 praelatorum

410 4013 855 4085 uniuscujusque
886 4016 1160 4082 ecclesiae,
1194 4034 1228 4071 a
1254 4017 1628 4072 similitudine
1674 4022 2011 4089 stagnorum

408 4117 538 4171 quae
568 4118 685 4155 non
708 4102 914 4156 fluunt.
952 4105 1020 4157 Et
1049 4120 1168 4160 non
1213 4105 1400 4159 solum
1431 4105 1695 4159 desertum
1753 4109 1930 4178 ponet
1959 4108 2013 4159 in

405 4194 597 4259 stagna
627 4204 915 4261 aquarum,
949 4192 1047 4246 sed
1078 4195 1136 4245 et
1167 4198 1361 4251 terram
1391 4194 1507 4247 sine
1529 4211 1691 4265 aqua,
1720 4194 1779 4249 id
1809 4196 1894 4247 est
1918 4212 2016 4266 po-

408 4278 610 4349 pulum
632 4259 910 4350 gentilem
940 4296 1091 4352 aqua
1118 4280 1394 4335 doctrina:
1425 4259 1741 4348 carentem,
1760 4259 1938 4354 ponet
1957 4285 2014 4337 in
2038 4259 2090 4319 D

407 4367 581 4421 exitus
604 4372 891 4438 aquarum,
914 4367 1126 4422 scilicet
1148 4368 1431 4439 quosdam
1482 4385 1547 4423 ex
1583 4368 1717 4440 ipsis
1747 4370 2015 4441 gentibus

407 4453 583 4508 faciet
610 4456 919 4525 apostolos,
940 4459 1003 4511 ut
1021 4457 1139 4512 vice
1159 4459 1549 4531 apostolorum
1569 4461 1760 4530 plures
1780 4460 2010 4530 provin-

409 4539 526 4594 cias
574 4541 837 4596 docendo
883 4546 1251 4615 perlustrent,
1297 4549 1355 4600 et
1393 4545 1584 4601 caeteri
1638 4547 1893 4603 minores
1939 4549 2012 4603 ab

410 4641 612 4680 eorum
648 4627 923 4683 doctrinm
961 4629 1122 4685 fonte
1151 4633 1490 4702 procedant,
1522 4633 1667 4688 sicut
1710 4634 2014 4707 Dionysius

409 4714 761 4787 Areopagita
801 4716 861 4770 in
889 4717 1086 4784 Gallia,
1115 4723 1174 4773 et
1206 4720 1397 4775 caeteri
1429 4721 1595 4776 multi
1625 4739 1730 4793 per
1768 4724 2015 4779 diversas

412 4803 615 4858 mundi
646 4807 838 4876 partes
869 4806 941 4860 ab
972 4808 1262 4877 apostolis,
1284 4811 1341 4862 et
1372 4826 1575 4865 eorum
1598 4813 2016 4869 successoribus

413 4892 591 4946 missi.
621 4891 700 4947 Et
724 4893 851 4962 illic,
882 4893 942 4949 id
981 4898 1065 4950 est
1104 4895 1164 4950 in
1214 4896 1596 4954 fundamento
1638 4900 1771 4955 ﬁdei
1814 4904 1872 4956 et
1911 4903 2012 4957 do-

410 4979 608 5035 ctrinae
625 4980 861 5037 illorum
874 4986 1210 5055 stagnorum
1223 4987 1281 5039 et
1291 4985 1480 5040 exituu
1491 5004 1541 5041 m
1565 5004 1846 5061 aquarum
1861 4991 2017 5047 collo-

411 5069 576 5137 Cavit,
595 5068 653 5124 id
682 5073 768 5125 est
795 5071 1063 5128 fundabit
1094 5073 1234 5129 alios
1264 5076 1592 5147 complures
1618 5080 1921 5145 esurientes,
1955 5078 2015 5133 id

412 5159 497 5212 est
521 5159 687 5214 valde
717 5160 1108 5219 desiderantes
1132 5180 1335 5219 eorum
1358 5164 1622 5221 doctrina
1652 5166 1829 5235 reﬁci,
1861 5169 1925 5221 ut
1953 5167 2013 5222 in

414 5245 679 5302 doctrina
693 5248 845 5304 beati
869 5253 928 5305 et
942 5250 1339 5322 gloriosissimi
1369 5253 1593 5308 Martini
1616 5255 1782 5310 multi
1810 5256 2012 5326 legun-

413 5337 506 5389 tur
523 5335 695 5391 fuisse
720 5338 1084 5395 collocati.Et
1099 5340 1224 5412 ipsa
1247 5345 1451 5414 stagna
1489 5345 1547 5397 et
1590 5342 1770 5397 exitus
1820 5346 2012 5398 consti-

414 5431 630 5479 tuerunt
674 5428 941 5484 civitatem
983 5427 1348 5497 habitationis,
1384 5430 1443 5485 id
1479 5434 1565 5485 est
1606 5431 2011 5504 prmdicatione

417 5526 518 5565 sua
548 5516 607 5568 et
625 5517 889 5587 exemplo
914 5516 1265 5573 constituent
1287 5517 1413 5573 illos
1435 5519 1752 5575 esurientes
1764 5520 1925 5588 tales,
1946 5524 2007 5576 ut

2113 3135 2293 3189 vaccis
2308 3133 3073 3207 populorumfPsal.van,3l
3088 3132 3128 3205 ).
3141 3131 3719 3202 nMultiplicabuntur,

2115 3222 2375 3294 inquam,
2428 3223 2574 3295 agri.
2622 3223 2689 3276 Et
2742 3225 2891 3294 post,
2929 3223 3101 3294 pauci
3151 3222 3293 3291 facti
3336 3227 3481 3287 sunt,
3530 3219 3590 3273 id
3635 3221 3721 3272 est

2113 3312 2280 3384 pauci
2318 3313 2464 3367 ﬁent
2502 3328 2630 3366 cum
2680 3311 2921 3382 perfecti
2977 3309 3361 3376 dimittentur,
3395 3326 3431 3362 a
3467 3305 3721 3362 maxima

2114 3405 2278 3473 parte
2293 3402 2718 3472 jumentorum,
2738 3400 2836 3473 qui
2866 3401 2938 3456 ab
2962 3398 3248 3456 htereticis
3268 3396 3723 3470 incorporabun-

2114 3492 2226 3543 tur.
2268 3488 2345 3543 Et
2386 3488 2623 3560 perfecti
2665 3490 2843 3543 vexati
2890 3496 3036 3552 sunt,
3074 3489 3132 3543 id
3180 3489 3267 3542 est
3306 3485 3719 3541 vexabuntura

2115 3578 2454 3632 tribulatione
2471 3578 2760 3647 malorum,
2782 3577 2842 3632 id
2862 3580 2949 3631 est
2978 3576 3405 3632 haereticorum.
3428 3574 3723 3644 Leguntur

2115 3666 2270 3722 enim
2296 3667 2555 3722 haeretici
2585 3666 2798 3722 sanctis
2814 3666 2948 3722 viris
2968 3664 3403 3722 tribulationem
3426 3677 3719 3732 corporea

2115 3755 2528 3828 persecutionis
2556 3756 2835 3823 intulisse,
2870 3759 2931 3811 ut
2960 3756 3126 3811 Arius
3174 3759 3232 3810 et
3276 3753 3371 3808 alii
3399 3754 3612 3825 plures.
3653 3751 3722 3803 Et

2112 3845 2467 3899 vexabuntur
2483 3845 2654 3899 etiam
2684 3844 2921 3900 interius
2950 3844 3187 3916 perfecti
3217 3861 3248 3897 a
3264 3842 3441 3897 dolore
3461 3855 3723 3911 compas-

2113 3931 2310 3999 sionis,
2335 3933 2765 4005 compatiendo,
2788 3933 3001 3988 scilicet
3031 3948 3235 3986 eorum
3261 3929 3443 3986 errori
3498 3931 3555 3982 et
3585 3944 3717 4001 per-

2115 4019 2340 4074 ditioni.
2376 4022 2482 4074 Per
2512 4021 2621 4074 hoc
2649 4020 2851 4092 itaque
2882 4020 3047 4091 pauci
3084 4018 3246 4086 ﬁent,
3275 4020 3334 4073 et
3361 4017 3719 4072 vexabuntur

2113 4107 2267 4179 quod
2296 4125 2453 4179 super
2472 4110 2737 4179 principes
2781 4108 3207 4174 haereticorum,
3241 4106 3297 4162 id
3329 4109 3415 4159 est
3443 4105 3499 4159 in
3558 4120 3721 4174 supe-

2111 4196 2250 4251 riori
2279 4201 2441 4267 parte
2471 4214 2673 4252 eorum
2700 4197 2759 4251 in
2802 4196 3018 4264 anima,
3042 4196 3255 4251 scilicet
3291 4197 3460 4265 effusa
3493 4199 3565 4247 est
3590 4209 3718 4249 con-

2113 4286 2356 4356 temptio,
2387 4285 2444 4340 id
2477 4287 2562 4339 est
2592 4284 2920 4341 etfundetur
2949 4286 3249 4357 despectus
3286 4284 3386 4338 irae
3431 4283 3553 4348 Dei,
3588 4298 3718 4353 quae

2113 4390 2212 4429 eos
2240 4373 2483 4428 interius
2500 4374 2836 4441 exceecabit;
2866 4375 2949 4429 vel
2976 4373 3303 4429 efl'undetur
3325 4388 3495 4443 super
3511 4369 3722 4443 princi-

2114 4479 2233 4534 pes,
2250 4463 2406 4534 justo
2426 4462 2645 4534 judicio
2681 4462 2780 4517 Dei
2811 4463 3216 4528 conterendos,
3255 4465 3319 4515 ut
3361 4458 3723 4516 contendant

2114 4551 2435 4606 adinviccm
2457 4550 2761 4622 multiplici
2788 4550 3116 4619 schismate,
3137 4552 3196 4604 et
3224 4548 3301 4604 sic
3323 4547 3509 4619 magis
3536 4562 3718 4601 exce-

2113 4641 2408 4695 centur.Et
2422 4655 2520 4693 eos
2550 4642 2858 4694 excaecatos
2879 4640 3026 4707 fecit,
3042 4638 3099 4693 id
3120 4640 3205 4692 est
3222 4636 3521 4709 permittet
3540 4653 3721 4689 errare

2116 4728 2330 4800 positos
2353 4730 2407 4780 in
2437 4729 2601 4794 invio,
2645 4726 2703 4780 id
2734 4730 2817 4781 est
2848 4726 2905 4781 in
2946 4726 3108 4782 devio
3136 4726 3487 4781 diversarum
3533 4724 3716 4778 haere-

2113 4832 2263 4883 sum,
2307 4819 2365 4869 et
2402 4816 2477 4870 sic
2520 4818 2581 4869 ut
2621 4816 2779 4870 nullo
2817 4815 2992 4870 modo
3031 4814 3147 4869 sint
3177 4814 3234 4868 in
3266 4813 3356 4868 via
3384 4812 3538 4867 ﬁdei.
3572 4811 3721 4866 Sunt

2115 4904 2326 4976 quippe
2353 4905 2542 4976 plures
2575 4905 2694 4976 qui,
2729 4904 2960 4959 tametsi
3005 4904 3065 4958 in
3107 4903 3454 4975 quibusdam
3502 4900 3719 4956 levibus

2115 4994 2312 5046 errant
2341 5008 2407 5047 ex
2442 4992 2794 5064 ignorantia,
2826 4996 3025 5047 tamen
3056 4996 3192 5047 sunt
3214 4992 3274 5046 in
3299 4992 3389 5046 via
3420 4990 3491 5045 de
3513 4989 3718 5061 quibus

2113 5081 2418 5151 Apostolus
2444 5097 2504 5135 τα
2526 5082 2592 5135 Et
2620 5080 2663 5135 si
2686 5080 2824 5153 quid
2846 5080 3014 5135 aliter
3034 5079 3250 5151 sapitis,
3274 5083 3333 5134 et
3355 5079 3466 5133 hoc
3490 5093 3716 5150 quoque

2115 5167 2273 5223 vobis
2303 5170 2451 5232 Deus
2487 5169 2760 5224 revelabit
2788 5168 3010 5239 (Philip.
3055 5185 3116 5235 ιι,
3152 5168 3261 5241 15).
3286 5189 3315 5217 ››
3343 5166 3489 5231 Quia
3529 5167 3715 5238 posset

2118 5256 2295 5329 quaeri
2326 5258 2464 5329 quid
2492 5258 2602 5312 hoc
2629 5257 2784 5329 quod
2823 5258 2894 5312 de
2938 5256 3222 5312 haereticis
3266 5256 3456 5328 agitur
3507 5255 3581 5310 ad
3618 5255 3714 5309 Dei

2116 5345 2345 5400 laudem
2362 5345 2895 5401 attineat.Ostendit
2909 5362 3035 5418 quae
3052 5345 3187 5400 inde
3203 5342 3716 5414 utilitascontinget

2116 5433 2404 5505 perfectis,
2438 5437 2500 5489 ut
2530 5434 2667 5489 illud
2703 5438 2960 5507 spectare
2986 5435 3059 5489 ad
3107 5434 3207 5490 Dei
3248 5433 3481 5489 laudem
3516 5431 3718 5486 innuat

2116 5522 2194 5577 sic
2221 5539 2234 5578 :
2261 5523 2396 5579 Dico
2413 5524 2564 5596 quod
2586 5522 2838 5579 haeretici
2852 5523 3148 5592 errabant,
3162 5525 3221 5579 et
3237 5522 3301 5579 de
3320 5523 3497 5595 inopia
3517 5536 3714 5577 eorum
