4008 6040
335 293 466 350 1213

1321 294 1676 353 EXPOSI'I‘IO
1714 296 1783 352 ΙΝ
1818 292 2151 353 PSALMOS.
2192 329 2261 339 —
2299 297 2491 356 PSAL.
2533 294 2668 356 CVII

3496 290 3631 359 1214

321 435 429 491 per
446 420 579 482 hoc,
615 416 828 475 scilicet
844 418 999 491 quod
1026 417 1133 491 ipsi
1150 422 1320 476 erunt
1348 419 1463 475 ﬁde
1480 419 1701 494 inopes,
1716 419 1924 477 adimit
1947 421 2005 482 Α
2024 421 2173 478 riam
2197 422 2538 492 intitulatos,
2567 440 2686 481 non
2713 440 2837 482 esse
2857 424 2931 481 ad
2954 426 3135 483 solam
3154 423 3453 483 historiam
3487 426 3631 484 acci-

311 526 624 583 pauperem,
651 508 709 563 id
741 510 825 563 est
855 508 1147 579 adiuvabit
1190 509 1467 564 Dominus
1493 511 1771 581 populum
1798 526 1924 581 per-

323 599 607 653 fectorum
633 613 957 669 pauperum
989 598 1191 669 spiritu
1218 616 1334 654 non
1367 600 1698 671 superbum.
1721 599 1821 654 Vel
1852 599 1923 653 de

332 688 531 757 inopia,
566 686 624 741 id
656 690 740 741 est
780 687 849 741 de
890 688 1173 759 paucitate
1217 688 1473 759 ipsorum
1512 687 1919 757 perfectorum,

321 774 541 829 scilicet
588 775 699 829 hoc
737 791 834 829 eos
873 775 1151 846 adjuvabit
1183 775 1341 856 quod
1378 777 1548 830 erunt
1576 775 1763 847 pauci,
1795 778 1852 828 et
1888 792 1922 829 a

322 863 520 919 multis
534 864 819 919 haereticis
844 865 1179 919 circumdati
1204 882 1217 932 ;
1238 869 1295 920 et
1323 882 1396 919 ne
1422 864 1658 919 familiae
1682 881 1920 919 suorum

317 955 390 1011 ab
420 953 703 1009 haereticis
733 954 1099 1021 seducantur,
1117 961 1317 1026 posuit,
1338 954 1397 1009 id
1423 959 1507 1010 est
1519 958 1699 1026 ponet
1719 957 1775 1008 et
1788 955 1919 1009 fun-

321 1043 482 1099 dabit
532 1043 589 1097 in
630 1043 745 1098 fide
788 1043 1035 1098 ﬁrmiter
1078 1044 1229 1116 ipsas
1273 1044 1513 1114 familias
1536 1046 1671 1098 sicut
1693 1059 1828 1109 oves,
1864 1042 1922 1097 id

321 1134 408 1186 est
438 1131 655 1186 similes
685 1131 901 1198 ovibus,
931 1148 1057 1204 quin
1085 1132 1448 1187 solummodo
1481 1131 1693 1204 pastori
1715 1130 1802 1186 sui
1821 1147 1917 1186 vo-

317 1234 445 1275 cem
477 1219 736 1288 audiunt,
758 1235 861 1275 nec
875 1221 1124 1275 alienum
1144 1223 1436 1292 pastorem
1457 1223 1793 1292 sequuntur.
1822 1220 1923 1273 Ex-

317 1306 483 1379 ponit
507 1312 701 1364 autem
720 1308 1012 1381 quomodo
1035 1325 1164 1364 suos
1180 1309 1554 1373 adiuvabitde
1580 1309 1797 1380 inopia,
1821 1308 1918 1363 sic.

315 1397 461 1452 Vere
491 1414 621 1452 suos
650 1396 943 1468 adjuvabit
971 1412 1075 1468 per
1102 1396 1803 1468 inopiamhaareticorum.
1831 1397 1923 1451 Vi-

322 1485 517 1541 debunt
549 1487 707 1541 enim
746 1488 877 1540 recti
910 1502 1012 1558 per
1042 1502 1138 1541 eos
1168 1484 1385 1541 scilicet
1415 1502 1618 1541 eorum
1646 1484 1920 1557 exagitati

320 1574 730 1648 quazstionibus
753 1591 767 1643 ;
799 1575 982 1629 multa
996 1573 1274 1630 videbunt
1290 1576 1359 1629 de
1382 1574 1495 1630 ﬁde
1522 1592 1648 1646 qum
1672 1574 1832 1645 prius
1849 1574 1919 1628 ab

318 1665 400 1718 eis
430 1663 720 1718 intellecta
734 1680 849 1718 non
868 1666 1035 1718 erant
1047 1681 1064 1728 ;
1085 1670 1135 1718 et
1159 1663 1405 1718 videndo
1425 1662 1557 1717 inde
1576 1662 1917 1717 latabuntur.

320 1754 387 1807 Et
413 1752 547 1824 quia
568 1751 671 1825 ipsi
702 1750 963 1826 videntes
997 1754 1187 1819 erunt,
1215 1754 1384 1806 omnis
1414 1745 1665 1823 iniquitas
1692 1750 1920 1805 haereti-
1944 1731 1995 1790 Β

318 1857 520 1897 eorum
564 1840 825 1911 oppilabit
867 1857 926 1896 os
971 1857 1147 1908 suum,
1192 1839 1254 1895 id
1295 1842 1379 1895 est
1422 1856 1623 1895 omnes
1666 1838 1921 1894 haeretici

317 1929 560 1985 clauden
571 1930 591 1982 t
602 1945 664 1983 os
678 1946 866 1997 suum,
892 1945 1009 1984 non
1024 1929 1299 1984 audentes
1321 1928 1508 1983 facere
1524 1928 1603 1983 eis
1620 1930 1916 1983 assultum.

323 2019 472 2089 Ergo
504 2017 737 2088 quando
771 2016 1006 2089 quidem
1025 2020 1132 2085 tot,
1150 2019 1211 2071 ut
1224 2017 1469 2083 ostendi,
1495 2015 1918 2071 misericordias

323 2105 383 2161 in
416 2106 673 2160 humano
704 2121 923 2177 genere
952 2108 1100 2161 Deus
1128 2105 1434 2173 exercebit,
1471 2109 1588 2177 quis
1617 2108 1837 2176 sapiens,
1870 2111 1918 2159 et

321 2194 581 2249 custodiet
610 2194 736 2261 hac,
758 2200 809 2247 et
837 2193 1502 2264 intelligetmisericordias
1525 2193 1785 2248 Domini?
1802 2194 1917 2247 Hoc

570 2282 765 2370 autem
806 2280 880 2334 ad
919 2281 1108 2351 majus
1150 2281 1561 2336 exhortationis
1607 2281 1831 2354 pondus
1856 2281 1914 2335 in

312 2368 657 2442 terrogative
685 2369 868 2440 ponit.
931 2370 1001 2424 Et
1046 2374 1132 2425 est
1175 2388 1239 2426 ac
1270 2370 1316 2425 si
1351 2370 1567 2425 diceret
1597 2388 1609 2425 :
1644 2371 1913 2435 Quando-

315 2457 550 2530 quidem
576 2457 691 2513 suis
740 2460 826 2513 tot
878 2459 1299 2514 misericordias
1352 2461 1498 2514 Deus
1524 2459 1841 2530 impendet,
1867 2450 1913 2514 si

311 2546 438 2618 quis
468 2546 695 2617 sapiens
721 2547 852 2614 erit,
895 2549 953 2601 et
981 2548 1262 2603 custodiet
1286 2549 1409 2602 haec
1433 2547 1733 2614 beneficia,
1756 2549 1910 2620 post-

313 2651 489 2706 quam
519 2634 627 2690 sibi
652 2636 872 2690 fuerint
904 2636 1050 2691 adeo
1077 2637 1231 2703 data,
1253 2654 1324 2691 ne
1352 2637 1631 2707 suaculpa
1661 2635 1909 2703 amittat,

312 2726 370 2778 et
398 2740 519 2779 non
547 2723 793 2780 ascribet
822 2725 944 2780 haec
975 2723 1088 2779 suis
1110 2724 1350 2793 meritis,
1378 2725 1477 2780 sed
1507 2725 1789 2797 intelliget
1810 2725 1915 2779 has

315 2810 744 2868 misericordias
778 2828 897 2868 esse
930 2811 1102 2867 solius
1130 2811 1382 2867 Domini.

808 2954 879 3007 IN
910 2944 1237 3009 PSALMUM
1271 2952 1422 3007 CVII.

380 3077 596 3133 Titulus
628 3076 926 3133 centesimi
955 3076 1207 3149 septimi.
1244 3076 1525 3132 Canticum
1557 3078 1761 3149 psalmi
1822 3081 1922 3150 ipsi

310 3166 512 3236 David,
546 3166 769 3222 Christo
800 3167 1253 3221 attribuendum.
1287 3165 1573 3221 Canticum
1592 3167 1794 3238 psalmi
1812 3169 1919 3221 tra-

2022 510 2281 582 piendos.

2094 599 2361 655 Paratum
2404 619 2493 657 cor
2540 620 2737 669 meum,
2768 602 2934 670 Deus,
2972 620 3037 659 ac
3081 604 3127 659 si
3157 604 3341 661 dicat:
3376 605 3531 660 Licet
3559 623 3623 660 ex

2023 688 2209 743 carnis
2229 690 2567 746 infirmitate
2594 708 2698 763 pro
2712 692 2973 764 passione
2995 692 3274 749 videndus
3290 694 3397 749 sim
3418 695 3629 749 contri-

2022 778 2182 845 stari,
2204 782 2408 834 tamen
2437 784 2703 851 paratum
2731 784 2816 837 est
2851 797 2952 836 cor
2974 799 3193 837 meum.
3229 783 3495 837 Paratum
3517 786 3621 849 est,

2020 865 2385 938 inquam,cor
2403 869 2664 937 meum,id
2681 872 2766 924 est
2780 871 3040 927 voluntas
3056 870 3266 927 anima:
3292 888 3440 925 mea:
3460 887 3625 941 para-

2022 956 2081 1010 ta
2108 960 2193 1010 est
2218 958 2291 1012 ad
2318 957 2810 1029 patiendum.Hoc
2827 963 3020 1015 autem
3040 959 3127 1014 bis
3152 960 3224 1015 ad
3246 958 3623 1014 assertionem

2020 1046 2207 1115 ponit,
2224 1047 2479 1118 etmagis
2500 1046 2558 1101 in
2581 1048 2691 1103 hoc
2716 1064 2847 1102 suos
2862 1047 3150 1103 auditores
3176 1050 3238 1103 ut
3253 1048 3325 1102 ad
3345 1046 3621 1102 hocidem

2020 1147 2125 1203 pro
2157 1149 2224 1187 eo
2256 1133 2444 1204 parati
2465 1134 2579 1188 sint
2607 1133 2856 1189 instruit.
2891 1136 2958 1189 Et
2995 1151 3102 1207 ego
3134 1135 3213 1190 sic
3236 1138 3469 1206 paratus
3503 1151 3625 1187 can-

2023 1222 2142 1275 tabo
2170 1222 2272 1276 tibi
2302 1222 2561 1279 interiori
2593 1223 2918 1291 devotione,
2953 1230 3002 1279 et
3010 1224 3242 1295 psallam
3263 1223 3507 1278 exterius
3518 1223 3621 1276 bo-

2022 1326 2097 1363 na
2118 1309 2474 1381 operatione,
2503 1315 2561 1366 et
2588 1312 2699 1366 hoc
2730 1314 2785 1365 in
2811 1313 2981 1381 gloria
3007 1329 3144 1379 mea,
3174 1311 3233 1366 id
3264 1314 3350 1366 est
3376 1310 3435 1365 in
3481 1326 3620 1364 con-

2021 1395 2372 1453 sideratione
2395 1398 2593 1471 glorise
2624 1416 2793 1455 meae.
2826 1399 3139 1455 Considero
3171 1416 3381 1471 nempe
3410 1399 3482 1454 ob
3513 1398 3622 1451 hoc

2022 1502 2115 1540 me
2144 1503 2264 1541 esse
2284 1487 2747 1558 glorificandum,
2774 1487 3265 1543 cumimmortalis
3284 1488 3421 1542 ﬁam
3441 1486 3620 1541 etim-

2020 1574 2670 1646 passibilis.Exhortatur
2700 1577 2895 1630 autem
2923 1576 3347 1631 humanitatem
3366 1591 3526 1630 suam
3549 1574 3621 1628 ad

2024 1665 2377 1719 cantandum
2399 1667 2455 1718 et
2475 1665 2937 1736 psallendum,ut
2956 1681 3060 1735 per
3090 1666 3198 1719 hoc
3226 1663 3420 1718 veniat
3449 1663 3521 1719 ad
3540 1680 3624 1716 rc-

2022 1751 2482 1820 surrectionem;
2510 1754 2566 1805 et
2595 1768 2712 1807 non
2744 1752 3105 1825 ponitipsum
3138 1756 3371 1807 cantare
3403 1753 3461 1805 et
3481 1751 3627 1822 psal-

2021 1841 2171 1909 lere;
2205 1841 2305 1895 sed
2336 1841 2778 1912 aequipollenter
2806 1830 2971 1913 ponit
3006 1857 3331 1913 exsurgere,
3365 1840 3628 1912 quodest

2021 1928 2256 1983 effectus
2276 1928 2539 1995 istorum,
2564 1930 2622 1984 et
2641 1943 2745 1998 per
2757 1928 2865 1983 hoc
2880 1927 3280 2000 intelliguntur
3299 1944 3502 1994 causae,
3525 1926 3626 1981 sci-

2020 2016 2152 2071 licet
2177 2020 2411 2072 cantare
2433 2020 2490 2071 et
2506 2017 2768 2088 psallere.
2805 2016 2941 2072 Dico
2977 2018 3133 2088 quod
3154 2023 3415 2088 paratum
3434 2022 3509 2070 est
3539 2032 3629 2069 cor

2019 2122 2194 2159 meum
2224 2107 2295 2161 ad
2326 2106 2434 2160 hoc
2464 2107 2528 2159 ut
2546 2106 2753 2177 patiar,
2786 2107 2843 2159 et
2880 2104 3014 2177 quia
3042 2105 3266 2159 cantabo
3295 2112 3345 2160 et
3365 2105 3622 2176 psallam,

2018 2198 2074 2249 et
2094 2194 2171 2249 sic
2204 2194 2322 2261 fiat,
2346 2210 2379 2249 o
2410 2192 2740 2248 humanitas
2766 2210 2917 2261 mea,
2935 2210 3169 2264 exsurge,
3198 2193 3256 2248 id
3285 2196 3370 2249 est
3395 2208 3618 2247 merere

2016 2300 2320 2355 exsurgere
2345 2298 2449 2355 per
2465 2281 2671 2336 mortis
2697 2282 3112 2351 obedientiam,
3136 2286 3195 2338 et
3222 2298 3327 2354 per
3344 2279 3622 2336 cantatio-

2015 2388 2150 2426 nem
2168 2375 2225 2425 et
2254 2372 2542 2442 psalmum
2565 2387 2577 2425 :
2604 2374 2666 2424 tu
2694 2369 3024 2426 humanitas
3044 2371 3170 2427 dico
3201 2371 3448 2427 existens
3468 2369 3616 2441 psal-

2017 2465 2203 2515 terium
2234 2468 2282 2516 et
2317 2462 2545 2517 cititara.
2569 2459 2895 2516 Psalterium
2912 2461 3148 2532 quidem
3176 2460 3491 2516 secundum
3524 2476 3615 2513 su-

2011 2549 2261 2621 periora,
2288 2549 2347 2604 id
2375 2552 2461 2610 est
2476 2548 2792 2603 secundum
2814 2549 3051 2604 virtutes
3063 2552 3119 2604 et
3133 2550 3313 2604 bonas
3339 2546 3621 2621 operatio-

2012 2656 2114 2694 nes
2144 2638 2348 2710 quibus
2375 2639 2555 2692 Deum
2586 2638 2785 2695 laudas
2809 2638 2881 2692 ad
2894 2638 3135 2692 modum
3160 2635 3438 2708 psaltarii,
3462 2634 3620 2707 quod

2014 2744 2081 2782 ex
2110 2727 2391 2797 superiori
2419 2731 2605 2796 sonat,
2638 2731 2696 2783 et
2711 2728 2919 2783 cithara
2950 2726 3267 2781 secundum
3322 2724 3617 2789 inferiora,

2016 2814 2228 2870 scilicet
2265 2816 2584 2870 secundum
2625 2813 3040 2871 mortalitatem
3072 2815 3130 2868 et
3157 2810 3617 2883 passibilitatem,

2017 2920 2144 2975 quae
2176 2902 2353 2958 etiam
2384 2905 2567 2958 Deum
2594 2904 2835 2959 laudant
2854 2902 3150 2975 patiendo,
3165 2903 3222 2955 et
3234 2917 3337 2973 pro
3352 2899 3476 2971 ejus
3491 2899 3623 2952 obe-

1942 2974 1991 3035 C
2020 2974 2240 3047 dientia
2255 2991 2561 3047 moriendo
2583 3008 2617 3046 a
2633 2974 3011 3045 similitudine
3027 2989 3259 3044 citharae
3281 2986 3541 3043 sonantis
3553 3002 3618 3040 ex

2019 3080 2416 3135 inferiori.Vel
2442 3079 2521 3134 sic
2548 3096 2560 3133 :
2588 3078 2726 3135 Dico
2759 3079 2914 3150 quod
2932 3078 3166 3149 psallam
3204 3076 3265 3130 in
3298 3074 3624 3132 considera-

2018 3168 2176 3224 tione
2206 3167 2406 3240 gloriaa
2432 3185 2600 3234 meae,
2628 3170 2765 3221 etut
2782 3164 3141 3239 gloriﬁceris,
3172 3181 3205 3220 o
3226 3180 3380 3230 caro,
3404 3178 3620 3231 exsurge

311 3257 499 3310 ctatus
532 3256 635 3309 iste
671 3254 879 3310 dicitur
903 3272 971 3310 eo
1003 3256 1158 3328 quod
1182 3255 1273 3310 hic
1297 3255 1689 3328 principaliter
1714 3257 1919 3328 agatur
2006 3256 2318 3328 psalterium
2344 3262 2393 3312 et
2421 3255 2943 3324 cithara,scilicettu
2964 3269 3118 3308 nunc
3137 3253 3382 3307 existens
3398 3250 3617 3306 cithara

312 3345 382 3400 de
407 3342 650 3410 cantico,
678 3343 736 3397 id
768 3347 851 3398 est
896 3343 966 3398 de
999 3343 1255 3414 jucunda
1302 3343 1769 3399 remuneratione
1797 3361 1811 3413 ;
1859 3346 1917 3399 et

312 3431 648 3487 secundarie
676 3431 746 3486 de
789 3432 1032 3501 psalmo,
1061 3430 1121 3486 id
1160 3434 1243 3486 est
1282 3431 1352 3486 de
1377 3432 1531 3487 bona
1553 3432 1909 3504 operatione.

310 3521 446 3593 Agit
472 3519 632 3575 enim
656 3518 715 3573 in
742 3520 850 3575 hoc
871 3521 1097 3591 psalmo
1130 3519 1460 3575 Dominicus
1489 3521 1689 3588 homo,
1720 3524 1914 3577 osten-

315 3609 458 3665 dens
487 3626 545 3664 se
591 3607 988 3664 obedientiam
1014 3608 1315 3679 passionis,
1348 3612 1408 3663 et
1430 3610 1598 3664 bonae
1625 3609 1912 3680 operatim

314 3699 399 3754 nis
425 3714 546 3754 esse
562 3699 830 3771 paratum
852 3715 866 3765 ;
887 3700 945 3752 et
965 3712 1144 3769 agens
1167 3697 1338 3752 etiam
1361 3698 1430 3752 de
1450 3696 1625 3769 ipsius
1646 3698 1752 3753 obe
1762 3697 1920 3753 dien-

314 3787 407 3843 tiae
423 3785 1000 3853 remuneratione,de
1017 3785 1435 3857 gloriﬁcatione
1456 3785 1720 3841 videlicet
1736 3802 1919 3841 resur-

312 3876 603 3943 rectionis,
634 3878 692 3930 et
726 3874 1073 3930 ascensionis
1122 3891 1257 3942 sum,
1306 3877 1363 3929 et
1393 3875 1464 3930 de
1491 3875 1600 3930 hoc
1631 3875 1785 3946 quod
1815 3890 1918 3945 per

314 3967 566 4020 mortem
597 3981 760 4019 suam
783 3963 1087 4019 salvandos
1105 3980 1171 4018 ex
1183 3963 1392 4019 Judazis
1405 3967 1461 4017 et
1472 3963 1740 4035 gentibus
1761 3981 1915 4019 assu-

316 4057 452 4110 met.
486 4055 601 4110 Hoc
635 4056 829 4108 autem
862 4069 930 4107 ea
960 4052 1285 4107 intentione
1318 4051 1456 4107 facit
1485 4054 1548 4107 ut
1577 4052 1691 4107 suis
1717 4052 1777 4107 in
1808 4053 1918 4107 hoc

314 4140 1201 4213 spemtribuatglorificationis,si
1214 4140 1548 4196 obedientes
1560 4139 1761 4195 divinis
1778 4157 1919 4212 prm-

2014 3347 2330 3401 secundum
2345 3345 2681 3401 inferiorem
2694 3346 2963 3400 naturam
2981 3340 3349 3397 mortalitatis
3366 3343 3423 3394 et
3441 3337 3618 3410 passi-

2012 3434 2267 3503 bilitatis,
2289 3451 2507 3504 exsurge
2546 3452 2580 3489 a
2625 3436 2816 3489 morte
2845 3434 2909 3487 ut
2953 3432 3027 3486 sis
3072 3429 3407 3503 psalterium
3435 3427 3620 3499 adipi-

2012 3523 2224 3579 scendo
2236 3523 2589 3594 superiorem
2602 3526 2868 3577 naturam
2881 3518 3329 3574 immortalitatis
3343 3518 3401 3571 et
3411 3516 3532 3588 imp
3539 3531 3623 3569 as-

2014 3610 2318 3666 sibilitatis.
2352 3610 2507 3676 Dico,
2554 3625 2793 3680 exsurge,
2830 3613 2887 3663 et
2917 3609 2995 3662 sic
3029 3607 3170 3662 erit:
3198 3606 3503 3674 Exsurgam
3530 3619 3621 3656 re-

2016 3714 2171 3766 vera,
2203 3701 2261 3753 et
2298 3699 2409 3752 hoc
2447 3697 2700 3765 diluculo,
2750 3695 2811 3750 id
2851 3697 2936 3750 est
2978 3694 3036 3749 in
3063 3711 3238 3748 mane
3269 3691 3453 3748 tertia:
3486 3689 3618 3745 diei.

2017 3770 2356 3858 Hoc
2383 3785 2541 3858 quod
2586 3784 2903 3840 terminum
2952 3782 3386 3838 resurrectionis
3436 3778 3619 3852 ponit,

2017 3878 2154 3933 facit
2185 3876 2256 3931 ad
2286 3874 2421 3930 ﬁdei
2452 3878 2665 3929 nostra:
2692 3872 3123 3939 certitudinem,
3156 3872 3213 3925 et
3228 3870 3302 3925 ad
3334 3869 3621 3940 majorem

2017 3962 2513 4020 sumhumanitatis
2527 3960 3326 4031 exhortationem.Exsurgam
3336 3957 3596 4030 ,inquam
3606 3998 3620 4024 ,

2018 4057 2076 4109 et
2101 4069 2205 4127 per
2229 4053 2337 4107 hoc
2363 4050 2644 4120 conﬁtebor
2675 4049 2770 4105 tibi
2798 4067 2853 4104 in
2871 4049 3104 4120 populis,
3134 4047 3190 4102 id
3203 4042 3287 4103 est
3300 4062 3465 4102 veros
3482 4062 3619 4100 con-

2018 4142 2262 4197 fessores
2310 4139 2414 4195 tibi
2452 4140 2675 4212 pariam
2707 4138 2766 4193 in
2814 4137 3039 4210 populis
3080 4135 3325 4192 Judaicis
3355 4153 3369 4204 ;
3406 4141 3455 4189 et
3482 4134 3623 4205 psal-

316 4227 493 4298 ceptis
510 4229 1186 4285 exsliterint.Notandum
1207 4246 1344 4284 sane
1368 4230 1523 4301 quod
1539 4231 1795 4300 psalmus
1814 4230 1917 4284 iste
1941 4253 1993 4311 D
2019 4232 2128 4286 lam
2157 4232 2254 4285 tibi
2275 4231 2338 4285 in
2363 4230 2691 4295 nationibus,
2738 4226 2796 4283 id
2835 4231 2922 4283 est
2964 4228 3106 4282 tales
3137 4225 3239 4281 tibi
3264 4224 3487 4298 pariam
3520 4240 3622 4294 per

316 4333 432 4371 non
463 4315 676 4387 absque
698 4317 921 4371 ratione
955 4318 1280 4389 aPropheta
1311 4318 1381 4371 de
1401 4318 1650 4372 duorum
1674 4319 1920 4387 psalmo-

316 4420 445 4458 rum
461 4403 939 4470 extremitatibus,
974 4404 1441 4474 estconjunctus;
1469 4406 1539 4459 de
1552 4405 1917 4460 extremitate

315 4493 526 4548 scilicet
552 4510 635 4547 va
657 4495 713 4547 et
734 4493 804 4547 de
819 4492 1184 4547 extremitate
1213 4508 1321 4545 LIX.
1351 4492 1519 4556 Quod
1543 4492 1672 4547 ideo
1694 4493 1917 4548 factum

315 4599 435 4638 esse
469 4581 773 4648 indicatur,
790 4584 861 4635 'ut
892 4583 1276 4649 removeatur,
1302 4598 1374 4636 ne
1388 4582 1499 4636 duo
1520 4581 1827 4653 psolmiilli
1845 4583 1913 4637 ad

313 4669 738 4726 solashistorias
755 4668 1172 4741 intelligantur,
1196 4669 1328 4725 licet
1353 4670 1424 4725 ab
1455 4669 1826 4727 historiarum
1844 4670 1915 4725 si-

313 4758 637 4813 militudine
670 4758 1057 4813 intitulentur.
1098 4757 1156 4812 Si
1187 4757 1340 4812 enim
1369 4758 1440 4813 ad
1471 4760 1620 4813 solas
1650 4758 1918 4814 historias

312 4862 409 4900 eos
438 4847 725 4917 Propheta
747 4846 1039 4915 edidisset,
1068 4862 1199 4901 cum
1229 4846 1426 4919 utique
1446 4846 1700 4902 historia:
1730 4848 1914 4903 diver-

310 4933 547 4989 sissimae
574 4935 707 5001 sint,
736 4936 1092 5007 psalmorum
1124 4951 1189 4989 ex
1215 4935 1301 4989 his
1324 4936 1608 4991 factorum
1637 4940 1827 5008 partes
1854 4937 1916 4991 in

311 5021 477 5077 unius
496 5022 700 5094 psalmi
721 5022 1139 5095 compositione
1158 5040 1275 5077 non
1307 5025 1634 5096 p0ssuisset,
1654 5042 1760 5081 nec
1784 5026 1916 5081 huic

309 5111 533 5182 psalmo
566 5111 801 5183 quidem
832 5111 973 5167 alius
993 5112 1192 5167 titulus
1224 5111 1332 5167 nisi
1363 5130 1428 5167 ex
1462 5114 1682 5169 duabus
1700 5114 1807 5168 illis
1832 5114 1916 5170 hi-

309 5199 497 5255 storiis
522 5202 784 5270 sumptus
798 5201 870 5255 ab
885 5200 1061 5256 Esdra
1074 5200 1289 5273 positus
1302 5204 1466 5256 esset.
1493 5202 1599 5266 Qui
1630 5219 1732 5274 per
1750 5218 1911 5258 eum-

309 5288 441 5343 dem
473 5290 794 5360 prophetiae
821 5289 1087 5361 spiritum
1104 5289 1361 5344 creditur
1388 5290 1584 5345 titulos
1615 5292 1910 5361 apposuis-

309 5395 396 5448 se;
430 5395 538 5451 per
552 5395 727 5451 quem
741 5383 797 5435 et
814 5378 991 5435 David
1017 5380 1268 5450 psalmos
1295 5378 1708 5450 composuisse.
1732 5380 1914 5436 Aliter

308 5468 463 5524 enim
496 5468 566 5522 ab
595 5467 841 5524 Ecclesia
873 5484 987 5523 non
1010 5467 1322 5523 haberetur
1351 5467 1410 5523 in
1434 5468 1913 5524 auctoritate.Per

307 5560 416 5615 hoc
445 5558 624 5615 etiam
670 5556 952 5625 innuitur,
985 5559 1222 5614 cazteros
1256 5558 1510 5629 psalmos
1538 5558 1703 5630 juxta
1732 5558 1910 5613 histo-

2018 4320 2194 4375 ﬁdem
2229 4319 2287 4374 in
2320 4318 2654 4374 nationibus
2671 4316 2960 4389 gentium,
2993 4314 3092 4386 qui
3130 4313 3231 4368 tibi
3262 4313 3525 4384 psallent.
3556 4312 3625 4365 Et

2019 4425 2133 4464 non
2162 4409 2345 4463 solum
2394 4423 2497 4479 per
2525 4407 2635 4461 hoc
2683 4404 2839 4477 quod
2871 4418 3176 4472 exsurgam
3215 4400 3535 4455 conﬁtebor
3564 4401 3623 4454 et

2015 4496 2253 4568 psallam
2282 4513 2296 4564 ;
2324 4496 2425 4550 sed
2454 4496 2511 4549 et
2536 4510 2641 4565 per
2679 4493 2789 4546 hoc
2829 4493 2955 4563 quia
2997 4507 3195 4560 magna
3234 4489 3623 4544 misericordia-

2018 4592 2129 4653 tua,
2162 4601 2269 4656 ego
2293 4582 2507 4638 scilicet
2535 4579 2929 4636 misericordia
2960 4580 3058 4634 tua
3095 4594 3327 4650 magna,
3361 4593 3466 4651 per
3494 4593 3617 4631 em-

2017 4672 2267 4745 phasim,
2290 4687 2357 4726 eo
2404 4669 2559 4742 quod
2584 4684 2689 4740 per
2734 4667 3126 4724 obedientiam
3159 4665 3441 4740 passionis
3474 4681 3620 4719 mete

2017 4777 2233 4832 magna
2262 4757 2671 4814 misericordiae
2692 4756 2973 4812 beneﬁcia
3000 4756 3200 4829 generi
3223 4756 3479 4810 humano
3504 4753 3617 4807 lar-

2016 4849 2219 4922 gieris;
2246 4848 2542 4903 exaltabor
2559 4864 2716 4918 super
2745 4847 2892 4901 caelos
2929 4844 3280 4909 materiales,
3298 4858 3399 4896 eos
3414 4856 3616 4912 cerpo-

2016 4939 2211 4993 raliter
2238 4937 2625 5004 ascendendo,
2659 4939 2716 4991 et
2766 4935 3044 5007 Spiritum
3070 4935 3331 4987 sanctum
3362 4929 3613 4997 mittam,

2015 5028 2174 5100 cujus
2190 5025 2654 5081 inflammatione
2674 5025 3032 5080 confessores
3053 5024 3110 5075 et
3130 5019 3437 5092 psallentes
3459 5017 3617 5074 insti-

2015 5118 2267 5171 tuentur.
2297 5115 2394 5170 Vel
2413 5114 2707 5169 exaltabor
2738 5128 2890 5183 super
2910 5111 3079 5177 caelos,
3110 5109 3171 5163 id
3199 5110 3284 5163 est
3312 5123 3485 5178 super
3510 5124 3612 5162 an-

2015 5207 2173 5278 gelos
2200 5202 2544 5259 immortalis
2569 5198 3003 5273 etimpassibilis
3029 5198 3281 5265 effectus,
3299 5196 3396 5268 qui
3417 5212 3613 5251 secun-

2015 5296 2153 5351 dum
2187 5292 2603 5348 mortalitatem
2618 5293 2676 5344 et
2692 5287 3124 5361 passibilitatem
3148 5289 3315 5359 paulo
3336 5286 3528 5341 minus
3540 5288 3613 5341 ab

2014 5384 2094 5440 eis
2124 5382 2298 5437 modo
2320 5397 2448 5436 sum
2470 5377 2812 5445 minoratus,
2843 5378 2903 5430 et
2918 5376 2997 5431 sic
3013 5374 3311 5431 instituam
3332 5374 3621 5430 confesso-

2013 5489 2103 5527 res
2135 5472 2192 5524 et
2223 5465 2649 5540 psallentes.Et
2678 5469 2869 5521 veritas
2902 5471 3014 5535 tua,
3042 5463 3104 5519 id
3136 5466 3221 5517 est
3240 5478 3347 5533 ego
3383 5478 3486 5533 per
3502 5479 3624 5518 em-

2012 5557 2238 5632 phasim
2280 5558 2381 5615 tua
2407 5553 2633 5622 veritas,
2664 5568 2960 5627 perquem
2976 5549 3361 5608 verilicabitur
3380 5568 3482 5623 pro
3493 5550 3628 5607 mis-
