4008 6040
489 260 626 318 ηιξ

1085 262 1144 319 S.
1184 261 1523 319 BBUNONIS
1562 259 2194 318 CARTEUSIANORUM
2226 256 2696 319 INSTITUTORIS
2741 258 2896 317 OPP.
2937 256 3112 313 PARS
3150 257 3191 312 ι.

3668 256 3693 308 1
3706 253 3813 309 2M

482 382 567 439 sio
592 385 712 451 tua,
741 384 1036 447 exaltabor
1065 403 1228 459 usque
1256 386 1327 441 ad
1354 387 1515 443 nubes
1540 386 1985 452 constituendas,
2019 383 2080 438 id
2112 386 2169 455 Α
2187 382 2535 439 dicationem
2563 399 2729 439 suam
2759 381 2914 438 bona
2939 396 3136 453 opera,
3165 378 3572 449 suntsuscqatio
3590 374 3812 443 mei,id

484 480 571 532 est
598 495 774 550 usque
800 480 945 535 adeo
978 484 1039 535 ut
1063 481 1244 535 etiam
1275 481 1622 536 constituam
1653 481 2079 554 praedicatores.

484 565 870 631 Confessoree,
902 568 1163 639 inquam,
1198 568 1417 640 pariam
1434 571 1493 623 et
1522 569 1830 640 psallentes
1861 584 1964 639 per
1994 583 2083 621 re-

481 655 900 710 surrectionem
920 658 981 711 et
995 655 1402 712 exaltationem
1418 660 1695 723 meam,et
1711 660 1773 710 ut
1791 656 2089 727 pariantur

485 743 736 800 exaltare
760 760 932 815 super
960 745 1130 801 eoalos
1158 743 1506 810 materiales,
1525 745 1611 799 vel
1642 760 1817 813 super
1829 744 2088 816 angelos,

485 845 520 883 o
538 830 686 884 Deus
710 830 949 886 verbum
970 831 1506 902 mihipersonaliter
1537 831 1785 887 unitum.
1804 832 1931 886 Non
1954 830 2091 885 dicit

491 916 604 972 hoc
631 918 701 979 de
730 918 935 987 Verbo,
959 919 1092 992 quia
1120 920 1369 975 Verbum
1400 919 1520 975 sine
1549 923 1814 989 tempore
1836 919 1906 973 sit
1937 917 2089 973 Patri

486 1006 547 1058 et
576 1004 809 1077 Spiritui
838 1008 1148 1079 coaequale,
1176 1007 1277 1062 sed
1305 1010 1542 1078 propter
1566 1008 1836 1062 humanae
1869 1010 2090 1062 naturae

484 1095 849 1164 personalem
862 1095 1135 1151 unionem
1164 1094 1643 1162 indissolubilem,
1660 1112 1790 1167 qua
1821 1112 1986 1167 passa
2002 1098 2090 1149 est

482 1183 545 1236 et
570 1182 835 1247 exaltata,
863 1182 1174 1255 aliquando
1196 1183 1409 1255 legitur
1448 1184 1701 1239 Verbum
1732 1200 1985 1256 passum,
2033 1186 2092 1238 et

485 1284 656 1339 super
675 1271 846 1326 caelos
873 1272 1207 1326 exaltatum.

554 1355 836 1425 Ezaltare,
876 1358 1117 1431 inquam
1158 1376 1315 1431 super
1361 1360 1527 1427 caios,
1563 1377 1594 1413 ο
1642 1361 1788 1416 Deus
1816 1360 2085 1429 Verbum,

485 1442 544 1498 id
566 1447 653 1499 est
679 1445 770 1500 fac
782 1461 879 1499 me
904 1446 1223 1503 humanam
1247 1451 1516 1502 naturam
1540 1448 1802 1514 exaltari,
1835 1455 1886 1502 et
1910 1448 1986 1503 sic
2004 1466 2091 1502 su-

477 1548 578 1601 per
606 1549 814 1588 omnem
852 1540 1048 1588 terram
1082 1538 1206 1589 tam
1243 1551 1414 1607 super
1451 1535 1677 1591 Iudaeos
1711 1553 1885 1607 quam
1917 1553 2090 1607 super

487 1623 691 1691 gentes
718 1622 1001 1676 exaltetur
1019 1623 1195 1692 gloria
1222 1629 1334 1691 tua,
1380 1623 1592 1680 scilicet
1618 1641 1721 1695 per
1750 1624 1897 1679 hanc
1934 1627 2085 1680 exal-

2192 475 2277 527 est
2306 470 2619 542 suscipiunt
2649 471 2740 526 hic
2758 487 2852 524 me
2870 486 2973 541 per
3001 467 3393 524 obedientiam
3409 469 3467 521 et
3487 465 3814 522 conformi-

2195 564 2374 616 tatem
2398 562 2521 627 mei,
2555 560 2817 632 inquam,
2850 559 3061 629 capitis,
3084 556 3298 612 scilicet
3317 572 3496 630 quem
3511 556 3813 626 suscipere

2197 650 2411 706 debent
2440 667 2571 705 cum
2599 666 2802 705 eorum
2833 651 3003 719 caput
3032 646 3286 718 spiritale
3317 646 3445 700 sim.
3474 646 3541 700 Et
3589 649 3655 699 ut
3675 644 3810 698 uni—

2192 737 2490 793 versaliter
2510 755 2748 793 omnem
2775 737 3090 794 Sichimam
3104 734 3624 806 comprehendam.

2260 827 2409 881 Juda
2438 845 2531 895 rex
2560 834 2631 881 est
2661 844 2829 894 meus,
2861 824 2921 879 id
2943 828 3031 879 est
3072 824 3152 878 illi
3180 823 3475 879 humerosi
3498 821 3619 879 mei
3645 825 3807 887 sunt,

2190 915 2310 987 qui,
2342 932 2475 970 cum
2491 914 2604 970 sint
2623 914 2979 970 confessores
2994 914 3361 984 peccatorum
3382 927 3645 977 suorum,
3670 914 3812 963 sunt

2191 1003 2369 1058 etiam
2401 1020 2461 1058 se
2494 1004 2645 1058 bene
2666 1000 2965 1073 operando
2987 1003 3276 1071 regentes.
3296 999 3412 1055 Hoc
3426 1002 3627 1054 autem
3656 997 3811 1052 acci-

2190 1092 2469 1164 piendum
2487 1094 2571 1147 est
2587 1091 2658 1146 de
2673 1089 2938 1146 ﬁdelibus
2959 1106 3027 1145 ex
3041 1088 3272 1154 Iudaeis,
3292 1104 3360 1144 eo
3375 1087 3530 1159 quod
3545 1085 3814 1142 Sichima

2190 1180 2349 1235 locus
2378 1180 2449 1234 sit
2475 1181 2533 1235 in
2563 1180 2781 1246 Iudaea,
2807 1181 2865 1233 et
2893 1177 3107 1233 Galaad
3149 1193 3338 1231 mons.
3382 1176 3668 1233 Manasses
3707 1191 3812 1229 au-

2189 1270 2311 1322 tem
2328 1272 2389 1325 et
2415 1267 2689 1341 Ephraim
2707 1271 2765 1322 et
2791 1265 3103 1334 Judas,viri
3130 1263 3314 1320 Judaei
3340 1265 3595 1321 fuerunt.
3623 1262 3811 1319 Addit

2190 1361 2389 1412 autem
2434 1357 2511 1412 de
2541 1356 2807 1411 ﬁdelibus
2847 1372 2915 1409 ex
2949 1352 3238 1426 gentibus,
3284 1352 3401 1407 sic:
3452 1352 3580 1406 Non
3612 1351 3807 1406 solum

2190 1464 2334 1500 meus
2356 1451 2431 1500 est
2457 1443 2669 1499 Galaad
2694 1451 2742 1498 el
2766 1441 3033 1498 Manes-ses
3050 1450 3098 1496 et
3118 1440 3405 1512 Ephraim,
3421 1439 3521 1495 sed
3541 1446 3592 1493 et
3609 1437 3808 1504 Moab,

2190 1534 2248 1589 id
2277 1537 2363 1587 est
2383 1533 2614 1604 gentilis
2632 1534 2898 1604 populus,
2919 1532 3017 1602 qui
3046 1531 3159 1586 huc
3188 1546 3365 1603 usque
3391 1528 3500 1583 fuit
3525 1528 3716 1593 exlex,
3750 1530 3810 1581 et

2191 1622 2312 1676 sine
2351 1623 2521 1676 Patre
2548 1622 2665 1675 Deo
2695 1637 2710 1675 :
2746 1624 2833 1673 est
2878 1619 3008 1674 lebes
3040 1619 3150 1689 spei
3175 1634 3323 1685 mea,
3351 1616 3409 1670 id
3439 1617 3523 1670 est
3550 1613 3802 1669 refectio

489 1707 769 1761 tationem
783 1708 971 1763 omnis
984 1709 1144 1764 modi
1155 1710 1381 1781 gensad
1400 1712 1480 1765 tui
1500 1710 1763 1765 notitiam
1779 1711 2085 1776 veniendo,
2117 1695 2167 1755 Β
2189 1711 2308 1782 spei
2340 1727 2488 1764 meae
2515 1727 2582 1764 ex
2621 1709 2818 1781 ipsius,
2849 1708 3062 1761 scilicet
3097 1706 3370 1762 divisione
3401 1722 3434 1760 a
3455 1703 3701 1775 perditis
3734 1703 3801 1756 in

489 1796 545 1847 te
568 1795 750 1856 Deum
777 1812 898 1850 esse
925 1813 1097 1868 super
1128 1814 1331 1853 omnes
1360 1803 1671 1870 cognoscat
1702 1803 1759 1854 et
1783 1798 2083 1871 gloriﬁcet.

491 1881 589 1936 Vel
617 1882 1032 1952 sic1Exaltare,
1062 1887 1209 1943 Deus
1261 1890 1447 1943 Pater.
1508 1904 1603 1942 me
1657 1889 1903 1945 exaltato
1933 1905 2089 1961 super

493 1970 639 2028 caelos
661 1972 1008 2041 materiales,
1052 1976 1137 2031 vel
1180 1992 1352 2048 super
1381 1978 1638 2047 angelos,
1673 1976 1884 2031 scilicet
1903 1980 2090 2033 exalta

490 2076 586 2115 me
615 2078 786 2133 super
814 2062 1005 2129 caelos,
1037 2066 1097 2118 et
1124 2080 1229 2135 per
1257 2065 1366 2119 hoc
1399 2065 1553 2135 apud
1576 2066 1843 2120 homines
1874 2069 2085 2121 exalta-

489 2147 660 2215 beris,
692 2152 750 2203 et
769 2165 865 2204 me
891 2151 1140 2206 exaltato
1164 2167 1336 2222 super
1365 2168 1605 2206 omnem
1634 2154 1876 2220 terram,
1909 2154 2085 2224 subji-

489 2234 694 2292 ciendo
732 2237 875 2293 mihi
916 2254 1045 2293 eam
1086 2255 1190 2309 per
1227 2240 1427 2307 ﬁdem,
1467 2242 1748 2299 exaltetur
1786 2243 1971 2313 gloria
1989 2246 2090 2300 tua

491 2340 663 2398 super
678 2342 918 2381 omnem
935 2329 1174 2395 terram,
1196 2330 1259 2382 ut
1269 2330 1325 2383 te
1342 2328 1801 2400 scilicetpermei
1820 2331 2089 2387 notitiam

494 2414 896 2483 cognoscendo
909 2415 1210 2483 corde,ore
1222 2416 1577 2487 gloriﬁcetur
1587 2419 1646 2470 et
1663 2433 1857 2488 opere.
1874 2420 2088 2474 «Nemo

495 2498 710 2570 quippe
760 2501 952 2557 veniet
1004 2504 1077 2559 ad
1111 2507 1169 2560 te
1201 2506 1453 2573 Patrem,
1488 2505 1599 2560 nisi
1637 2521 1741 2576 per
1766 2522 1860 2560 me
1884 2506 2090 2565 Filium

489 2586 673 2659 (Joan.
704 2606 814 2653 xxv,
850 2589 985 2661 6).»
1035 2591 1160 2660 Fac,
1219 2593 1483 2665 inquam,
1540 2610 1635 2647 me
1673 2610 1995 2665 resurgere,
2033 2599 2091 2650 et

490 2676 677 2731 exalta
700 2692 795 2731 me
824 2695 995 2751 super
1020 2681 1211 2747 coelos,
1234 2688 1296 2735 ut
1327 2696 1430 2751 per
1465 2682 1575 2737 hoc
1601 2682 1780 2737 dilecti
1804 2684 1885 2736 tui
1911 2683 2088 2738 futuri

486 2763 774 2819 liberentur
805 2783 840 2821 a
883 2771 1167 2841 potestate
1202 2768 1433 2829 diaboli.
1484 2771 1556 2825 Ut
1587 2772 1783 2826 autem
1832 2771 1905 2826 ad
1938 2772 2090 2827 hanc

484 2854 893 2917 exaltationem
938 2856 1301 2931 pertingam,
1345 2859 1558 2915 salvum
1607 2861 1700 2930 fac
1750 2877 1833 2915 me
1860 2860 2023 2931 prius
2054 2877 2089 2916 a

2184 1798 2383 1854 futuro
2406 1798 2605 1853 laetitia
2650 1797 2845 1860 reﬁci;
2885 1796 3030 1851 sicut
3055 1795 3257 1867 aliquis
3301 1795 3359 1849 in
3406 1793 3593 1847 lebete
3623 1792 3802 1861 pleno

2190 1903 2365 1943 carne
2415 1887 2673 1958 qualibet
2718 1901 2883 1956 spem
2937 1882 3266 1939 refectionis
3308 1882 3503 1938 habet.
3543 1880 3643 1934 Vel
3668 1879 3755 1933 sic
3790 1896 3805 1932 :

2186 1974 2351 2031 Moab
2378 1974 2532 2041 lebes,
2567 1974 2626 2029 id
2658 1978 2743 2030 est
2768 1971 3001 2046 gentilis
3029 1972 3273 2044 populus
3300 1971 3526 2026 futurus
3551 1966 3807 2033 lebes,id

2190 2068 2277 2118 est
2294 2080 2614 2135 excoquens
2642 2064 2701 2117 in
2718 2080 2777 2117 se
2800 2078 3037 2119 omnem
3068 2060 3545 2132 superﬂuitatem,
3576 2060 3636 2111 et
3656 2056 3810 2110 mole

2188 2152 2333 2208 liens
2357 2169 2456 2207 cor
2493 2169 2661 2208 suum
2699 2168 2805 2223 per
2841 2151 3040 2217 ﬁdem,
3081 2150 3292 2205 durum
3322 2148 3478 2219 prius
3528 2162 3634 2219 per
3660 2144 3801 2200 inﬁ-

2190 2241 2488 2296 delitatem
2517 2240 2783 2307 existens,
2804 2238 3223 2295 sicutinlebete
3242 2236 3370 2292 duri
3386 2235 3497 2291 cibi
3528 2233 3805 2289 molliun-

2191 2334 2301 2397 tur,
2335 2332 2393 2384 et
2422 2330 2745 2400 superﬂuus
2797 2344 3002 2384 eorum
3045 2328 3261 2381 humor
3295 2324 3653 2397 excoquitur,
3681 2321 3801 2376 erit

2187 2422 2297 2491 spei
2321 2436 2469 2485 meae,
2502 2419 2562 2473 id
2594 2422 2679 2472 est
2702 2417 3019 2491 pertinebit
3047 2417 3121 2471 ad
3158 2431 3321 2488 spem
3352 2430 3569 2481 meam,
3582 2411 3803 2469 scilicet

2191 2523 2357 2577 spem
2370 2509 2555 2564 habeo
2576 2523 2645 2561 ex
2659 2506 2783 2577 ejus
2799 2507 2979 2562 salute
2990 2503 3306 2559 reficiendi.
3330 2502 3794 2572 Moab,inquam,

2193 2595 2304 2650 erit
2333 2596 2463 2650 lebes
2493 2597 2604 2667 spei
2623 2611 2769 2649 mese.
2804 2596 2914 2649 Per
2950 2595 3061 2648 hoc
3090 2596 3285 2648 autem
3317 2590 3459 2647 mihi
3494 2589 3658 2645 Moab
3689 2604 3797 2658 po-

2189 2684 2390 2755 pulum
2421 2683 2699 2754 gentilem
2725 2683 3041 2753 adiungam
3065 2698 3079 2749 ;
3111 2680 3266 2752 quod
3292 2682 3350 2735 in
3376 2678 3674 2735 Idumceam
3700 2694 3793 2730 e1-

2192 2771 2403 2825 tendam
2427 2771 2841 2826 calceamentum
2858 2787 3059 2837 meum,
3091 2768 3151 2824 id
3170 2768 3326 2824 estin
3346 2768 3535 2841 ipsam
3559 2765 3793 2839 plebem

2191 2860 2472 2931 gentilem
2503 2859 2811 2914 extendam
2843 2858 3250 2931 praedicatores
3278 2873 3457 2911 meos.
3479 2846 3796 2910 Velcalcea-

482 2944 673 2998 morte
702 2943 1092 3000 resuscitando
1105 2945 1317 3002 dextera
1347 2954 1459 3015 tua,
1490 2947 1548 3002 id
1573 2952 1659 3003 est
1686 2948 1946 3020 potentia
1967 2951 2084 3016 tua,
2112 2973 2163 3037 α
2189 2958 2426 3003 mentum
2452 2965 2648 3015 mcum,
2677 2947 2736 3001 id
2768 2952 2851 3002 est
2880 2946 3146 3001 notitiam
3166 2944 3541 3000 humanitatis
3558 2946 3798 3006 meae,et

482 3032 541 3084 et
569 3034 633 3085 ut
659 3032 843 3091 salvus
867 3032 1027 3101 fiam,
1058 3034 1254 3090 exaudi
1286 3053 1372 3091 me
1396 3039 1663 3091 orantem
1686 3036 1757 3091 de
1784 3036 1890 3091 hac
1906 3038 2085 3093 salva-

486 3117 668 3174 tione.
694 3119 980 3185 Quoniam
1018 3126 1214 3181 autem
1250 3123 1471 3179 dixerat
1501 3140 1777 3194 exsurgam
1803 3126 1860 3178 et
1877 3125 2090 3197 conﬁte-

486 3206 598 3273 bor,
624 3210 684 3262 et
733 3209 1078 3265 exaltabitur
1118 3227 1274 3282 super
1307 3212 1453 3267 calas
1491 3211 1858 3267 misericordia
1895 3220 2010 3277 tua,
2037 3219 2088 3270 et

481 3310 642 3365 usque
666 3294 737 3349 ad
777 3296 937 3351 nubes
961 3300 1155 3352 veritas
1203 3303 1319 3366 tua,
1360 3316 1433 3353 ne
1465 3300 1572 3354 hoc
1599 3315 1800 3354 verum
1834 3316 1956 3356 esse
1980 3302 2082 3356 du-

480 3379 780 3449 bitaretur,
812 3382 942 3438 ideo
976 3384 1112 3456 quia
1126 3385 1426 3441 humiliter
1444 3390 1711 3442 oraverat
1728 3386 1878 3443 istud
1889 3393 2083 3446 aucto-

482 3466 652 3523 ritate
677 3469 865 3538 Verbi,
890 3471 1256 3529 sibi‘interius
1279 3474 1588 3547 loquentis,
1613 3477 1956 3548 comprobat
1974 3479 2081 3534 sic:

484 3556 629 3625 Dixi,
656 3575 959 3629 exsurgant,
992 3578 1025 3615 ο
1058 3562 1372 3631 auditores,
1413 3567 1522 3619 etc.
1557 3565 1625 3618 Et
1650 3582 1723 3619 ne
1753 3582 1955 3620 verum
1977 3567 2086 3622 hoc

483 3662 606 3702 esse
632 3647 921 3717 dubitetis,
936 3650 1134 3707 scitote
1148 3651 1281 3723 quia
1307 3652 1454 3707 Deus
1480 3654 1719 3709 verbum
1739 3653 1798 3709 in
1830 3672 1925 3710 me
1953 3672 2084 3710 san-

482 3738 574 3797 cto
605 3752 705 3791 suo
738 3738 1122 3808 personaliter
1141 3740 1392 3796 existens
1427 3741 1631 3796 locutus
1659 3749 1734 3797 est
1762 3743 1885 3797 haec
1916 3743 2081 3799 mihi.

482 3825 552 3881 Et
575 3826 714 3880 tunc
727 3842 861 3880 cum
884 3843 1161 3899 exsurgam
1183 3828 1687 3898 exsultabo,sciens
1706 3832 1860 3903 quod
1876 3854 1901 3881 ‹‹
1928 3849 2084 3887 mors

480 3914 632 3975 ultra
657 3914 799 3971 mihi
848 3932 966 3972 non
1026 3916 1361 3974 dominatur
1404 3917 1581 3989 (Rom.
1641 3937 1714 3986 v1,
1747 3920 1821 3991 9).
1847 3942 1874 3969 »
1916 3920 1983 3975 Et
2023 3924 2084 3976 ut

484 4003 602 4059 mei
649 4019 878 4058 mecum
917 4007 1202 4063 exsultent
1230 4007 1288 4062 in
1337 4007 1531 4062 futura
1560 4009 1977 4067 resurrectione
2025 4010 2083 4065 in

482 4089 575 4145 die
588 4090 895 4148 novissimo
911 4094 1148 4151 dividam
1159 4114 1194 4152 a
1204 4114 1393 4155 massa
1404 4098 2081 4169 perditorumSichimam,

485 4176 545 4231 id
572 4179 1022 4238 esthumerosos
1051 4184 1251 4245 ﬁdeles
1280 4202 1464 4251 meos,
1490 4186 1756 4242 videlicet
1773 4186 1864 4242 hic
1895 4187 1954 4241 in
1976 4189 2082 4242 hu-

2188 3052 2292 3108 per
2315 3037 2424 3092 hoc
2448 3036 2773 3105 alienigenae,
2801 3035 2859 3089 id
2884 3037 2971 3089 est
2981 3032 3337 3105 gentilesqui
3349 3034 3483 3087 sunt
3511 3030 3791 3101 alienige-

2187 3141 2299 3191 nae,
2330 3124 2390 3178 id
2418 3128 2504 3180 est
2536 3124 2708 3179 alieni
2737 3141 2771 3178 a
2802 3139 2896 3179 me
2927 3121 3278 3178 inimicando
3308 3121 3444 3187 mihi
3464 3136 3566 3191 per
3585 3117 3793 3172 inﬁde-

2185 3213 2409 3268 litatem
2438 3212 2609 3267 amici
2633 3212 2773 3282 facti
2783 3218 2926 3279 sunt,
2950 3211 3010 3266 id
3038 3212 3124 3265 est
3143 3208 3285 3264 mihi
3314 3208 3455 3264 ﬁent
3485 3207 3655 3263 amici
3683 3221 3795 3277 per

2185 3301 2383 3368 ﬁdem,
2415 3301 2600 3367 Moab,
2618 3304 2676 3355 et
2704 3300 2978 3367 Idumaaa,
3001 3302 3059 3354 et
3085 3297 3427 3370 alienigenae
3456 3296 3611 3353 idem
3631 3297 3788 3349 sunt.

2188 3390 2375 3455 Quare
2402 3405 2537 3444 vero
2578 3388 2986 3461 praedicatores
3000 3391 3058 3442 et
3084 3386 3414 3442 humanitas
3438 3384 3639 3440 Christi
3671 3383 3790 3437 ωι-

2188 3480 2554 3532 ceamentum
2568 3476 2918 3543 dicantur,et
2928 3490 3106 3548 quare
3118 3474 3279 3547 plebs
3290 3473 3523 3545 gentilis
3536 3472 3793 3526 Idumaea

2176 3565 2246 3625 in
2279 3566 2566 3638 psalmum
2619 3582 2708 3621 LIx
2752 3567 2837 3620 est
2866 3566 3182 3631 ostensum,
3215 3565 3273 3618 et
3310 3559 3790 3634 quandoquidem

2187 3657 2505 3725 antequam
2526 3653 2586 3708 in
2618 3653 2934 3709 ldumaeam
2948 3651 3308 3725 perveniam,
3327 3652 3670 3723 oportetme
3689 3648 3791 3703 de-

2186 3742 2313 3797 duci
2345 3742 2402 3797 in
2434 3742 2729 3798 civitatem
2763 3742 3070 3797 munitam.
3110 3739 3239 3807 Quis
3269 3738 3487 3794 deducet
3516 3755 3596 3792 me
3626 3739 3681 3791 in
3714 3740 3793 3791 ci-

2183 3834 2399 3886 vitatem
2433 3831 2785 3897 munitam,id
2803 3835 2887 3888 est
2907 3830 3032 3902 quis
3052 3829 3296 3885 deducet
3316 3828 3577 3884 animam
3592 3843 3791 3882 meam

2184 3919 2440 3975 localiter
2451 3919 2512 3973 in
2525 3919 2818 3974 infernum
2829 3961 2841 3985 ,
2856 3918 3061 3973 utinde
3080 3917 3276 3972 ﬁdeles
3290 3932 3450 3971 meos
3463 3916 3763 3971 extraham
3774 3956 3788 3981 ,

2185 4011 2242 4064 et
2274 4007 2592 4080 principem
2622 4007 2992 4062 tenebrarum
3023 4005 3300 4073 vinciam;
3330 4009 3386 4059 et
3413 4005 3491 4060 sic
3516 4007 3647 4075 post
3670 4007 3789 4075 quis

2183 4097 2397 4151 deducet
2434 4113 2533 4162 me,
2567 4095 2625 4150 id
2655 4099 2739 4150 est
2764 4095 2879 4150 mei
2909 4094 3176 4150 notitiam
3203 4111 3363 4165 usque
3392 4097 3446 4147 in
3467 4092 3785 4157 Idumeam,

2186 4185 2245 4240 id
2266 4188 2351 4239 est
2371 4200 2548 4256 usque
2580 4184 2636 4238 in
2653 4185 2884 4255 plebem
2898 4183 3177 4257 gentilem
3196 4183 3223 4237 ‘I
3248 4180 3440 4237 Nonne
3456 4186 3516 4237 tu
3527 4183 3673 4237 Deus
3688 4197 3787 4234 me

480 4266 659 4323 meris
675 4268 865 4325 cordis
881 4270 1088 4342 jugum
1104 4279 1526 4346 praeceptorum
1540 4290 1808 4329 meorum
1838 4275 2085 4331 fidenter
2106 4249 2159 4309 Ῑ)
2187 4274 2452 4340 deduces,
2491 4274 2587 4345 qui
2616 4273 2858 4343 repuliin
2880 4249 2999 4339 rios,
3026 4273 3086 4327 id
3115 4274 3200 4327 est
3225 4270 3325 4342 qui
3353 4270 3500 4325 visus
3530 4286 3589 4326 es
3617 4285 3784 4323 meos

483 4354 828 4423 deterentes,
844 4362 894 4411 et
923 4358 1193 4427 dimetiar,
1208 4359 1266 4415 id
1283 4361 1368 4415 est
1382 4360 1675 4432 colligiam
1694 4378 1727 4415 a
1740 4363 2085 4419 damnandis

480 4443 770 4498 convallem
800 4447 1276 4516 tabernaculorum,
1304 4449 1363 4504 id
1388 4453 1472 4505 est
1501 4449 2081 4520 tabernaculantium,

480 4527 693 4584 scilicet
720 4530 847 4587 illos
875 4534 1213 4592 humerosos
1242 4536 1534 4609 colligam,
1564 4540 1627 4593 ut
1654 4554 1885 4594 mecum
1907 4542 2085 4595 exsul-

483 4619 630 4685 tent,
662 4619 759 4690 qui
790 4635 921 4675 cum
941 4622 1056 4678 sint
1076 4623 1136 4679 in
1172 4626 1566 4694 tabernaculo,
1597 4626 1656 4681 id
1680 4630 1765 4684 est
1797 4627 1856 4683 in
1876 4628 2084 4684 militia

479 4709 907 4778 praeceptorum
933 4726 1221 4778 meorum,
1248 4713 1525 4769 convallis
1544 4717 1697 4781 sunt,
1722 4715 1782 4769 id
1801 4716 2084 4771 esthumi-

480 4794 596 4862 les;
623 4795 747 4852 sine
768 4796 1116 4855 humilitate
1157 4800 1370 4873 quippe
1398 4802 1822 4858 infructuosum
1853 4806 1939 4857 est
1963 4806 2078 4861 Deo

479 4883 751 4973 militare.
786 4888 855 4943 Et
901 4887 1032 4943 ideo
1065 4888 1301 4943 dividam
1346 4890 1687 4973 numerosos
1734 4908 1768 4946 a
1813 4893 2075 4963 perditis,

477 4971 613 5044 quia
632 4991 777 5030 meus
796 4981 871 5029 est
893 4974 1127 5045 Galaad,
1159 4976 1219 5032 id
1279 4979 1366 5033 est
1394 4971 1537 5034 mihi
1566 4978 1795 5034 deditus
1826 4984 1909 5035 est
1939 4997 2080 5037 acer-

475 5079 572 5117 vus
594 5065 902 5132 testimonii,
950 5065 1166 5121 scilicet
1212 5069 1587 5139 congregatio
1630 5072 1951 5140 martyrum
1979 5071 2077 5142 qui

475 5151 727 5209 Sichima
753 5154 904 5209 sunt.
916 5152 992 5207 Et
1021 5171 1164 5209 meus
1186 5161 1261 5211 est
1286 5154 1595 5224 Manasses,
1618 5156 1679 5212 id
1695 5161 1781 5212 est
1805 5158 1922 5213 mei
1948 5161 2081 5213 sunt

472 5239 553 5294 illi
576 5240 1091 5313 humerosi,qui,et
1117 5241 1164 5296 si
1186 5260 1304 5298 non
1325 5245 1927 5312 suntGalaad,sallem
1956 5246 2080 5300 Μα-

472 5344 648 5421 nasses
677 5331 832 5396 sunt,
851 5328 911 5384 id
928 5334 1012 5384 est
1032 5330 1428 5388 obliviscentes
1663 5338 2083 5401 terrena,etex-

474 5416 782 5473 tendentes
809 5433 869 5471 se
906 5419 979 5473 ad
1020 5423 1261 5488 aeterna,
1299 5428 1349 5475 et
1378 5421 1458 5477 illi
1481 5416 1783 5478 hinherosi
1818 5423 1917 5495 qui
1946 5428 2081 5480 sunt

473 5499 741 5573 Ephraim
754 5502 1183 5577 fructiﬁcantem
1210 5510 1269 5571 et
1288 5509 1363 5567 in.
1382 5527 1443 5565 se
1472 5510 1600 5575 etin
1632 5511 1758 5566 aliis
1784 5528 1890 5582 per
1926 5530 2073 5585 prae-

2184 4361 2459 4434 repulisse
2477 4378 2511 4415 a
2540 4360 2728 4433 gratia
2756 4365 2874 4429 tua,
2919 4359 3184 4416 faciendo
3212 4360 3486 4417 mortales
3514 4361 3572 4413 et
3598 4356 3781 4430 passi-

2184 4449 2326 4504 biles
2342 4449 2369 4503 ?
2384 4450 2500 4504 Hoc
2527 4452 2723 4505 autem
2745 4467 2811 4503 ex
2826 4448 3008 4504 nimia
3033 4448 3335 4504 affectione
3353 4447 3433 4501 sic
3452 4446 3781 4517 interroga-

2186 4538 2297 4592 tive
2327 4537 2586 4609 ponitur.
2610 4539 2678 4591 Et
2711 4541 2796 4592 est
2832 4538 3206 4610 aequipollens
3236 4552 3302 4592 ac
3330 4534 3376 4591 si
3406 4533 3657 4590 diceret:
3704 4535 3779 4589 Ut

2184 4627 2469 4682 Idumazos
2509 4626 2648 4681 mihi
2683 4627 3031 4699 adjungam:
3064 4629 3126 4680 tu
3154 4627 3329 4692 Deus,
3353 4625 3451 4697 qui
3483 4640 3643 4679 meos
3676 4640 3785 4696 per

2181 4716 2365 4770 Adam
2413 4714 2693 4785 repulisti,
2734 4715 2918 4770 deduc
2949 4731 3042 4769 me
3094 4714 3252 4786 prius
3290 4714 3349 4768 in
3382 4713 3674 4768 infernum
3706 4713 3784 4766 ad

2182 4821 2317 4859 eum
2339 4804 2864 4876 exspoliandum,et
2876 4803 3171 4859 diabolum
3191 4801 3583 4869 vinciendum,
3606 4804 3664 4856 et
3702 4800 3786 4856 sic

2179 4897 2307 4965 post
2320 4893 2376 4947 in
2392 4892 2706 4947 ldumaaam
2720 4910 2814 4947 me
2831 4893 3096 4948 deduces.
3123 4891 3327 4947 Civitas
3340 4891 3565 4946 munita
3578 4889 3787 4946 dicitur

2178 4982 2461 5049 infernus,
2503 4998 2572 5036 eo
2603 4982 2760 5055 quod
2799 4982 3070 5037 omnibus
3118 4981 3358 5037 interius
3406 4978 3783 5036 existentibus

2180 5069 2426 5125 difﬁcilis
2439 5070 2511 5125 sit
2528 5070 2601 5125 ad
2621 5069 3119 5139 exeundum,sicut
3134 5069 3329 5125 civitas
3339 5069 3489 5124 bene
3502 5069 3690 5125 clausa
3723 5072 3784 5121 et

2179 5158 2593 5231 munitacaptis
2621 5158 2878 5214 hostibus
2902 5158 3090 5230 gravis
3121 5161 3207 5214 est
3234 5158 3308 5212 ad
3337 5156 3780 5230 egrediendum.

2180 5247 2344 5311 Quod
2369 5247 2505 5302 dicit
2519 5247 2779 5319 repulisti,
2806 5264 2898 5301 nos
2913 5263 2972 5302 se
2988 5247 3264 5303 membris
3284 5246 3394 5301 suis
3407 5244 3780 5318 adjungendo

2179 5352 2246 5390 ex
2278 5335 2458 5390 nimia
2486 5336 2793 5391 dilectione
2824 5335 2980 5404 facit,
3037 5337 3172 5408 quia
3216 5336 3480 5392 membra
3510 5337 3570 5389 et
3606 5337 3781 5405 caput

2180 5424 2432 5486 Christus
2463 5441 2643 5480 unum
2657 5427 2810 5480 sunt.
2846 5426 2910 5480 Et
2935 5425 3403 5498 quandoquidem
3422 5440 3587 5479 meos
3614 5439 3780 5495 repu-

2183 5513 2298 5569 listi
2326 5516 2603 5571 mortales
2630 5518 2689 5569 et
2718 5514 3012 5588 passibiles
3059 5514 3347 5583 faciendo,
3387 5516 3445 5569 et
3476 5512 3537 5569 in
3566 5512 3647 5571 eis
3677 5512 3783 5568 vir-
