3998 6026
348 283 489 340 I217

1328 276 1684 339 EXPOSITIO
1721 281 1791 339 IN
1828 277 2163 341 PSALMOS.
2192 317 2260 327 —
2290 284 2485 346 PSAL.
2529 288 2688 349 CVIII

3519 308 3653 372 1218

342 405 498 496 tutas
519 399 824 496 interiores
854 399 1209 496 debilitando
1238 420 1256 496 ξ
1276 418 1404 496 non,
1435 402 1495 457 id
1526 406 1613 459 est
1629 420 1826 496 nonne
1849 405 1954 459 exi-
1975 410 2031 473 Α
2055 405 2158 460 sub
2187 407 2343 477 pacis
2359 411 2551 465 osculo
2572 413 2847 483 prodidit,
2864 416 2963 487 qui
2978 417 3053 473 ad
3074 421 3124 491 ej
3135 438 3198 477 ns
3218 428 3653 496 oppressionem

337 492 426 547 bis
445 490 592 545 Deus
606 492 663 543 in
677 490 969 545 virtutibus
997 491 1209 557 nostris,
1242 490 1301 545 id
1323 494 1408 545 est
1429 509 1625 548 nonne
1639 492 1832 548 venies
1852 509 1955 564 per

2060 508 2122 551 os
2148 497 2393 567 aperuit,
2422 514 2555 554 cum
2585 500 2725 556 dixit
2750 519 2763 556 :
2816 525 2843 553 «
2878 503 3025 568 Quid
3054 510 3219 565 vultis
3247 513 3561 575 mihi-,dare
3593 522 3652 575 et

341 580 606 676 gratiam
625 579 683 634 in
706 578 915 676 auxilio
943 578 1219 633 virtutum
1236 581 1547 676 meorum‘l
1564 581 1770 676 Utique
1782 581 1957 636 exibis
2059 597 2167 653 ego
2198 585 2358 676 vobis
2391 604 2524 676 eum
2556 590 2786 645 tradam
2805 591 2833 646 ‘l
2851 610 2883 644 s
2908 592 3128 664 (Matth.
3155 614 3280 668 xxv,
3319 603 3429 676 £5.)
3443 604 3537 670 Os,
3558 607 3649 663 in-

336 669 406 725 in
442 668 648 724 auxilio
668 667 945 723 virtutum
965 684 1255 735 meorum,
1285 686 1407 723 nea
1437 669 1665 725 diabolo
1688 686 1956 741 superen-

340 761 462 826 tur,
495 775 529 812 a
544 755 919 812 similitudine
947 756 1165 811 strenui
1189 757 1560 820 auxiliatoris,
1581 758 1674 829 qui
1698 775 1830 813 cum
1851 758 1953 813 ali-

342 847 554 919 quibus
583 846 656 900 ad
687 846 902 900 bellum
924 848 1130 900 contra
1151 846 1343 901 hostes
1375 847 1714 901 exeuntibus
1745 846 1804 901 in
1851 863 1950 901 au-

337 936 547 990 xilium
601 934 736 989 exit.
767 933 978 999 Exibis,
1014 934 1275 1005 inquam,
1303 934 1383 989 ita
1424 938 1619 989 tamen
1655 937 1716 989 ut
1746 936 1954 988 multas

337 1022 746 1080 tribulationes
774 1038 938 1078 meos
958 1026 1225 1094 oporteat
1252 1022 1393 1095 pati,
1427 1039 1554 1093 qua:
1586 1024 1668 1076 eis
1692 1026 1861 1077 erunt
1879 1022 1952 1077 ad

339 1111 621 1167 auxilium
672 1127 902 1166 coronas
943 1109 1349 1182 adipiscendae.
1394 1110 1461 1164 Et
1488 1109 1568 1164 ita
1596 1109 1667 1164 sit
1695 1109 1950 1165 concedo

342 1202 410 1255 ut
439 1199 816 1272 multiplicem
843 1199 1276 1254 tribulationem
1300 1198 1638 1266 sustineant,
1671 1202 1729 1253 et
1746 1199 1810 1252 de
1830 1198 1951 1269 ipsa

344 1289 690 1344 tribulatione
715 1288 785 1341 da
814 1287 983 1355 nobis,
1021 1286 1081 1341 id
1130 1290 1215 1341 est
1247 1288 1393 1341 meis
1423 1287 1707 1353 auxilium,
1739 1286 1951 1341 scilicet

341 1378 437 1433 fac
457 1381 520 1432 ut
544 1377 668 1450 ipsa
690 1374 985 1432 tribulatio
1005 1375 1079 1429 sit
1100 1374 1179 1429 eis
1202 1375 1273 1429 ad
1297 1375 1570 1429 auxilium
1583 1391 1813 1430 coronae
1833 1374 1951 1429 adi-

342 1467 654 1538 piscenda.
686 1464 817 1519 Ideo
834 1480 969 1519 vero
1001 1463 1253 1518 concedo
1279 1466 1341 1516 ut
1362 1464 1657 1534 patiantur
1676 1465 1803 1535 quia
1830 1479 1952 1518 cor-

344 1570 527 1626 porea
566 1556 624 1608 et
674 1552 952 1607 continua
974 1552 1118 1607 salus
1164 1553 1398 1606 hominis
1427 1569 1568 1605 vana
1598 1554 1705 1613 est,
1738 1551 1951 1606 scilicet

341 1641 771 1698 infructuosum
793 1643 897 1708 est,
922 1644 979 1695 et
1007 1639 1198 1711 potius
1225 1640 1297 1694 ad
1326 1639 1948 1705 detrimentum,utali-

2057 673 2443 764 quam,dolosi
2456 693 2626 749 super
2653 694 2747 733 me
2776 681 3089 751 aperietur,
3108 688 3292 742 etnon
3312 673 3495 748 solum
3519 696 3649 764 hoc,

2057 758 2158 853 sed
2185 760 2361 853 etiam
2393 764 2574 819 Judaei
2606 767 2812 837 quibus
2840 768 2962 840 ipse
2989 787 3084 826 me
3114 774 3304 829 tradet
3322 777 3484 835 locuti
3503 758 3647 853 sunt,

2129 848 2215 900 est
2232 849 2568 922 priusquam
2583 853 2664 917 eis
2682 855 2878 910 tradar
2897 858 3227 930 loquentur,
3249 863 3432 935 lingua
3453 843 3650 931 dolosa;

2054 932 2298 991 dicendo
2326 953 2339 992 :
2376 960 2404 990 «
2436 940 2724 1013 Magister,
2752 944 2964 1001 scimus
2993 948 3128 1019 quia
3153 932 3408 1009 verax'es
3448 955 3648 1023 (Marc.

2050 1037 2147 1090 xn,
2185 1023 2293 1084 14).
2328 1046 2358 1075 ››
2389 1031 2527 1097 etc.,
2573 1034 2631 1084 et
2658 1031 2767 1086 hoc
2796 1032 3073 1090 adversum
3107 1055 3211 1107 me,
3238 1039 3298 1095 id
3337 1045 3515 1100 estad
3543 1046 3654 1102 hoc

2052 1108 2245 1167 dolose
2266 1114 2592 1186 loquentur,
2621 1122 2684 1172 ut
2713 1119 3049 1193 deceptione
3079 1141 3200 1195 sua,
3225 1128 3367 1184 mihi
3385 1138 3652 1191 noceant.

2051 1198 2118 1251 Et
2151 1215 2268 1254 non
2299 1203 2484 1258 solum
2513 1205 2709 1261 dolose
2731 1206 3037 1265 adversum.
3062 1229 3157 1267 me
3183 1215 3515 1287 loquentur,
3552 1222 3653 1278 sed

2049 1290 2437 1345 etsermonibus
2456 1292 2569 1347 odii
2586 1296 3044 1352 circumdederunt
3060 1313 3161 1369 me,
3204 1303 3260 1358 id
3292 1308 3378 1359 est
3405 1306 3651 1364 circum-

2050 1372 2291 1463 dabunt,
2308 1378 2521 1434 scilicet
2551 1384 2879 1439 totamaros
2900 1402 3200 1444 sermones
3221 1391 3653 1463 designantibus

2051 1461 2248 1550 odium
2279 1465 2579 1525 effundent
2603 1469 2661 1524 in
2691 1486 2809 1538 me,
2828 1476 2891 1527 ut
2921 1476 3073 1530 totus
3099 1493 3204 1547 per
3232 1461 3556 1550 emphasim
3575 1486 3650 1540 vi-

2051 1548 2191 1604 dear
2215 1568 2283 1606 ex
2311 1553 2401 1609 his
2432 1555 2822 1613 circumdatus
2868 1564 2926 1615 et
2951 1548 3426 1623 circumvallatus.
3460 1572 3650 1628 Dolosi

2051 1636 2261 1709 quippe
2277 1657 2577 1699 sermones
2601 1645 2799 1702 odium
2814 1664 2930 1702 non
2944 1649 3374 1723 designant,sed
3388 1673 3651 1716 amorem

342 1732 473 1803 quis
501 1732 680 1785 salute
712 1734 945 1786 terrena
975 1713 1665 1799 continue438utatur.
1689 1728 1950 1799 «Flagel-
1974 1725 2025 1783 B
2051 1727 2433 1783 mentiuntur.
2466 1731 2590 1787 Non
2623 1735 2811 1789 solum
2833 1740 3031 1792 autem
3052 1713 3177 1794 lianc
3205 1713 3438 1812 facient,
3471 1713 3651 1803 sed

349 1821 433 1875 lat
484 1819 640 1875 enim
676 1821 825 1875 Deus
854 1834 1091 1874 omnem
1128 1816 1313 1872 ﬁlium
1344 1834 1516 1889 quem
1550 1817 1754 1888 recipit
1783 1817 1943 1881 (Heb.

340 1925 439 1976 xn,
472 1906 547 1979 6).
590 1926 623 1961 ›
654 1907 809 1962 Facit
838 1910 1031 1961 autem
1070 1905 1485 1979 apostropham
1517 1905 1591 1960 ad
1632 1904 1944 1973 auditores,

342 1997 416 2052 ad
428 1994 1222 2060 eoruminstructiouem.sic:
1249 1993 1456 2056 Exibit,
1482 1994 1745 2065 inquam,
1771 1995 1944 2061 Deus,

340 2086 401 2140 in
426 2084 733 2140 virtutibus
757 2100 1087 2151 meorum,o
1103 2082 1415 2150 auditores,
1437 2084 1495 2137 et
1515 2098 1619 2153 per
1644 2084 1753 2136 hoc
1765 2080 1946 2137 ἐπι)εο

340 2172 588 2227 firmiter
612 2172 839 2227 fundati
890 2174 948 2226 et
970 2171 1152 2227 innixi
1184 2173 1441 2241 faciemus
1470 2172 1740 2236 virtutem,
1770 2170 1828 2225 id
1861 2174 1947 2225 est

337 2261 457 2317 mei
477 2261 692 2316 facient
717 2260 996 2333 quidquid
1018 2260 1226 2314 attinet
1243 2260 1316 2313 ad
1338 2258 1790 2325 virtutem,bona
1807 2276 1943 2330 ope-

336 2367 404 2406 ra
423 2350 672 2418 scilicet;
695 2351 784 2404 vel
816 2349 1029 2419 faciept
1050 2348 1345 2416 virtutem,
1369 2347 1429 2402 id
1450 2350 1536 2402 est
1564 2347 1777 2401 fortem
1800 2350 1947 2415 et,ut

335 2440 419 2495 ita
450 2440 661 2503 dicam,
684 2439 995 2493 virtuosam
1029 2438 1326 2492 victoriam
1355 2437 1426 2491 de
1468 2436 1943 2506 omnibusﬁhosti-

337 2529 447 2583 bus
477 2528 789 2583 visibilibus
805 2529 864 2582 et
886 2525 1285 2594 invisibilibus,
1308 2518 1357 2580 et
1379 2528 1485 2596 ipse
1506 2527 1654 2580 Deus
1666 2525 1762 2596 qui
1786 2542 1947 2582 meos

338 2617 403 2672 in
432 2617 616 2672 Adam
656 2615 886 2687 repulit,
920 2614 992 2669 ad
1032 2614 1265 2669 nihilum
1295 2613 1563 2668 efﬁcacia:
1594 2613 1812 2668 deducet
1828 2615 1941 2667 ini-

338 2708 503 2759 micos
528 2711 750 2771 nostros,
778 2704 835 2758 id
866 2707 957 2758 est
983 2703 1255 2759 inimicos
1292 2719 1559 2758 meorum
1601 2702 1672 2756 ad
1690 2703 1799 2757 hoc
1841 2717 1945 2772 per

344 2793 619 2849 auxilium
647 2792 921 2864 potentiae
955 2791 1201 2846 deducet
1230 2795 1349 2845 tam
1378 2790 1624 2845 visibiles
1659 2806 1833 2862 quam
1854 2791 1941 2844 in-

340 2881 609 2948 visibiles,
637 2884 700 2936 ut
724 2880 867 2934 nihil
890 2880 998 2934 loci
1028 2880 1240 2934 habeat
1261 2879 1319 2933 in
1339 2879 1419 2933 eis
1434 2879 1942 2949 assultusipsorum

342 2970 734 3025 inimicorum.
1038 3025 1044 3029 .

801 3058 869 3111 IN
919 3055 1242 3111 PSALMUM
1296 3056 1474 3111 CVIII.

405 3146 621 3201 Titulus
636 3145 932 3201 centesimi
945 3144 1149 3202 octavi.
1176 3144 1243 3198 In
1267 3147 1426 3214 ﬁnem
1466 3144 1716 3198 Psalmus
1738 3142 1938 3199 David.

338 3232 507 3298 Quod
526 3233 852 3306 exponitur.
884 3233 1138 3289 Psalmus
1156 3233 1262 3287 iste
1280 3233 1650 3287 ascribendus
1670 3231 1945 3287 estDavid

340 3323 564 3378 Christo
603 3322 865 3377 tendenti
896 3324 950 3375 in
978 3321 1164 3393 ﬁnem,
1189 3322 1247 3376 id
1270 3326 1356 3377 est
1383 3322 1441 3376 in
1475 3322 1790 3393 perfectam
1812 3337 1944 3377 con-

2048 1826 2486 1885 expugnaverunt
2516 1837 2617 1888 me,
2638 1821 2699 1877 id
2729 1827 2815 1877 est
2854 1825 3281 1898 impugnabant
3306 1847 3422 1900 me,
3445 1837 3503 1888 et
3528 1835 3651 1892 bla-

2047 1902 2323 1972 sphemiis
2352 1909 2409 1961 et
2437 1908 2904 1967 tribulationibus
2917 1914 3131 1983 multis,
3153 1921 3436 1989 quatenus
3453 1937 3549 1978 me
3574 1923 3652 1980 sic

2046 1997 2397 2081 expugnent,
2418 1997 2479 2049 ut
2510 1998 2667 2068 quod
2695 2016 2897 2055 verum
2928 2005 3033 2070 est,
3062 2020 3157 2059 me
3186 2022 3400 2078 negare
3413 2008 3647 2081 faciant,

2044 2078 2259 2168 scilicet
2277 2083 2378 2137 Dei
2401 2084 2611 2140 Filium
2640 2104 2781 2143 esse.
2815 2090 3268 2163 Impugnabunt,
3304 2095 3563 2168 inquam,
3593 2078 3651 2157 et

2045 2167 2154 2222 hoc
2176 2174 2368 2259 gratis,
2398 2172 2455 2227 id
2488 2178 2574 2228 est
2613 2175 2736 2230 sine
2758 2178 3061 2233 occasione
3081 2167 3437 2240 aututilitate
3457 2202 3471 2254 ;
3493 2167 3649 2259 quod

2043 2260 2130 2311 est
2155 2258 2390 2329 quidem
2415 2262 2641 2331 gravius
2662 2279 2836 2335 quam
2855 2266 2898 2321 si
2916 2267 3223 2337 gratisnon
3240 2258 3645 2332 facerent.Non

2044 2348 2452 2403 tantummodo
2483 2366 2619 2405 vero
2643 2351 2841 2407 dolose
2861 2357 2920 2409 et
2933 2354 3129 2410 odiose
3143 2357 3455 2429 loquentur
3466 2363 3653 2420 adver-

2042 2450 2159 2487 sum
2186 2451 2287 2501 me,
2319 2436 2419 2491 sed
2443 2444 2493 2490 et
2516 2437 2882 2508 detrahebant,
2920 2441 2979 2496 id
3007 2445 3095 2499 est
3121 2445 3427 2503 detrahant
3459 2449 3517 2505 in
3550 2469 3645 2508 oc-

2043 2522 2195 2576 culto
2227 2524 2364 2578 mihi
2377 2541 2480 2596 pro
2509 2542 2566 2579 eo
2596 2528 2736 2598 quod
2763 2528 3043 2585 deberent
3066 2533 3177 2587 tale
3205 2535 3344 2605 quid
3369 2536 3643 2608 dicere,ut

2042 2624 2126 2663 me
2141 2610 2443 2679 diligerent,
2474 2613 2532 2668 id
2562 2618 2645 2668 est
2675 2619 2737 2669 ut
2766 2633 2869 2688 per
2894 2617 3034 2673 illud
3064 2619 3282 2676 dictum
3298 2628 3643 2695 comproba-

2044 2703 2176 2753 rent
2203 2715 2262 2753 se
2283 2717 2378 2754 me
2411 2701 2669 2771 diligere.
2700 2702 2867 2767 Quod
2884 2709 2970 2760 est
2994 2706 3213 2763 dicere:
3239 2710 3380 2765 Cum
3396 2712 3646 2776 debeant

2045 2785 2306 2856 proferre
2330 2789 2505 2843 verba
2517 2806 2645 2860 qua:
2666 2792 3000 2862 pertineant
3017 2794 3092 2849 ad
3112 2794 3646 2872 dilectionem,pro-

2043 2874 2236 2928 ferent
2251 2876 2421 2930 verba
2438 2877 2792 2946 pertinentia
2804 2879 2875 2935 ad
2891 2880 3453 2957 detractionemﬂgo
3469 2896 3646 2945 autem

1970 3003 2016 3062 C
2043 2963 2131 3016 cui
2150 2963 2266 3062 ‘ipsi
2299 2964 2607 3062 detrahant
2634 2967 2873 3035 orabam,
2907 2968 2965 3023 id
2996 2972 3080 3024 est
3108 2988 3212 3042 pro
3240 2989 3441 3031 eorum
3462 2979 3645 3035 salute

2044 3051 2243 3118 orabo,
2279 3051 2408 3106 etin
2434 3053 2545 3107 hoc
2569 3053 2674 3124 ipsi
2702 3055 3016 3135 magisl‘ei,
3040 3074 3174 3114 cum
3198 3063 3415 3121 orantis
3434 3080 3541 3135 pro
3580 3084 3640 3124 se

2042 3138 2158 3193 sint
2186 3139 2554 3207 detractores,
2587 3142 2712 3197 dico
2742 3128 3102 3217 439quod
3132 3148 3327 3205 dolose
3359 3156 3416 3209 et
3434 3128 3642 3212 amare

2042 3230 2100 3282 et
2125 3228 2464 3284 detractorie
2478 3230 2549 3284 de
2570 3246 2665 3285 me
2690 3231 3083 3302 loquentur,et
3097 3233 3528 3308 impugnabant
3546 3259 3643 3300 me

2038 3316 2120 3373 Et
2135 3317 2257 3371 hinc
2297 3316 2496 3372 omnia
2542 3318 2683 3373 mala
2705 3328 2997 3390 posuerunt
3021 3320 3299 3380 adversum
3334 3344 3436 3397 me,
3466 3328 3526 3385 id
3556 3335 3644 3388 est

333 3410 785 3466 summationem
817 3410 1268 3465 immortalitatis
1298 3413 1356 3463 et
1383 3409 1939 3481 impassibilitatis.ln
2042 3409 2264 3475 ponent
2313 3405 2457 3460 mihi
2489 3405 2715 3474 nociva,
2747 3411 2805 3462 et
2846 3409 2957 3465 hoc
2974 3427 3075 3481 pro
3100 3411 3484 3486 bonis-multis,
3510 3430 3639 3492 qua:

334 3502 441 3555 hoc
464 3500 624 3555 enim
654 3502 876 3572 psalmo
912 3500 1166 3555 Christus
1198 3501 1377 3554 Deum
1395 3500 1625 3553 Patrem
1648 3502 1862 3561 orat,ut
1884 3517 1943 3555 se
2049 3493 2129 3547 cis
2159 3493 2286 3547 feci.
2318 3493 2483 3557 Quod
2497 3497 2582 3549 est
2606 3494 2796 3550 diceet
2815 3513 2828 3551 Ξ
2850 3497 2992 3553 Cum
3008 3498 3091 3553 eis
3108 3499 3266 3556 bona
3291 3504 3542 3573 plurima
3561 3508 3644 3564 fe-

335 3606 509 3661 quem
535 3588 755 3643 inimici
785 3589 868 3643 sui
901 3587 1227 3659 deprimere
1258 3587 1542 3657 nituntur,
1593 3586 1940 3643 laudabilem
2040 3581 2242 3648 cerim,
2273 3580 2383 3653 iPSi
2430 3583 2756 3638 θοοηίτεηίο
2813 3585 2970 3640 mala
3019 3587 3360 3657 “tribuent,
3393 3596 3450 3648 et
3478 3596 3640 3651 ιω)ιο

335 3679 600 3732 ostendat
616 3676 1440 3744 resuscitando,immortalem
1456 3675 1939 3745 etimpassibilem
2040 3668 2227 3740 magis
2257 3668 2593 3740 οιιιρεώἰιθε.
2627 3668 2705 3725 Et
2757 3674 2983 3740 ponent
3034 3673 3215 3731 odium
3231 3693 3333 3745 pro
3363 3677 3639 3735 dilectione

331 3766 618 3832 faciendo,
652 3768 709 3819 et
738 3763 1022 3818 mundum
1054 3763 1158 3819 sibi
1185 3764 1562 3833 subjiciendo.
1596 3764 1725 3834 A‘git
1763 3765 1941 3820 etiam
2036 3774 2174 3825 mea,
2207 3772 2347 3828 erga
2375 3774 2472 3813 80$
2494 3757 2716 3825 habita,
2738 3757 2970 3826 SCilicet,
2999 3776 3242 3818 cumcos
3273 3763 3512 3837 diligam
3530 3768 3637 3838 ipsi

334 3854 404 3908 de
435 3852 776 3908 eorumdem
798 3852 1166 3909 inimicorum
1196 3852 1519 3919 dolositate,
1536 3853 1667 3908 odio
1682 3857 1741 3907 et
1754 3853 1941 3925 impu-
2038 3845 2295 3901 me'OdiO
2326 3846 2645 3901 habebunt
2681 3845 2937 3901 Οθῐθηείο
2960 3850 3325 3918 aparteboni
3348 3857 3405 3907 et
3424 3869 3457 3908 ει
3478 3859 3641 3927 parte

334 3942 627 4013 gnatione.
667 3942 733 3994 Et
762 3940 1080 4003 concessive
1111 3939 1231 4008 agit
1260 3940 1331 3994 de
1383 3956 1583 3994 eorum
1637 3942 1938 4012 multiplici
2042 3934 2199 3988 mali-

335 4028 730 4083 damnatione.
774 4028 909 4098 Agit
935 4027 1170 4098 insuper
1191 4028 1260 4081 de
1292 4043 1528 4081 suorum
1578 4028 1936 4083 confessione
2109 4022 2351 4077 Ostensa
2367 4020 2742 4077 inimicorum
2757 4022 3064 4079 dolositate
3088 4028 3144 4081 et
3178 4024 3640 4103 impugnatione,

336 4120 393 4171 et
422 4118 611 4185 laude,
643 4117 752 4172 hoc
778 4120 973 4171 autem
995 4133 1063 4170 ea
1083 4115 1407 4170 intentione
1444 4116 1579 4169 facit
1611 4119 1673 4170 ut
1701 4133 1807 4187 per
1830 4117 1936 4171 hoc
2039 4109 2361 4166 cocnessive
2395 4109 2515 4182 agit
2535 4111 2605 4166 de
2624 4127 2825 4166 eorum
2846 4111 3248 4183 damnatione,
3279 4118 3615 4194 etpriusqui

337 4206 487 4277 quod
503 4209 653 4273 orat,
686 4222 744 4260 se
777 4222 897 4259 esse
930 4221 1127 4259 verum
1160 4204 1459 4259 hominem
1492 4204 1759 4259 ostendat
1788 4222 1802 4273 ;
1838 4221 1940 4275 per
2039 4198 2173 4252 dem
2198 4198 2267 4253 de
2286 4198 2664 4253 damnatione
2701 4200 2883 4267 Iudae,
2908 4216 2977 4254 e0
3000 4200 3155 4273 quod
3177 4202 3328 4258 inter
3344 4205 3642 4280 aliosprae-

336 4295 442 4349 hoc
472 4310 606 4349 vero
638 4294 793 4366 quod
816 4309 1016 4348 eorum
1045 4292 1295 4347 ostendit
1319 4293 1755 4348 damnationem
1789 4294 1938 4348 mul-
1960 4281 2014 4341 D
2037 4286 2236 4358 Cipuus
2247 4285 2545 4344 existat.Et
2562 4287 2674 4341 hoc
2686 4286 2768 4342 sic
2784 4286 3081 4343 dicitzDico
3098 4290 3255 4360 quod
3276 4309 3339 4347 os
3354 4293 3536 4350 dolosi
3553 4313 3643 4353 su-

335 4381 591 4453 tiplicem
645 4385 702 4435 et
754 4397 989 4436 suorum
1021 4380 1443 4435 confessionem
1475 4382 1533 4433 et
1572 4381 1827 4448 laudem,
1876 4398 1936 4436 se
2037 4390 2141 4446 per
2162 4391 2257 4430 me
2294 4374 2609 4446 aperietur.
2630 4374 3162 4445 Ideoque,Domine
3177 4379 3364 4447 Pater,
3388 4386 3643 4440 constitue

339 4472 516 4524 Deum
549 4485 670 4524 esse
682 4469 1108 4524 demonstratet
1125 4467 1938 4539 omnipotentem.Agitetiam
2044 4479 2199 4532 super
2212 4469 2667 4532 eumpeccatorem
2680 4461 3158 4532 antonomastice,
3186 4464 3245 4520 id
3267 4470 3635 4539 estpermitte

339 4572 406 4611 ea
429 4556 749 4613 intentione
780 4557 850 4612 de
882 4555 1255 4613 inimicorum
1302 4554 1682 4610 damnatione
1709 4560 1773 4611 ut
1800 4556 1939 4612 alios

338 4647 623 4700 exterreat
646 4645 720 4699 ab
751 4659 952 4700 eorum
985 4642 1416 4699 conformitate.

405 4732 552 4787 Deus
579 4735 768 4802 Pater,
807 4732 1015 4787 laudem
1047 4746 1220 4787 meam
1250 4749 1314 4787 ne
1366 4731 1594 4787 tacueris
1625 4730 1837 4787 scilicet
1866 4748 1937 4787 ne

335 4820 638 4893 permittas
666 4820 841 4876 taceri
868 4821 1101 4876 laudem
1130 4834 1347 4875 meam.
1378 4818 1545 4884 Quod
1592 4821 1679 4874 est
1709 4818 1898 4875 dicere
1922 4837 1934 4874 :

337 4908 447 4964 Fac
460 4908 832 4965 manifestum
853 4924 957 4980 per
976 4908 1457 4964 resurrectionem
1477 4922 1671 4963 meam
1696 4911 1753 4962 et
1764 4907 1938 4963 totius

336 4996 539 5052 mundi
559 4996 977 5069 subjectienem
990 5011 1083 5052 me
1102 5010 1513 5070 usquequaque
1541 4995 1938 5052 esselaudabi-

338 5084 472 5139 lem.
498 5085 614 5141 Hoc
640 5089 834 5142 autem
846 5100 916 5141 ea
942 5085 1246 5141 occasione
1282 5086 1541 5158 oro,quia
1553 5102 1607 5141 os
1611 5086 1931 5158 peccatoris,

338 5176 810 5244 antonomastice,
838 5180 887 5229 et
911 5190 968 5229 os
1001 5174 1186 5242 dolosi,
1248 5174 1726 5242 antonomastice,
1776 5173 1933 5230 Iudae

2040 4553 2102 4605 ut
2129 4551 2182 4604 ei
2208 4552 2480 4620 peccator
2510 4565 2577 4603 ex
2604 4552 2727 4603 toto
2756 4547 3108 4604 dominetur.
3142 4552 3531 4624 Exponitvero
3561 4562 3633 4617 de

2038 4652 2150 4708 quo
2172 4640 2471 4709 peccatore
2493 4635 2666 4703 dicat,
2698 4651 2828 4693 cum
2842 4635 3033 4693 addit:
3062 4636 3140 4693 Et
3174 4640 3432 4713 diabolus,
3464 4651 3632 4705 anto-

2039 4725 2377 4791 nomastice,
2403 4727 2671 4796 peccator
2698 4730 2801 4779 stet
2831 4742 2865 4778 a
2888 4724 3085 4781 dextris
3113 4728 3246 4799 ejus,
3264 4728 3325 4785 id
3354 4736 3440 4787 est
3462 4750 3633 4805 repu-

2036 4814 2191 4867 tetur
2215 4812 2287 4867 ab
2318 4828 2387 4867 eo
2417 4827 2536 4868 esse
2571 4828 2606 4868 a
2636 4811 2871 4880 dextris,
2903 4812 3117 4877 scilicet
3147 4817 3367 4872 bonum
3408 4825 3638 4893 reputet

2035 4917 2159 4956 esse
2171 4904 2229 4955 et
2253 4899 2412 4969 utile,
2437 4900 2664 4957 diabolo
2681 4900 2912 4959 servire.
2938 4902 3161 4957 Bonum
3183 4902 3399 4977 quippe
3425 4911 3481 4962 et
3498 4910 3637 4966 utile

2035 4988 2325 5061 reputavit
2354 4988 2584 5044 diabolo
2626 4989 2859 5057 servire,
2903 5005 3036 5043 cum
3063 4990 3333 5061 cogitavit
3356 4991 3535 5065 impie
3563 4997 3634 5052 de

2036 5076 2299 5148 magistri
2338 5076 2688 5148 proditione.
2722 5079 2830 5132 Per
2873 5076 3173 5131 dexteram
3212 5094 3349 5136 sane
3395 5082 3551 5139 bona
3578 5089 3637 5141 et

2033 5166 2194 5224 utilia
2214 5155 2464 5223 solemus
2492 5164 2714 5220 assidue
2746 5164 3045 5221 denotare.
3073 5164 3172 5220 Vel
3210 5166 3289 5222 sic
3315 5184 3328 5222 :
3377 5169 3636 5228 Diabolus

337 5263 548 5318 scilicet
591 5271 832 5335 apertum
883 5269 955 5319 est
983 5279 1138 5335 super
1161 5280 1263 5332 me,
1296 5261 1360 5317 id
1408 5266 1494 5318 est
1534 5261 1829 5333 aperietur
1861 5262 1935 5319 ad
2028 5264 2149 5327 stet,
2196 5255 2258 5312 id
2288 5256 2374 5310 est
2402 5254 2728 5326 perseveret
2780 5268 2814 5305 a
2866 5251 3080 5307 dextris
3110 5254 3251 5325 ejus,
3290 5254 3349 5310 id
3388 5260 3477 5311 est
3504 5276 3634 5315 usus

336 5349 443 5406 hoc
470 5355 535 5407 ut
553 5352 845 5425 opprimat
872 5368 987 5409 me.
1016 5354 1287 5409 Peccator
1316 5351 1528 5425 quippe
1565 5368 1669 5423 per
1694 5354 1935 5408 antono-

336 5440 578 5496 masiam
602 5441 775 5498 Iudas
802 5442 1026 5511 dicitur,
1059 5459 1127 5499 eo
1158 5441 1315 5516 quod
1342 5441 1658 5498 Dominum
1676 5444 1734 5511 et
1754 5440 1934 5513 magi-

273 5586 277 5591 .
339 5530 519 5588 atrum
548 5545 716 5590 suum
737 5530 996 5589 tradidit.
1031 5531 1268 5590 Dolosus
1284 5530 1483 5601 etiam,
1516 5544 1584 5586 eo
1606 5528 1760 5606 quod
1789 5544 1928 5589 eum

2035 5348 2269 5404 dextera
2321 5343 2467 5414 ejus,
2494 5338 2711 5395 scilicet
2737 5338 2887 5395 circa
2911 5340 3067 5396 bona
3124 5358 3302 5413 opera
3352 5344 3474 5416 ejus
3501 5363 3632 5418 per-

2035 5435 2216 5504 sistat,
2235 5434 2300 5488 ut
2313 5447 2385 5489 ea
2394 5429 2623 5501 penitus
2637 5443 2743 5500 per
2759 5429 2913 5484 mala
2935 5443 3114 5500 opera
3126 5433 3635 5503 praeponderantia

2036 5523 2282 5584 deducat
2308 5520 2367 5581 in
2396 5518 2648 5575 irritum.
2696 5515 2774 5574 Et
2800 5532 2924 5576 eum
2954 5510 3258 5597 iudicaturi.
3285 5518 3347 5576 id
3376 5525 3461 5578 est
3492 5540 3628 5588 cum
