4008 6040
423 276 558 332 1219

1008 266 1067 328 S.
1107 262 1455 327 BRUNONIS
1497 261 2131 325 CARTHUSIANORUH
2168 265 2640 322 lNSTITUTORIS
2685 266 2838 323 OPP.
2881 264 3057 323 PARS
3088 269 3130 324 Ι.

3605 269 3771 323 1220

415 394 524 449 hoc
557 393 630 449 sit
641 392 798 465 quod
832 392 1034 462 ajusto
1043 390 1264 462 judicio
1283 391 1384 446 Dei
1406 406 1511 462 pro
1534 392 1747 445 scelere
1770 407 1871 445 suo
1889 389 2016 460 jam
2048 394 2105 454 Α
2126 406 2359 445 usuram
2390 388 2643 461 colligat.
2668 388 2853 453 Quam
2870 404 2975 459 pro
2988 392 3145 443 certo
3178 404 3411 442 usuram
3444 390 3608 444 Deus
3631 388 3767 443 exi-

415 481 809 554 sitjudicatus,
836 480 893 534 id
915 479 1455 550 estfcondemnatus,
1498 495 1617 534 non
1641 479 1849 534 evadat
1870 477 2022 550 judi-

416 572 568 626 cium
619 569 759 624 illud
791 567 1093 623 salubriter
1124 567 1458 640 paenitendo
1489 567 1547 621 in
1581 569 1685 621 hac
1722 566 1865 622 vita:
1924 567 2024 621 sed

414 665 563 714 creat
588 659 658 713 de
691 660 798 712 hac
827 656 946 711 vita
1001 655 1396 724 condemnatus,
1442 656 1498 710 id
1530 658 1615 710 est
1646 654 1929 710 moriatur
1961 655 2020 709 in

415 746 797 802 damnatione
832 744 950 801 illa.
983 744 1063 799 Et
1089 745 1260 798 oratio
1291 743 1425 815 ejus,
1454 744 1512 798 id
1545 747 1631 798 est
1678 743 2022 815 poenitentia

414 837 557 907 ejus,
590 852 717 907 quae
748 850 851 907 per
877 831 1202 888 orationem
1235 833 1528 904 accipitur,
1563 849 1632 887 eo
1658 832 1811 903 quod
1837 832 2018 902 paeni-

415 928 603 979 tentes
634 926 822 989 orent,
850 921 952 994 ﬁat
979 920 1223 976 tendens
1268 922 1330 976 in
1349 928 1647 992 peccatum,
1679 920 1914 983 scilicet,
1947 920 2021 975 ad

414 1014 525 1068 hoc
577 1010 917 1084 poenitentia
967 1010 1089 1081 ejus
1144 1010 1245 1064 ﬁat
1300 1013 1364 1063 ut
1399 1026 1460 1064 se
1501 1010 1831 1081 suspendat,
1864 1008 2021 1081 quod

414 1100 818 1173 gravissimum
846 1101 1147 1170 peccatum
1197 1098 1324 1152 erit.
1361 1096 1571 1152 Scribit
1601 1098 1758 1152 enim
1789 1100 2019 1152 sanctus

410 1190 790 1261 Hieronymus
808 1188 1015 1242 Juda'n
1046 1186 1230 1258 magis
1263 1186 1362 1241 Dei
1400 1186 1771 1241 clementiam
1814 1186 1873 1240 in
1904 1203 2019 1239 sus-

411 1276 622 1350 pendio
656 1275 740 1331 sui
772 1272 1078 1331 offendisse
1109 1290 1283 1346 quam
1324 1272 1382 1327 in
1417 1274 1626 1329 Christi
1660 1274 2013 1345 proditione.

408 1367 507 1420 Vel
530 1364 742 1432 oratio,
768 1363 823 1418 id
868 1367 953 1417 est
982 1362 1199 1434 optatio
1228 1362 1350 1433 ejus
1375 1379 1549 1433 quam
1590 1378 1722 1415 cum
1754 1362 2016 1419 oratione

410 1454 602 1521 faciet,
634 1454 735 1506 fiat
762 1451 1011 1506 tendens
1036 1451 1097 1503 in
1127 1452 1450 1520 peccatum,
1485 1449 1699 1504 scilicet
1750 1451 1893 1505 nihil
1921 1468 2018 1522 op-

409 1546 515 1610 tet,
550 1540 656 1595 nisi
713 1540 867 1612 quod
928 1539 997 1593 ad
1030 1542 1330 1609 peccatum
1363 1538 1605 1605 attinet;
1640 1542 1697 1592 et
1740 1537 1879 1610 ﬁant
1908 1538 2016 1592 dies

410 1633 530 1701 ejus
548 1631 728 1701 pauci,
758 1629 815 1683 id
847 1632 932 1682 est
960 1627 1154 1697 paucis
1180 1626 1379 1682 diebus
1411 1627 1578 1681 vivat.
1614 1628 1691 1680 Ne
1717 1644 1852 1682 vero
1884 1644 2013 1699 gra-

2123 478 2227 549 git,
2263 495 2395 533 cum
2448 494 2753 550 pinnarum
2787 477 3221 532 examinatione
3269 477 3340 531 ab
3394 477 3484 531 his
3514 478 3621 550 qui
3661 478 3766 532 hic

2123 565 2309 621 faenus
2333 566 2439 621 sibi
2473 567 2750 621 traditum
2781 565 3084 636 negligant
3134 564 3540 636 multiplicare.
3571 567 3766 621 Juxta

2122 670 2256 709 vero
2288 656 2390 709 bas
2448 655 2651 710 ambas
2681 653 2998 709 sententias
3053 652 3245 708 littera
3294 653 3370 707 sic
3402 653 3755 725 exponitur.

2121 739 2419 796 Fenerator
2449 741 2708 797 Christus
2738 743 2827 795 vel
2880 741 3139 796 diabolus
3190 747 3452 794 scrutetur
3512 758 3548 796 a
3589 740 3761 795 Iuda

2120 846 2327 883 omnem
2351 830 2709 885 substantiam
2737 830 2870 900 ejus,
2900 828 2958 883 id
2988 832 3075 884 est
3099 828 3288 900 exigat
3317 829 3387 884 ab
3432 847 3503 884 eo
3535 846 3757 901 pcenas

2120 934 2224 989 pro
2258 918 2418 972 omni
2453 918 2773 973 substantia
2803 917 2911 971 sibi
2943 916 3277 973 commissa.
3306 917 3564 972 Christus
3591 918 3757 972 scili-

2119 1005 2364 1073 cet,ideo
2384 1022 2618 1076 poenam
2643 1005 2995 1077 exigat,quia
3016 1006 3396 1062 substantiam
3411 1006 3753 1061 intellectus

2119 1096 2177 1149 et
2222 1095 2479 1166 quinque
2530 1110 2825 1162 sensuum,
2861 1110 3038 1166 quam
3081 1094 3134 1148 ei
3168 1095 3749 1163 accommodaverat,

2119 1183 2506 1254 multiplicare
2557 1184 2833 1255 neglexit.
2888 1183 3159 1238 Diabolus
3212 1188 3432 1251 autem,
3464 1202 3536 1240 eo
3576 1185 3749 1258 quod

2117 1270 2494 1327 substantiam
2523 1276 2890 1343 peccatorum
2914 1288 3090 1343 quam
3116 1272 3223 1327 sibi
3248 1273 3750 1340 accommodavit,

2118 1358 2502 1431 multiplicare
2534 1360 2772 1432 sategit:
2800 1359 2879 1413 Et
2908 1377 3028 1415 non
3057 1361 3241 1416 solum
3260 1362 3498 1427 hoc,sed
3515 1361 3633 1416 etsi
3665 1363 3748 1416 ad

2117 1446 2663 1521 aliquabonaopera
2684 1448 3554 1521 laboraverit,malignispiritus
3582 1450 3743 1505 adeo

2116 1534 2427 1590 alienifacti
2457 1537 2725 1607 diripiant
2756 1536 2882 1592 illos
2896 1537 3099 1593 labores
3111 1538 3250 1607 ejus,
3287 1537 3345 1592 id
3367 1541 3455 1592 est
3476 1538 3743 1610 eripiant

2118 1622 2171 1677 ei
2201 1625 2498 1679 cumulum
2513 1625 2801 1679 malorum
2829 1625 3205 1691 fructuum,id
3225 1630 3309 1679 est
3330 1626 3593 1681 laborem
3606 1627 3741 1681 ωας

411 1718 517 1773 dus
574 1718 932 1789 apostolatus
975 1715 1094 1786 ejus
1126 1718 1362 1787 propter
1395 1715 1517 1785 ejus
1540 1718 1762 1769 reatum
1793 1714 2013 1769 videre-
2040 1706 2090 1765 B
2114 1726 2243 1765 rum
2277 1728 2519 1783 operum
2546 1714 2853 1768 bonorum.
2879 1713 3190 1781 Scrutatur,
3222 1714 3482 1785 inquam,
3507 1716 3739 1783 fenera-

409 1809 504 1861 tur
532 1805 618 1860 sic
646 1822 765 1860 esse
797 1804 1203 1858 dehonestatus
1228 1806 1291 1857 ut
1318 1804 1504 1857 nullus
1533 1802 1595 1857 in
1622 1803 1743 1873 ejus
1773 1804 1897 1858 loco
1922 1803 2016 1857 de-

407 1894 573 1949 beret
603 1892 889 1959 substitui,
922 1891 1082 1947 addit
1106 1897 1156 1945 et
1179 1893 1535 1963 episcopatum
1561 1891 1694 1961 ejus,
1738 1891 1795 1945 id
1826 1894 1911 1945 est
1930 1908 2017 1945 su-

406 1983 647 2038 blimem
700 1981 948 2053 gradum
1010 1980 1361 2050 apostolatus
1399 1979 1543 2049 ejus.
1591 1981 1823 2049 accipiat
1862 1979 2014 2057 alter,

2114 1805 2198 1854 tor
2219 1816 2423 1853 omnem
2448 1801 2799 1855 substantiam
2824 1802 3021 1873 ejus,et
3047 1805 3184 1857 tunc
3208 1819 3315 1856 non
3338 1807 3406 1857 sit
3432 1803 3513 1857 illi
3523 1803 3743 1875 aliquis

2117 1890 2447 1943 sanctorum
2474 1889 2711 1958 adiutor,
2744 1890 2841 1960 qui
2877 1906 2981 1962 pro
3010 1906 3079 1945 eo
3115 1890 3490 1963 interpellet;
3537 1909 3635 1946 nec
3666 1896 3739 1946 sit

2119 1973 2324 2046 aliquis
2353 1980 2683 2031 sanctorum
2735 1977 2830 2048 qui
2864 1976 3221 2034 orationibus
3270 1978 3386 2034 suis
3416 1981 3740 2034 misereatur

410 2070 624 2127 scilicet
672 2067 909 2124 Mathias
963 2066 1117 2137 (Act.
1173 2083 1329 2133 xviii,
1385 2067 1491 2138 l6).
1546 2068 1655 2120 Per
1683 2067 1791 2121 hoc
1830 2066 2022 2120 innuit
2106 2064 2331 2135 pupillis
2360 2067 2479 2135 ejus
2515 2065 2745 2133 Iudaeis,
2773 2067 2987 2121 scilicet
3008 2067 3109 2140 qui
3129 2068 3251 2139 ejus
3272 2069 3375 2123 filii
3403 2070 3734 2126 existendo.

413 2157 691 2231 quoniam
719 2155 779 2210 in
802 2155 984 2227 gradu
997 2155 1151 2209 unde
1165 2154 1761 2225 expellunturindigni
1778 2154 2019 2226 praelati,

415 2246 519 2301 alii
571 2244 669 2317 qui
701 2243 862 2315 digni
891 2243 1026 2310 sint,
1070 2242 1286 2298 debent
1310 2242 1598 2298 substitui.
1630 2243 1764 2314 Agit
1793 2260 2022 2315 quoque

412 2333 735 2391 concessive
765 2332 835 2387 de
858 2330 1226 2386 inimicorum
1256 2331 1592 2386 Iudaeorum
1623 2331 2018 2400 damnatione,

412 2441 557 2497 quos
570 2423 731 2477 Iudae
755 2422 904 2475 filios
916 2424 973 2475 et
992 2436 1229 2475 uxorem
1258 2423 1424 2474 vocat
1439 2437 1543 2492 per
1562 2420 2018 2478 similitudinem.

422 2512 594 2568 Filios
623 2509 879 2581 quidem,
906 2524 974 2562 eo
1004 2508 1161 2579 quod
1188 2511 1325 2561 tunc
1347 2508 1419 2562 ab
1450 2525 1518 2562 eo
1550 2511 1681 2562 sunt
1706 2508 1763 2562 in
1786 2512 2018 2579 peccato

413 2597 620 2671 geniti,
653 2613 785 2651 cum
845 2596 926 2650 eis
979 2595 1313 2650 facultatem
1357 2595 1669 2650 Dominum
1724 2597 2019 2652 occidendi

415 2677 682 2754 prebuit.
734 2677 979 2731 Uxorem
1037 2678 1254 2742 autem,
1315 2692 1382 2730 eo
1439 2676 1595 2747 quod
1651 2676 1729 2730 illi
1758 2677 2020 2732 associati

412 2766 632 2823 fuerint
657 2780 764 2838 per
778 2763 1250 2819 conformitatem
1269 2763 1341 2818 ad
1359 2764 1512 2817 mala
1526 2780 1703 2836 opera
1716 2780 2024 2835 procrean-

415 2857 576 2923 dum,
607 2853 752 2909 sicut
782 2868 924 2907 uxor
948 2850 1258 2905 associatur
1287 2849 1411 2905 viro
1439 2852 1510 2905 ad
1533 2849 1682 2906 ﬁlios
1713 2868 2021 2923 procrean-

2122 2152 2264 2205 ﬁent
2294 2169 2327 2205 a
2355 2153 2471 2207 Deo
2502 2154 2670 2207 Patre
2702 2154 2925 2224 pupilli.
2984 2156 3052 2209 Et
3080 2157 3216 2224 fiant
3246 2155 3351 2226 ipsi
3377 2157 3555 2211 Judaei
3583 2158 3734 2227 uati,

2123 2239 2183 2292 id
2199 2242 2284 2292 est
2302 2239 2406 2307 ﬁlii
2418 2239 2531 2309 ejus
2542 2241 2604 2295 in
2622 2242 2918 2310 interitum,
2941 2241 2999 2295 id
3019 2245 3104 2297 est
3118 2259 3223 2314 per
3242 2243 3292 2313 ej
3303 2261 3366 2298 us
3380 2244 3733 2301 ﬁliationem

2122 2327 2555 2399 praecipitentur
2583 2328 2642 2383 in
2675 2328 2974 2385 interitum
3015 2334 3329 2387 aaternum:
3382 2350 3571 2387 nomen
3611 2336 3736 2405 ejus

2120 2415 2278 2470 ludas
2304 2415 2561 2483 deleatur,
2588 2416 2647 2471 id
2678 2419 2763 2471 est
2801 2417 3127 2473 destruatur
3156 2423 3217 2472 ut
3243 2437 3361 2474 non
3391 2421 3463 2474 sit
3488 2421 3550 2475 in
3580 2422 3732 2477 libro

2121 2503 2452 2572 viventium,
2484 2504 2639 2575 quod
2670 2505 2747 2559 ibi
2778 2506 3058 2577 scriptum
3080 2507 3497 2579 fuit,quantum
3530 2510 3604 2565 ad
3626 2512 3732 2565 Dei

2123 2591 2611 2657 misericordiam;
2643 2594 2742 2647 sed
2772 2593 2892 2663 ipse
2918 2594 3129 2649 delebit
3148 2612 3253 2667 per
3274 2597 3359 2651 sui
3384 2599 3729 2670 nequitiam.

2121 2679 2398 2747 Deleatur,
2433 2680 2691 2751 inquam,
2720 2699 2908 2735 nomen
2937 2683 3069 2753 ejus,
3104 2688 3162 2737 et
3190 2684 3299 2739 hoc
3320 2686 3373 2737 in
3392 2690 3733 2754 generatione

2120 2783 2253 2834 una,
2287 2767 2344 2821 id
2392 2770 2478 2821 est
2529 2767 2589 2821 in
2639 2769 3019 2841 generatione
3052 2770 3164 2825 diei
3185 2771 3411 2842 judicii,
3444 2791 3572 2846 quae
3612 2792 3731 2829 una

2123 2855 2355 2923 dicitur,
2379 2872 2446 2910 eo
2465 2856 2621 2927 quod
2639 2860 2776 2911 tunc
2791 2859 2960 2929 justis
2981 2859 3293 2914 omnibuse
3316 2878 3416 2916 cor
3430 2880 3633 2930 unum,
3669 2868 3729 2918 et

416 2945 539 3012 dos,
574 2958 703 2997 cum
732 2940 892 3013 prius
936 2939 1036 2993 Dei
1066 2938 1167 2992 ﬁlii
1197 2942 1405 3007 essent,
1449 2943 1729 2995 aeternam
1758 2941 1864 2995 nisi
1899 2959 2024 3014 pec-
2045 2978 2093 3037 α
2124 2944 2321 2999 anima
2351 2962 2466 2998 una
2494 2944 2647 3013 (Act,
2678 2963 2752 3014 Iv,
2782 2948 2889 3018 32).
2928 2969 2956 2996 »
2985 2948 3104 3002 Erit
3137 2950 3293 3004 enim
3348 2952 3498 3006 Deus
3525 2953 3730 3008 omnia

412 3034 638 3088 cessent
663 3029 1065 3086 hereditatem
1097 3028 1384 3101 adepturi,
1418 3031 1473 3083 et
1498 3028 1599 3083 Dei
1620 3043 1762 3085 uxor
1788 3030 1893 3084 sibi
1920 3049 2024 3102 per

414 3123 538 3193 ejus
568 3118 837 3175 notitiam
866 3117 940 3171 ad
964 3116 1326 3189 procreanda
1352 3117 1507 3171 bona
1538 3132 1715 3188 opera
1749 3120 2017 3189 Copulati.

414 3210 531 3265 Hoc
562 3211 751 3263 autem
793 3206 871 3260 sic
900 3204 1068 3259 dicit:
1104 3203 1441 3259 Concessive
1469 3204 1540 3259 de
1565 3205 1723 3259 Judae
1784 3207 2024 3262 damna-

413 3297 572 3352 tione
611 3296 725 3367 egi,
784 3292 1116 3349 concessive
1168 3292 1345 3346 etiam
1374 3308 1481 3363 ago
1519 3292 1589 3347 de
1646 3294 2022 3361 damnatione

415 3383 672 3441 ﬁliorum
703 3384 845 3454 ejus.
875 3380 1066 3447 Fiant,
1088 3378 1303 3434 scilicet
1326 3380 1423 3434 lilii
1445 3381 1568 3451 ejus
1590 3381 1770 3437 Judaei
1793 3384 2024 3453 orphani

419 3488 454 3527 a
479 3476 594 3528 Deo
628 3472 820 3536 Patre,
851 3467 1010 3538 cujus
1063 3465 1165 3521 filii
1186 3466 1442 3535 fuerunt,
1474 3483 1543 3523 eo
1577 3470 1731 3540 quod
1770 3470 1873 3525 ﬁlii
1903 3472 2024 3542 ejus

415 3561 574 3617 ludar
593 3561 791 3624 erunt;
823 3562 873 3611 et
896 3570 1037 3609 uxor
1057 3554 1172 3625 ejus
1219 3554 1380 3626 plebs
1409 3556 1644 3611 Judaica
1672 3557 1774 3613 ﬁat
1801 3559 1961 3613 vidua
1991 3577 2025 3614 a

418 3652 536 3706 Deo
566 3663 699 3704 vero
729 3644 963 3711 marito,
995 3642 1156 3714 cujus
1179 3659 1320 3698 uxor
1348 3644 1478 3712 fuit,
1512 3661 1579 3701 eo
1611 3647 1764 3717 quod
1793 3647 1915 3718 ejus
1933 3649 2024 3703 Ju-

417 3738 505 3793 da:
531 3752 672 3791 uxor
701 3732 1002 3789 efficietur.
1035 3731 1160 3786 Non
1184 3732 1371 3787 solum
1395 3749 1532 3788 vero
1561 3734 1705 3788 ﬁant
1753 3736 2019 3806 orphani,

414 3826 514 3882 sed
545 3828 604 3880 et
632 3823 1035 3894 transferantur
1064 3819 1135 3874 de
1181 3822 1338 3876 terra
1372 3839 1469 3876 sua
1518 3822 1622 3891 ﬁlii
1648 3823 1782 3893 ejus,
1814 3827 2021 3880 et-non

414 3916 488 3970 sit
513 3917 574 3968 ut
602 3913 733 3984 post
759 3910 1013 3982 aliquem
1041 3909 1265 3962 certum
1296 3910 1488 3963 locum
1517 3910 1793 3978 habeant,
1828 3912 1929 3967 sed
1961 3917 2021 3967 ut

413 4003 528 4058 sint
556 4015 786 4070 semper
813 4003 1079 4062 nutantes,
1121 3994 1179 4049 id
1207 4000 1293 4051 est
1329 3998 1472 4052 nulli
1500 3998 1629 4053 loco
1661 4000 1907 4055 firmiter
1936 4000 2022 4055 in-

414 4091 702 4154 haerentes
726 4093 775 4141 et
799 4084 1119 4152 mendicent,
1146 4083 1207 4139 id
1249 4089 1336 4140 est
1367 4102 1597 4158 semper
1628 4103 1738 4158 ope
1787 4089 2020 4144 alterius

412 4180 645 4256 egeant.

2122 3030 2183 3083 in
2215 3030 2507 3085 omnibus.
2544 3033 2616 3086 Ut
2641 3036 2837 3087 autem
2867 3034 2987 3106 ipse
3011 3035 3185 3090 Iudas
3216 3037 3612 3110 multipliciter
3626 3057 3730 3111 pu-

2122 3117 2335 3187 niatur,
2355 3121 2605 3190 iniquitas
2623 3128 2847 3191 patrum
2876 3123 2994 3193 ejus
3008 3124 3320 3179 carnalium
3358 3127 3457 3198 qui
3479 3127 3727 3199 iniquis-

2121 3205 2249 3260 simi
2283 3208 2535 3276 fuerunt,
2554 3208 2731 3263 redeat
2762 3212 2817 3263 in
2846 3213 3174 3278 memoriam,
3221 3230 3349 3284 quae
3382 3215 3557 3269 modo
3578 3215 3731 3271 vide-

2122 3297 2216 3347 tur
2245 3295 2518 3349 oblivioni
2547 3296 2796 3364 tradita;
2847 3301 2907 3353 et
2958 3299 3039 3354 sic
3096 3300 3296 3355 redeat
3324 3304 3386 3355 ut
3414 3302 3487 3356 sit
3515 3305 3571 3356 in
3599 3321 3727 3358 con-

2121 3388 2296 3464 spectu
2324 3381 2564 3451 Domini,
2596 3384 2811 3439 scilicet
2838 3386 3153 3458 conspiciat
3179 3404 3310 3443 eam
3344 3391 3639 3459 Dominus,
3666 3398 3731 3447 ut

2124 3486 2253 3526 eam
2276 3470 2334 3524 in
2363 3472 2509 3527 Juda
2524 3472 2751 3540 puniat,
2785 3490 2853 3529 eo
2867 3475 3184 3549 quodipsos
3204 3481 3396 3547 patres
3426 3478 3483 3533 in
3513 3480 3728 3552 iniqui-

2121 3561 2239 3614 tate
2269 3562 2641 3631 superaverit.

2193 3649 2560 3718 E'tpeccatum
2580 3651 2769 3703 matris
2784 3651 2837 3718 ej
2841 3668 2898 3706 us
2917 3652 3315 3725 carnalis,quai
3331 3656 3492 3711 valde
3520 3672 3723 3728 pecca-

2121 3736 2230 3791 trix
2256 3737 2489 3804 exstitit,
2505 3755 2612 3791 non
2659 3738 2899 3793 deleatur
2928 3757 2963 3793 a
3009 3743 3297 3797 memoria
3340 3747 3591 3814 Domini,
3622 3747 3725 3802 sed

2122 3826 2181 3880 in
2208 3824 2329 3897 ipso
2358 3827 2649 3897 puniatur.
2681 3827 2916 3884 Certum
2936 3833 3022 3887 est
3037 3834 3230 3886 autem
3276 3834 3460 3889 Deum
3489 3840 3724 3906 peccata

2118 3918 2348 3985 patrum
2381 3914 2439 3968 in
2473 3914 2581 3969 illis
2608 3915 2737 3969 ﬁliis
2796 3917 3022 3987 punire,
3069 3920 3166 3990 qui
3210 3925 3344 3975 sunt
3373 3923 3628 3992 patribus
3659 3926 3718 3979 in

2119 4001 2420 4072 iniquitate
2437 4002 2784 4071 conformes,
2811 4005 2976 4074 juxta
2988 4005 3126 4061 illud
3151 4023 3226 4080 :.«
3248 4008 3494 4065 Visitans
3512 4011 3718 4082 iniqui-

2116 4091 2295 4143 tatem
2323 4092 2552 4161 patrum
2582 4090 2643 4144 in
2668 4091 2797 4146 filiis
2827 4110 3002 4166 usque
3032 4094 3090 4149 in
3124 4096 3355 4151 tertiam
3372 4102 3429 4152 et
3455 4104 3717 4170 quartam

2118 4180 2558 4249 generationem
2596 4178 2796 4248 (Exod,
2840 4170 3046 4253 xx,\5).
3083 4202 3113 4235 »
3164 4184 3397 4239 Certum
3427 4186 3602 4241 etiam
3632 4192 3716 4243 est

487 4270 631 4336 Quia
665 4280 803 4322 vero
837 4264 1074 4336 possent
1101 4259 1401 4317 transferri
1428 4261 1516 4317 vel
1544 4262 1678 4319 dolo
1711 4266 1795 4320 vel
1835 4267 2019 4338 quoli-
2041 4254 2094 4314 D
2123 4266 2305 4320 Deum
2333 4265 2393 4319 in
2426 4265 2538 4320 illis
2568 4266 2700 4321 ﬁliis
2721 4272 2951 4338 patrum
2972 4276 3207 4340 peccata
3231 4290 3347 4327 non
3377 4275 3713 4348 punire,qui

415 4364 513 4418 bet
538 4360 653 4415 alio
684 4355 885 4422 modo,
916 4351 1080 4408 addit
1105 4369 1118 4406 :
1148 4350 1225 4405 Et
1249 4350 1330 4405 sic
1359 4350 1485 4406 dico
1512 4355 1931 4423 transferantur,
1962 4361 2026 4412 ut

415 4450 470 4504 vi
495 4465 529 4502 a
553 4442 827 4501 Romanis
847 4442 1129 4513 ejiciantur
1158 4438 1225 4494 de
1262 4439 1677 4495 habitationibus
1719 4444 1844 4498 suis.
1874 4445 1941 4498 Et
1964 4445 2021 4499 in

417 4538 614 4591 futuro
666 4537 951 4597 scrutetur,
1011 4529 1071 4583 id
1105 4530 1190 4583 est
1224 4527 1421 4601 exigat
1461 4529 1735 4598 fenerator
1766 4530 2026 4588 diabolus

416 4636 625 4677 omnem
653 4618 1009 4674 substantiam
1039 4617 1175 4686 ejus,
1231 4616 1289 4671 id
1320 4619 1406 4671 est
1433 4621 1667 4688 peccata
1706 4637 1825 4675 non
1871 4622 2027 4694 quod

416 4712 649 4783 peccata
665 4706 780 4763 sint
799 4704 1242 4771 substantia,sed
1258 4704 1331 4759 ad
1345 4704 1786 4763 similitudinem
1809 4709 2024 4765 dictum

417 4782 618 4868 440
669 4797 777 4863 est,
806 4810 875 4850 eo
903 4791 1211 4865 quodsicut
1236 4791 1530 4847 fenerator
1550 4793 1751 4866 aliquis
1765 4796 2026 4853 substan-

415 4886 556 4941 tiam
570 4900 734 4940 suam
752 4882 826 4938 ad
846 4896 1079 4937 usuram
1102 4879 1309 4948 dat,ita
1320 4879 1588 4936 diabolus
1610 4898 1740 4937 cum
1764 4885 2026 4941 substan-

414 4974 557 5029 tiam
585 4971 765 5027 aliam
819 4986 938 5024 non
988 4968 1220 5035 habeat,
1252 4971 1490 5040 peccata
1520 4968 1753 5040 ingerit,
1788 4976 1852 5026 ut
1892 4973 2028 5029 inde

414 5075 648 5134 pcenam
679 5057 871 5129 exigat
898 5057 958 5111 in
996 5056 1213 5111 futuro.
1272 5055 1411 5120 Quae
1471 5056 1680 5112 dicitur
1710 5075 1901 5131 usura,
1957 5077 2024 5117 eo

412 5147 774 5224 quodipsum
803 5145 991 5200 faenus
1018 5143 1240 5215 peccati
1271 5144 1527 5214 excedat,
1562 5162 1694 5202 cum
1725 5152 2024 5220 peccatum

408 5238 482 5296 ad
521 5238 749 5305 tempus
769 5231 862 5301 sit,
885 5237 943 5288 et
971 5231 1095 5305 ipsa
1123 5237 1362 5290 aeterna.
1394 5235 1541 5290 Deus
1557 5251 1785 5308 quoque
1802 5237 2025 5296 fenera-

407 5333 506 5383 tor
530 5324 756 5390 dicitur,
793 5338 861 5378 eo
884 5322 1039 5394 quod
1070 5322 1450 5379 substantiam
1477 5340 1641 5380 suam
1680 5326 1755 5381 ad
1787 5344 2018 5386 usuram

398 5410 818 5475 accommodat
843 5428 858 5479 ;
888 5410 988 5465 dat
1013 5410 1275 5467 videlicet
1302 5411 1660 5468 intellectum
1677 5416 1735 5469 et
1758 5415 2015 5490 quinque

388 5513 613 5565 sensus
636 5497 912 5573 corporis,
934 5501 998 5554 ut
1013 5515 1218 5557 eorum
1237 5500 1427 5558 ofﬁcio
1452 5500 1744 5561 bonorum
1769 5518 2011 5581 operum

2122 4354 2276 4409 bono
2308 4353 2470 4424 operi
2504 4359 2788 4423 vacantes,
2811 4357 3069 4428 patrihus
3090 4357 3148 4413 in
3177 4359 3479 4432 iniquitate
3497 4365 3715 4419 confor-

2125 4444 2273 4499 mari
2301 4448 2702 4500 contemnunt.
2736 4446 2898 4500 Unde
2940 4464 3047 4520 per
3071 4451 3443 4521 prophetam:
3476 4476 3505 4503 «
3551 4454 3714 4510 Filius

2126 4549 2239 4587 non
2275 4533 2532 4604 portabit
2546 4533 2911 4606 iniquitatem
2923 4537 3102 4607 patris
3121 4538 3336 4606 (Ezech.
3370 4558 3524 4611 xvm,
3551 4544 3656 4615 20).
3682 4566 3709 4592 ››

2124 4622 2435 4691 Peccatum,
2468 4622 2731 4695 inquam,
2759 4626 2946 4679 matris
2969 4642 3078 4679 non
3103 4626 3359 4697 deleatur,
3383 4630 3485 4686 sed
3506 4631 3710 4704 iniqui-

2126 4712 2213 4764 tas
2240 4713 2471 4781 patrum
2498 4713 2557 4765 et
2583 4714 2884 4782 peccatum
2928 4714 3129 4769 matris
3150 4717 3287 4786 ﬁant
3312 4734 3514 4790 semper
3538 4726 3715 4775 contra

2125 4797 2439 4867 Dominum,
2473 4798 2531 4853 id
2560 4803 2646 4855 est
2674 4816 2871 4857 coram
2898 4802 3170 4873 Domino,
3197 4809 3261 4860 ut
3279 4823 3349 4861 ea
3376 4824 3496 4863 non
3529 4808 3716 4864 oblivi-

2128 4889 2316 4940 scatur
2343 4903 2378 4941 a
2402 4887 2778 4945 similitudine
2802 4890 2908 4960 rei,
2926 4876 3134 4948 contra
3150 4895 3342 4951 oculos
3364 4897 3713 4968 positaeque

2129 4989 2247 5029 non
2275 4973 2441 5030 facile
2473 4975 2742 5032 oblivioni
2764 4977 2952 5039 datur.
2980 4979 3058 5037 Et
3086 4985 3341 5038 memoria
3367 5000 3550 5040 eorum
3571 4984 3712 5041 ﬁlio-

2125 5080 2260 5120 rum
2285 5065 2443 5122 ludia
2473 5065 2738 5140 dispereat
2777 5067 2842 5125 de
2870 5076 3011 5126 terra
3040 5071 3374 5142 viventium,
3409 5091 3585 5147 quam
3607 5074 3709 5131 sibi

2124 5156 2344 5210 temere
2370 5155 2711 5226 attribuunt,
2737 5161 2802 5213 ut
2829 5176 2936 5215 nec
2959 5161 3243 5217 memoria
3271 5177 3475 5218 eorum
3504 5163 3582 5220 ibi
3610 5165 3713 5221 ha-

2122 5242 2346 5312 beatur,
2377 5246 2437 5299 et
2462 5243 2573 5299 hoc
2602 5245 2676 5301 de
2703 5247 2730 5302 ι
2737 5247 2849 5302 uda
2862 5252 2923 5303 et
2935 5248 3067 5304 filiis
3085 5249 3208 5320 ejus
3231 5251 3508 5321 concedo,
3534 5269 3635 5325 pro
3655 5270 3711 5309 eo

2120 5331 2261 5404 quod
2274 5338 2397 5387 'non
2419 5340 2494 5389 est
2514 5333 2687 5391 ludas
2716 5336 3037 5407 recordatus,
3088 5338 3148 5393 id
3176 5342 3261 5394 est
3299 5355 3419 5396 non
3448 5342 3708 5398 recorda-

2115 5419 2293 5492 bitur,
2325 5438 2431 5477 nec
2478 5420 2599 5496 ipse
2644 5440 2751 5480 nec
2781 5425 2885 5481 ﬂlii
2913 5427 3035 5499 ejus
3068 5428 3245 5498 facere
3276 5431 3703 5503 mism‘cordiam,

2113 5526 2256 5586 erga
2281 5528 2379 5569 me
2406 5513 2724 5577 Dominum
2750 5518 2810 5574 et
2834 5518 3041 5589 Deum,
3079 5518 3179 5595 qui
3209 5521 3296 5578 tot
3327 5520 3410 5579 eis
3436 5521 3719 5607 bench
