4008 6040
289 269 416 327 1221

1232 258 1612 358 -EXPOSITIO
1650 264 1719 322 IN
1758 265 2098 324 PSALMOS.
2132 301 2197 310 --
2230 268 2423 330 PSAL.
2467 269 2625 329 CVIII

3462 287 3602 346 1222

282 387 520 442 contuli.
551 386 629 442 Et
642 394 942 459 persecutus
966 396 1059 455 est,
1120 388 1180 443 id
1209 391 1295 442 est
1322 390 1697 460 persequetur
1724 389 1751 442 J
1758 387 1897 442 udas
1917 395 1968 454 Α
1996 389 2177 444 duant
2196 394 2253 445 et
2284 392 2969 468 diligant.Mihi,inqnam,
3014 397 3602 462 detrahuntexistenti

281 475 634 531 mortiﬁcare
693 477 958 530 hominem
1011 480 1216 549 inopem
1236 482 1288 532 et
1311 477 1629 543 mendicum,
1681 476 1895 531 scilicet

280 568 661 637 persequetur
687 582 802 633 me,
836 568 899 619 ut
920 582 1015 621 me
1044 565 1353 620 mortiﬁcet
1385 582 1515 620 mea
1544 569 1751 620 natura
1779 582 1894 637 qua

280 653 461 708 homo
494 670 619 707 sum
638 653 826 725 inops,
845 654 904 708 id
929 658 1015 708 est
1032 654 1385 708 insufﬁciens
1403 670 1507 724 per
1530 653 1888 719 meliberari,

280 745 341 797 et
370 741 686 809 mendicus,
746 742 805 796 id
834 745 918 796 est
948 759 1058 814 ope
1088 759 1263 814 egens
1310 743 1561 797 alterius.
1619 742 1783 806 Quod
1808 744 1893 796 est

281 830 907 903 dicere:Persequetur
951 834 1013 885 ut
1073 831 1387 886 mortiﬁcet
1436 847 1529 885 me
1586 830 1889 885 hominem

279 920 594 973 mortalem
626 923 684 973 et
714 918 1063 989 passibilem,
1092 922 1150 974 et
1169 919 1343 974 etiam
1369 935 1472 990 pro
1503 917 1891 973 damnationis

281 1006 406 1078 ejus
432 998 828 1077 compassione
849 1011 1260 1079 compunctum
1276 1006 1541 1074 corde,in
1564 1024 1678 1078 quo
1706 1007 1892 1078 magis

281 1111 415 1150 reus
441 1098 568 1165 erit,
603 1112 671 1151 eo
704 1097 859 1168 quod
899 1096 1162 1152 videlicet
1208 1112 1313 1166 pro
1363 1113 1421 1150 se
1478 1097 1890 1165 compunctum

280 1183 458 1240 fuerit
476 1189 824 1257 persecutus.
844 1184 919 1239 Et
942 1186 1125 1239 dilexit
1137 1184 1551 1238 maledictionem
1562 1225 1575 1250 ,
1600 1183 1657 1237 id
1672 1185 1753 1236 est
1770 1182 1891 1236 dili-

293 1277 395 1345 get
423 1258 557 1344 44
578 1258 594 1344 I
637 1273 807 1329 ludas
821 1289 1049 1328 causam
1067 1271 1489 1327 maledictionis
1508 1269 1892 1337 malam;scili-

282 1364 378 1417 cet
409 1362 833 1433 operationem,
861 1368 911 1414 et
926 1362 1098 1416 veniet
1113 1379 1159 1414 ei
1178 1361 1304 1415 ideo
1321 1357 1649 1413 maledictio
1671 1361 1891 1412 aeterna

281 1456 334 1502 et
354 1449 524 1503 noluit
555 1450 984 1516 benedictionem,
1019 1449 1077 1503 id
1108 1449 1188 1503 esl
1250 1448 1408 1502 nolet
1434 1462 1664 1501 causam
1711 1446 1858 1500 bene

285 1538 556 1593 dictionis
584 1541 838 1604 aeternae,
874 1537 1086 1592 scilicet
1116 1537 1330 1591 bonam
1388 1534 1810 1607 operationem,
1842 1540 1891 1587 et

283 1626 618 1695 elongubitur
645 1627 713 1679 ab
742 1643 798 1680 eo
830 1625 954 1697 ipsa
1000 1624 1363 1679 benedictio:
1396 1630 1445 1677 et
1503 1624 1676 1677 induit
1725 1623 1888 1676 male-

1993 478 2137 548 apud
2160 478 2474 549 Dominum,
2527 482 2585 537 id
2632 486 2716 537 est
2789 486 3114 557 aequalitate
3172 491 3432 547 essentia:
3491 496 3600 551 Do-

1992 564 2137 619 mini
2177 568 2379 635 Patris,
2402 568 2461 622 in
2483 570 2613 638 hoc,
2637 571 2850 627 scilicet
2896 574 3039 628 mihi
3083 576 3396 633 detrahunt
3447 584 3603 653 quod

1991 653 2091 708 Dei
2113 672 2207 709 me
2241 656 2445 711 Filium
2480 675 2599 713 esse
2628 664 2866 732 negant,
2925 680 3057 718 cum
3084 666 3281 721 tamen
3313 670 3465 739 apud
3488 672 3599 726 Do-

1996 741 2217 797 minum
2276 744 2408 812 sim,
2443 746 2607 816 juxta
2652 748 2793 803 illud
2818 750 3087 807 Joannis:
3119 755 3424 811 «Verbum
3479 762 3604 815 erat

1990 832 2142 903 apud
2186 834 2364 888 Deum
2396 833 2581 907 (Joan.
2613 854 2652 904 ι,
2687 840 2758 910 1).
2793 859 2823 892 ›>
2856 842 2966 895 Per
3012 842 3121 898 hoc
3175 845 3330 916 quod
3383 863 3442 901 se
3469 847 3604 904 dicit

1991 920 2143 1007 apud
2164 921 2477 978 Dominum
2509 942 2651 991 esse,
2683 926 2872 982 innuit
2901 930 3058 1001 quod
3086 930 3183 1002 qui
3213 932 3457 989 detrahii
3494 937 3602 1007 ipsi

1991 1005 2150 1073 Filio,
2181 1007 2432 1064 detrahit
2460 1013 2517 1064 et
2537 1013 2693 1067 Patri
2724 1014 2994 1083 Domino,
3044 1017 3209 1087 juxta
3240 1020 3415 1076 illud:
3442 1005 3602 1088 «Qui

1991 1108 2107 1146 uon
2134 1094 2485 1151 honoriﬁcat
2538 1098 2765 1163 Filium,
2797 1118 2915 1156 non
2980 1103 3324 1162 honoriﬁcat
3370 1110 3599 1166 Patrem

1988 1180 2178 1250 (Jonn.
2197 1201 2253 1251 v,
2271 1184 2385 1256 23).
2402 1207 2429 1234 »
2452 1186 2549 1241 Vel
2577 1188 2682 1243 sic:
2705 1189 2849 1253 Quia
2864 1191 2933 1245 de
2952 1194 3358 1251 maledictione
3372 1198 3531 1254 Judze
3544 1203 3603 1256 et

1987 1269 2320 1325 Iudaeorum
2338 1278 2636 1343 egerat,ne
2667 1277 2957 1333 videretur
2974 1279 3343 1351 imprecative
3361 1287 3417 1339 et
3435 1301 3603 1342 causa

1991 1358 2411 1415 malevolentiae
2439 1362 2518 1417 sic
2545 1365 2746 1435 egisse,
2773 1368 3025 1423 ostendit
3054 1386 3158 1440 pro
3186 1372 3353 1427 malis
3383 1376 3601 1432 meritis

1992 1460 2193 1499 eorum
2216 1464 2274 1500 se
2300 1448 2408 1503 hoc
2423 1452 2741 1507 concessive
2782 1454 2994 1523 dicere,
3039 1456 3148 1512 sic:
3173 1459 3321 1514 Dixit
3338 1463 3476 1530 fiant
3494 1465 3602 1519 dies

1993 1531 2104 1603 ejus
2122 1534 2281 1590 ludas
2300 1540 2469 1607 pauci
2496 1542 2553 1592 et
2577 1540 2716 1608 ﬁant
2741 1542 2846 1610 ﬁlii
2884 1544 2997 1614 ejus
3026 1546 3271 1617 orp/canz',
3301 1553 3360 1603 et
3402 1568 3507 1605 non
3539 1555 3603 1607 sit

1994 1619 2075 1673 illi
2096 1622 2351 1691 adjutor,.
2370 1632 2419 1678 et
2453 1626 2590 1694 fiunt
2617 1631 2735 1681 nati
2758 1630 2871 1699 ejus
2901 1633 2957 1684 in
2986 1635 3280 1700 interitum,
3316 1640 3373 1691 et
3392 1641 3602 1694 czetera

282 1715 568 1769 dictionem
592 1718 684 1782 sic,
738 1722 795 1767 ut
825 1717 1214 1779 vestimentum,
1266 1713 1324 1766 id
1352 1716 1436 1766 est
1481 1712 1569 1782 adj
1583 1714 1760 1782 unget
1786 1711 1892 1765 sibi
1918 1709 1967 1767 B
1991 1709 2150 1775 talia,
2185 1715 2243 1765 et
2271 1712 2393 1766 haec
2426 1731 2543 1768 non
2578 1715 2949 1787 imprecative
2974 1720 3601 1788 dico,sedeoncessive.

282 1821 523 1876 pravam
557 1805 910 1858 voluntatem
933 1802 1186 1858 tradenti
1218 1819 1332 1868 me,
1369 1818 1495 1872 qua:
1529 1817 1698 1855 causa
1718 1802 1895 1855 male-

284 1892 550 1948 dictionis
569 1891 847 1960 erit,sicut
863 1891 1089 1962 corpori
1110 1891 1519 1945 vestimentum
1535 1890 1624 1960 adj
1635 1889 1889 1961 ungitur.

284 1981 437 2035 Bene
464 1997 596 2035 vero
620 1979 783 2051 ponit
839 1997 967 2035 eam
1027 1980 1209 2045 indui,
1269 1978 1413 2033 sicut
1462 1977 1887 2032 vestimentum.

286 2069 445 2125 Sicut
460 2070 616 2124 enim
637 2070 1041 2124 vestimentum
1077 2068 1409 2140 adjungitur
1428 2067 1814 2139 corpori,cum
1840 2067 1891 2121 ei

288 2160 552 2212 naturale
576 2175 692 2212 non
710 2157 802 2219 sit,
826 2158 909 2212 ita
927 2160 983 2211 et
1004 2158 1158 2211 mala
1172 2159 1433 2210 voluntas
1460 2155 1668 2209 animae
1687 2155 1891 2225 adjun-

291 2246 448 2318 gitur
476 2263 581 2317 per
609 2262 975 2313 consensum,
1009 2262 1137 2299 cum
1168 2248 1327 2299 extra
1357 2247 1623 2298 naturam
1648 2244 1769 2314 ejus
1800 2244 1888 2297 sit.

286 2334 364 2389 Et
391 2336 639 2402 intravit,
669 2335 727 2389 id
753 2338 838 2389 est
867 2333 1104 2388 intrabit
1136 2335 1288 2387 mala
1317 2334 1579 2387 voluntas
1604 2332 1702 2387 illa
1724 2334 1778 2385 in
1808 2334 1886 2386 in-

291 2425 490 2478 teriora
522 2422 733 2476 animae
762 2424 1047 2492 ejus,sicut
1076 2440 1236 2494 aqua,
1266 2437 1391 2492 qum
1410 2421 1587 2475 etiam
1618 2419 1893 2475 interiora

291 2511 478 2566 carnis
508 2512 702 2565 intrat.
736 2512 913 2577 Tunc,
947 2510 1179 2578 scilicet,
1213 2510 1421 2565 dicitur
1450 2511 1603 2564 mala
1630 2510 1892 2564 voluntas

289 2599 500 2654 animae
532 2599 817 2653 interiora
861 2599 1099 2661 intrare,
1131 2615 1261 2652 cum
1312 2616 1428 2653 non
1462 2600 1645 2652 solum
1697 2597 1892 2652 anima

292 2688 597 2753 consentit,
630 2688 728 2741 sed
756 2687 932 2742 etiam
965 2687 1037 2741 ad
1058 2704 1295 2759 pravam
1325 2688 1679 2741 voluntatem
1720 2685 1890 2757 perﬁ-

295 2776 559 2831 ciendam
578 2778 700 2831 toto
718 2776 1147 2843 nisulaborat,a
1186 2774 1559 2829 similitudine
1572 2775 1770 2839 hostis,
1796 2774 1891 2845 qui

293 2864 479 2935 magis
505 2865 798 2919 timendus
827 2868 931 2931 est,
957 2880 1084 2917 cum
1108 2864 1234 2933 jam
1271 2864 1474 2917 urbem
1494 2863 1691 2929 intrat,
1716 2878 1890 2933 quam

292 2967 421 3006 cum
472 2952 659 3006 adhuc
691 2952 761 3006 de
806 2952 945 3006 foris
975 2951 1137 3005 valde
1164 2951 1379 3005 vicinus
1408 2954 1511 3005 est.
1532 2952 1599 3004 Et
1624 2953 1687 3004 ut
1708 2948 1893 3020 magis
1915 2988 1961 3047 Ο

294 3040 748 3108 dicam,intrabit
779 3040 923 3094 adeo
948 3039 1219 3110 utsitjam
1238 3041 1292 3092 in
1314 3040 1581 3093 omnibus
1597 3039 1811 3105 ossibus,
1834 3038 1893 3092 id

293 3132 377 3183 est
404 3128 618 3183 viribus
660 3128 870 3183 animae
892 3128 1195 3199 superatis,
1228 3128 1439 3182 scilicet
1490 3128 1715 3182 ratione
1746 3129 1804 3181 et
1832 3126 1893 3180 li-

291 3218 431 3272 bero
454 3216 716 3280 arbitrio,
742 3219 877 3271 sicut
893 3217 1084 3283 oleum,
1118 3216 1272 3287 quod
1292 3232 1407 3270 non
1421 3216 1605 3269 solum
1632 3231 1889 3281 carnem,

292 3305 391 3361 sed
404 3309 461 3360 et
473 3323 599 3360 ossa
612 3306 1055 3376 penetrat.Tunc
1067 3304 1300 3376 quidem
1320 3306 1473 3359 mala
1486 3305 1748 3359 voluntas
1760 3303 1892 3358 dici-

292 3396 387 3448 tur
399 3410 525 3448 ossa
536 3392 746 3448 animae
761 3395 1064 3464 penetrare
1077 3396 1134 3447 et
1146 3392 1534 3463 confringere,
1568 3408 1699 3445 cum
1714 3389 1889 3445 ratio-

292 3498 366 3536 ne
380 3480 1201 3536 etliberoarbitrioinﬁrmitas
1234 3481 1308 3534 ad
1337 3480 1735 3550 operationem
1768 3494 1892 3550 per-

293 3570 485 3641 tingit,
536 3586 569 3623 a
608 3569 984 3623 similitudine
1006 3569 1205 3635 hostis,
1236 3567 1331 3640 qui
1365 3566 1739 3639 perniciosior
1785 3569 1889 3633 est,

292 3675 421 3713 cum
465 3659 589 3729 jam
644 3657 802 3712 urbis
846 3656 1195 3711 munitiones
1235 3655 1503 3723 obtinuit,
1537 3671 1710 3726 quam
1757 3658 1892 3709 tunc

293 3763 423 3801 cum
455 3746 658 3801 urbem
686 3745 1051 3800 solummodo
1085 3743 1340 3798 intravit.

365 3834 844 3906 Quandoquidem
866 3838 1058 3888 autem
1092 3850 1323 3888 causam
1359 3831 1776 3887 maledictionis
1804 3831 1891 3886 in-

293 3924 468 3978 terius
498 3923 702 3991 induit,
734 3924 835 3990 ﬁat
864 3929 911 3977 et
951 3924 1089 3975 sicut
1119 3924 1489 3975 vestimentum
1533 3939 1635 3991 quo
1663 3922 1895 3990 operitur

292 4013 471 4068 homo
499 4012 763 4079 exterius,
795 4014 857 4065 ut
878 4010 1019 4065 sicut
1043 4011 1449 4065 vestimentum
1481 4008 1618 4064 illud
1652 4007 1896 4063 exterius

296 4103 556 4171 apparet,
586 4100 666 4153 ita
686 4103 745 4154 et
774 4101 928 4154 mala
952 4100 1213 4154 voluntas
1231 4099 1290 4153 in
1308 4098 1508 4169 aperto
1528 4098 1627 4150 ﬁat
1644 4113 1745 4167 per
1764 4096 1894 4162 hoc,

298 4188 449 4259 quod
477 4204 535 4241 se
561 4188 888 4258 suspendet,
917 4195 965 4241 ct
993 4189 1093 4242 ﬁat
1141 4187 1192 4242 ei
1232 4190 1368 4241 sicut
1418 4204 1548 4239 zona
1568 4204 1675 4258 qua
1700 4202 1899 4256 semper

1991 1795 2107 1850 Hoc
2127 1798 2308 1866 enim,
2332 1800 2387 1854 id
2419 1804 2504 1855 est
2534 1803 2681 1858 hanc
2722 1805 3098 1877 multiplicem
3130 1812 3599 1870 maledictionem

1990 1890 2359 1955 promeretur
2376 1891 2593 1944 malum
2611 1897 3092 1967 opuseorum,qui
3109 1898 3420 1954 detrahunt
3436 1902 3599 1971 mihi,

1993 1972 2256 2028 existenti
2286 1976 2436 2047 apud
2468 1978 3035 2047 D0minum,scilicet
3054 1986 3270 2040 malum
3292 1990 3600 2059 opusludaa

1993 2064 2050 2115 et
2076 2061 2328 2118 ﬁliorum
2360 2066 2501 2135 ejus.
2537 2067 2603 2121 Et
2630 2084 2746 2122 non
2778 2070 2964 2124 solum
2988 2088 3187 2127 eorum
3213 2077 3308 2146 qui
3334 2077 3474 2131 mihi
3507 2078 3603 2134 de-

1991 2151 2247 2217 trahunt,
2283 2152 2381 2206 sed
2412 2160 2461 2207 et
2485 2157 2585 2226 qui
2613 2157 2902 2228 loquuntur
2929 2161 3071 2215 mala
3089 2161 3334 2218 adversus
3361 2167 3600 2221 animum

1992 2254 2167 2291 meam
2227 2240 2627 2311 auferendam,
2687 2245 2900 2300 scilicet
2953 2248 3051 2318 qui
3088 2249 3198 2304 hoc
3247 2251 3321 2305 ad
3351 2252 3597 2309 invicem

1991 2327 2306 2397 loquuntur
2329 2331 2575 2401 qualiter
2619 2332 2880 2391 animam
2911 2337 3196 2394 auferant.
3222 2338 3302 2394 Et
3355 2340 3485 2397 ideo
3517 2350 3596 2411 tu,

1990 2412 2237 2483 Domine,
2264 2416 2509 2486 Domine,
2544 2421 2640 2491 qui
2660 2425 2867 2491 potens
2892 2442 2970 2491 es,
3004 2442 3135 2480 cum
3161 2428 3440 2484 Dominus
3469 2446 3595 2486 om-

1992 2502 2153 2556 nium
2183 2503 2278 2571 sis,
2309 2506 2401 2574 fac
2437 2524 2645 2563 mecum
2677 2512 3165 2567 resurrectionem
3191 2517 3249 2568 et
3279 2517 3393 2571 mei
3417 2518 3595 2588 glori-

1991 2590 2349 2669 ﬁcationem:
2362 2595 2439 2669 Ac
2458 2595 2500 2648 si
2520 2596 2670 2651 dicat
2693 2614 2705 2651 :
2724 2599 2841 2669 Ego
2867 2603 3075 2656 merito
3091 2603 3598 2660 obedientiaameasr

1993 2694 2201 2749 operor
2454 2686 2932 2741 resurrectionem
3001 2691 3059 2742 et
3114 2690 3596 2759 gloriﬁcationem

1991 2782 2207 2834 meam,
2232 2776 2281 2821 et
2313 2776 2369 2821 tu
2398 2771 2493 2839 [ac
2521 2789 2727 2827 mecum
2760 2774 2866 2829 ista
2895 2775 3102 2832 auxilio
3152 2780 3426 2848 potentiae
3458 2785 3592 2851 tuae,

1993 2856 2051 2908 et
2075 2855 2182 2908 huc
2229 2865 2449 2927 propter
2501 2876 2690 2913 nomen
2746 2869 2897 2916 tuum
2949 2864 3410 2935 gloriﬁcandum.
3449 2871 3594 2924 Nam

1991 2957 2095 3012 per
2125 2960 2219 2996 me
2249 2945 2654 3015 gloriﬁcatum,
2686 2951 2747 3002 tu
2770 2967 2997 3022 quoque
3019 2953 3598 3025 gloriﬁcaberis,sicut

1993 3031 2051 3084 in
2082 3046 2176 3085 me
2207 3031 2624 3102 blaSphemato,
2654 3040 2714 3090 tu
2742 3038 2915 3092 etiam
2946 3040 3378 3112 blasphemaris.
3405 3045 3595 3102 Unum

1993 3119 2149 3173 enim
2173 3136 2389 3189 sumus,
2419 3126 2475 3175 et
2503 3121 2634 3178 ideo
2671 3124 2844 3179 debes
2874 3126 3063 3182 facere
3080 3146 3303 3199 mecum,
3322 3124 3454 3203 'quia
3475 3152 3596 3190 sua-

1991 3209 2074 3263 vis
2120 3215 2193 3262 est
2254 3208 2415 3277 mihi,
2461 3210 2522 3265 id
2555 3214 2641 3266 est
2672 3212 3021 3270 delectabilis
3058 3218 3426 3275 misericordia
3478 3229 3593 3293 tua,

1991 3295 2203 3350 scilicet
2232 3297 2370 3351 mihi
2406 3298 2740 3355 delectabile
2755 3305 2841 3356 est
2867 3319 2985 3358 non
3002 3308 3294 3361 austerum
3313 3310 3469 3379 quod
3492 3326 3597 3381 per

1993 3388 2240 3440 mortem
2276 3403 2469 3441 meam
2503 3404 2685 3460 genus
2709 3390 3034 3448 humanum
3050 3394 3498 3453 misericorditer
3512 3416 3600 3455 re-

1991 3489 2196 3545 parare
2246 3474 2588 3546 disposuisti.
2641 3476 2926 3540 Quoniam
2983 3484 3178 3536 autem
3240 3482 3481 3550 dixerat,
3505 3488 3599 3557 fac

1990 3577 2213 3629 mecum,
2245 3564 2303 3615 et
2324 3578 2442 3616 non
2473 3563 2970 3621 determinaverat
2993 3568 3132 3638 quid
3153 3569 3390 3638 faceret,
3416 3573 3602 3629 deter-

1991 3647 2180 3702 minat
2236 3649 2364 3716 hoc,
2412 3649 2678 3706 addendo
2704 3651 2948 3708 sic:Fac
3002 3672 3225 3720 mecum,
3258 3648 3605 3731 inquam,’et

1990 3736 2100 3790 hoc
2126 3735 2341 3791 scilicet
2369 3736 2458 3792 fac
2492 3754 2504 3791 :

2063 3824 2258 3879 Libera
2303 3842 2439 3880 mea
2460 3827 2816 3883 mortalitate
2855 3831 2911 3883 et
2940 3829 3312 3901 passibilitate
3362 3837 3597 3892 resusci-

1994 3912 2171 3966 tando
2204 3929 2319 3978 me,
2353 3918 2410 3967 et
2439 3930 2670 3969 necesse
2697 3918 2784 3970 est
2834 3919 2897 3971 ut
2923 3917 3031 3971 hoc
3082 3935 3265 3989 orem,
3325 3924 3601 3994 quoniam

1995 4016 2104 4071 ego
2126 4001 2223 4071 qui
2255 4002 2572 4056 secundum
2630 4003 2804 4058 aliam
2836 4008 3106 4061 naturam
3136 4024 3263 4063 sum
3318 4012 3465 4067 Deus
3490 4012 3600 4068 im-

1997 4096 2258 4150 mortalis
2278 4099 2335 4150 et
2365 4095 2727 4167 impassibilis
2779 4100 2837 4152 et
2866 4099 3257 4170 omnipotens,
3285 4105 3601 4162 secundum

1996 4183 2317 4239 humanam
2342 4189 2609 4240 naturam
2631 4203 2747 4240 sum
2776 4202 2985 4256 egenus,
3019 4188 3076 4242 id
3114 4192 3199 4243 est
3223 4189 3513 4264 impotens
3529 4197 3606 4251 al-

288 4278 751 4347 praecingiturzut
807 4277 951 4330 sicut
1006 4293 1151 4331 zona
1204 4276 1303 4330 illa
1359 4292 1473 4346 qua
1528 4270 1971 4346 praecingiturD
1998 4272 2174 4328 terius
2203 4289 2312 4345 ope
2340 4272 2575 4328 liberari
2597 4291 2774 4346 quam
2796 4277 2917 4343 tua,
2964 4282 3015 4328 et
3031 4292 3261 4346 pauper,
3311 4279 3372 4334 id
3403 4286 3488 4337 est
3515 4284 3604 4340 in.

300 4380 430 4419 eum
464 4363 884 4435 promptiorem
917 4367 974 4418 et
1003 4362 1416 4434 expeditiorem
1429 4362 1647 4416 facitad
1660 4377 1901 4432 operan-

301 4452 463 4519 dum,
490 4452 567 4507 sic
598 4454 656 4505 et
679 4452 834 4505 mala
853 4451 1114 4505 voluntas
1144 4449 1239 4503 illa
1291 4448 1453 4503 illum
1481 4449 1900 4520 promptiorem

300 4544 359 4596 et
395 4540 808 4614 expeditiorem
867 4539 1040 4594 faciat
1085 4539 1159 4593 ad
1208 4554 1267 4592 se
1324 4536 1794 4606 suspendendum
1847 4540 1905 4590 et

300 4631 635 4703 perenniter
655 4628 1186 4685 occidendum.Non
1211 4624 1368 4680 enim
1383 4639 1515 4679 cum
1530 4625 1679 4679 Deus
1700 4622 1773 4677 ad
1792 4623 1903 4677 hoc

302 4719 693 4775 exctecationis
718 4717 909 4773 venire
954 4715 1325 4788 permitteret
1355 4716 1417 4767 ut
1438 4730 1498 4767 se
1530 4711 1899 4778 interﬁceret,

303 4805 412 4861 nisi
438 4809 593 4862 mala
616 4808 880 4862 voluntas
901 4803 1216 4861 Dominicaa
1241 4800 1583 4875 proditionis
1626 4800 1795 4871 huius
1813 4798 1900 4853 in-

302 4895 653 4954 terfectionis
681 4911 851 4951 causa
893 4893 1248 4967 praecederet
1290 4889 1424 4946 Dico
1457 4888 1527 4944 de
1578 4888 1723 4943 Juda
1746 4887 1902 4960 quod

303 4986 679 5060 persequetur
722 5001 817 5039 me
864 4984 1105 5054 inopem
1147 4983 1204 5035 et
1257 4979 1612 5047 mendicum,
1661 4980 1718 5033 et
1747 4977 1903 5050 quod

306 5073 505 5145 diliget
533 5072 999 5128 maledictionem
1044 5072 1103 5124 et
1130 5068 1330 5123 induet
1385 5085 1517 5123 eam
1544 5067 1688 5123 sicut
1731 5065 1899 5122 vesti-

305 5164 594 5217 mentum.
621 5162 687 5215 Et
702 5176 819 5216 non
844 5162 1032 5215 solum
1060 5158 1171 5213 hoc
1202 5173 1344 5228 opus
1392 5158 1478 5211 est
1504 5156 1662 5211 Iudae
1713 5158 1777 5209 ut
1804 5169 1900 5210 me

305 5253 682 5325 persequatur
710 5253 768 5305 et
805 5248 1026 5320 diligat,
1058 5250 1116 5302 et
1144 5246 1345 5302 induat
1380 5244 1849 5299 maledictionem
1883 5260 1898 5313 ;

305 5340 406 5396 sed
424 5339 711 5395 etiamhoc
761 5338 916 5393 idem
969 5353 1097 5407 opus
1117 5335 1227 5390 erit
1275 5350 1457 5389 eorum
1498 5336 1593 5405 qui
1640 5332 1775 5386 mihi
1810 5331 1899 5386 de-

307 5429 543 5498 trahunt,
567 5428 625 5482 id
653 5429 738 5482 est
788 5426 898 5481 hoc
949 5424 1105 5480 idem
1162 5422 1556 5496 operabuntur
1604 5418 1806 5488 Iudici,
1840 5423 1902 5475 ut

306 5534 401 5583 me
430 5517 641 5580 scilicet
685 5516 1124 5594 persequantur,
1179 5516 1239 5570 et
1293 5509 1761 5570 maledictionem
1808 5507 1899 5569 in-

1999 4361 2285 4417 sufﬁciens
2325 4378 2433 4432 ope
2482 4379 2616 4416 mea
2663 4362 3086 4426 salvari.'Quod
3116 4369 3202 4419 est
3230 4382 3296 4420 ac
3334 4368 3378 4423 si
3410 4370 3602 4431 dicat:

1998 4450 2246 4505 Mortalis
2261 4467 2387 4503 sum
2409 4454 2467 4503 et
2495 4449 2798 4519 passibilis,
2833 4452 2890 4503 et
2915 4468 3033 4506 non
3060 4452 3137 4507 sic
3164 4456 3371 4526 potens
3399 4461 3472 4515 ad
3501 4479 3605 4534 pa-

2002 4538 2257 4592 tiendum
2304 4540 2367 4591 ut
2413 4536 2555 4591 nihil
2604 4537 2955 4608 patiarzsed
3002 4538 3083 4595 ita
3112 4542 3267 4614 quod
3313 4562 3404 4602 cor
3431 4566 3606 4607 meum

2000 4627 2374 4681 conturbatum
2422 4630 2517 4691 est,
2568 4624 2626 4679 id
2653 4629 2737 4680 est
2762 4626 2959 4683 anima
2983 4645 3134 4699 mea,
3167 4637 3608 4696 conturbabitur

2004 4713 2213 4768 timore
2245 4713 2467 4779 mortis,
2524 4715 2581 4767 et
2606 4714 2727 4769 haec
2776 4719 2971 4772 tamen
3020 4722 3384 4778 conturbatio
3408 4729 3494 4779 est
3522 4730 3603 4781 in-

2003 4808 2086 4855 tra
2116 4818 2217 4869 me,
2246 4800 2304 4856 id
2326 4805 2411 4856 est
2434 4801 2493 4855 in
2524 4805 2808 4874 potestate
2852 4822 2985 4861 mea
3015 4808 3228 4863 scilicet
3260 4811 3370 4865 hoc
3392 4827 3511 4867 non
3540 4814 3605 4870 ﬁt

2000 4892 2211 4961 praeter
2242 4890 2596 4946 voluntatem
2644 4896 2701 4946 et
2735 4892 3175 4965 dispositionem
3227 4913 3442 4966 meam,
3471 4916 3603 4958 cum

2000 4981 2148 5034 Deus
2172 4979 2279 5035 sim
2308 4982 2366 5034 et
2403 4979 2790 5052 omnipotens.
2826 4982 2941 5036 Hoc
2970 4986 3165 5037 autem
3196 4984 3270 5038 ad
3290 4985 3399 5042 hoc
3416 4989 3602 5061 ponit,
3626 5042 3629 5043 ν

2000 5085 2074 5124 ne
2123 5068 2278 5141 quod
2359 5070 2624 5123 oraverat
2699 5069 2987 5123 videretur
3057 5073 3284 5127 coactus
3337 5074 3476 5146 pati.
3536 5080 3605 5135 Et

2000 5172 2118 5214 non
2150 5157 2337 5212 solum
2397 5155 2811 5223 conturbabor,
2842 5155 2941 5209 sed
2995 5157 3171 5213 etiam
3226 5161 3434 5219 ablatus
3486 5185 3603 5224 sum

2000 5246 2246 5301 existens
2270 5246 2405 5299 sicut
2452 5243 2640 5297 umbra
2688 5245 2748 5298 in
2773 5258 3028 5314 vespere,
3076 5264 3198 5302 cum
3245 5266 3279 5304 a
3308 5254 3601 5313 montibus

1998 5333 2246 5399 declinat,
2268 5331 2329 5386 id
2349 5334 2435 5387 est
2461 5329 2691 5385 auferar
2714 5348 2749 5387 a
2766 5329 3057 5402 discipulis
3071 5334 3236 5403 meis,
3255 5352 3384 5392 cum
3409 5343 3604 5414 capiar

2000 5438 2118 5476 non
2148 5418 2500 5490 spiritaliter,
2535 5419 2636 5474 sed
2681 5420 2965 5480 localiter.
3019 5422 3282 5494 Auferar,
3337 5427 3603 5504 inquam,

2000 5509 2257 5575 existens.
2287 5508 2495 5571 similis
2519 5508 2739 5568 umbras
2767 5525 2804 5566 ο.
2828 5513 3136 5571 montibus
3182 5510 3512 5589 declinanti,
3551 5519 3623 5587 id
