4008 6040
469 255 606 313 1223
1077 246 1137 305 S.
1177 247 1524 305 BRUNONIS
1562 242 2197 305 CARTHUSIANORUI
2229 247 2699 306 INSTI'I‘UI‘ORIS
2739 246 2894 303 OPP.
2928 244 3106 302 PARS
3143 246 3163 301 I
3681 244 3833 301 1224

466 381 551 433 est
579 372 973 433 descendenti.
1005 373 1164 430 Sicut
1177 374 1335 430 enim
1367 375 1520 429 circa
1542 391 1846 447 vesperum
1864 374 2075 429 umbra
2096 378 2155 438 Α
2178 392 2404 444 manus,
2427 376 2489 430 id
2513 378 2600 430 est
2624 376 2748 429 haec
2778 372 3038 445 operatio
3069 372 3273 427 mortis
3324 389 3501 441 meae,
3552 375 3681 427 tua
3712 377 3825 435 est,
3918 364 3919 435 1

465 464 817 520 descendens
844 478 881 517 a
904 462 1203 518 montibus
1251 463 1531 533 paulatim
1555 479 1838 533 crescens,
1861 462 2080 517 accedit
2177 480 2295 519 non
2327 481 2393 519 ex
2419 480 2623 520 eorum
2653 465 2966 533 potestate;
2994 464 3053 516 et
3070 461 3180 516 hoc
3199 461 3375 516 modo
3399 460 3713 534 tua,quod
3738 465 3823 524 tu,
3918 450 3919 515 ἶ

466 554 539 610 ad
568 556 828 620 noctem;
861 552 940 607 sic
1014 556 1073 606 et
1098 568 1208 623 ego
1240 568 1275 606 a
1304 552 1448 606 meis
1511 552 1752 618 ablatus,
1801 551 2077 623 patiendo
2176 553 2446 619 Domine,
2467 553 2661 622 fecisti,
2686 551 2749 605 id
2778 554 2863 605 est
2882 548 3207 620 disposuisti
3232 566 3367 605 eam.
3389 549 3697 605 Enuntiat
3715 566 3825 603 au-

463 641 743 716 paulatim
774 640 848 695 ad
876 642 1128 695 mortem
1159 640 1454 708 accedo,et
1478 656 1610 695 cum
1625 641 1856 695 auferar
1868 640 2079 694 Judzeis
2176 644 2298 695 tem
2316 641 2579 695 futurum
2608 656 2728 695 csse
2758 638 2913 710 quod
2953 638 3155 701 oravit,
3183 655 3256 692 ne
3275 638 3578 693 videretur
3604 655 3685 692 ex
3699 637 3818 691 dif-

464 748 560 787 me
580 729 961 800 capientibus,
1016 746 1257 784 excussus
1302 746 1421 783 sum
1472 732 1609 783 sicut
1640 729 1870 795 locustae,
1903 727 1963 781 id
1993 730 2078 781 est
2177 728 2417 783 ﬁdentia
2448 744 2663 793 orasse,
2684 727 2762 781 sic
2790 726 2943 781 :Dixi
2973 727 3183 798 adjuva
3213 742 3328 793 me,
3364 726 3723 793 Domine,et
3736 726 3816 780 sic

467 819 579 875 mei
614 835 649 873 a
673 834 769 872 me
797 816 1174 882 excutientur,
1233 820 1291 872 et
1334 817 1559 888 fugient
1588 815 1883 871 instabiles
1933 815 2078 869 sicut
2176 817 2369 872 facies.
2394 815 2721 871 Maledicent
2750 815 2847 880 illi,
2882 814 2942 868 id
2975 818 3059 867 est
3079 814 3411 887 depriment
3436 831 3539 869 me
3569 814 3637 869 in
3653 831 3816 869 mor-

464 910 719 972 locustaa,
769 908 935 977 juxta
1006 904 1150 959 iliud
1202 905 1605 977 prOphelicum
1643 921 1656 959 :
1693 926 1722 955 α
1754 902 2076 958 Percutiam
2177 910 2295 960 tem
2324 904 2537 971 Judaei;
2570 912 2619 957 et
2645 909 2704 958 tu
2747 902 3033 971 benediccs,
3083 902 3142 957 id
3172 906 3258 957 est
3280 903 3565 958 exaltabis
3585 920 3699 958 me
3723 920 3812 957 re—

468 995 781 1065 pastorem,
810 996 869 1048 et
918 992 1330 1064 dispergentur
1358 1009 1490 1047 oves
1521 993 1711 1065 gregis
1735 991 1930 1063 (ΖαεΙι.
1955 1007 2074 1055 xm,
2176 992 2521 1047 suscitando.
2556 993 2623 1046 Et
2653 990 2789 1062 quia
2814 990 3163 1046 maledicent
3180 991 3612 1061 confundantur,
3646 990 3809 1045 idest

464 1087 530 1149 7;
562 1080 765 1136 Matth.
796 1097 946 1149 xxvi,
979 1082 1093 1153 31).
1128 1102 1157 1129 ››
1179 1081 1305 1135 Non
1326 1081 1514 1135 solum
1533 1084 1730 1134 autem
1753 1097 1788 1134 a
1808 1096 1902 1133 me
1917 1094 2080 1132 excu-
2177 1082 2519 1136 erubescant
2537 1096 2654 1134 non
2686 1080 2762 1133 ad
2787 1077 3094 1134 utilitatem
3127 1094 3288 1133 suam
3300 1078 3481 1134 Judaei
3499 1081 3600 1150 qui
3619 1080 3810 1132 insur—

464 1169 682 1224 tientur
708 1169 986 1237 localiter,
1014 1169 1115 1224 sed
1145 1173 1203 1224 et
1222 1186 1397 1239 genua
1413 1186 1528 1223 mea
1557 1168 1832 1240 inﬁrmata
1862 1166 2078 1231 sunt,id

468 1261 555 1313 est
586 1258 832 1330 apostoli
849 1258 1027 1314 etiam
1043 1259 1141 1330 qui
1158 1274 1350 1330 genua
1366 1274 1499 1313 mea
1513 1258 1813 1325 dicuntur;
1833 1273 1904 1312 eo
1923 1256 2079 1328 quod

478 1364 582 1420 per
607 1364 706 1403 eos
733 1347 888 1402 ferar
914 1347 975 1402 in
993 1347 1259 1402 notitiam
1276 1347 1603 1413 hominum,
1621 1347 1765 1401 sicut
1780 1347 1964 1400 fertur
1975 1360 2080 1415 per

466 1452 659 1507 genua
684 1450 911 1507 corpus.
952 1434 1410 1489 Inﬁrmabuntur
1447 1435 1506 1488 in
1536 1434 1672 1500 ﬁde,
1706 1436 1770 1488 ut
1797 1433 1977 1487 etium
2009 1432 2080 1485 de

466 1523 885 1579 resurrectione
938 1538 1071 1576 mea
1099 1520 1214 1576 sint
1270 1521 1613 1588 dubitaturi;
1639 1520 1719 1575 illi
1749 1521 1963 1592 quippe
1991 1519 2079 1573 in-

467 1610 684 1666 ﬁrmati
732 1610 989 1681 suntqui
1018 1626 1150 1664 cum
1179 1609 1542 1664 haesitatione
1574 1609 1840 1663 dixerunt
1873 1625 1887 1662 :
1921 1608 2080 1661 «Nos

2175 1169 2395 1239 gunt,id
2411 1172 2498 1222 est
2519 1168 2830 1239 insurgunt
2853 1169 2910 1220 in
2928 1183 3011 1221 me
3022 1166 3209 1221 verbis
3225 1170 3283 1221 et
3299 1167 3803 1232 tribulationibus;

2176 1274 2355 1312 servus
2383 1264 2561 1312 autem
2591 1264 2711 1309 tuus
2741 1272 2809 1310 ex
2838 1255 3102 1327 opposito
3127 1255 3417 1322 laetabitur,
3446 1256 3520 1309 de
3554 1258 3804 1326 perenni

2178 1346 2366 1417 gloria
2393 1345 2606 1415 adepta
2625 1360 2759 1415 ego,
2786 1344 3021 1411 scilicet,
3048 1344 3289 1399 laetabor
3308 1344 3444 1415 quia
3455 1360 3660 1401 servus
3674 1347 3804 1399 tuus

2178 1450 2305 1487 sum
2332 1433 2391 1487 in
2424 1434 2580 1488 nullo
2608 1433 2714 1487 tibi
2744 1433 3047 1486 resultans.
3070 1430 3506 1501 Confundantur,
3526 1432 3799 1503 inquam.

2180 1526 2239 1576 et
2266 1537 2384 1576 non
2424 1538 2652 1593 parum,
2685 1520 2785 1574 sed
2815 1520 3110 1574 induantur
3139 1519 3197 1574 id
3223 1524 3310 1574 est
3355 1520 3803 1574 circumdentur

2169 1610 2379 1679 pudore
2410 1625 2516 1681 per
2544 1608 2871 1679 emphasim
2900 1607 3080 1663 Judaei
3109 1610 3208 1679 qui
3229 1606 3520 1661 detrahunt
3548 1608 3712 1673 mihi,
3729 1607 3801 1662 ad

465 1700 811 1772 putabamus
840 1698 996 1770 quod
1016 1698 1111 1752 hic
1136 1701 1285 1752 esset
1312 1698 1721 1768 redempturus
1751 1696 1924 1750 Israel
1947 1695 2080 1765 (Luc
2099 1687 2151 1748 B
2177 1697 2618 1752 similitudinem
2640 1696 2917 1768 corporis,
2932 1696 3089 1768 quod
3109 1712 3143 1749 a
3170 1695 3448 1751 reinduta
3468 1696 3801 1751 circumda-

465 1804 612 1855 xxnv,
644 1786 758 1859 2i).
789 1808 819 1836 »
843 1786 1321 1853 lnﬁrmabuntur,
1354 1785 1616 1857 inquam,
1646 1789 1707 1840 et
1725 1786 1835 1839 hoc
1856 1783 2081 1838 contin-

464 1880 613 1949 geta
626 1875 840 1947 jejunio
892 1874 1059 1947 panis
1112 1874 1282 1943 illius,
1339 1874 1436 1945 qui
1484 1875 1555 1929 de
1582 1874 1725 1929 ctelo
1785 1872 2078 1928 descendit

464 1965 655 2038 (Joan.
675 1981 751 2032 v1,
782 1965 896 2035 41),
915 1962 1331 2020 meividelicet.
1364 1962 1529 2026 Quod
1558 1965 1645 2017 est
1684 1978 1749 2016 ac
1777 1961 1822 2015 si
1876 1960 2029 2015 dicat
2058 1976 2072 2014 :

465 2053 604 2108 Inde
620 2052 704 2107 eis
733 2050 1033 2123 continget
1048 2050 1172 2105 haec
1182 2048 1511 2116 inﬁrmitas,
1530 2050 1686 2120 quod
1703 2065 1799 2103 me
1815 2048 2071 2116 absente,

454 2141 642 2213 jejuni
694 2143 865 2195 erunt
896 2156 932 2194 a
961 2138 1225 2194 doctrina
1254 2154 1406 2192 mea.
1454 2138 1576 2192 Dixi
1609 2137 1765 2210 quod
1790 2136 2019 2191 auferar
2042 2151 2077 2189 a

464 2230 629 2298 meis,
655 2228 905 2283 existens
925 2227 1130 2282 similis
1160 2226 1383 2281 umbra:
1406 2225 1747 2295 declinanti;
1775 2233 1825 2279 et
1854 2226 1933 2280 sic
1953 2242 2076 2280 caro

460 2334 579 2373 mea
601 2318 894 2373 immutata
914 2320 1010 2383 est,
1068 2315 1130 2369 id
1157 2318 1243 2369 est
1290 2315 1715 2382 immutabitur,
1766 2318 1831 2369 ut
1858 2331 1924 2368 ex
1952 2315 2076 2369 ani-

464 2406 622 2458 mata
642 2401 1076 2458 ﬁatinanimata
1097 2418 1113 2470 ;
1144 2405 1204 2456 et
1220 2402 1331 2457 hoc
1341 2405 1582 2474 propter
1594 2402 2075 2467 oleum,humano

463 2491 663 2562 generi
690 2490 971 2557 dandum,
1005 2493 1069 2544 ut
1099 2490 1369 2545 omnibus
1415 2491 1584 2545 detur
1636 2490 1824 2561 gratia
1873 2491 2075 2545 remis-

463 2576 681 2645 sionis;
711 2593 840 2649 quas
872 2578 1067 2632 oleum
1099 2576 1326 2645 dicitur,
1348 2593 1416 2632 eo
1449 2577 1603 2649 quod
1622 2581 1851 2648 peccata
1889 2582 2073 2645 sanat,

460 2668 523 2726 et
546 2668 746 2722 lumen
806 2666 1015 2721 animae
1047 2666 1345 2733 clariﬁcat,
1401 2667 1476 2720 ad
1504 2666 1943 2721 similitudinem
1966 2668 2075 2721 olei

462 2756 620 2830 quod
644 2757 883 2811 vulnera
900 2757 1084 2821 sanat,
1125 2757 1184 2809 et
1212 2755 1407 2810 oculos
1435 2754 1691 2826 corporis
1704 2754 2076 2809 clariﬁcat.Et

459 2847 770 2919 postquam
805 2859 940 2898 caro
970 2858 1106 2897 mea
1168 2842 1595 2910 immutabitur,
1638 2859 1731 2912 ego
1757 2844 1934 2912 factus
1957 2860 2073 2897 sum

2176 1785 2462 1850 tur.Quod
2499 1789 2587 1840 est
2636 1786 2826 1840 dicere
2854 1802 2868 1840 :
2892 1784 3220 1841 Plenariam
3270 1784 3527 1840 habeant
3583 1786 3801 1840 confu-

2175 1874 2424 1941 sionem,
2456 1877 2657 1929 etnon
2683 1873 3007 1946 simplicem
3060 1872 3480 1941 confusionem,
3516 1873 3619 1928 sed
3672 1891 3796 1944 ope-

2175 1965 2404 2029 riuntur,
2429 1962 2487 2016 id
2518 1966 2604 2017 est
2630 1964 2827 2034 aperte
2856 1961 3287 2016 circumdentur
3336 1962 3649 2031 confusione
3672 1979 3797 2029 sua,

2176 2051 2234 2105 id
2252 2054 2339 2105 est
2354 2050 2689 2106 confusione
2706 2067 2881 2122 quam
2904 2050 3071 2107 malis
3082 2050 3302 2105 actibus
3315 2050 3429 2104 suis
3450 2066 3802 2122 promeren-

2174 2144 2289 2209 tur,
2313 2143 2449 2195 sicut
2478 2140 2726 2211 diploide,
2764 2138 2825 2194 id
2849 2143 2935 2194 est
2989 2139 3063 2193 ad
3089 2139 3329 2193 modum
3361 2138 3552 2210 dupla
3594 2140 3796 2194 vestis.

2176 2229 2389 2285 Scribit
2409 2232 2637 2283 sanctus
2662 2228 3045 2299 Hieronymus
3073 2226 3387 2299 diploidem
3407 2242 3530 2280 esse
3555 2225 3803 2280 chlami-

2178 2320 2311 2375 dem
2344 2318 2601 2388 duplam,
2630 2316 2789 2387 cujus
2833 2333 2947 2370 una
2977 2331 3110 2388 pars
3140 2314 3404 2382 interior,
3443 2315 3628 2369 altera
3660 2329 3796 2368 rem

2177 2411 2263 2462 est
2285 2406 2553 2461 exterior.
2578 2404 2742 2459 Unde
2772 2420 3028 2474 congrue
3043 2404 3224 2459 Judaei
3256 2405 3432 2475 dupla
3447 2402 3795 2457 confusione

2177 2496 2447 2551 dicuntur
2472 2493 2660 2565 operti
2688 2493 2883 2560 fuisse,
2914 2493 3059 2548 sicut
3097 2493 3373 2565 diploide.
3403 2492 3529 2547 Una
3548 2492 3791 2563 quidem

2176 2585 2514 2640 confusione
2547 2583 2789 2637 interius
2818 2582 2877 2636 in
2909 2581 3127 2649 anima,
3182 2584 3240 2635 et
3270 2580 3314 2635 si
3361 2598 3475 2635 non
3510 2580 3587 2634 ad
3610 2579 3792 2651 poeni-

2176 2673 2421 2728 tentiam
2452 2672 2512 2726 in
2532 2671 2954 2726 resurrectione
3000 2670 3205 2725 Christi
3233 2674 3293 2724 et
3320 2668 3659 2723 ascensione
3682 2671 3787 2722 :al-

2174 2766 2301 2817 tera
2330 2777 2465 2816 vero
2496 2760 2745 2814 exterius
2772 2759 2833 2813 in
2871 2758 3129 2831 ipsorum
3155 2757 3421 2829 captione
3475 2761 3537 2811 et
3567 2757 3788 2829 disper-

2173 2850 2355 2905 sione.
2384 2849 2521 2903 Dico
2547 2850 2830 2919 quatenus
2858 2846 2939 2901 illi
2973 2847 3392 2917 confundantur,
3428 2862 3537 2916 ego
3590 2849 3787 2899 autem

462 2933 801 3023 opprobrium
821 2930 1045 3023 illia-id
1062 2933 1149 2985 est
1173 2947 1282 3002 ego
1302 2930 1398 3002 qui
1415 2931 1805 3023 adhominum
1830 2932 2072 3023 saluteln
2104 2964 2151 3023 C
2171 2938 2452 3007 conﬁtebor
2518 2936 2771 3002 Domino,
2802 2952 2836 2990 o
2864 2935 3175 3002 auditores,
3226 2937 3282 2989 in
3335 2951 3423 2987 ore
3449 2950 3586 2999 meo,
3619 2933 3681 2988 id
3709 2937 3791 2988 est

462 3021 687 3094 patiens
706 3018 1087 3092 opprobrium
1104 3034 1473 3090 nequaquam
1484 3034 1604 3073 6838
1626 3019 1919 3085 deberem,
1933 3020 2071 3073 ﬁam
2113 3018 2151 3023 ⁷
2171 3027 2287 3082 mei
2300 3024 2970 3081 conﬁtebunturlaudem
2983 3024 3375 3091 Domino,non
3388 3024 3576 3078 solum
3589 3022 3787 3089 corde,

462 3108 789 3165 illisJudaeis
799 3106 1391 3180 oppobrium,scilicet
1401 3123 1507 3177 pro
1525 3107 1838 3177 opprobrio
1858 3124 2071 3179 magno

2173 3115 2273 3170 sed
2303 3117 2361 3168 et
2379 3130 2474 3167 cre
2486 3129 2733 3178 suo,non
2745 3113 2992 3167 tacendo
3007 3129 3128 3183 prie
3173 3113 3384 3167 timore
3411 3111 3737 3166 inﬁdelium
3773 3129 3787 3177 ;

460 3197 833 3268 reputabunt,
855 3196 1012 3267 quod
1040 3195 1113 3250 de
1143 3210 1347 3250 eorum
1377 3210 1591 3266 genere
1620 3198 1786 3249 natus
1805 3195 2071 3262 sim.Vel,
2173 3205 2232 3257 et
2268 3203 2377 3256 hoc
2398 3203 2576 3262 nimis,
2593 3201 2652 3255 id
2678 3201 2958 3255 estvalde.
2981 3223 3009 3251 ‹‹
3038 3200 3223 3256 Corde
3253 3200 3412 3254 enim
3443 3198 3789 3254 crediturad

463 3286 601 3340 ﬁam
620 3285 729 3339 illis
757 3282 1155 3355 opprobrium,
1185 3282 1245 3337 id
1271 3285 1357 3336 est
1376 3298 1548 3336 causa
1566 3284 1863 3354 opprobrii
1896 3300 1909 3337 :
1934 3300 2070 3338 nam
2166 3289 2474 3360 justitiam,
2508 3304 2610 3343 ore
2631 3290 2826 3343 autem
2856 3287 3141 3343 confessio
3170 3288 3235 3341 ﬁt
3248 3287 3321 3342 ad
3338 3288 3585 3341 salutem
3598 3286 3784 3356 (Rom.

459 3388 568 3447 pro
597 3370 960 3425 cruciﬁxione
989 3386 1121 3425 mea
1139 3369 1495 3424 inaeternum
1526 3370 1903 3441 Opprobrium
1922 3372 2075 3443 apud
2173 3396 2228 3446 x,
2264 3378 2371 3448 t0),
2399 3398 2428 3427 ››
2462 3398 2490 3426 ››
2523 3378 2589 3431 Et
2618 3394 2736 3431 non
2748 3393 2944 3431 coram
2965 3376 3160 3447 paucis
3186 3375 3509 3431 inﬁdelibus
3527 3374 3646 3429 mei
3665 3376 3789 3429 lau-

464 3458 734 3515 homines
756 3461 962 3526 erunt;
990 3460 1051 3512 et
1076 3460 1215 3512 'non
1239 3458 1425 3512 solum
1455 3474 1549 3512 me
1578 3458 1935 3530 cruciﬁgent,
1974 3460 2075 3515 sed

466 3547 643 3603 etiam
661 3546 931 3614 viderunt,
948 3546 1007 3601 id
1030 3548 1119 3605 est
1144 3562 1276 3601 cum
1294 3546 1674 3601 delectatione
1696 3548 1976 3619 aspicient
1992 3565 2075 3602 me

462 3638 784 3704 mortuum,
828 3634 1106 3691 habentes
1134 3651 1229 3689 me
1257 3636 1667 3705 spectaculum,
1696 3641 1747 3689 et
1774 3644 2071 3703 moverunt,

463 3724 522 3778 id
546 3727 632 3779 est
661 3723 977 3779 movebunt
1003 3724 1177 3793 capita
1196 3738 1289 3776 sua
1328 3738 1459 3776 cum
1487 3721 1772 3776 derisione
1793 3722 2070 3778 dicendo:

464 3834 495 3865 «
524 3813 681 3868 Alios
717 3812 899 3867 salvos
944 3811 1102 3879 fecit,
1149 3810 1402 3882 seipsnm
1452 3826 1568 3865 non
1617 3813 1806 3880 potest
1854 3812 2070 3865 salvum

459 3902 650 3958 facere
677 3899 927 3972 (Matth..
983 3915 1150 3967 xxvu,
1186 3901 1294 3960 40).
1328 3919 1357 3948 ››
1386 3900 1453 3952 Et
1473 3898 1612 3971 quia
1642 3915 1776 3954 caro
1801 3916 1933 3954 mea
1962 3900 2069 3953 im-

463 3989 801 4057 mutabitur,
825 3991 883 4043 et
908 3989 1047 4043 ﬁam
1075 3987 1477 4058 opprobrium,
1508 3987 1601 4058 adj
1606 4005 1705 4041 uva
1720 4006 1822 4055 me,
1844 3989 2072 4042 Domine

464 4080 612 4137 Deus
639 4094 815 4146 meus;
844 4081 904 4131 et
950 4077 1061 4130 hoc
1090 4075 1267 4130 modo
1321 4076 1529 4146 adjuva
1561 4092 1574 4129 :
1604 4075 1832 4130 Salvum
1860 4094 1943 4131 me
1958 4078 2068 4146 fac,

466 4165 857 4222 resuscitando
918 4167 976 4218 et
1006 4164 1404 4218 immortalem
1435 4166 1493 4217 et
1544 4164 1955 4235 impassibilem
1986 4166 2070 4219 fa-

2172 3467 2395 3522 babunt
2424 3464 2761 3532 Dominum,
2787 3465 2887 3519 sed
2917 3467 2973 3518 in
2998 3465 3167 3520 medio
3213 3464 3505 3519 multorum
3560 3462 3789 3517 laudabo

2171 3554 2344 3621 illum,
2378 3553 2436 3609 id
2457 3556 2544 3608 est
2564 3553 2622 3607 in
2649 3552 2955 3607 manifesto
2981 3554 3299 3608 multorum
3324 3551 3653 3607 inﬁdelium
3668 3553 3789 3607 Iau-

2173 3643 2397 3698 dabunt
2416 3659 2552 3697 eum
2584 3657 2705 3708 ore,
2738 3658 2855 3697 non
2876 3641 3320 3697 reformidantes
3332 3641 3522 3695 minas
3540 3657 3787 3708 eorum;

2172 3735 2231 3786 et
2259 3731 2392 3785 inde
2421 3730 2720 3802 continget
2735 3731 3015 3793 hazclaus,
3043 3730 3197 3802 quod
3223 3729 3343 3800 ipse
3362 3728 3647 3785 Dominus
3666 3732 3792 3785 asti-

2174 3822 2256 3887 tit,
2278 3819 2336 3873 id
2366 3822 2452 3873 est
2497 3819 2997 3874 astabitadexteris
3053 3818 3168 3872 mei
3212 3820 3485 3888 pauperis,
3546 3817 3787 3883 scilicet,

2171 3906 2629 3981 patrocinabitur
2660 3906 2799 3961 mihi
2824 3907 3140 3961 secundum
3166 3906 3323 3960 illam
3352 3909 3650 3974 naturam,
3672 3923 3785 3978 qua

2170 3986 2393 4067 pauper
2417 4011 2543 4049 sum
2568 4013 2582 4063 ;
2619 3995 2692 4049 ad
2721 3994 3160 4049 similitudinem
3190 3994 3441 4066 patroni,
3476 3994 3577 4065 qui
3604 3994 3783 4047 ader—

2169 4084 2272 4138 tris
2303 4083 2570 4154 pauperis
2597 4086 2729 4148 stat,
2759 4082 2846 4137 cui
2875 4081 3291 4154 patrocinatur.
3323 4082 3449 4137 Non
3490 4082 3657 4139 enim
3686 4097 3781 4152 pa-

2170 4176 2371 4226 tronus
2397 4188 2431 4225 a
2459 4171 2701 4225 sinistris
2748 4188 2871 4225 esse
2922 4170 3149 4237 dicitur,
3181 4170 3282 4224 sed
3306 4186 3340 4223 a
3368 4168 3603 4235 dextris,
3645 4185 3776 4224 cum

461 4257 691 4324 ciendo,
723 4257 782 4309 et
834 4253 947 4308 hoc
985 4250 1272 4307 secundum
1326 4251 1745 4306 misericordiam
1797 4261 1979 4323 tuam;
2010 4258 2075 4310 ut
2096 4237 2148 4296 D
2171 4260 2543 4332 perdextram
2558 4258 3035 4331 prosperitas,per
3063 4258 3354 4315 sinistram
3366 4260 3563 4314 autem
3585 4258 3783 4314 adver-

465 4349 611 4403 sicut
630 4344 830 4416 ampla
855 4344 940 4397 est
968 4339 1365 4397 misericordia
1392 4343 1512 4408 tua,
1564 4339 1647 4395 ita
1685 4342 1743 4395 et
1763 4343 1914 4397 salus
1940 4360 2072 4399 mea

464 4436 538 4491 sit
557 4434 769 4505 ampla.

537 4521 634 4589 Et,
661 4536 757 4575 me
786 4519 1023 4585 salveto,
1042 4517 1214 4591 sciant
1231 4515 1411 4574 Judaei
1439 4516 1564 4590 ipsa
1584 4518 1671 4574 rei
1695 4517 2067 4591 experientia,

469 4609 626 4683 quod
652 4609 763 4662 haec
779 4623 971 4661 manus
996 4590 1197 4676 443
1212 4622 1385 4676 quam
1411 4606 1518 4679 ipsi
1542 4590 1847 4678 negligunt
1870 4590 2068 4675 tuaest,

468 4699 527 4754 id
558 4698 644 4752 est
673 4695 828 4768 quod
857 4710 965 4765 ego
987 4709 1113 4748 sum
1142 4709 1352 4748 manus
1376 4698 1493 4758 tua,
1532 4694 1591 4749 id
1621 4697 1706 4749 est
1746 4694 1917 4750 Filius
1940 4698 2069 4751 tuus

466 4785 784 4843 secundum
811 4781 1191 4847 divinitatem,
1221 4781 1377 4851 quod
1399 4780 1508 4852 ipsi
1551 4785 1789 4853 negant.
1818 4781 1915 4852 Et,
1937 4784 2070 4839 licet

450 4875 569 4933 tibi
599 4874 675 4931 sit.
690 4874 814 4929 hac
836 4886 1044 4926 manus
1066 4868 1384 4925 secundum
1422 4869 1801 4940 divinitatem,
1832 4874 2073 4929 consub-

465 4962 765 5030 stantialis,
821 4967 879 5016 tu
908 4965 1105 5026 tamen,
1130 4956 1385 5025 Domine,
1412 4957 1607 5027 fecisti,
1656 4958 1718 5013 id
1755 4963 1841 5015 est
1867 4960 2069 5016 creasti

463 5068 603 5118 eam,
625 5048 944 5105 secundum
971 5045 1417 5102 humanitatem.
1473 5046 1669 5101 Manus
1698 5046 1880 5103 Patris
1898 5049 2068 5106 Filius

463 5138 691 5205 dicitur,
721 5153 791 5193 eo
834 5135 992 5207 quod
1016 5150 1120 5205 per
1147 5133 1335 5206 ipsum
1355 5133 1554 5189 omnia
1581 5133 1752 5190 Pater
1774 5140 2062 5209 operatur.

465 5228 614 5284 Cum
641 5241 700 5280 se
724 5226 907 5281 Deum
923 5226 980 5277 et
990 5222 1293 5279 hominem
1312 5238 1515 5277 verum
1536 5224 1807 5292 ostendit,
1825 5225 2065 5284 destruit

464 5320 524 5373 et
551 5315 784 5369 illorum
798 5310 1071 5369 haeresim
1093 5312 1189 5384 qui
1214 5326 1349 5367 eum
1370 5326 1493 5366 esse
1519 5310 1827 5368 hominum
1850 5316 2058 5385 solum,

452 5409 523 5469 et
542 5418 750 5459 eorum
774 5401 871 5476 qui
900 5416 1035 5457 eum
1062 5415 1184 5459 esse
1205 5401 1391 5456 Deum
1417 5400 1647 5457 tantum
1675 5410 2057 5463 asseruerunt.

454 5491 564 5548 κει
580 5489 661 5545 sic
685 5505 702 5545 ι
727 5490 797 5544 Et
848 5506 953 5564 per
979 5488 1097 5546 mei
1146 5486 1525 5547 salvationem
1542 5488 1729 5548 sciant
1755 5494 1910 5566 quod
1935 5496 2062 5554 hec

2170 4347 2307 4403 sitas
2356 4346 2686 4418 accipiatur.
2724 4347 2968 4415 Astabit,
2995 4347 3256 4419 inquam,
3280 4364 3316 4402 a
3335 4345 3548 4402 dextris
3561 4346 3780 4413 adhoc,

2170 4436 2402 4503 scilicet,
2455 4442 2517 4489 ut
2569 4436 2787 4504 faceret,
2836 4435 2897 4491 id
2948 4439 3034 4491 est
3062 4436 3233 4491 faciat
3281 4432 3483 4490 salvam
3538 4436 3779 4489 animam

2168 4540 2337 4579 meam
2366 4540 2400 4576 a
2426 4523 2636 4579 Iudaeis
2652 4524 3106 4595 persequentibus,
3136 4511 3528 4581 resuscitando
3550 4539 3674 4591 me,
3708 4540 3781 4579 ne

2167 4613 2229 4668 in
2240 4616 2430 4669 morte
2465 4612 2747 4668 detinear.

2683 4701 2752 4757 IN
2792 4699 3114 4759 PSALMUM
3147 4701 3274 4759 CIX.

2239 4786 2448 4846 Psalmi
2480 4788 2780 4846 centesimi
2830 4790 2969 4846 noni
3013 4791 3251 4848 Titulus.
3278 4788 3529 4848 Psatmus
3569 4788 3782 4861 David,

2168 4880 2255 4934 vel
2282 4878 2459 4934 David
2487 4879 2786 4949 prophetae
2818 4894 2888 4935 eo
2917 4880 3075 4950 quod
3099 4879 3218 4952 ipse
3247 4878 3339 4935 hic
3388 4878 3670 4952 loquitur,
3693 4884 3781 4937 vel

2170 4967 2348 5023 David
2377 4966 2587 5021 Christi
2617 4983 2686 5022 eo
2717 4967 2874 5040 quod
2901 4969 2973 5026 de
3001 4984 3071 5024 eo
3097 4968 3189 5025 hic
3214 4968 3333 5040 agit
3361 4968 3676 5040 Propheta.
3714 4970 3781 5025 Et

2166 5058 2320 5113 totus
2330 5054 2436 5111 iste
2465 5057 2801 5129 psalmusad
2813 5057 3043 5112 laudem
3056 5058 3178 5129 ejus
3199 5060 3417 5128 spectat
3438 5074 3452 5125 ;
3480 5073 3621 5113 nam
3635 5058 3779 5129 quia

2165 5144 2453 5216 Propheta
2480 5144 2544 5198 in
2574 5145 2854 5217 superiori
2898 5147 3119 5219 psalmo
3159 5146 3346 5218 ipsum
3378 5144 3674 5204 Christum
3695 5145 3779 5200 in-

2164 5233 2404 5289 duxerat
2431 5236 2718 5304 orantem,
2750 5251 2825 5291 ne
2852 5230 2977 5295 laus
3002 5236 3124 5307 ejus
3149 5238 3456 5303 taceretur,
3484 5250 3622 5292 eum
3642 5235 3772 5291 lau-

2160 5321 2413 5378 dabilem
2424 5323 2677 5381 ostendit
2686 5342 2755 5381 ex
2765 5324 3400 5399 attestationepaternaa
3410 5324 3775 5383 auctoritatis

2157 5411 2384 5469 Inducit
2398 5412 2557 5470 enim
2580 5413 2769 5487 ipsum
2789 5415 3021 5471 Patrem
3038 5416 3110 5471 ad
3137 5415 3327 5489 ipsum
3344 5410 3663 5472 Dominum
3678 5415 3771 5473 Je-

2158 5517 2288 5559 sum
2313 5503 2649 5578 loquentem
2671 5506 2733 5561 et
2756 5503 3170 5581 praedicentem
3199 5506 3262 5561 ut
3284 5504 3609 5580 coni-agna:
3629 5502 3752 5566 sibi
