4008 6040
219 214 239 278 i
255 216 360 285 223

1210 218 1567 291 mosmo
1598 218 1672 285 ΙΝ
1706 215 2044 284 PSADMOS.
2075 257 2147 269 —
2177 216 2372 285 PSAL.
2415 220 2524 284 CIX

3396 230 3530 289 1226

215 350 275 401 et
319 346 719 402 ostendentem
757 344 911 418 quod
946 344 1050 401 sibi
1098 348 1597 404 consubstantialis
1641 347 1713 402 sit
1761 350 1818 401 et
1863 354 1909 411 Α
1934 346 2092 415 dere,
2115 346 2280 403 donec
2306 348 2542 401 inimicos
2570 346 2851 403 seabcllum
2881 350 3082 420 ponat,
3124 349 3262 422 quin
3307 354 3365 403 et
3406 354 3535 421 post

215 440 566 505 coaeternus;
584 438 640 489 et
662 436 959 506 jurantem
980 435 1134 507 quod
1151 436 1416 491 sacerdos
1441 438 1550 491 erit
1580 435 1638 491 in
1662 440 1825 492 mter-

215 540 358 577 num
392 524 707 579 secundum
739 524 1004 579 ordinem
1023 524 1448 579 Melchisedech.
1466 526 1526 578 1n
1551 526 1658 578 hoc
1686 539 1824 594 quo-

216 628 330 681 que
346 627 480 665 cum
504 628 623 665 esse
648 611 997 666 laudabilem
1025 612 1535 684 comprobat,qnia
1560 612 1617 666 in
1632 611 1822 665 futuro

215 716 251 753 a
282 699 493 753 dextris
520 684 722 770 444
747 700 928 755 Patris
970 699 1194 767 sedens,
1227 717 1392 772 rcges
1430 701 1536 755 sibi
1585 700 1825 754 rebelles

212 787 308 842 hic
337 786 684 858 confringet,
709 787 844 842 etin
864 788 1522 859 nationibusjudicando
1553 786 1826 842 exaltabit

212 874 485 939 humiles,
519 879 576 930 et
598 878 865 948 potentes
892 880 950 930 et
975 877 1250 948 superbos
1274 876 1583 949 deprimet,
1616 878 1673 930 et
1701 876 1823 929 hare

212 967 379 1018 tanta
402 967 657 1035 potestas
680 965 811 1019 inde
843 964 947 1036 ipsi
978 964 1297 1035 continget,
1314 963 1469 1037 quod
1500 967 1821 1019 torrentem

211 1052 497 1124 passionis
520 1052 698 1107 bibet.
1475 1042 1479 1047 ’

214 1192 221 1197 .
285 1140 442 1196 Dixit
498 1141 761 1197 Dominus
803 1141 1040 1198 Domino
1086 1158 1223 1200 meo.
1263 1141 1429 1206 Quod
1469 1145 1553 1196 est
1582 1139 1769 1195 dicere
1804 1154 1818 1193 :

214 1229 501 1285 Dominus
526 1232 696 1285 Pater
725 1230 874 1285 dicet
895 1247 1013 1285 non
1040 1230 1242 1299 verbis,
1276 1231 1377 1285 sed
1406 1229 1645 1285 interius
1674 1226 1819 1282 inef-

1928 433 1988 487 in
2020 439 2303 490 aeternum
2325 436 2551 504 sedeat;
2576 436 2677 490 sed
2695 436 2825 508 quia
2844 441 2978 491 tunc
3002 455 3135 494 eum
3170 438 3372 494 sedere
3407 455 3532 494 ma-

1928 521 2201 577 nifestum
2231 524 2360 585 erit,
2380 540 2510 578 eum
2541 528 2675 578 tunc
2706 541 2988 579 sessurum
3023 542 3144 580 esse
3171 527 3381 582 debere
3414 542 3532 581 non

1928 612 2202 681 oportuit.
2232 610 2391 665 Nunc
2408 615 2601 666 autem
2622 628 2756 666 eum
2770 613 2971 667 sedere
2990 614 3061 667 ad
3088 613 3529 669 instructionem

1927 698 2058 754 fidei
2090 702 2301 754 nostrae
2334 699 2660 768 confirmat,
2690 718 2757 755 eo
2792 700 2946 772 quod
2982 700 3106 770 ejus
3140 701 3312 755 sessio
3354 702 3529 757 modo

1926 784 2112 839 adhuc
2138 786 2387 841 inimicis
2398 787 2520 857 ejus
2535 804 2648 842 non
2673 791 2756 841 est
2768 787 3340 860 cognita.Postquam
3360 790 3532 843 verba

1926 874 2112 929 Patris
2126 873 2199 929 ad
2215 876 2617 930 auctoritatem
2640 876 3166 932 commendationis
3198 876 3321 931 Filii
3353 892 3532 948 appo-

1924 962 2059 1025 suit,
2088 964 2375 1035 Propheta
2404 963 2465 1017 in
2496 963 2582 1018 sui
2608 981 2878 1036 persona,
2911 965 2983 1020 ad
3009 966 3132 1036 ejus
3160 965 3535 1020 commenda-

1924 1050 2303 1123 tionem,agit
2333 1052 2441 1108 sic:
2469 1052 2613 1120 Dixi,
2634 1070 2667 1107 o
2691 1054 2936 1109 Domine
2964 1053 3206 1117 Christe,
3239 1053 3396 1126 quod
3424 1054 3533 1129 hoc

1924 1137 2075 1194 dicet
2105 1140 2205 1195 tibi
2233 1142 2403 1196 Pater
2432 1157 2446 1196 ε
2472 1139 2610 1196 Sede
2639 1160 2671 1195 a
2714 1141 2909 1196 dextris
2947 1146 3095 1210 meis,
3133 1141 3295 1197 donec
3331 1159 3530 1213 ponam

1921 1230 2162 1283 inimicos
2214 1236 2329 1283 tuos
2374 1230 2430 1285 in
2486 1229 2682 1285 futuro
2712 1230 2994 1285 scabellum
3037 1230 3238 1302 pedum
3292 1238 3527 1301 tuorum.

209 1317 373 1374 fabili
416 1318 625 1386 dicere,
667 1318 913 1374 Domino
956 1336 1090 1374 meo
1132 1318 1395 1387 Christo;
1438 1320 1495 1373 et
1534 1318 1643 1372 hoc
1671 1316 1822 1371 dicet
1923 1316 2029 1380 Qui
2058 1317 2317 1372 videlicet
2347 1318 2627 1374 Dominus
2655 1320 3531 1397 Paterhicinterim,anthuam

211 1407 460 1474 assidue,
492 1424 557 1461 ex
590 1423 702 1478 quo
721 1406 998 1464 Divinitas
1021 1408 1370 1463 humanitati
1409 1408 1518 1462 erit
1541 1408 1722 1466 unita.
1756 1409 1824 1465 Et
1924 1405 2361 1461 omnesinimici
2393 1410 2684 1478 ponantur
2712 1407 3044 1476 scabellum,
3080 1411 3280 1464 emittet
3307 1426 3371 1462 ex
3395 1408 3529 1463 Sion

210 1511 345 1550 ecce
372 1495 511 1567 quid
543 1495 694 1549 dicet
729 1513 743 1550 :
784 1494 921 1551 Sede
949 1514 981 1549 (ι
1010 1496 1208 1550 dextris
1236 1500 1384 1564 meis,
1413 1496 1472 1551 id
1503 1499 1587 1550 est
1616 1512 1819 1551 conre-
1922 1494 2135 1563 virgam
2173 1496 2387 1548 virtutis
2418 1502 2542 1562 tuae,
2579 1495 2637 1550 id
2669 1500 2754 1550 est
2783 1496 3048 1552 dilatabit
3073 1514 3139 1551 ex
3171 1496 3306 1552 Sion
3335 1514 3402 1551 ex
3431 1497 3526 1550 Ju-

210 1583 482 1651 gnamibi
497 1625 512 1652 ,
530 1600 562 1637 a
576 1584 949 1639 similitudine
963 1585 1137 1656 regis,
1151 1585 1247 1657 qui
1261 1585 1443 1639 filium
1462 1601 1628 1640 suum
1647 1601 1823 1657 quem
1926 1580 2089 1636 daico
2108 1584 2343 1654 populo,
2367 1583 2580 1639 scilicet
2604 1584 2817 1653 virgam
2862 1586 3079 1638 virtutis
3108 1594 3230 1645 tua».
3258 1584 3314 1639 id
3333 1588 3419 1639 est
3439 1602 3529 1640 re-

212 1670 320 1724 sibi
359 1687 717 1742 conregnare
739 1673 1056 1739 constituit,
1092 1690 1126 1728 a
1154 1673 1364 1728 dextris
1404 1672 1518 1727 suis
1552 1673 1609 1727 in
1644 1672 1822 1744 regali
1854 1673 1903 1732 Β
1927 1685 2109 1741 gnum
2140 1670 2366 1725 virtutis
2396 1672 2715 1743 tuaczquod
2731 1672 2944 1728 scilicet
2964 1688 3094 1727 cum
3115 1672 3320 1727 virtute
3352 1672 3530 1745 aequi-

214 1759 425 1813 throno
467 1777 569 1814 suo
601 1760 909 1815 consedere
937 1759 1093 1818 facit.
1123 1760 1263 1815 Cum
1298 1762 1602 1833 Propheta,
1635 1760 1826 1816 Domi-
1927 1758 2057 1814 tatis
2087 1758 2498 1816 moderaberis.
2540 1762 2647 1815 Per
2664 1760 2889 1831 virgam
2931 1759 3165 1830 quidem
3219 1764 3532 1831 sceptrum,

215 1863 357 1900 num
373 1847 681 1916 Christum,
700 1849 1008 1903 Dominum
1027 1866 1194 1903 suum
1219 1849 1378 1915 dicit,
1397 1849 1727 1905 Iudmorum
1744 1847 1826 1902 in-

213 1934 473 1989 ﬁdelium
498 1939 720 2007 partem
736 1937 1077 1991 auctoritate
1095 1937 1549 2007 suacomprimit,
1567 1936 1663 2008 qui
1691 1951 1823 1990 eum

214 2024 399 2078 Deum
420 2026 477 2078 et
492 2025 801 2079 Dominum
832 2042 951 2079 esse
984 2029 1357 2096 negaverunt.
1375 2024 1824 2080 ContraIudazos

214 2111 429 2184 quippe
459 2111 786 2167 incredulos
819 2113 876 2167 in
908 2113 1015 2167 hoc
1039 2114 1263 2184 psalmo
1296 2130 1468 2185 agere
1491 2111 1736 2179 videtur,
1769 2115 1826 2166 et

216 2203 306 2254 est
334 2202 444 2254 hoc
470 2201 847 2272 aaquipollens
892 2218 957 2255 ac
996 2201 1041 2254 si
1079 2204 1349 2273 patenter
1375 2201 1457 2255 eis
1488 2201 1638 2255 dicat
1666 2216 1678 2255 :
1715 2201 1824 2254 Nc-

214 2288 443 2359 gabitis,
478 2305 511 2343 o
540 2289 719 2343 Iudaei
763 2289 1064 2357 increduli,
1105 2288 1391 2343 Christum
1430 2290 1609 2344 Deum
1637 2291 1695 2343 et
1725 2290 1830 2343 Do-

214 2377 446 2432 minum
477 2394 619 2446 esse,
652 2393 825 2450 quem
859 2394 967 2446 ego
1000 2382 1195 2432 tamen
1222 2377 1531 2432 Dominum
1571 2378 1827 2431 futurum

215 2460 341 2520 esse
353 2464 634 2536 intelligo,
656 2469 713 2520 et
725 2466 875 2519 Patri
893 2468 1247 2536 conregnatu
1254 2482 1317 2519 ru
1326 2481 1381 2518 m
1390 2465 1504 2519 ,νει
1514 2464 1648 2531 ,sede
1658 2483 1689 2517 α
1701 2464 1826 2518 dex-

217 2556 318 2608 tris
333 2556 482 2620 meis,
508 2553 719 2608 scilicet
746 2556 871 2626 post
893 2554 1096 2608 mortis
1112 2552 1439 2624 passionem
1460 2553 1668 2608 merito
1691 2553 1825 2608 obe-

221 2640 458 2696 dientiae
480 2645 592 2695 tua:
616 2641 926 2712 quiesceab
950 2642 1110 2696 omni
1130 2642 1326 2696 labore
1351 2658 1365 2696 :
1395 2657 1429 2695 a
1453 2640 1827 2695 similitudine

217 2730 491 2796 sedentis,
523 2730 617 2801 qui
647 2730 909 2802 quiescit.
932 2730 1088 2793 Sede,
1118 2730 1376 2801 inquam,
1398 2732 1459 2785 et
1484 2730 1589 2784 hoc
1620 2732 1674 2783 in
1702 2729 1827 2784 dex-

219 2821 315 2873 tris
362 2820 511 2884 meis,
553 2818 610 2872 id
651 2821 757 2879 est,
801 2817 1025 2889 quiesce
1066 2817 1359 2872 existcndo
1406 2817 1465 2871 in
1512 2816 1830 2889 potioribus

220 2907 387 2974 meis,
420 2906 477 2960 in
510 2905 948 2959 immortalitate
961 2904 1240 2959 scilicetct
1260 2905 1319 2959 in
1343 2904 1825 2976 impassibilitate:

1925 1864 2030 1919 per
2053 1851 2344 1918 sceptrum
2389 1851 2584 1903 autem
2641 1849 2797 1920 quod
2840 1849 3005 1919 regni
3053 1848 3279 1919 signum
3310 1853 3415 1917 est,
3449 1867 3535 1904 re-

1926 1953 2104 2008 gnum
2140 1936 2451 2007 accipimus
2480 1954 2492 1991 :
2527 1940 2584 1992 et
2613 1940 2700 1991 est
2727 1937 2835 1992 hoc
2871 1936 3247 2009 mquipollens
3277 1953 3346 1993 ac
3380 1938 3423 1992 si
3455 1938 3531 1994 sic

1928 2028 2169 2096 poneret
2204 2042 2217 2079 :
2250 2027 2311 2078 ιη
2341 2025 2670 2080 Iudmorum
2708 2025 2954 2080 Ecclesia
2992 2024 3281 2096 primitiva
3308 2025 3535 2097 parabit

1924 2097 2123 2183 445
2154 2113 2257 2166 tibi
2289 2129 2534 2184 regnum
2586 2112 2864 2169 Dominus
2917 2115 3106 2182 Pater,
3153 2116 3211 2168 et
3250 2130 3285 2167 a
3325 2113 3534 2169 Iudaeis

1928 2199 2222 2267 emittet,id
2247 2204 2331 2255 est
2361 2201 2655 2268 extendet,
2684 2217 2929 2272 regnum
2962 2204 3126 2256 tuum
3156 2201 3216 2255 in
3243 2201 3532 2272 gentibus,

1933 2289 1993 2340 ut
2022 2288 2348 2358 complures
2377 2304 2441 2342 ex
2477 2287 2611 2361 ipsis
2637 2288 2904 2360 gentibus
2940 2288 3043 2343 tibi
3084 2289 3402 2345 voluntarie
3428 2306 3535 2361 per

1931 2375 2327 2431 obedientiam
2374 2376 2782 2447 subjiciantur;
2842 2381 2900 2432 et
2935 2377 3015 2431 sic
3058 2377 3118 2431 in
3164 2378 3272 2432 hac
3324 2379 3532 2454 vitain

1928 2463 2123 2533 medio,
2146 2464 2203 2518 id
2231 2468 2317 2518 est
2344 2464 2401 2519 in
2434 2465 2753 2533 communi,
2784 2465 3124 2520 inimicorum
3154 2473 3368 2520 tuorum
3412 2469 3532 2525 tam

1926 2554 2256 2609 Iudmorum
2287 2570 2460 2626 quam
2487 2554 2793 2625 gentilium
2825 2553 3235 2623 dominaberis,
3248 2554 3309 2610 id
3330 2559 3415 2610 est
3430 2556 3533 2612 d0-

1928 2659 1986 2697 m
2002 2641 2249 2697 inaberis
2266 2642 2657 2697 communiter
2676 2642 2938 2697 ﬁdelibus
2957 2659 3026 2697 ex
3051 2642 3260 2698 Iudaeis
3277 2646 3335 2697 et
3350 2644 3539 2714 genti-

1929 2730 2034 2785 bus
2059 2730 2304 2784 inimicis
2330 2729 2441 2784 tuis
2467 2746 2573 2801 per
2600 2729 3005 2784 infidelitatem
3045 2729 3448 2799 existentibus;
3476 2734 3536 2786 et

1931 2817 2184 2872 concedo
2204 2817 2359 2871 utita
2388 2817 2461 2870 sit
2506 2816 2820 2884 Dominare,
2844 2817 3125 2872 scilicetin
3148 2817 3337 2884 medio,
3362 2818 3422 2874 id
3451 2821 3537 2872 est

1931 2903 1991 2958 in
2022 2904 2343 2971 communi,
2362 2906 2697 2959 inimicorum
2723 2905 3298 2972 tuorum,Judaeorum
3320 2908 3376 2960 et
3391 2922 3534 2978 gen-

220 2995 361 3063 sede,
394 2994 655 3065 inquam,
684 3011 715 3046 a
744 2992 942 3047 dextris
988 2993 1142 3060 meis,
1174 2996 1233 3046 et
1273 2992 1476 3047 tandiu
1506 2992 1639 3057 sede,
1669 2992 1830 3046 donec
1853 2991 1900 3016 υ
1931 2991 2140 3061 tilium,
2169 2992 2227 3046 id
2258 2991 2575 3046 estinimici
2602 2992 2682 3047 tui
2720 2992 3108 3047 communiter
3135 2996 3191 3048 te
3222 2993 3535 3049 Dominum

220 3101 423 3155 ponam
450 3085 690 3137 inimicos
712 3085 925 3149 tuos,.et
941 3082 1186 3153 gentiles
1208 3081 1525 3147 etIudzeos,
1549 3080 1829 3136 seabellum
1930 3097 2051 3136 esse
2075 3084 2459 3153 cognoscant;
2490 3084 2548 3136 et
2572 3084 2634 3135 tu
2661 3080 2979 3136 domineris
3005 3081 3308 3154 dirigendo
3345 3099 3443 3138 eos
3463 3083 3534 3139 de

213 3172 413 3244 pedum
445 3179 677 3227 tuorum.
715 3171 879 3235 Quod
905 3175 991 3225 est
1015 3170 1204 3225 dicere
1231 3170 1486 3225 :Tandiu
1518 3170 1660 3225 mihi
1691 3186 1828 3224 con-
1931 3169 2086 3225 bono
2118 3169 2176 3223 in
2210 3169 2434 3224 melius.
2467 3168 2586 3237 Vel,
2610 3170 2887 3226 dominare
2910 3172 2966 3223 in
2994 3170 3171 3226 medio
3200 3172 3537 3232 inimicm-imi

221 3276 427 3331 regna,
442 3261 626 3314 donec
655 3276 860 3314 omnes
886 3260 1011 3314 illos
1041 3259 1136 3331 qui
1169 3258 1271 3312 tibi
1303 3258 1701 3325 inimicantur,
1724 3274 1832 3311 no-
1933 3263 2167 3325 tuorum,
2202 3257 2261 3312 id
2281 3261 2366 3311 est
2385 3257 2441 3312 in
2455 3257 2626 3328 justis
2651 3257 2749 3329 qui
2780 3257 3050 3313 dicuntur
3076 3258 3333 3314 medium
3356 3262 3535 3313 inimi-

222 3350 406 3403 lentes
440 3347 539 3401 tibi
568 3346 790 3417 subjici,
811 3365 1015 3418 ponam
1056 3347 1431 3414 scabellum,id
1458 3350 1542 3401 est
1573 3347 1832 3401 subditos
1931 3363 2135 3413 eorum,
2165 3345 2224 3400 id
2251 3345 2789 3413 estinﬁdelium,ec
2806 3346 2961 3419 quod
2983 3346 3055 3401 ab
3086 3346 3412 3403 infidelibus
3441 3364 3539 3402 eos

224 3436 329 3491 tibi
360 3439 422 3490 ut
449 3436 761 3491 scabellum
796 3435 1032 3507 pedibus
1063 3438 1120 3489 et
1150 3434 1464 3490 subditum.
1505 3434 1830 3504 Scabellum,
1933 3434 2410 3505 persequentibus
2452 3435 2706 3506 undique
2737 3434 3199 3503 circnmdentur;
3229 3436 3374 3490 sicut
3402 3432 3542 3492 illud

222 3526 487 3597 inquam,
504 3524 702 3596 pedum
727 3530 962 3590 tuorum,
996 3523 1056 3577 id
1082 3526 1167 3578 est
1200 3527 1310 3577 tuae
1340 3522 1684 3590 stabilitatis,
1704 3540 1833 3595 quae
1936 3521 2091 3591 quod
2119 3520 2375 3574 medium
2407 3525 2492 3576 est
2540 3521 2610 3575 ab
2652 3520 2759 3589 his,
2802 3522 2897 3593 qui
2937 3522 3381 3595 circumquaque
3407 3529 3542 3580 sunt

226 3629 330 3683 per
353 3612 528 3683 pedes
558 3610 852 3680 accipitur,
869 3627 936 3664 eo
950 3610 1105 3682 quod
1128 3610 1368 3680 pedibus
1386 3612 1586 3676 statur,
1600 3611 1833 3677 scilicet,
1937 3608 2344 3662 circumdatur.
2366 3608 2809 3679 Apponitctiam
2824 3608 3112 3679 Propheta
3141 3609 3212 3663 ad
3244 3610 3365 3665 Filii
3387 3626 3542 3666 com-

226 3703 410 3758 doncc
440 3719 539 3757 eos
568 3701 647 3755 sic
679 3699 779 3754 tibi
808 3698 1109 3770 subjiciam
1156 3702 1218 3754 ut
1266 3702 1326 3753 tu
1369 3715 1542 3770 super
1571 3716 1669 3755 eos
1697 3703 1834 3767 stes,
1937 3696 2374 3751 mendationem
2394 3696 2569 3750 verba
2586 3695 2906 3749 Patriscum
2926 3695 3098 3751 dicit:
3126 3696 3317 3751 Tecum
3326 3700 3539 3769 princi-

227 3792 285 3846 id
317 3794 403 3845 est
428 3791 865 3863 perseveranter
905 3803 1132 3858 regnes.
1166 3788 1290 3842 Non
1339 3787 1476 3842 dicit
1514 3787 1645 3843 ideo
1675 3787 1838 3843 donec
1927 3788 2105 3856 pium,
2138 3787 2246 3838 etc.
2273 3783 2436 3848 Quod
2466 3783 2545 3837 sic
2578 3783 2918 3855 adaptatur:
2945 3784 3139 3837 Posset
3168 3786 3344 3856 qua-ri
3360 3802 3539 3857 quare

216 3897 421 3952 ponam
467 3878 705 3931 inimicos
751 3874 857 3929 tibi
904 3876 1182 3943 subditos,
1214 3875 1371 3955 quod
1401 3893 1517 3930 non
1557 3878 1614 3930 et
1661 3875 1837 3931 modo
1939 3875 2088 3929 Deus
2116 3875 2287 3927 Pater
2315 3872 2531 3927 diceret
2569 3871 2792 3926 Christo
2841 3889 2853 3924 :
2897 3870 3033 3925 Sede
3071 3889 3104 3924 a
3142 3872 3339 3927 dextris
3389 3877 3539 3943 meis,

228 3968 333 4041 ipsi
389 3965 600 4023 subditi
650 3964 784 4032 sint,
815 3964 1070 4036 alioquin
1103 3964 1261 4020 enim
1312 3965 1460 4020 Deus
1503 3980 1621 4020 non
1660 3968 1835 4034 esset;
1939 3978 2071 4016 cum
2119 3961 2258 4015 nulli
2299 3960 2393 4015 alii
2446 3959 2651 4015 dixerit
2690 3960 2816 4015 hoc.
2851 3959 2938 4014 Ad
2968 3960 3126 4031 quod
3154 3960 3233 4015 sic
3258 3962 3542 4020 additur:

230 4057 329 4111 sed
351 4057 486 4128 quia
512 4072 642 4109 cum
675 4054 724 4109 ei
747 4053 959 4109 subditi
981 4053 1387 4126 sintquantum
1417 4054 1490 4109 ad
1519 4054 1602 4109 rei
1632 4053 1837 4108 verita-
1939 4051 2098 4106 Dixi:
2128 4048 2265 4104 Sede
2288 4050 2531 4105 «dextris
2558 4051 2707 4117 meis,
2732 4052 2790 4103 et
2821 4052 2877 4104 te
2908 4048 3143 4122 quidem
3164 4049 3327 4107 decet
3341 4053 3544 4109 sedere

231 4149 372 4211 tem,
402 4162 520 4199 non
552 4147 684 4199 sunt
708 4146 903 4197 tamen
938 4143 1175 4211 subditi,
1220 4138 1503 4217 quantum
1532 4144 1604 4198 ad
1635 4159 1837 4198 eorum
1864 4214 1896 4217 _
1940 4158 1971 4194 α
2010 4140 2206 4195 dextris
2248 4141 2396 4207 meis,
2429 4138 2566 4211 quia
2592 4139 2760 4210 genui
2789 4144 2838 4192 te
2861 4137 3134 4194 ineffabili
3163 4141 3451 4211 genitura,
3481 4160 3547 4197 ex

231 4232 642 4302 cognitionem.
674 4231 929 4296 Quorum
984 4232 1042 4286 in
1085 4232 1192 4287 hac
1235 4214 1349 4287 vita
1396 4232 1468 4287 ad
1517 4232 1695 4287 fidem
1744 4248 1836 4286 ve-
1863 4214 1915 4273 D
1941 4238 2108 4298 utero,
2134 4229 2193 4284 id
2214 4231 2298 4283 est
2327 4245 2393 4282 ex
2420 4233 2640 4284 secreta
2678 4227 2926 4282 essentia
2955 4244 3107 4295 mea,
3140 4245 3269 4300 qua:
3298 4247 3403 4301 per
3427 4235 3546 4286 ute-

233 4320 457 4374 nicntes
487 4323 906 4390 spontanee,sc
928 4320 1186 4375 subditos
1207 4338 1328 4375 esse
1360 4324 1837 4391 cognoscent,re-
1940 4336 2070 4375 rum
2112 4317 2406 4391 accipitur,
2452 4333 2521 4372 eo
2572 4317 2727 4388 quod
2780 4319 2972 4370 uterus
3015 4318 3101 4370 est
3154 4321 3375 4372 secreta
3409 4334 3544 4390 pars

233 4408 372 4481 liqui
402 4425 535 4463 vero
553 4408 651 4479 qui
670 4408 793 4478 ejus
812 4407 1229 4478 subjectionem
1251 4409 1342 4463 hic
1364 4424 1709 4479 cognoscere
1737 4426 1838 4463 ne-
1940 4406 2214 4479 corporis,
2240 4409 2298 4460 et
2319 4406 2427 4459 hoc
2451 4411 2573 4459 ante
2591 4403 2924 4473 Luci/erum.
2951 4403 3060 4457 Per
3087 4403 3196 4457 hoc
3228 4405 3381 4476 quod
3408 4414 3542 4475 eum

231 4496 563 4570 gligenl,in
590 4496 782 4550 futuro
831 4496 1068 4550 tandem
1108 4513 1167 4550 se
1212 4497 1547 4567 perenniter
1586 4496 1842 4552 subditos
1940 4502 2063 4549 ante
2083 4494 2393 4564 Luciferum
2422 4491 2684 4563 genitum
2714 4490 2981 4562 dicit,qui
3002 4490 3373 4562 dignissimus
3392 4494 3545 4552 inter

230 4603 376 4653 esse,
406 4585 584 4640 velint
615 4584 821 4651 nolint,
846 4601 947 4657 per
968 4588 1394 4639 tormentorum
1426 4584 1838 4639 exhibitionem
1940 4582 2177 4654 angelos
2206 4580 2503 4647 fuit,unde
2535 4580 2712 4633 etiam
2743 4579 3078 4650 superbiens
3102 4581 3543 4654 corruit,innuit

231 4672 770 4747 cognoscent.Unde
786 4673 1084 4728 Psalmista
1100 4673 1236 4728 alibi
1256 4690 1306 4728 :«
1327 4673 1534 4728 Omnia
1553 4672 1839 4744 subjecisti
1941 4668 2213 4741 quoniam
2235 4671 2367 4724 ante
2379 4684 2616 4722 omnem
2633 4671 2957 4723 creaturam
2971 4684 3103 4723 eum
3116 4671 3348 4741 genuit;
3366 4676 3425 4727 et
3440 4689 3545 4744 per

231 4765 337 4819 sub
359 4764 599 4837 pedibus
619 4763 742 4835 ejus
758 4761 925 4835 (Psal.
953 4778 1033 4829 ιιι,
1067 4767 1143 4832 7).
1170 4783 1196 4811 »
1218 4763 1312 4816 Est
1331 4765 1526 4817 autem
1558 4762 1667 4816 hoc
1697 4778 1763 4817 ac
1791 4762 1836 4816 si
1938 4758 2051 4813 hoc
2092 4773 2226 4811 eum
2267 4772 2381 4811 non
2416 4754 2494 4810 sic
2521 4755 2784 4827 genitum
2827 4773 2947 4811 esse
2979 4760 3042 4812 ut
3073 4762 3338 4815 creatura
3367 4766 3537 4831 esset,

232 4853 310 4908 sic
350 4851 596 4923 positum
622 4855 768 4906 esset
802 4867 815 4905 ε
856 4850 992 4906 Sede
1011 4869 1042 4906 a
1063 4850 1261 4905 dextris
1302 4853 1429 4906 meis
1459 4850 1600 4907 mihi
1633 4867 1835 4906 conre-
1939 4845 2257 4902 secundum
2289 4844 2447 4917 quod
2477 4861 2510 4899 a
2534 4846 2701 4899 Patre
2728 4845 2958 4917 genitus
2984 4849 3088 4914 est,
3119 4848 3389 4904 ostendit.
3423 4850 3538 4909 Hec

233 4942 490 5014 gnando,
545 4941 729 4996 donec
780 4957 1128 5013 cognoscere
1176 4940 1387 4995 faciam
1434 4943 1679 4997 inimicos
1723 4948 1837 4994 tuos
1937 4939 2131 4992 autem
2151 4938 2235 4989 est
2254 4950 2317 4988 ac
2348 4934 2391 4988 si
2414 4933 2602 4988 dicat:
2626 4932 2758 4989 ldco
2782 4937 2837 4989 tc
2869 4933 3031 4988 decet
3057 4934 3258 4991 sedere
3282 4955 3315 4990 a
3343 4936 3542 5013 dextris

234 5048 437 5087 omnes
467 5034 526 5085 et
554 5031 795 5102 gentiles
831 5034 889 5085 et
924 5029 1169 5097 Iudaeos,
1207 5030 1362 5102 quod
1409 5029 1515 5102 ipsi
1544 5047 1675 5085 vere
1706 5032 1838 5085 sunt
1936 5028 2085 5092 meis,
2112 5024 2248 5096 quia
2277 5021 2418 5077 mihi
2451 5039 2510 5077 es
2545 5021 2716 5076 Filius
2748 5021 3267 5080 consubstantialis.
3291 5025 3373 5081 Ne
3403 5045 3537 5087 vero

232 5119 514 5176 scabellum
535 5118 735 5190 pedum
765 5126 999 5187 tuorum,
1031 5117 1091 5173 id
1116 5122 1201 5173 est
1226 5119 1328 5173 tibi
1359 5134 1588 5190 semper
1604 5117 1834 5174 subditi.
1937 5113 2358 5185 intelligeretur
2378 5127 2446 5165 ex
2473 5113 2737 5179 tempore
2750 5106 2981 5180 genitus
2995 5126 3136 5177 esse,
3160 5116 3540 5188 praeponitur,

238 5208 482 5276 Quidam
505 5208 1102 5279 scilicetcognoscent,
1125 5207 1418 5262 venientes
1432 5206 1502 5262 ad
1519 5206 1842 5279 ﬁdem;qui—
1900 5245 1908 5254 .
1941 5213 2107 5259 tecum
2139 5201 2492 5274 principium.
2527 5196 2691 5261 Quod
2719 5201 2803 5252 est
2833 5196 3023 5252 dicere
3054 5216 3067 5254 :
3102 5196 3283 5257 Genui
3309 5210 3377 5272 te,
3404 5222 3538 5280 ego,

237 5300 373 5356 dam
401 5301 596 5353 autem
626 5296 862 5352 tandem
896 5296 952 5352 in
979 5296 1171 5353 futuro
1215 5294 1609 5352 conducentur
1638 5295 1696 5352 in
1720 5295 1841 5368 jus-
1942 5294 2204 5366 inquam,
2232 5288 2476 5344 existens
2495 5293 2666 5343 tecum
2678 5284 3009 5356 principium
3034 5287 3297 5346 omnium
3322 5304 3545 5368 rerum,

236 5393 357 5449 tam
390 5385 852 5444 damnationem.
1945 5382 2175 5449 scilicet,
2204 5376 2281 5433 sic
2308 5384 2357 5433 te
2382 5375 2544 5449 genui
2577 5376 2641 5429 ut
2674 5376 2874 5431 tamen
2905 5374 3255 5450 principium
3281 5384 3550 5448 omnium

309 5475 628 5541 Notandum
656 5473 814 5552 quod
844 5490 963 5533 non
990 5473 1121 5533 ideo
1154 5472 1289 5533 dicit
1312 5490 1447 5533 eum
1478 5492 1510 5533 a
1539 5473 1740 5546 dextris
1760 5491 1824 5535 se

1947 5485 2146 5533 verum
2171 5465 2376 5545 simus,
2398 5464 2458 5523 id
2495 5464 2580 5522 est
2608 5464 2671 5521 ut
2692 5464 3028 5524 comtel‘uus
3055 5463 3201 5524 mihi
3220 5465 3567 5561 εἰθηιὶνιρὶπ

560 5576 795 5637 Punon.
843 5573 998 5637 CLII.

3252 5567 3324 5650 δὴ
