3998 6026
478 204 505 273 ἰ
522 210 623 275 227

1088 210 1149 273 s.
1173 203 1523 273 BBUNONlS
1554 196 2186 272 caninhsmnonuu
2212 198 2689 271 ‘INsrrru’roms
2729 206 2883 270 OPP.
2922 206 3120 270 mas.
3152 196 3184 267 Ἰ

3651 204 3819 266 ἶὲἒδ

475 342 610 398 licet
640 347 698 398 et
721 358 826 415 per
864 345 919 399 te
950 327 1154 399 omnia.
1186 342 1340 399 facta
1383 342 1519 411 sint,
1555 342 1699 398 sicut
1737 359 1843 414 per
1873 358 1988 398 me.
2023 342 2089 396 Et
2111 342 2496 403 Asecundum
2518 341 2892 414 multiplicem
2925 339 3437 412 dignitatem,qua2
3454 336 3819 393 considera-

476 430 628 487 bene
656 431 822 504 ponit
840 447 959 487 non
985 446 1217 487 mecum
1233 433 1585 502 principium,
1621 431 1721 485 sed
1759 436 1929 485 tecum
1936 432 2086 501 prin-

473 521 696 590 cipium.
731 518 789 575 Si
820 520 976 576 enim
1026 525 1271 591 poneret
1296 524 1360 575 tu
1389 536 1449 574 es
1482 535 1709 575 mecum
1733 521 2082 591 principium,

473 611 668 681 posset
714 625 749 664 a
794 609 946 664 male
1004 608 1461 680 intelligentibus
1492 607 1695 676 errari,
1727 611 1792 662 ut
1827 623 1932 678 per
1977 607 2086 661 hoc

474 699 706 753 Patrem
740 698 1026 769 majorem
1054 696 1191 753 Filio
1224 696 1502 752 dicerent.
1519 696 1805 752 Caeterum
1829 713 1960 752 cum
1982 712 2085 767 po-

477 785 568 841 nit
596 801 704 858 ego
736 802 862 841 sum
906 794 1076 841 tecum
1106 786 1461 857 principium,
1504 803 1632 841 cum
1668 785 1807 840 nulli
1848 784 2085 840 dubium

474 874 549 928 sit
575 875 807 929 Patrem
839 890 958 930 non
1002 890 1122 929 esse
1153 872 1292 929 Filio
1334 873 1647 941 minorem,
1679 874 1882 946 procul
1912 872 2085 928 dubio

476 977 585 1035 per
619 961 730 1018 hoc
759 962 1022 1017 innuitur
1046 978 1181 1017 eum
1217 977 1339 1017 esse
1364 961 1557 1017 eidem
1569 961 1708 1017 Filio
1730 965 2085 1017 coaeternum

479 1053 539 1106 et
566 1051 940 1123 coasqualem.

549 1139 811 1195 Ostendit
839 1139 1015 1195 etiam
1046 1138 1106 1195 in
1142 1156 1258 1212 qua
1290 1145 1498 1197 natura
1529 1157 1664 1196 eum
1693 1140 1914 1213 genuit,
1947 1143 2004 1194 et
2034 1139 2086 1195 ei

476 1231 797 1284 coaeternus
823 1231 882 1283 et
912 1229 1217 1300 coaequalis
1242 1229 1336 1297 sit,
1372 1246 1503 1284 cum
1529 1230 1689 1285 addit
1717 1246 1730 1283 :
1762 1229 1832 1282 In
1864 1228 1948 1284 die
1976 1231 2084 1283 vir-

478 1319 605 1371 tutis
633 1323 742 1373 tua»
779 1318 837 1370 in
875 1316 1234 1387 splendoribus
1276 1325 1599 1373 sanctorum.
1649 1317 1814 1382 Quod
1857 1317 1935 1372 sic
1983 1317 2083 1373 ad-

478 1406 738 1475 aptatur:
756 1401 953 1469 Genui,
973 1402 1212 1475 inquam
1225 1406 1322 1471 ,te,
1343 1407 1401 1458 et
1417 1421 1544 1459 sum
1557 1410 1727 1458 tecum
1737 1407 2058 1475 principium
2068 1447 2082 1473 ,

478 1494 540 1547 et
567 1492 676 1547 hoc
705 1493 762 1545 in
792 1491 879 1546 die
906 1492 1120 1545 virtutis
1151 1498 1275 1558 tum,
1308 1495 1367 1546 et
1394 1493 1456 1547 in
1488 1492 1851 1563 splendoribus
1877 1500 2082 1548 sancto-

479 1596 624 1648 rum,
646 1579 704 1634 id
724 1579 901 1648 est,in
931 1596 1001 1635 ea
1027 1583 1236 1635 natura
1260 1581 1527 1652 tegenui,
1548 1581 1609 1635 in
1632 1597 1746 1652 qua
1760 1585 1819 1636 tu
1851 1598 1913 1636 es
1941 1582 2082 1647 dies,

2184 433 2278 485 tur
2291 430 2604 485 ordinatim
2618 430 2676 485 in
2697 429 3125 485 Melchisedech.
3144 427 3550 485 Melchisedech
3575 426 3820 498 quippe

2184 521 2519 591 rexjuslitia’
2553 518 2986 590 interpretatur,
3007 517 3102 590 qui
3120 517 3229 572 fuit
3263 533 3363 571 rex
3395 516 3611 581 Salem,
3632 515 3692 569 id
3723 519 3817 567 est

2186 628 2217 660 «
2238 624 2337 662 rex
2367 608 2522 679 pacis
2553 608 2676 662 sine
2707 610 2892 678 patre,
2924 607 3047 661 sine
3094 609 3303 673 matre,
3338 621 3524 678 neque
3555 602 3813 658 initium

2187 696 2414 751 dierum
2444 713 2629 768 neque
2661 696 2840 750 finem
2882 694 3010 749 vitae
3057 693 3278 750 habens
3305 693 3491 763 (Hebr.
3520 708 3622 759 vn,
3658 693 3741 762 3).
3788 711 3816 737 ιν
3896 728 3899 735 -

2184 784 2312 839 Νοη
2341 787 2539 838 tamen
2567 787 2629 838 ut
2656 784 2737 837 ita
2758 786 2906 839 esset
2931 783 2989 837 in
3020 799 3104 849 re,
3133 782 3232 837 sed
3275 779 3410 836 ideo
3438 779 3651 835 dicitur
3678 794 3814 833 esse.

2185 871 2307 928 sine
2338 876 2523 946 patre,
2555 872 2680 928 sine
2705 875 2913 939 matre,
2940 871 3052 927 sive
3084 871 3155 926 de
3199 870 3387 936 initio,
3420 870 3536 924 sive
3564 869 3641 924 de
3682 869 3812 923 ﬁne

2186 961 2409 1017 dierum
2468 962 2757 1028 habuisse,
2811 959 3087 1033 quoniam
3145 959 3203 1014 in
3252 958 3488 1014 historia
3529 957 3678 1011 nihil
3728 956 3811 1010 de

2184 1053 2370 1123 patre,
2401 1049 2544 1104 nihil
2577 1049 2647 1105 de
2678 1052 2886 1116 matre,
2926 1064 3115 1119 neque
3136 1046 3363 1101 initium
3392 1062 3580 1117 neque
3617 1043 3807 1098 ﬁnem

2185 1137 2410 1192 dierum
2436 1137 2559 1208 ejus
2588 1137 2817 1208 legitur.
2860 1138 2967 1191 Iste
3001 1151 3231 1207 quoque
3255 1132 3667 1193 Melchisedech
3710 1146 3812 1185 sa-

2185 1226 2388 1281 cerdos
2416 1225 2689 1280 Altissimi
2716 1225 2926 1297 legitur
2964 1224 3156 1291 fuisse,
3189 1224 3247 1277 et
3277 1220 3443 1293 panis
3470 1221 3529 1274 et
3557 1218 3678 1272 vini
3709 1233 3809 1271 sa-

2186 1314 2462 1368 crificium
2513 1314 2805 1369 obtulisse.
2850 1314 2978 1367 Haec
3018 1311 3195 1383 igitur
3233 1309 3433 1364 omnia
3473 1307 3531 1361 in
3572 1305 3808 1362 Christo

2185 1401 2533 1457 considerari
2565 1404 2900 1473 potuerunt,
2929 1398 3025 1472 qui
3050 1398 3324 1453 nimirum
3347 1396 3584 1466 justitiam
3610 1411 3713 1449 rex
3742 1398 3811 1447 et

2185 1491 2356 1546 totius
2388 1490 2542 1562 pacis
2572 1492 2678 1558 est,
2710 1489 2959 1544 existens
2990 1488 3112 1542 sine
3142 1491 3305 1558 patre
3336 1484 3652 1539 secundum
3692 1484 3808 1538 hu-

2184 1579 2552 1644 manitatem,
2581 1582 2639 1632 et
2668 1577 2788 1632 sine
2820 1580 3028 1643 matre,
3047 1580 3104 1630 et
3129 1576 3344 1646 absque
3376 1573 3539 1628 initio
3569 1572 3807 1626 dierum

476 1667 713 1736 scilicet,
742 1667 1062 1723 secundum
1111 1667 1470 1723 divinitatem
1504 1674 1553 1723 te
1587 1671 1768 1739 genui,
1800 1671 1858 1723 et
1892 1671 2080 1724 tecum
2102 1686 2156 1749 Β
2184 1672 2240 1723 et
2269 1668 2384 1722 fine
2413 1667 2727 1723 secundum
2760 1666 3154 1733 divinitatem;
3189 1664 3308 1736 qui,
3340 1663 3517 1717 etiam
3532 1660 3811 1716 sacerdos

480 1768 609 1812 sum
637 1756 1009 1830 principium,
1045 1773 1172 1828 quin
1203 1756 1325 1811 dies
1364 1760 1469 1821 est,
1506 1757 1564 1812 id
1606 1762 1691 1813 est
1733 1757 1821 1812 die
1856 1758 2081 1815 clarior.

480 1844 646 1900 Unde
685 1844 756 1900 de
787 1862 846 1900 se
877 1844 1131 1900 Christus
1166 1845 1306 1899 dicit
1336 1861 1350 1900 :
1383 1868 1409 1896 υ
1450 1846 1566 1917 Ego
1598 1862 1724 1900 sum
1755 1846 1851 1901 lux
1881 1846 2085 1901 mundi

481 1933 670 2002 (Joan.
689 1950 807 2002 vm,
838 1934 945 2005 l2).
982 1955 1009 1983 ››
1025 1932 1095 1987 In
1117 1932 1222 2003 die,
1250 1934 1510 2007 inquam,
1528 1936 1744 1989 virtutis
1772 1941 1897 2002 tum,
1930 1934 2089 1989 idest

482 2022 756 2093 potentias
785 2024 920 2089 tum,
954 2021 1186 2090 scilicet,
1222 2039 1348 2095 quas
1380 2022 1643 2078 divinitas
1687 2026 1774 2078 est
1814 2024 1993 2078 virtus
2031 2027 2089 2078 et

481 2110 744 2184 potentia
772 2113 901 2178 tua;
933 2113 992 2165 et
1020 2113 1079 2165 in
1111 2110 1471 2181 splendoribus
1497 2118 1807 2166 sanctorum
1833 2114 1996 2181 genui
2016 2118 2084 2179 te,

484 2201 544 2253 et
571 2214 699 2253 sum
746 2205 916 2253 tecum
947 2200 1298 2269 principium,
1330 2198 1389 2253 id
1420 2202 1506 2254 est
1529 2199 1736 2256 eadem
1768 2199 2084 2267 divinitate,

483 2298 589 2359 per
603 2303 778 2359 quam
792 2290 1019 2342 sanctos
1038 2286 1369 2358 splendidos
1386 2286 1543 2356 facis;
1561 2287 1807 2360 ideoque
1819 2288 2091 2359 splendor

483 2378 815 2429 sanctorum
845 2374 1053 2429 dicitur
1081 2374 1277 2445 (Hebr.
1301 2391 1340 2442 1,
1373 2373 1449 2447 3).
1476 2376 1544 2430 Et
1567 2376 1717 2431 bene
1750 2375 1983 2448 quidem
2011 2376 2093 2430 di-

450 2459 632 2529 ;citur
656 2462 954 2533 pluraliter
974 2461 1329 2532 splendores,
1353 2478 1421 2517 eo
1445 2463 1620 2534 quod.
1645 2465 1835 2533 plures
1866 2467 2092 2518 sanctos

481 2549 543 2605 in
564 2548 825 2605 moribus
838 2548 1220 2622 splendiﬁcat.
1250 2550 1349 2605 Vel
1369 2549 1448 2604 sic
1476 2566 1490 2604 :
1524 2549 1665 2605 Sum
1694 2557 1865 2605 tecum
1888 2553 2090 2623 princi-

400 2702 406 2707 ε
470 2638 657 2710 pium,
688 2636 748 2692 id
778 2640 864 2693 est
893 2640 1217 2692 coaeternus
1246 2640 1305 2692 et
1329 2638 1654 2711 coasqualis,
1688 2641 1744 2692 in
1772 2639 1857 2693 die
1884 2642 2093 2693 virtutis

483 2736 610 2796 tuae,
642 2726 700 2782 id
731 2728 817 2781 est
842 2725 902 2780 in
934 2724 1255 2794 divinitate,
1288 2728 1346 2781 et
1388 2728 1443 2780 in
1483 2726 1841 2799 splendoribus
1886 2734 2091 2781 sancto-

482 2833 623 2884 rum,
648 2814 708 2870 id
739 2816 825 2869 est
866 2814 926 2868 in
964 2814 1291 2886 tequ‘alitate
1331 2814 1704 2886 splendorum
1736 2818 2090 2884 sanctorum,

481 2903 716 2969 scilicet,
754 2901 815 2956 in
852 2902 1180 2975 aequalitate
1216 2902 1399 2957 sancti
1449 2900 1714 2974 Spiritus,
1766 2918 1871 2974 per
1917 2919 2091 2975 quem

481 3008 688 3047 omnes
706 2963 894 3046 sancti
917 2963 1410 3063 splendificantur,
1442 2963 1540 3063 qui
1569 2963 1785 3062 plurali
1815 2963 2091 3046 vocabulo
2113 2963 2162 3022 Ο

480 3080 816 3154 splendores
843 3078 1130 3146 dicuntur,
1158 3083 1397 3151 propter
1425 3079 1820 3151 septiformem
1843 3080 2087 3151 gratiam

482 3170 624 3240 ejus.
656 3170 736 3223 Ac
767 3166 814 3222 si
841 3166 995 3222 dicat
1034 3183 1047 3222 :
1089 3165 1211 3237 Ego
1241 3170 1300 3222 et
1327 3169 1390 3221 tu
1411 3168 1741 3238 principium
1771 3183 1987 3235 sumus,
2032 3167 2091 3221 id

481 3259 568 3310 est
595 3252 868 3310 comterni
896 3258 955 3308 et
978 3253 1429 3326 coaequales.Ve1
1442 3253 1520 3308 sic
1537 3255 1720 3309 multo
1752 3254 1957 3309 melius
1976 3254 2092 3327 legi

480 3345 675 3414 potest
699 3359 713 3396 :
737 3341 935 3409 Genui,
960 3341 1223 3413 inquam,
1245 3348 1313 3405 te,
1336 3345 1527 3397 tecum
1561 3342 1857 3398 existendo
1886 3345 2090 3414 princi-

469 3433 648 3503 pium,
679 3429 835 3502 quod
865 3429 1060 3502 palam
1090 3429 1200 3484 erit
1225 3445 1319 3484 me
1347 3431 1405 3484 te
1421 3429 1768 3500 genuisse,et
1791 3437 1959 3486 tecum
1972 3448 2092 3488 esse

472 3520 803 3592 principium
830 3520 887 3573 in
914 3515 999 3572 die
1024 3518 1238 3572 virtutis
1278 3524 1404 3587 tua’,
1452 3518 1513 3573 id
1553 3521 1640 3573 est
1668 3517 1727 3573 in
1755 3518 1848 3575 die
1866 3520 2088 3592 judicii,

478 3610 540 3665 in
571 3624 687 3682 quo
720 3606 1029 3663 manifesta
1068 3606 1177 3662 erit
1215 3606 1394 3665 .virtus
1431 3610 1552 3675 tua,
1587 3624 1715 3679 quae
1747 3609 1923 3665 modo
1972 3626 2091 3666 non

481 3697 755 3754 omnibus
779 3699 1040 3770 apparet.
1074 3696 1143 3751 Et
1170 3696 1363 3768 palam
1394 3696 1570 3752 eritin
1584 3696 1947 3770 splendoribus
1973 3717 2095 3754 san-

480 3793 708 3855 clarum,
728 3784 789 3840 id
821 3769 909 3840 est
942 3787 998 3839 in
1039 3784 1125 3839 die
1162 3783 1260 3839 illa
1298 3786 1510 3839 virtutis
1761 3792 1866 3841 tua!
1890 3782 1950 3842 in
1981 3805 2095 3860 qua

484 3879 713 3931 sanctos
737 3877 866 3929 tuos
885 3873 945 3928 in
974 3876 1257 3928 aeternum
1272 3872 1606 3945 splendidos
1620 3873 1813 3930 facies.
1832 3874 1996 3939 Quod
2010 3880 2096 3931 est

486 3964 677 4019 dicere
707 3980 720 4018 :
751 3964 861 4018 Per
910 3966 1138 4018 sanctos
1174 3964 1303 4018 tuos
1335 3977 1478 4034 quos
1522 3964 1579 4016 in
1616 3963 1701 4017 die
1746 3966 1959 4019 virtutis
1990 3972 2095 4020 tua;-

483 4051 817 4125 splendidos
844 4050 1249 4121 facies,palam
1281 4049 1389 4104 erit
1418 4049 1575 4121 quod
1600 4050 1742 4105 mihi
1776 4055 2096 4107 coasternus

483 4154 547 4193 es
575 4139 634 4192 et
662 4135 968 4207 cozequalis
1015 4140 1073 4190 et
1110 4135 1631 4192 consubstantialis.
1674 4140 1988 4211 Postquam
2028 4158 2095 4196 ex

2184 1756 2455 1812 Altissimi
2484 1757 2666 1811 Patris
2696 1755 2963 1818 existens,
2993 1754 3111 1808 veri
3138 1752 3304 1824 panis
3343 1756 3402 1806 et
3420 1750 3557 1816 vini,
3584 1750 3811 1804 scilicet

2186 1844 2441 1918 corporis
2460 1845 2543 1899 sui
2575 1848 2746 1917 atque
2776 1840 3447 1914 sanguinis,sacrilicium
3474 1840 3529 1894 in
3559 1854 3662 1893 ara
3681 1854 3814 1892 cru-

2187 1933 2265 1988 cis
2298 1933 2527 1988 obtulit.
2565 1933 2647 1987 Tu
2690 1950 2760 2001 es,
2809 1933 3072 2004 inquam,
3119 1929 3328 1985 secedas
3380 1928 3664 1983 secundum
3715 1943 3811 1980 or-

2187 2022 2359 2076 dinem
2410 2020 2825 2085 Melchisedech;
2859 2024 2916 2074 et
2944 2020 3052 2075 hoc
3094 2021 3149 2073 in
3195 2025 3475 2081 mternum,
3506 2016 3562 2071 id
3604 2018 3697 2070 est
3728 2015 3815 2068 ita

2188 2113 2251 2165 ut
2271 2110 2657 2165 sacerdotium
2675 2114 2838 2164 tuum
2852 2108 2910 2163 in
2925 2109 3049 2164 loco
3066 2104 3369 2162 sacerdotii
3396 2103 3647 2171 Levitici,
3671 2104 3809 2174 jam

2189 2197 2464 2265 evacuati,
2489 2196 2805 2252 admissum
2835 2196 2927 2263 sit,
2955 2196 3169 2251 durans
3187 2193 3247 2248 in
3273 2197 3556 2248 aeternum
3582 2191 3642 2245 in
3671 2193 3813 2245 teet

2189 2285 2248 2341 in
2276 2286 2405 2340 tuis.
2435 2287 2498 2340 In
2528 2286 2612 2340 sui
2645 2285 2881 2358 quidem
2896 2281 3489 2356 personasacerdosin
3511 2282 3807 2334 internum

2192 2373 2419 2442 dicitur,
2460 2390 2580 2429 non
2613 2374 2767 2446 quod
2800 2372 3140 2428 sacriﬁcium
3178 2369 3437 2441 corporis
3467 2371 3636 2440 atque
3663 2384 3808 2421 san-

2192 2463 2382 2535 guinis
2404 2463 2463 2517 in
2493 2466 2773 2517 internum
2789 2459 3173 2533 oll'erat,quod
3196 2462 3424 2514 tantum
3442 2457 3621 2512 semel
3636 2456 3808 2510 obtu-

2190 2550 2277 2617 lit,
2309 2550 2409 2605 sed
2447 2551 2718 2622 quoniam
2752 2550 2810 2604 in
2837 2553 3122 2605 internum
3172 2564 3276 2619 pro
3322 2546 3451 2601 ﬁliis
3490 2549 3616 2600 orat
3644 2542 3803 2614 apud

2193 2640 2446 2694 Patrem.
2481 2638 2859 2694 Sacerdotum
2875 2637 3031 2692 enim
3056 2653 3173 2692 non
3199 2638 3425 2690 tantum
3452 2636 3537 2689 est
3565 2633 3803 2698 offerre,

2195 2728 2294 2782 sed
2327 2730 2384 2782 et
2410 2744 2514 2800 pro
2547 2729 2760 2800 populo
2775 2728 3039 2799 orachn
3066 2725 3179 2780 suis
3206 2726 3397 2778 autem
3429 2721 3695 2777 sacerdos
3718 2723 3805 2774 est

2194 2815 2252 2870 in
2267 2820 2547 2871 mternum
2559 2859 2573 2885 ,
2599 2820 2655 2871 et
2668 2816 2983 2871 secundum
3002 2813 3355 2869 oblationem
3371 2828 3545 2884 quam
3568 2810 3626 2864 in
3640 2813 3806 2864 mter-

2195 2923 2358 2973 num,
2380 2906 2438 2960 id
2453 2909 2541 2961 est
2566 2922 2742 2977 usque
2770 2905 2842 2959 ad
2861 2905 3039 2958 finem
3062 2900 3263 2957 mundi
3286 2900 3504 2972 jugiter
3528 2898 3803 2964 offerunt,

2193 2994 2576 3050 etsecundum
2602 2994 2948 3048 orationem.
2970 2990 3236 3056 Quotidie
3266 3004 3519 3060 namque
3543 2986 3809 3041 sacerdoo

2192 3087 2277 3139 tes
2291 3084 2337 3155 ej
2350 3082 2484 3155 usZet
2501 3082 2854 3138 oblationem
2874 3079 3158 3136 Dominici
3171 3078 3425 3151 corporis
3436 3082 3493 3132 et
3507 3075 3808 3147 sanguinis

2193 3172 2463 3238 offerunt,
2483 3174 2539 3225 et
2556 3188 2658 3243 pro
2682 3171 2894 3242 populo
2911 3168 3232 3223 orationem
3248 3167 3519 3222 fundunt.
3535 3165 3807 3236 Congrue

2191 3276 2328 3315 sane
2359 3259 2525 3330 ponit
2564 3275 2695 3313 cum
2735 3259 3070 3329 juramento
3106 3254 3289 3310 Patris
3318 3271 3451 3309 eum
3481 3251 3807 3308 sacerdotem

2190 3348 2480 3405 secundum
2510 3347 2751 3401 ordinem
2776 3345 3153 3400 Melchisedech
3194 3346 3249 3397 in
3287 3349 3541 3397 aeternum
3586 3340 3806 3395 consti-

2191 3440 2382 3491 tutum
2414 3453 2555 3504 esse,
2584 3438 2648 3490 ut
2673 3436 2878 3490 innuat
2913 3451 2980 3489 ex
3011 3437 3132 3489 toto
3163 3432 3408 3487 firmiter
3434 3434 3492 3486 et
3516 3431 3809 3499 irrecupe-

2192 3524 2453 3582 rabiliter
2504 3523 2893 3579 sacerdotium
2938 3521 3273 3587 Leviticum,
3310 3520 3367 3573 in
3416 3517 3807 3574 sacerdotium

2191 3615 2598 3679 Melchisedech
2626 3614 3042 3670 commutatum
3075 3626 3215 3665 esse.

2264 3706 2576 3775 Postquam
2605 3703 2675 3758 de
2703 3703 2825 3773 ejus
2840 3698 3159 3756 sacerdotio
3182 3714 3248 3753 ex
3262 3696 3600 3752 auctoritate
3623 3694 3805 3749 Patris

2194 3792 2332 3865 egit,
2367 3793 2437 3847 de
2457 3791 2632 3864 ipsius
2649 3790 2865 3845 ultione
2887 3793 2944 3844 et
2968 3786 3187 3860 judicio
3214 3788 3406 3842 futuro
3427 3785 3548 3856 agit
3569 3785 3647 3840 sic
3674 3785 3799 3849 :Tu,

2194 3898 2227 3937 ο
2253 3881 2497 3938 Domine
2541 3882 2729 3948 Pater,
2774 3878 2963 3933 dixisti
2992 3877 3222 3933 Domino
3248 3892 3381 3942 meo,
3414 3875 3636 3929 Christo
3664 3874 3802 3928 Filio

2193 3971 2293 4024 tuo
2337 3987 2349 4024 :
2391 3968 2528 4024 Sede
2561 3986 2592 4021 a
2632 3968 2837 4023 dextris
2862 3967 3016 4032 meis,
3057 3968 3189 4032 etc.,
3224 3967 3282 4018 et
3310 3963 3430 4035 ipse
3470 3959 3738 4015 Dominus
3767 3977 3801 4013 α

2193 4056 2390 4111 dextris
2420 4057 2523 4109 tuis
2553 4056 2759 4111 sedens
2786 4054 3069 4123 con/regit,
3096 4052 3155 4107 id
3187 4055 3270 4106 est
3294 4055 3526 4104 internae
3561 4049 3799 4103 damna-

2192 4144 2365 4199 tionis
2382 4143 2771 4199 cont‘ractione
2791 4142 3143 4213 confringet,
3159 4156 3277 4194 non
3306 4140 3495 4193 solum
3520 4138 3805 4203 minores,

484 4224 664 4299 ipsius
692 4222 876 4280 Patris
891 4223 1237 4279 auctoritate
1262 4226 1663 4298 comprobavit
1685 4228 1974 4285 Christum
1988 4231 2094 4286 Pa-
2119 4251 2172 4310 D
2194 4232 2295 4287 sed
2320 4236 2378 4286 et
2406 4249 2546 4303 reges
2576 4231 2680 4285 sibi
2703 4230 2793 4287 hic
2837 4231 3222 4297 adversantes,
3262 4230 3317 4282 in
3354 4227 3439 4281 die
3483 4229 3603 4294 ira»,
3631 4226 3691 4281 id
3722 4230 3809 4280 est

482 4314 560 4370 tri
591 4316 1046 4386 conregnare,et
1071 4311 1178 4383 ipsi
1201 4313 1752 4370 consubstantialem
1777 4320 1835 4372 et
1864 4322 2097 4374 coaeter-

484 4418 629 4458 num
647 4405 705 4457 et
720 4402 1072 4474 coeaqualem
1090 4417 1232 4470 esse,
1254 4417 1322 4456 ex
1335 4401 1538 4457 eadem
1552 4404 1892 4461 auctoritate
1915 4408 2095 4463 Patris

485 4492 830 4562 comprobat
868 4507 971 4562 per
995 4507 1129 4545 eum
1160 4490 1519 4546 sacerdotem
1558 4492 1799 4563 factum,
1827 4497 2092 4552 sacerdo-

486 4580 635 4634 tium
682 4578 992 4634 Leviticum
1036 4579 1096 4634 in
1142 4579 1529 4636 sacerdotium
1585 4583 1994 4640 Melchisedech
2033 4586 2094 4641 in

2194 4320 2459 4375 vindicta:
2488 4320 2843 4389 suae,scilicet
2868 4319 2926 4373 in
2961 4317 3051 4372 die
3070 4317 3295 4388 judicii,
3325 4315 3383 4369 in
3417 4331 3532 4387 quo
3558 4313 3805 4368 vindicta

2194 4425 2297 4464 sua
2327 4407 2634 4463 manifesta
2675 4408 2803 4463 erit.
2837 4408 2905 4462 Et
2933 4410 3071 4461 tunc
3099 4403 3377 4475 judicabit
3397 4405 3452 4456 in
3477 4401 3805 4467 nationibus,

2194 4498 2251 4553 id
2283 4501 2367 4553 est
2389 4496 2671 4568 judicium
2702 4495 2874 4551 faciet
2900 4510 3130 4566 aequum
3160 4493 3218 4547 in
3252 4492 3521 4547 omnibus
3549 4489 3804 4543 fidelium

2196 4590 2253 4640 et
2278 4585 2598 4640 inﬁdelium
2636 4584 2971 4656 generibus;
3016 4586 3074 4637 et
3111 4598 3215 4652 per
3236 4580 3520 4651 judicium
3548 4578 3688 4632 illud
3715 4581 3810 4631 im-

489 4671 910 4723 mternumesse
930 4668 2095 4741 commutandum,sic:Dixi,oincreduli
2185 4674 2352 4745 plebit
2404 4676 2610 4739 ruinas,
2651 4672 2711 4727 id
2756 4675 2842 4726 est
2890 4687 3023 4726 suos
3071 4670 3168 4743 qui
3213 4685 3271 4723 se
3329 4668 3420 4722 hic
3462 4666 3697 4721 diruunt
3752 4670 3809 4719 et

489 4755 693 4824 Judaei,
727 4755 881 4829 quod
910 4754 1175 4809 Dominus
1201 4755 1372 4811 Pater
1410 4757 1572 4827 dixit,
1592 4759 1650 4814 id
1678 4765 1781 4828 est,
1811 4761 1961 4818 dicet
1983 4763 2095 4817 Do-

490 4847 642 4902 mino
671 4846 844 4902 Filio:
869 4842 1007 4900 Sede
1028 4861 1061 4897 a
1089 4843 1290 4898 dextris
1318 4847 1469 4913 meis,
1509 4850 1642 4916 etc.;
1671 4852 1729 4903 et
1762 4867 1879 4905 non
1911 4853 2095 4907 solum

490 4936 623 5006 hoc,
638 4933 735 4990 sed
753 4934 928 4990 etiam
932 4933 1166 5004 juravit,
1184 4932 1241 4987 id
1264 4936 1349 4988 est
1360 4934 1599 5004 jurabit,
1624 4938 1887 4993 Dominus
1909 4941 2096 5009 Pater,

490 5022 553 5078 id
582 5025 667 5077 est
697 5020 941 5076 ﬁrmiter
969 5020 1119 5076 dicet
1138 5023 1195 5075 et
1212 5021 1790 5093 promittetinteriori
1806 5026 2099 5098 juratione

492 5110 743 5167 Domino
774 5109 1001 5177 Filio,et
1028 5109 1107 5165 sic
1133 5109 1288 5182 quod
1318 5127 1424 5164 non
1443 5113 2017 5184 ptrnitebiteumindc,
2040 5117 2099 5172 id

493 5201 581 5254 est
606 5216 725 5255 non
758 5197 1452 5271 immutabitpromissum
1470 5204 1762 5269 suum,asi
1775 5205 2097 5260 militudine

440 5324 446 5330 -
492 5286 847 5359 pcenitentis.
867 5286 1387 5360 Jurabit,inquam,
1411 5292 1608 5345 etecce
1624 5292 1731 5347 hoc
1738 5292 2095 5363 jurabittibi,

495 5393 530 5434 ο
561 5375 782 5432 Christe
816 5392 829 5432 :
863 5374 948 5429 Tu
977 5391 1028 5429 es
1055 5375 1294 5431 sacerdos
1319 5378 1663 5434 constitutus
1696 5381 1977 5435 secundum
1997 5382 2100 5437 hu-

496 5463 864 5539 manitatem,
892 5463 1206 5522 secundum
1237 5464 1475 5543 ordinem
1498 5466 1900 5544 Melchisedech,
1925 5471 1982 5527 id
2012 5476 2097 5529 est

2195 4763 2523 4829 humiliant,
2580 4776 2697 4816 non
2743 4762 3044 4827 extollunt,
3095 4756 3362 4830 implebit
3408 4753 3805 4811 exsultatione.

2199 4853 2363 4917 Quod
2394 4851 2691 4906 estdicere
2727 4867 2740 4904 :
2778 4849 3033 4904 Humiles
3082 4865 3214 4902 suos
3255 4845 3551 4911 exaltabit,
3592 4847 3651 4898 et
3683 4860 3805 4898 con-

2198 4941 2468 5015 quassabit
2497 4941 2676 5011 capita
2707 4938 3011 5005 multorum
3044 4939 3099 4992 in
3132 4943 3294 5001 terra,
3339 4934 3397 4987 id
3434 4937 3519 4987 est
3549 4936 3808 4987 conteret

2198 5028 2493 5100 superbius
2520 5030 3014 5099 multorum,quas
3044 5025 3261 5080 habent
3291 5022 3347 5077 in
3377 5025 3612 5077 terreno
3644 5020 3806 5083 flore,

2200 5134 2327 5190 quin
2377 5133 2482 5189 per
2532 5117 2721 5188 capita
2770 5117 3141 5181 denotantur,
3198 5129 3268 5167 eo
3317 5110 3473 5183 quod
3527 5109 3652 5163 haec
3682 5124 3812 5179 pars

2199 5207 2256 5261 in
2333 5223 2573 5278 corpore
2646 5205 2949 5262 sublimior
3031 5203 3121 5258 sit.
3209 5200 3374 5257 Unde
3448 5198 3737 5270 propheta
3793 5215 3806 5253 :

2202 5317 2230 5347 ‹‹
2258 5296 2458 5351 Omnis
2483 5296 2641 5351 vallis
2672 5294 3027 5366 implebitur,
3062 5298 3121 5347 et
3149 5290 3342 5346 omnis
3371 5304 3540 5344 mons
3560 5290 3620 5341 et
3656 5287 3813 5342 collis

2194 5368 2822 5463 447humiliahitur
2858 5381 2992 5456 (Isa.
3028 5399 3114 5450 XL,
3142 5381 3205 5451 4;
3248 5378 3382 5433 Luc.
3419 5391 3501 5444 ιιι,
3528 5375 3613 5463 4).
3647 5394 3679 5423 »
3712 5373 3812 5427 Vel

2201 5474 2279 5531 sic
2316 5490 2330 5531 :
2370 5472 2636 5547 Implebit,
2689 5471 2750 5530 id
2788 5474 2875 5529 est
2932 5469 3218 5549 plenarias
3269 5465 3441 5522 faciet
3493 5463 3553 5521 in
3595 5462 3817 5551 futuro,
