4008 6040
218 262 360 336 1229

1227 267 1589 341 'E'xposmo
1624 274 1695 340 IN
1732 271 2068 339 esuries.
2106 310 2177 324 -
2211 274 2405 337 esse
2448 278 2531 337 cx

3401 282 3540 342 1230

218 400 401 451 ruinas
432 398 770 468 inﬁdelium,
802 402 863 455 ut
889 417 1020 456 cum
1064 400 1156 457 hic
1209 419 1268 457 se
1318 419 1422 474 per
1476 408 1710 476 peccata
1740 402 1824 458 di-
1844 409 1900 467 Α
1923 401 2019 471 jus
2049 404 2269 456 natura:
2302 401 2437 469 sint,
2472 417 2685 471 magna
2710 401 3092 474 apparebunt.
3115 400 3406 468 Quoniam
3445 421 3541 460 au-

216 490 410 552 ruant,
444 486 562 557 ipse
588 503 685 543 eos
724 505 790 543 ex
821 493 944 545 toto
980 490 1192 560 diruat,
1232 508 1367 547 cum
1423 493 1480 547 in
1535 496 1823 549 teternum

217 574 538 630 damnabit.
569 578 635 631 Et
663 580 1029 650 conquassabil
1042 584 1216 653 capita
1235 584 1290 635 in
1323 589 1460 635 terra
1489 582 1776 638 multorum
1804 601 1820 637 :

216 663 327 717 hoc
354 680 469 719 non
494 665 854 723 immutatur.
885 670 953 723 Et
983 670 1118 725 inde
1146 670 1252 743 ipsi
1290 674 1452 725 tanta
1500 675 1753 743 potestas
1786 691 1820 728 a

215 752 334 807 Deo
368 754 536 808 Patre
564 754 814 824 dabitur,
848 758 1004 830 quod
1033 762 1088 813 in
1118 760 1390 832 vialiujus
1416 761 1544 815 vita:
1578 762 1819 833 positus,

213 841 450 907 scilicet,
481 844 541 899 in
568 845 674 900 hac
698 848 813 903 vita
845 865 948 921 per
977 865 1154 921 quam
1180 851 1469 920 regressio
1504 852 1570 906 ﬁt
1612 852 1684 907 ad
1714 869 1822 908 cce-

211 928 419 985 lestem
442 933 716 1004 patriam,
776 936 905 990 bibit
949 937 1014 991 de
1056 945 1304 1005 torrente,
1338 938 1398 993 id
1431 941 1517 993 est
1560 940 1720 995 bibet
1747 939 1818 995 de

212 1016 389 1074 calice
416 1020 717 1091 passionis,
751 1039 879 1095 qua:
913 1024 1124 1081 dicitur
1158 1030 1407 1095 torrens,
1444 1044 1512 1083 eo
1554 1028 1710 1100 quod
1750 1027 1818 1082 ad

212 1108 446 1178 tempus
489 1109 617 1177 fuit,
660 1114 718 1165 et
755 1128 957 1168 amara
1005 1114 1150 1170 sicut
1188 1119 1435 1179 torrens,
1473 1116 1569 1188 qui
1612 1116 1722 1172 cito
1755 1133 1822 1171 ex

214 1194 423 1264 pluviis
450 1213 733 1267 crescens,
769 1201 883 1256 cito
923 1201 1137 1271 deﬁcit,
1182 1207 1239 1259 et
1288 1220 1421 1259 cum
1461 1204 1725 1260 turbidus
1754 1206 1825 1261 sit

215 1298 449 1339 amarus
478 1285 552 1340 ad
600 1287 941 1344 bibendum.
979 1291 1048 1345 Et
1084 1300 1400 1364 propterea,
1446 1293 1582 1365 quia
1623 1293 1823 1349 bbere

215 1387 333 1426 non
383 1379 609 1441 renuet,
651 1376 907 1432 exaltabit
961 1380 1111 1435 Deus
1165 1382 1335 1435 Pater
1384 1389 1542 1453 caput
1592 1382 1734 1454 ejus,
1767 1383 1825 1437 id

217 1462 304 1513 est
333 1462 605 1517 exaltabit
642 1465 1065 1521 sublimitatem
1100 1468 1242 1540 ejus,
1280 1472 1343 1523 ut
1391 1486 1545 1539 cum,
1587 1470 1822 1539 scilicet,

215 1548 483 1618 primum
513 1551 571 1605 in
600 1551 936 1609 innocentia
967 1556 1037 1612 sit
1077 1557 1360 1625 sublimis,
1407 1560 1591 1614 multo
1639 1560 1825 1630 magis

218 1636 493 1701 sublimet
521 1656 657 1694 eum
690 1642 882 1697 dando
908 1644 989 1698 illi
1024 1667 1051 1696 «
1081 1661 1321 1714 nomen,
1354 1647 1509 1718 quod
1541 1650 1625 1702 est
1655 1663 1827 1720 super

218 1741 396 1780 omne
427 1744 643 1784 nomen
676 1730 856 1797 (Phil.
888 1748 946 1798 η,
981 1736 1064 1801 9).
1101 1755 1129 1782 ››
1160 1736 1268 1789 Per
1291 1713 1463 1807 caput
1493 1713 1739 1807 quidem-
1756 1753 1823 1791 eo
1853 1713 1901 1774 Β

219 1815 373 1885 quod
396 1818 577 1871 altum
612 1818 685 1872 sit
712 1820 1037 1875 sublimitas
1067 1821 1429 1894 intelligitur.

744 1910 813 1964 IN
840 1910 1161 1967 PSALMUM
1193 1912 1298 1969 CX.

286 1992 503 2048 Titulus
518 1996 820 2053 centesimi
836 1999 1074 2055 decimi:
1092 2000 1352 2056 Alleluia.
1374 2003 1451 2057 Ac
1470 2002 1512 2057 si
1527 2004 1677 2059 dicat
1691 2004 1825 2058 ετο-

217 2083 307 2135 tus
322 2082 422 2137 iste
440 2085 762 2153 psalmusin
779 2087 864 2141 sui
877 2089 1166 2145 evidentia
1181 2090 1453 2146 omnibus
1464 2092 1726 2147 ﬁdelibus
1743 2093 1824 2148 di-
1849 2120 1858 2129 -

216 2169 294 2223 cit
310 2170 546 2239 alleluia,
567 2173 625 2228 id
642 2178 749 2238 est,
764 2175 992 2231 laudate
1012 2178 1192 2233 Deum
1215 2178 1271 2233 in
1293 2178 1632 2250 integritate
1645 2180 1819 2235 dilec-

216 2258 389 2314 tionis
404 2263 462 2314 et
476 2261 644 2317 home
664 2267 1034 2336 operationis.
1061 2268 1348 2340 Propheta
1360 2285 1613 2342 namque
1634 2269 1694 2325 in
1711 2271 1821 2326 hoc

217 2348 441 2417 psalmo
474 2366 672 2423 agens,
704 2369 763 2406 se
793 2355 1189 2410 confessurum
1222 2357 1467 2411 Domino
1498 2358 1559 2412 in
1592 2358 1822 2430 integra

215 2435 522 2492 dilectione
551 2442 610 2494 et
636 2440 803 2495 bonis
832 2443 1105 2513 operibus
1133 2444 1290 2512 dicit,
1319 2445 1630 2501 ostendens
1644 2463 1822 2519 opera

214 2523 372 2580 bona
395 2542 609 2598 magna
632 2545 751 2583 esse
772 2533 831 2585 et
846 2547 879 2585 a
894 2532 1161 2587 Domino.
1182 2534 1248 2588 Et
1262 2550 1391 2606 quae
1409 2533 1523 2588 sint
1550 2534 1646 2589 illa
1665 2535 1821 2591 bona

217 2630 397 2686 opera
424 2616 676 2683 Domini,
696 2621 952 2689 exponit.
975 2621 1041 2676 Et
1060 2621 1189 2676 ideo
1210 2638 1267 2677 se
1289 2623 1686 2679 confessurum
1706 2624 1818 2679 Do-

216 2702 377 2758 mino
392 2703 619 2759 laudem
641 2706 794 2773 dicit,
812 2711 871 2762 ut
894 2708 1090 2764 ﬁdeles
1110 2726 1315 2766 omnes
1329 2710 1400 2765 ad
1420 2711 1817 2767 conﬁtendum

211 2790 478 2859 instruat,
512 2810 655 2864 quos
683 2795 857 2850 etiam
885 2813 1005 2851 esse
1048 2798 1460 2853 inexcusabiles
1490 2800 1561 2854 de
1599 2800 1821 2855 confes-

213 2879 375 2935 sione
398 2881 669 2937 ostendit.
691 2884 833 2940 Tum
861 2884 1014 2952 ideo,
1039 2886 1315 2957 quoniam
1347 2887 1679 2958 ignorantes
1701 2905 1817 2944 non

1928 494 2047 544 tem
2077 490 2448 545 solummodo
2478 490 2700 545 dixerat
2735 507 2747 545 :
2784 489 3110 561 Con/itebor,
3156 496 3213 546 et
3255 496 3384 564 post
3411 494 3538 564 plu-

1924 578 2123 632 raliter
2151 577 2392 644 dixerat,
2425 595 2626 648 magna
2671 596 2849 650 Opera,
2900 596 3016 635 non
3054 580 3403 653 intelligeret
3432 582 3535 636 ali-

1924 667 2052 737 quis
2076 665 2133 719 in
2162 666 2251 720 his
2279 667 2509 722 vocibus
2560 684 2687 739 qua:
2732 672 2865 724 sunt
2896 685 2911 724 :
2946 666 3250 737 Conﬁtebor
3276 670 3396 739 tibi,
3428 670 3537 724 Do-

1922 756 2084 822 mine,
2119 756 2175 807 in
2201 762 2307 809 toto
2336 755 2490 809 corde
2508 772 2641 824 meo,
2671 757 2839 828 plura
2861 758 3017 813 bona
3044 773 3222 829 opera
3241 758 3530 837 denotari,

1924 844 2081 915 quod
2110 848 2308 899 tamen
2355 861 2551 900 verum
2612 850 2716 900 est.
2774 846 3024 918 Ideoque
3069 850 3263 919 posset
3301 848 3529 920 quaeri:

1923 930 2061 995 Quae
2094 932 2233 988 dicis
2264 949 2385 987 esse
2417 950 2635 1006 magna
2659 950 2837 1007 opera
2866 934 3098 990 Domini
3123 935 3151 990 ‘l
3171 935 3259 990 Ad
3284 936 3441 1007 quod
3455 936 3534 991 sic

1924 1020 2085 1075 addit
2118 1038 2131 1075 :
2164 1020 2374 1091 Magna
2404 1039 2561 1093 opera
2592 1022 2819 1077 Domini
2836 1023 2965 1079 dico
2992 1041 3005 1079 :
3041 1024 3205 1079 irem
3242 1041 3419 1080 omnes
3441 1043 3532 1080 vo-

1924 1108 2153 1164 luntates
2177 1111 2311 1181 ejus,
2332 1110 2390 1165 id
2411 1114 2496 1165 est
2508 1111 2739 1184 exsequi
2770 1127 2945 1184 opere
2977 1128 3182 1169 omnes
3206 1114 3529 1170 voluntates

1924 1197 2065 1267 ejus.
2101 1199 2169 1252 Et
2197 1198 2331 1271 quia
2355 1202 2549 1271 posset
2573 1199 2785 1254 iterum
2801 1200 2980 1272 quaeri
3012 1218 3141 1274 qua:
3157 1201 3276 1256 sint
3298 1219 3530 1260 exsecu-

1924 1286 2113 1341 tiones
2154 1288 2516 1343 voluntatum
2553 1289 2698 1359 ejus,
2741 1289 2993 1345 intendit
3041 1291 3151 1345 hoc
3199 1292 3529 1360 ostendere,

1924 1374 2004 1428 sic
2036 1392 2050 1429 :
2086 1375 2224 1430 Ecce
2255 1376 2382 1431 dico
2404 1377 2796 1432 exsecutiones
2822 1379 3189 1434 voluntatum
3212 1380 3354 1451 ejus,
3383 1382 3531 1436 scili-

1924 1467 2037 1531 cet,
2065 1464 2328 1535 confessio
2362 1468 2729 1538 peccatorum
2763 1471 2849 1522 est
2894 1484 3021 1538 opus
3059 1468 3371 1524 voluntatis
3398 1471 3531 1541 ejus,

1927 1551 1984 1606 id
2006 1556 2110 1620 est,
2124 1554 2232 1608 hoc
2245 1554 2364 1608 vult
2384 1554 2503 1625 ipse
2517 1571 2992 1628 unumquemque
3008 1558 3236 1629 operari
3256 1563 3318 1615 ut
3334 1561 3491 1616 humi
3509 1590 3532 1602 -

1924 1640 2060 1695 liter
2079 1644 2315 1714 peccata
2335 1659 2436 1698 sua
2453 1643 2818 1699 conﬁteatur.
2849 1643 2927 1698 Et
2955 1648 3085 1717 post
3113 1647 3534 1705 confessionem

1926 1730 2328 1799 magniﬁcentia
2358 1734 2445 1786 est
2461 1747 2591 1802 opus
2609 1732 2743 1801 ejus,
2768 1731 2824 1786 id
2847 1736 2952 1801 est,
2977 1738 3106 1805 post
3117 1735 3532 1793 ccnfessionem

1925 1818 2044 1873 vult
2066 1822 2128 1873 ut
2152 1819 2404 1875 auxiliati
2435 1820 2509 1875 ab
2534 1821 2664 1891 'ejus
2694 1821 2882 1892 gratia
2935 1838 3039 1893 per
3084 1824 3330 1880 liberum
3377 1826 3531 1881 arbi-

1927 1906 2099 1962 trium
2138 1907 2294 1979 448
2315 1908 2906 1981 operemurinjnobis,
2922 1910 3267 1968 abstinendo
3281 1929 3315 1968 a
3331 1930 3527 1985 pecca-

1925 1994 2015 2062 tis,
2033 1996 2547 2067 magniﬁcentiam,
2562 1996 2620 2051 id
2632 1997 3129 2055 estinnocentiam
3158 2017 3287 2073 quas
3310 2004 3533 2073 magni-

1923 2084 2154 2139 ﬁcentia
2182 2083 2407 2153 dicitur,
2443 2101 2511 2141 eo
2538 2086 2695 2158 quod
2726 2087 2983 2142 animam
3012 2103 3287 2161 magnam
3308 2090 3530 2159 facit,id

1924 2175 2009 2227 est
2038 2174 2156 2228 Deo
2177 2172 2483 2229 honestam
2517 2181 2604 2229 :et
2637 2176 2769 2248 post
2798 2178 2976 2231 etiam
3011 2177 3231 2248 justitia
3269 2182 3355 2234 est
3385 2197 3528 2252 opus

1922 2261 2230 2316 voluntatis
2254 2262 2389 2332 ejus,
2421 2261 2481 2318 id
2509 2266 2596 2318 est
2614 2263 2836 2335 justitia
2865 2265 3140 2322 virtutum
3158 2271 3216 2323 et
3239 2268 3529 2325 bonorum

1923 2366 2189 2421 operum.
2211 2350 2376 2415 Quod
2411 2354 2496 2406 est
2530 2352 2753 2407 dicere:
2776 2353 2906 2408 Vult
2927 2358 2989 2409 ut
3011 2354 3313 2411 virtutibus
3341 2357 3531 2413 adhae-

1922 2453 2172 2506 reamus,
2204 2439 2263 2493 id
2293 2442 2381 2494 est
2410 2439 2484 2494 ad
2507 2440 2664 2511 justa
2694 2442 3155 2512 operainsistere
3175 2448 3507 2517 satagamus

1921 2526 1989 2581 Et
2012 2527 2135 2581 hmc
2156 2527 2383 2598 justitia
2407 2527 2654 2583 existens
2672 2545 2816 2601 opus
2845 2532 2967 2603 ejus
2987 2540 3164 2586 manet
3182 2532 3239 2588 in
3263 2533 3528 2589 ﬁdelibus

1921 2615 2035 2671 suis
2064 2633 2242 2688 usque
2273 2616 2605 2674 m'sa'cnlum
2624 2618 2883 2675 futurum
2913 2621 3337 2678 subsecutivum
3359 2624 3528 2695 hujus

1920 2705 2119 2773 saeculi,
2145 2708 2202 2761 et
2236 2705 2293 2760 in
2329 2705 2440 2762 hoc
2470 2711 2711 2778 apparet
2753 2726 3033 2781 magnum
3064 2710 3203 2782 quid
3243 2728 3397 2780 esse;
3438 2715 3524 2768 vel

1920 2795 1998 2848 sic
2031 2811 2044 2848 :
2079 2794 2198 2848 Dixi
2230 2794 2384 2866 quod
2399 2796 2662 2850 conﬁteri
2681 2797 2927 2852 Domino
2950 2797 3175 2871 integra
3194 2799 3522 2868 dilectione,

1921 2886 1979 2936 et
2009 2881 2269 2937 conﬁteri
2298 2882 2552 2952 perfecta
2578 2884 2934 2955 operatione,
2954 2889 3088 2940 sunt
3117 2903 3332 2959 magna
3348 2903 3526 2961 opera

147 2972 151 2974 ⁷
214 2973 371 3037 sunt,
402 2986 533 3025 cum
563 2971 642 3026 eis
661 2990 766 3045 per
778 2973 1185 3045 praedicatores
1201 2992 1388 3030 escam
1405 2975 1681 3031 doctrinm
1694 2978 1817 3047 jam

1924 2969 2178 3025 Domini.
2195 2970 2261 3023 Et
2278 2970 2384 3024 hoc
2397 2985 2524 3025 com
2533 2971 2852 3038 probatura
2865 2973 3099 3037 minori,
3119 2976 3273 3048 quia,
3287 2977 3520 3047 scilicet,

213 3057 493 3113 Dominus
520 3060 765 3130 dederit,
786 3066 905 3116 tum
941 3063 1078 3135 quia
1100 3079 1218 3117 non
1245 3067 1382 3117 sunt
1410 3063 1482 3118 ad
1512 3064 1621 3120 hoc
1639 3066 1821 3137 impo-

212 3149 423 3214 tentes,
456 3164 587 3203 cum
620 3150 676 3204 in
709 3151 788 3204 eis
819 3153 1098 3208 Dominus
1128 3153 1818 3226 pergratiam,judicium

210 3237 272 3287 et
294 3236 590 3291 veritatem
624 3242 911 3309 operetur,
944 3243 1067 3295 tum
1101 3241 1281 3297 etiam
1314 3257 1383 3297 eo
1410 3242 1563 3314 quod
1590 3244 1727 3299 utile
1748 3245 1819 3300 sit

209 3323 498 3392 conﬁteri,
517 3340 646 3380 cum
673 3328 949 3382 mandata
974 3328 1201 3383 Domini
1228 3329 1345 3385 sint
1363 3330 1574 3385 ﬁdelia.
1600 3332 1665 3385 Et
1685 3334 1819 3404 quia

198 3410 331 3481 jam
364 3412 812 3485 Rcdemptorem
837 3415 1016 3476 misit,
1049 3433 1153 3489 per
1182 3434 1356 3489 quem
1403 3423 1816 3475 testamentum

207 3516 375 3556 suum
410 3502 726 3569 mandavit,
753 3506 814 3557 ut
844 3507 1036 3568 autem
1071 3506 1256 3577 magis
1308 3507 1381 3562 ad
1419 3508 1815 3564 conﬁtendum

207 3588 457 3645 Domino
498 3607 594 3645 eos
624 3590 982 3660 adhortetur,
1032 3595 1341 3650 conﬁrmat
1381 3612 1513 3650 cum
1551 3599 1815 3653 sanctum

212 3692 335 3731 esse
352 3677 839 3745 conﬁtentibus,et
852 3681 1171 3737 terribilem
1187 3684 1448 3739 conﬁteri
1463 3685 1812 3741 nolentibus.

284 3764 590 3838 Conﬁtebor
610 3768 725 3834 tibi,
749 3767 999 3838 Domine,
1021 3774 1075 3824 in
1102 3777 1211 3825 toto
1243 3772 1397 3827 corde
1423 3790 1557 3838 meo,
1576 3774 1812 3842 sc’licet,

209 3853 458 3910 laudabo
483 3859 540 3910 te
554 3857 780 3929 jugiter
802 3857 861 3911 in
896 3861 1018 3913 tota
1046 3858 1353 3915 aﬁ‘ectione
1382 3862 1571 3916 cordis
1590 3863 1726 3931 mei,
1754 3863 1813 3918 in

209 3941 438 4011 integra
456 3942 785 4013 dilectione,
810 3949 869 4000 et
894 3945 1005 4001 hoc
1031 3949 1086 4000 in
1108 3948 1325 4003 consilio
1340 3956 1390 4002 et
1409 3953 1815 4020 congregatione

196 4031 496 4102 justorum,
512 4033 567 4088 id
586 4036 690 4101 est,
714 4034 861 4091 hanc
873 4036 1297 4092 confessionem
1313 4037 1522 4093 faciam
1540 4038 1601 4094 in
1620 4039 1810 4095 imita-

210 4119 368 4175 tione
386 4121 698 4192 justorum,
731 4124 827 4196 qui
860 4126 966 4181 hoc
1010 4142 1127 4181 non
1173 4130 1397 4182 temere
1426 4125 1667 4195 faciunt,
1711 4130 1811 4185 sed

209 4224 341 4263 cum
364 4211 632 4279 consilio;
657 4217 713 4267 et
744 4213 840 4285 qui
867 4215 1031 4287 pauci
1066 4232 1184 4270 non
1213 4218 1367 4285 sunt,
1401 4217 1503 4272 sed
1533 4220 1596 4272 ut
1622 4218 1812 4287 maior

209 4296 281 4351 sit
306 4276 633 4366 auctoritas,
660 4276 1057 4373 con-gregatio,
1090 4304 1153 4359 id
1189 4308 1275 4359 est
1315 4276 1477 4361 multi
1515 4309 1667 4361 sunt.
1702 4276 1811 4362 Der
1834 4276 1886 4337 D

208 4384 318 4440 hoc
344 4386 496 4457 quod
518 4403 577 4441 se
600 4387 736 4443 dicit
757 4391 1064 4445 Dominum
1098 4392 1467 4447 laudaturum
1483 4394 1709 4465 integra
1729 4395 1811 4450 di-

208 4473 475 4539 lectione,
509 4475 680 4530 datur
710 4476 960 4549 intelligi
987 4479 1139 4550 quod
1166 4480 1344 4535 etiam
1391 4481 1647 4535 laudabit
1674 4494 1809 4536 eum

209 4562 365 4619 bona
393 4564 755 4635 operatione,
786 4582 917 4621 cum
951 4566 1180 4638 integra
1211 4566 1441 4622 dilectio
1473 4567 1657 4622 otiosa
1688 4585 1808 4623 esse

208 4668 326 4709 non
359 4653 554 4724 possit,
579 4654 743 4726 juxta
773 4655 911 4710 illud
933 4655 1301 4711 Dominicum
1336 4673 1351 4711 :
1388 4678 1416 4707 ‹‹
1439 4656 1497 4711 Si
1522 4656 1652 4729 quis
1678 4657 1807 4713 dili-

207 4742 292 4813 git
315 4759 430 4812 me,
462 4761 760 4800 sermones
790 4761 952 4800 meos
985 4746 1232 4801 servabit
1260 4745 1446 4817 (Joan.
1487 4761 1597 4815 XIV,
1635 4749 1741 4810 23).
1776 4769 1804 4796 ››

209 4832 528 4901 Can/itebor,
564 4834 826 4905 inquam,
890 4833 1158 4902 Domino,
1206 4838 1264 4888 et
1302 4834 1542 4890 interius
1573 4835 1810 4909 integra

207 4918 511 4976 dilectione
537 4925 595 4976 et
614 4923 860 4977 exterius
884 4922 1037 4978 bona
1067 4922 1421 4996 operatione.
1448 4924 1517 4978 Et
1543 4924 1665 4980 hinc
1685 4941 1805 4997 ope-

207 5023 269 5060 ra
300 5008 560 5063 conﬁteri
586 5010 823 5066 interius
855 5014 912 5066 et
937 5011 1186 5067 exterius
1215 5029 1412 5081 magna
1447 5016 1602 5081 sunt,
1631 5013 1689 5068 id
1724 5015 1809 5068 est

207 5095 477 5165 honesta;
508 5102 568 5153 et
588 5115 703 5154 non
731 5104 863 5154 sunt
885 5117 918 5155 a
948 5117 1065 5168 me,
1093 5101 1192 5156 sed
1212 5105 1343 5156 sunt
1361 5101 1537 5157 etiam
1566 5101 1807 5169 Domini,

207 5183 267 5240 id
293 5188 397 5252 est,
428 5186 550 5242 lucc
579 5187 638 5242 in
671 5205 763 5244 me
797 5190 1077 5245 Dominus
1110 5194 1404 5262 operatur,
1455 5193 1511 5246 et
1552 5192 1810 5263 exquisita

208 5276 360 5342 sunt,
392 5274 450 5329 id
479 5277 566 5331 est
594 5277 768 5333 nimis
814 5279 1075 5351 egregia.
1106 5278 1393 5351 Exquisita
1433 5296 1538 5352 pro
1576 5280 1813 5352 egregia

209 5363 395 5438 ponit,
426 5379 495 5420 eo
516 5365 673 5438 quod
706 5367 845 5423 illud
871 5367 1026 5440 quod
1053 5367 1351 5441 egregium
1370 5371 1476 5436 est,
1508 5368 1813 5441 diligeuter

208 5452 393 5508 soleat
421 5453 663 5527 exquiri.
700 5455 798 5515 Vel
842 5457 920 5512 sic
963 5473 976 5513 :
1017 5456 1145 5512 Haec
1176 5473 1333 5530 opera
1361 5455 1588 5511 Domini
1612 5474 1811 5529 magna

210 5544 368 5617 sunt,
398 5547 675 5621 exquisita,
699 5544 758 5601 id
784 5549 891 5617 est,
936 5544 981 5602 si
1011 5543 1323 5618 diligenter
1356 5544 1690 5624 exquiratur
1721 5562 1812 5605 cu-

1894 3058 2186 3129 ‘con/‘essio
2214 3061 2588 3130 peccatorum
2619 3066 2670 3113 et
2700 3062 3119 3132 magniﬁcentia,
3151 3063 3209 3119 id
3241 3068 3327 3119 est
3352 3065 3522 3121 inno-

1921 3146 2132 3213 centia,
2152 3146 2307 3218 quod
2324 3146 2499 3218 longe
2518 3146 2707 3203 minus
2723 3152 2809 3203 est
2820 3165 2996 3221 quam
3023 3150 3251 3224 integra
3269 3152 3521 3223 dilectio,

1920 3238 2006 3291 est
2025 3250 2159 3307 opus
2178 3234 2409 3305 ejus.'Et
2430 3236 2682 3306 justitia,
2712 3237 2768 3292 id
2792 3242 2878 3293 est
2897 3238 3154 3303 virtutes,
3176 3241 3345 3297 etilla
3370 3242 3527 3299 bona

1919 3324 2205 3396 Operatio,
2237 3340 2365 3396 qum
2390 3341 2505 3380 non
2538 3342 2572 3380 a
2604 3326 2722 3381 Deo
2752 3325 2929 3399 digna
2958 3332 3062 3396 est,
3099 3333 3162 3384 ut
3200 3329 3425 3403 integra
3446 3332 3529 3387 die

1916 3413 2086 3469 lectio
2113 3416 2171 3468 et
2191 3414 2447 3484 perlecta
2477 3414 2735 3485 operatio
2758 3418 2843 3470 est
2868 3432 2995 3487 opus
3013 3418 3147 3488 ejus,
3180 3424 3230 3473 et
3250 3418 3345 3474 illa
3353 3420 3522 3491 justi-

1918 3503 1992 3555 tia
2020 3504 2138 3573 ejus
2164 3509 2339 3557 manet
2370 3506 2569 3558 tamen
2600 3502 2657 3557 in
2688 3502 2945 3575 pluribus
2970 3504 3233 3562 ﬁdelibus
3262 3524 3440 3579 usque
3467 3512 3523 3561 in

1916 3591 2161 3645 sreculum
2190 3590 2388 3658 saeculi,
2420 3591 2481 3646 id
2506 3594 2592 3646 est
2612 3592 2869 3663 quandiu
2893 3593 3000 3648 hoc
3027 3595 3299 3649 sreculum
3326 3595 3516 3664 durat,

1916 3679 2019 3733 etsi
2053 3695 2170 3733 non
2198 3679 2271 3733 sit
2294 3695 2706 3752 usquequaque
2734 3680 3017 3752 perfecta;
3054 3686 3112 3737 et
3126 3683 3347 3755 perhoc
3364 3686 3519 3757 quod

1916 3770 2133 3835 manet,
2166 3770 2390 3822 constat
2411 3767 2567 3840 quod
2599 3784 2884 3841 magnum
2919 3769 3057 3842 quid
3086 3773 3192 3827 est.

1986 3857 2297 3928 Postquam
2327 3873 2386 3911 se
2418 3855 2664 3912 Domino
2697 3856 3095 3913 confessurum
3144 3858 3429 3930 promisit,
3453 3865 3512 3917 et

1913 3945 2184 4000 eamdem
2213 3943 2632 4000 confessionem
2656 3945 2793 4001 satis
2815 3947 3262 4015 commendavit,
3287 3952 3350 4004 ut
3378 3949 3515 4004 ﬁde—

1912 4036 1993 4091 les
2019 4050 2180 4090 novas
2194 4033 2337 4107 legis
2351 4034 2425 4089 ad
2436 4034 2831 4089 conﬁtendum
2846 4035 3094 4091 Domino
3112 4037 3388 4107 attrahat,
3412 4055 3510 4096 eos

1912 4123 2163 4181 ostendit
2179 4140 2295 4179 non
2318 4138 2437 4177 esse
2459 4123 2807 4178 excusabiles
2824 4139 2929 4196 pro
2947 4123 3511 4200 ignorantia,quibus

1911 4229 2101 4269 escam
2120 4210 2395 4267 doctrinm
2424 4211 2700 4267 Dominus
2718 4215 2805 4267 est
2825 4212 3082 4281 daturus,
3105 4214 3183 4270 sic
3204 4232 3216 4269 :
3239 4216 3360 4271 Dixi
3380 4234 3505 4272 con-

1907 4302 2111 4371 ﬁtebor,
2126 4300 2183 4355 id
2197 4302 2283 4354 est
2298 4298 2544 4354 laudabo
2561 4299 2869 4355 Dominum
2884 4300 3112 4372 integra
3127 4302 3433 4360 dilectione
3450 4308 3508 4360 et

1909 4390 2163 4463 perfecta
2183 4387 2540 4460 operatione,
2555 4392 2614 4443 et
2624 4404 2740 4456 vos,
2769 4388 2966 4443 ﬁdeles
2982 4388 3505 4464 NoviTestamenti,

1909 4478 2170 4533 similiter
2192 4475 2715 4543 conﬁtemini,cum
2746 4476 2819 4531 de
2850 4475 3183 4547 ignorantia
3198 4482 3511 4539 excusatio-

1910 4583 2046 4623 nem
2077 4581 2194 4621 non
2217 4564 2497 4620 habeatis.
2530 4564 2673 4618 Nam
2698 4564 2962 4619 Dominus
2991 4568 3288 4623 misericors
3318 4568 3380 4626 in
3401 4586 3504 4628 na-

1907 4658 2039 4711 tura
2065 4661 2114 4710 et
2161 4656 2437 4707 miserator
2479 4652 2792 4708 secundum
2838 4653 3253 4713 exbibitionem
3284 4658 3507 4717 beneﬁ-

1907 4742 2131 4798 ciorum
2175 4742 2489 4797 memoriam
2523 4742 2670 4812 [ccit,
2716 4740 2775 4796 id
2826 4745 2914 4797 est
2954 4742 3145 4813 faciet,
3174 4747 3508 4803 mirabilium

1905 4848 2120 4888 suorum
2150 4829 2789 4903 antiquorum,scilicet,
2821 4831 3111 4889 mirabilia
3140 4850 3242 4890 sua
3274 4834 3336 4889 in
3356 4839 3506 4891 tem-

1906 4938 2048 4995 pore
2076 4923 2306 4994 patrum
2338 4923 2666 4976 nostrorum
2686 4922 3215 4994 operata,quaajam
3242 4927 3508 4995 pertem-

1906 5010 2061 5084 poris
2082 5008 2505 5082 longitudinem
2533 5009 2809 5065 oblivioni
2838 5010 2958 5064 fere
2989 5018 3124 5065 sunt
3158 5012 3394 5080 tradita,
3416 5031 3507 5069 re-

1909 5100 2156 5156 ducctin
2181 5102 2445 5173 tempore
2472 5098 2840 5172 plenitudinis
2888 5098 2961 5153 ad
2999 5100 3369 5171 memoriam,
3400 5103 3511 5160 im-

1909 5189 2214 5263 pendendo
2247 5188 2529 5245 beneﬁcia
2560 5203 2688 5259 qua:
2720 5202 2823 5258 per
2857 5187 3206 5258 mysticailla
3226 5191 3515 5249 mirabilia

1909 5279 2070 5335 fuere
2100 5278 2474 5350 priesignata.
2506 5275 2749 5347 Exponit
2778 5279 2972 5331 autem
3005 5277 3064 5331 in
3082 5281 3244 5351 parte
3276 5296 3520 5352 quomo-

1911 5368 1985 5423 do
2008 5369 2315 5424 memoriam
2344 5365 2481 5421 facit
2506 5363 2838 5421 mirabilium
2878 5381 3121 5433 suorum,
3154 5367 3231 5423 sic
3270 5385 3284 5423 :
3315 5368 3522 5427 Memo-

1911 5458 2071 5525 riam,
2121 5455 2384 5528 inquam,
2423 5452 2597 5509 faciet
2649 5451 2986 5510 mirabilium
3043 5470 3284 5524 suorum,
3315 5460 3374 5515 et
3410 5459 3519 5517 hoc

1912 5544 2090 5604 modo
2111 5541 2351 5624 quidem
2375 5540 2530 5622 quod
2557 5540 2721 5623 dedit,
2752 5540 2812 5598 id
2842 5543 2937 5597 est
2966 5542 3151 5622 dabit,
3191 5559 3360 5609 escam
3387 5546 3533 5630 duca
