3998 6026
522 314 651 384 ιρξη

1131 298 1191 377 's.
1231 296 1576 377 BR‘UNO‘NIS
1617 290 2246 375 CARTHUSIANOR‘UM
2275 291 2748 372 .INSTITUT‘ORIS
2788 304 2942 371 opp.
2984 312 3161 371 PARS
3198 299 3222 370 '1

3708 312 3849 376 l232

516 448 685 503 trime
707 426 1238 509 Novi’l‘estamenti,
1270 440 1328 495 id
1345 443 1429 495 est
1447 456 1608 495 nova:
1631 438 1793 510 legis,
1818 436 2125 493 timentibus
2153 447 2207 506 Α
2235 434 2382 491 betis
2416 435 2665 492 Domino
2700 433 2757 490 in
2789 433 3179 507 completione
3213 432 3627 490 mandatorum
3664 434 3847 507 ipsius

517 554 569 591 se
594 538 748 591 casto
790 534 1023 597 timore,
1075 530 1347 602 apostdlis
1390 527 1627 595 scilicet,
1661 531 1719 581 et
1762 542 1866 597 per
1895 527 2024 581 illos
2052 526 2126 580 ti-

518 626 744 680 mentes
773 619 1104 693 hujusmodi
1134 635 1263 673 esca
1293 617 1563 683 refectos,
1606 633 1807 669 memor
1859 618 1957 668 erit
1984 614 2132 669 illius

518 714 814 767 tesramenti
840 713 941 775 sui,
973 708 1036 763 id
1068 712 1155 762 est
1203 721 1364 762 novae
1413 705 1556 776 legis
1587 720 1764 777 usque
1811 707 1865 757 in
1901 704 2129 757 seeulum

517 804 796 868 futurum,
820 798 1055 863 scilicet,
1097 796 1247 851 illius
1292 811 1453 849 nova:
1490 795 1631 865 legis
1670 810 1773 865 per
1820 793 2131 865 prophetas

514 890 838 964 promissae,
872 902 1048 959 quam
1082 886 1180 939 diu
1236 884 1388 937 visus
1432 886 1519 936 est
1561 881 1835 937 oblivioni
1864 880 2127 948 dedisse;

2233 524 2369 579 Novi
2389 524 2764 579 Testamenti.
2786 525 2855 578 Et
2870 524 2998 578 ideo
3016 523 3202 578 adhuc
3214 524 3569 578 conﬁtemini
3586 526 3841 580 Domino

2244 612 2378 682 quia
2388 618 2629 667 sanctum
2659 620 2708 665 et
2729 612 2960 667 terribile
2979 628 3169 665 nomen
3187 613 3319 681 ejus,
3356 612 3510 684 quod
3528 616 3613 666 est
3640 615 3841 668 Domi-

2235 717 2361 765 nus,
2383 700 2439 755 id
2455 704 2669 771 est,per
2680 701 2789 755 hoc
2804 717 3016 755 nomen
3032 700 3184 772 quod
3199 703 3285 754 est
3303 700 3577 755 Dominus
3595 701 3841 755 denota-

2237 792 2330 843 tur
2346 790 2657 855 sanetus,id
2669 790 3117 844 estdelectabilis
3128 791 3185 843 et
3202 789 3387 843 suavis
3407 789 3839 851 conﬁtentibus,

2240 878 2559 931 salvaturus
2578 895 2695 943 eos,
2721 880 2778 931 et
2807 877 3076 931 terribilis
3099 877 3359 931 conﬁteri
3382 878 3714 932 nolentibus
3743 895 3841 932 eos

514 996 718 1035 memor
741 979 841 1033 erit
860 976 1052 1031 dando
1083 975 1243 1028 illam
1276 974 1615 1044 frequenter
1634 987 1739 1042 per
1758 970 2130 1041 apostolos,et
2224 964 2377 1034 juste
2392 965 2873 1020 damnaturus.Ne
2886 981 3017 1019 vero
3034 965 3233 1019 inutile
3249 964 3706 1036 videreturquod
3724 970 3836 1020 ter-

517 1071 754 1123 caeteros
770 1065 1199 1138 praedicatores,
1217 1060 1433 1133 quandi
1449 1078 1482 1115 u
1495 1059 1745 1114 mundus
1759 1058 1861 1112 iste
1876 1058 2125 1112 durabit.

519 1159 586 1213 Et
616 1156 693 1211 sic
710 1170 910 1210 memor
924 1155 1025 1207 erit
1042 1151 1198 1224 quod
1220 1166 1338 1204 non
1363 1150 1548 1204 solum
1578 1147 2051 1221 prmdicatoribus
2073 1148 2131 1199 et

519 1234 791 1318 apestolis
820 1241 978 1297 dabit
1010 1228 1335 1310 intelligere
1366 1236 1852 1307 signiﬁcationem
1885 1250 2126 1306 Operum

518 1350 776 1399 suorum,
805 1326 1005 1403 qutein
1036 1327 1225 1381 Veteri
1238 1326 1608 1379 Testamento
1622 1323 1763 1395 egit,
1786 1322 2125 1395 adﬁguram

518 1420 935 1477 beneﬁciorum
961 1416 1097 1471 Novi
1126 1412 1500 1480 Testamenti,
1529 1412 1629 1466 sed
1659 1415 1717 1466 et
1738 1427 1841 1482 per
1856 1410 2127 1481 praedica-

517 1514 673 1565 tores
700 1508 971 1562 timentes
1011 1519 1070 1557 se
1133 1501 1481 1555 annuntiabit
1506 1498 1704 1570 popqu
1745 1515 1839 1552 suo
1868 1497 2124 1564 Judaico,

518 1600 769 1655 virtutem
794 1590 1229 1664 signiﬁcationis
1257 1605 1472 1659 operum
1500 1603 1748 1649 suorum,
1774 1603 1901 1658 quae
1930 1586 1991 1640 in
2022 1585 2126 1639 Ve-

2235 1052 2415 1107 ribilis
2434 1054 2798 1121 est,ostendit
2826 1069 2953 1125 qua:
2987 1053 3197 1108 utilitas
3214 1053 3349 1109 inde
3368 1054 3693 1126 contingat,
3718 1055 3795 1109 sic
3821 1072 3836 1108 :

2237 1141 2546 1207 Terribilis,
2564 1141 2824 1213 inquam,
2844 1144 2947 1208 est,
2968 1144 3020 1196 et
3038 1158 3155 1196 non
3179 1144 3261 1195 est
3279 1142 3493 1214 absque
3507 1159 3724 1214 magna
3737 1146 3839 1197 uti-

2233 1229 2415 1284 litate.
2434 1230 2576 1283 Nam
2610 1232 2768 1284 timor
2788 1230 3027 1297 Domini,
3052 1230 3264 1284 scilicet
3293 1231 3472 1285 timor
3491 1232 3732 1297 servilis,
3754 1236 3837 1285 est

2232 1317 2459 1372 initium
2482 1318 2796 1389 sapientiu',
2818 1318 2991 1385 idest,
3006 1318 3314 1373 bontevitee
3326 1336 3456 1391 quae
3473 1336 3606 1374 eum
3627 1336 3836 1390 sapen-

2227 1406 2308 1460 tia
2324 1406 2580 1460 ﬁt.Pauci
2595 1407 2807 1477 quippe
2821 1410 2953 1461 sunt
2966 1407 3061 1478 qui
3075 1406 3260 1461 servili
3273 1407 3435 1463 timo;
3452 1409 3835 1463 ebenevivere

2228 1510 2349 1548 non
2373 1494 2670 1566 incipiant,
2705 1511 2806 1564 per
2826 1511 3001 1566 quem
3022 1499 3214 1550 tamen
3237 1496 3310 1549 ad
3323 1496 3595 1550 timorem
3612 1499 3834 1550 castum

2233 1599 2387 1654 szepe
2421 1583 2787 1653 pertingitur.
2817 1583 2939 1638 Dixi
2969 1600 3165 1651 magna
3194 1600 3316 1638 esse
3344 1584 3757 1654 OperaDomini,
3780 1590 3837 1638 et

518 1685 629 1741 teri
651 1684 1021 1738 Testamento
1051 1678 1189 1750 egit.
1220 1677 1386 1742 Quod
1399 1680 1483 1730 est
1508 1676 1699 1731 dicere
1734 1690 1751 1731 :
1784 1673 2128 1729 Facietﬁde-
2151 1678 2204 1736 B
2235 1671 2393 1742 quod
2418 1674 2728 1725 memoriam
2756 1671 2925 1726 faciet
2965 1671 3291 1725 mirabilium
3320 1690 3561 1731 suorum,
3593 1676 3654 1726 et
3680 1673 3839 1743 quod

521 1776 606 1829 les
636 1762 702 1827 ex
726 1769 937 1825 Judzeis
958 1766 1283 1837 intelligere
1309 1782 1415 1836 per
1443 1764 1768 1820 doctrinam
1794 1762 2133 1835 praedicato-

523 1878 656 1917 rum
677 1857 1011 1914 timentium
1032 1872 1112 1922 se,
1144 1853 1281 1926 quid
1308 1852 1775 1924 signiﬁcaverunt
1824 1866 2001 1921 opera
2032 1867 2133 1903 sua

527 1949 787 2021 antiqua,
818 1949 881 2001 nt
932 1945 1040 1999 hac
1077 1941 1375 1999 occasione
1428 1940 1668 1996 interius
1725 1940 2131 1995 conﬁteantur.

525 2035 912 2101 Annuntiabit,
944 2033 1208 2104 inquam,
1256 2047 1361 2103 per
1395 2028 1669 2083 timentes
1708 2045 1768 2082 se
1808 2027 2002 2099 popqu
2042 2042 2135 2080 suo

528 2125 763 2180 Judaico
790 2120 1275 2194 signiﬁcationem
1298 2133 1541 2189 operum
1575 2133 1811 2171 suorum
1838 2116 2006 2183 sic,ut
2029 2114 2137 2168 illis

529 2213 868 2269 timentibus
893 2209 1186 2281 apostolis,
1210 2207 1446 2272 scilicet,
1481 2212 1531 2259 et
1558 2206 1753 2277 papula
1776 2221 1891 2271 suo,
1925 2204 2140 2258 scilicet

531 2300 819 2358 conversis
845 2316 911 2354 ex
932 2296 1160 2363 Judasis,
1182 2298 1270 2350 det
1298 2294 1655 2350 hereditatem
1671 2295 1931 2362 gentium,
1963 2292 2019 2346 id
2053 2294 2139 2346 est

540 2393 640 2446 det
667 2404 969 2446 conversos
994 2404 1060 2442 ex
1094 2385 1363 2457 gentibus
1393 2384 1500 2439 illis
1526 2384 1583 2438 in
1617 2382 2044 2448 limreditatem,
2076 2384 2140 2435 ut

533 2494 634 2532 eos
654 2477 916 2532 doctrina
937 2491 1038 2528 sua
1058 2473 1340 2538 excolant,
1354 2470 1714 2541 sicutaliquis
1740 2469 2137 2524 haereditatem

538 2580 705 2620 suam
737 2562 962 2619 excolit.
992 2560 1223 2625 Gentes,
1242 2558 1504 2630 inquam,
1525 2556 1685 2611 dabit
1723 2556 1826 2610 illis
1858 2555 2137 2609 heredita-

538 2663 661 2722 tem,
688 2652 826 2708 etin
850 2649 958 2705 illis
974 2647 1244 2721 gentibus
1256 2651 1426 2701 erunt
1450 2663 1612 2717 opera
1632 2662 1891 2699 manuum
1913 2646 2045 2715 ejus,
2078 2642 2139 2697 id

531 2747 617 2799 est
633 2740 868 2814 egregia
880 2754 1056 2811 opera
1067 2737 1116 2808 ej
1126 2752 1342 2808 us,quee
1358 2734 1627 2789 dicuntur
1644 2749 1821 2807 Opera
1834 2750 2135 2798 manuum,

532 2847 603 2886 eo
632 2828 790 2901 quod
818 2826 1007 2897 magis
1026 2839 1202 2896 qnam
1216 2826 1426 2878 czetera
1451 2822 1719 2877 membra
1745 2821 1983 2894 egregia
2004 2823 2139 2875 sunt

532 2918 607 2973 ad
638 2915 1020 2990 operandam.
1058 2912 1249 2984 Opera,
1282 2910 1685 2983 inquam,ejus
1714 2911 1951 2982 egregia
1967 2912 2139 2963 erunt

2232 1758 2416 1832 ﬁdelia
2441 1761 2698 1814 mandata
2721 1761 2834 1830 ejus
2868 1763 2926 1813 et
2973 1760 3378 1830 redemptionem
3418 1762 3608 1815 mittet
3633 1761 3839 1834 populo

2234 1866 2349 1915 suo,
2383 1852 2441 1902 et
2470 1850 2624 1920 quod
2654 1856 2896 1903 sanctum
2922 1857 2971 1902 et
2993 1850 3223 1903 terribile
3247 1868 3438 1903 nomen
3449 1850 3583 1919 eius,
3602 1855 3660 1903 et
3681 1850 3841 1922 quod

2237 1938 2455 1991 initium
2482 1939 2753 2008 sapientia
2784 1940 2942 1992 timor
2970 1938 3213 2004 Domini,
3246 1942 3305 1991 et
3330 1939 3449 1992 hinc
3472 1939 3669 1993 omnia
3697 1939 3845 1991 lide-

2239 2026 2322 2079 les
2353 2026 2488 2080 Novi
2518 2027 2559 2078 Τ
2564 2026 2869 2081 estamcnti
2911 2026 3230 2097 intelligere
3252 2027 3486 2092 debent,
3518 2030 3575 2080 et
3604 2026 3843 2079 inteller-

2243 2121 2327 2166 tus
2352 2113 2455 2168 iste
2484 2114 2666 2181 bonus,
2700 2115 2761 2169 id
2786 2120 2871 2170 est
2903 2115 3052 2170 utilis
3084 2117 3329 2169 omnibus
3350 2115 3672 2186 facientibus
3698 2132 3845 2179 eain),

2240 2200 2299 2255 id
2328 2205 2433 2270 est,
2466 2203 2565 2273 qui
2590 2203 2700 2257 hoc
2731 2203 2890 2275 quod
2920 2204 3253 2275 intelligunt
3296 2204 3354 2257 in
3397 2206 3681 2274 quantum
3711 2220 3847 2274 pos-

2242 2294 2376 2345 sunt
2423 2292 2717 2362 complere
2768 2295 3058 2361 satagunt.
3102 2293 3557 2363 lntelligentibus
3600 2292 3761 2346 enim
3791 2296 3851 2345 et

2241 2394 2358 2433 non
2384 2379 2728 2433 facientibus
2754 2379 2967 2434 inutilis
2996 2383 3082 2435 est
3120 2380 3477 2447 intellectus;
3514 2384 3572 2433 et
3603 2380 3850 2433 laudatio

2240 2468 2353 2537 ejus
2380 2467 2519 2522 boni
2544 2466 2889 2535 intellectus,
2924 2468 2981 2522 id
3027 2472 3114 2524 est
3140 2469 3449 2539 completio
3482 2486 3583 2540 per
3629 2485 3850 2539 opera-

2243 2556 2491 2620 tionem,
2518 2572 2645 2626 qnae
2679 2556 2930 2611 laudatio
2956 2556 3183 2624 dicitur,
3216 2574 3284 2611 eo
3311 2558 3466 2629 quod
3488 2558 3580 2612 ille
3605 2559 3702 2630 qui
3737 2560 3841 2614 ali-

2242 2643 2380 2715 quid
2411 2645 2730 2698 voluntarie
2748 2644 3164 2715 complet,i|lud
3192 2646 3551 2717 laudatquod
3564 2649 3841 2718 complet,

2238 2737 2417 2786 manet
2448 2736 2886 2803 perseveranter
2908 2749 3083 2804 usque
3117 2736 3174 2788 in
3201 2734 3445 2787 saeculum
3476 2736 3842 2806 seculihujus

2240 2821 2682 2875 subsecutivum.
2706 2824 2785 2876 Ac
2815 2822 2859 2877 si
2894 2822 3047 2877 dicat
3078 2839 3090 2876 :
3123 2823 3277 2877 Tunc
3293 2823 3584 2880 intellectus
3614 2825 3716 2879 iste
3752 2826 3839 2878 bo-

2238 2928 2338 2965 nus
2367 2914 2471 2977 est,
2504 2911 2550 2964 si
2582 2927 2685 2982 per
2713 2911 3162 2983 completionem
3212 2912 3477 2967 laudetur
3506 2917 3565 2966 et
3607 2930 3725 2968 non
3771 2915 3841 2968 ad

530 3008 593 3063 in
618 3005 729 3060 illis
753 3002 1042 3077 gentibus,
1060 3018 1187 3073 qua:
1209 3016 1389 3073 opera
1404 3003 1537 3054 sunt
1557 3002 1753 3054 veritas
1777 3004 1828 3054 et
1850 2998 2135 3069 judicium,
2161 3024 2206 3083 ρ
2242 3000 2473 3067 horam,
2505 3000 2605 3053 sed
2635 2999 2681 3053 si
2712 3000 2964 3055 laudatio
3011 3000 3109 3055 illa
3138 3004 3375 3067 maneat
3408 3006 3843 3072 perseveranter

534 3095 693 3169 prius
704 3092 990 3165 judicium
1022 3093 1389 3163 peccatorum
1412 3104 1517 3161 per
1532 3088 1816 3143 humilem
1827 3087 2137 3142 confessio-

533 3202 694 3252 nem,
722 3186 781 3237 et
808 3185 938 3256 post
964 3182 1178 3247 veritas,
1211 3179 1269 3233 id
1290 3181 1375 3232 est
1393 3178 1629 3232 virtutes
1658 3181 1716 3231 et
1746 3179 1899 3232 bona
1924 3193 2135 3247 opera;

536 3290 665 3346 quae
690 3274 908 3346 veritas
924 3270 1217 3331 dicuntur,
1257 3284 1326 3322 eo
1361 3267 1517 3338 quod
1552 3267 1627 3321 ad
1657 3283 1857 3320 verum
1888 3283 2009 3319 esse
2035 3266 2140 3320 du-

535 3342 691 3416 c-unt.
953 3359 1031 3411 Ac
1059 3357 1103 3410 si
1135 3357 1287 3411 dicat
1319 3372 1332 3409 :
1365 3355 1646 3409 Ubﬁdeles
1666 3372 1732 3409 ex
1753 3354 2141 3425 gentibussibi

536 3449 922 3504 conﬁteantur
951 3446 1179 3517 integra
1207 3444 1535 3512 dilectione,
1557 3443 2143 3516 perpraedicationem

538 3537 935 3610 apostolorum
962 3532 1296 3605 operabitur
1318 3532 1377 3586 in
1399 3532 1509 3587 illis
1525 3532 1806 3604 judicium
1843 3535 1901 3587 et
1934 3532 2144 3587 verita-

536 3631 656 3680 tem
669 3667 681 3679 .
696 3624 778 3678 Ad
779 3620 883 3694 jnn
891 3622 975 3694 git
996 3638 1225 3677 causam
1244 3621 1440 3691 aliam,
1455 3638 1634 3694 quare
1648 3622 1900 3677 debeant
1916 3621 2150 3676 conﬁte-

539 3717 610 3783 ri,
628 3714 736 3768 sic:
756 3712 877 3768 Dixi
890 3710 1423 3785 conﬁteborintegra
1434 3710 1768 3777 dilectione,
1789 3712 2151 3781 ctcomplen-

542 3806 615 3860 do
633 3802 907 3857 mandata
927 3801 1215 3872 ejusbona
1236 3800 1595 3871 operatione,
1612 3803 1670 3854 et
1689 3815 1786 3854 vos
1816 3815 2066 3871 quoque,
2091 3799 2151 3851 ﬁ-

544 3890 1084 3959 deles,conﬁtemini
1101 3889 1178 3943 i!li
1194 3889 1419 3961 integra
1436 3890 1827 3957 dilectionc,et
1847 3888 2151 3941 mandato-

543 3998 678 4037 rum
709 3981 833 4050 ejus
865 3977 1255 4049 completione
1280 3994 1292 4031 :
1316 3976 1494 4048 ﬁdelia
1532 3977 1691 4030 enim
1721 3980 1856 4030 sunt
1889 3974 2146 4028 mandata

546 4072 680 4139 eius,
706 4069 921 4123 scilicet
946 4084 1061 4121 non
1100 4066 1347 4133 inutilia,
1385 4066 1484 4120 sed
1531 4068 1707 4132 certa,
1762 4081 1866 4135 pro
1905 4081 2151 4135 quorum

549 4158 936 4231 completione
966 4155 1284 4209 reddentur
1312 4154 1597 4226 promissa
1646 4154 1905 4225 przemia.
1948 4153 2153 4207 Fidelis

2243 3106 2421 3160 usque
2449 3089 2507 3142 in
2539 3090 2717 3142 ﬁnem
2734 3088 3065 3158 hujusvittr.
3083 3109 3114 3141 «
3137 3089 3243 3152 Qui
3270 3089 3423 3144 enim
3446 3107 3845 3161 perseverave-

2245 3178 2322 3231 rit
2348 3194 2524 3249 usquc
2557 3177 2614 3231 in
2646 3178 2846 3243 ﬁnem,
2872 3177 2963 3231 hic
2993 3179 3176 3231 salvus
3197 3178 3306 3232 erit
3335 3177 3558 3250 (Matth.
3582 3195 3636 3242 ς,
3670 3184 3781 3251 '22).
3814 3199 3844 3227 δ

2739 3267 2806 3319 ΙΝ
2855 3265 3177 3321 PSALMUM
3219 3267 3347 3321 CXI.

2314 3355 2531 3409 Titulus
2561 3354 2862 3409 centesimi
2885 3342 3176 3409 undecimi
3208 3373 3220 3409 :
3252 3355 3513 3421 Alleluia,
3545 3358 3853 3410 rever-simus

2246 3445 2442 3514 Aggtei
2475 3452 2523 3497 et
2561 3445 2869 3521 Zachariae.
2913 3444 3079 3508 Quod
3117 3444 3196 3498 sic
3231 3445 3577 3516 exponitur:
3610 3446 3857 3499 Landate

2247 3532 2421 3585 Deum
2443 3548 2560 3599 vos,
2591 3533 2915 3603 quicunque
2934 3533 3003 3586 de
3027 3533 3133 3586 hoc
3147 3533 3301 3603 quod
3325 3533 3412 3587 hic
3427 3533 3489 3587 ﬁt
3504 3550 3606 3605 per
3620 3534 3858 3587 virtutes

2252 3624 2310 3675 et
2340 3637 2519 3691 opera
2566 3621 2742 3689 bona,
2778 3621 2848 3674 de
2896 3620 3225 3675 reversione
3265 3620 3522 3675 videlicet
3564 3622 3764 3693 Aggrei
3798 3626 3856 3675 et

2251 3710 2536 3765 Zacharias
2581 3710 2655 3763 ad
2709 3710 3099 3775 Hierusalem;
3144 3710 3375 3777 scilicet,
3415 3710 3642 3764 laudate
3677 3712 3857 3764 Deum

2254 3817 2358 3870 per
2386 3800 2604 3854 bonam
2623 3799 2821 3866 vitam,
2842 3816 2947 3871 per
2972 3816 3147 3871 quam
3182 3799 3547 3853 revertamini
3571 3798 3644 3853 de
3663 3800 3856 3853 exsilio

2255 3889 2422 3958 hujus
2442 3888 2569 3941 vitae
2592 3888 2664 3941 ad
2681 3888 3031 3942 Hierusalem
3056 3889 3368 3955 cmlestem,
3383 3889 3451 3941 ad
3473 3888 3857 3942 imitationem

2256 3979 2445 4047 Aggari
2465 3987 2514 4032 et
2544 3978 2835 4045 Zachariae,
2874 3976 2929 4030 id
2956 3980 3043 4030 est
3083 3979 3470 4048 portentorum
3506 3977 3580 4031 ad
3610 3978 3857 4047 patriam

2256 4066 2495 4122 caelestis
2516 4066 2890 4132 Hierusalem,
2938 4066 3085 4120 bene
3142 4067 3383 4120 vivendo
3425 4066 3855 4120 revertentium.

2255 4158 2501 4226 Aggzeus
2521 4171 2659 4208 sane
2692 4154 2789 4225 qui
2807 4154 3055 4209 solemnis
3084 4156 3169 4209 vel
3196 4157 3438 4225 festivus,
3469 4159 3528 4210 et
3557 4156 3859 4211 Zacharias

551 4248 763 4321 quippe
784 4244 992 4300 dicitur
1021 4260 1054 4297 a
1079 4260 1194 4314 quo
1224 4242 1508 4313 promissa
1534 4244 1939 4315 complentur;
1971 4242 2153 4311 ﬁdelia
2178 4244 2231 4302 D
2256 4245 2353 4315 qui
2385 4244 2564 4312 gzelans
2614 4242 3046 4313 interpretatur,
3099 4243 3211 4298 duo
3259 4246 3555 4317 prophetae
3606 4246 3859 4306 fuerunt.

551 4338 815 4410 inquam,
848 4336 982 4388 sunt
1005 4331 1263 4385 mandata
1293 4332 1425 4402 ejus,
1452 4331 1495 4385 si
1532 4349 1648 4385 non
1695 4332 1766 4385 ad
1796 4332 2000 4386 horam
2031 4332 2152 4385 fue-

550 4428 670 4482 rint
695 4423 1004 4496 completa,
1037 4420 1139 4475 sed
1180 4422 1520 4490 conﬁrmata,
1553 4420 1609 4474 id
1642 4423 1730 4474 est
1766 4421 2155 4475 conﬁrmitate

552 4511 996 4588 perseverantiae
1040 4510 1333 4581 completa
1375 4526 1554 4581 usque
1595 4511 1651 4562 in
1692 4509 1940 4563 saeculum
1983 4510 2162 4565 seculi

554 4604 724 4673 hujus
755 4600 1179 4655 subsecutivum
1210 4616 1225 4666 ;
1260 4599 1363 4653 etsi
1394 4600 1509 4652 sint
1553 4598 1706 4668 facta
1748 4600 1803 4651 in
1833 4601 2071 4666 veritate,
2102 4598 2158 4653 id

556 4694 641 4743 est
671 4684 729 4743 in
751 4687 1135 4741 fundamento
1164 4702 1312 4739 vera:
1341 4685 1495 4753 ﬁdei,
1528 4693 1577 4739 et
1601 4687 1658 4740 in
1683 4688 1954 4756 aequitate,
1987 4688 2042 4742 id
2073 4690 2160 4741 est

555 4780 614 4834 in
637 4794 802 4850 aequa
840 4774 1182 4841 intentione,
1216 4777 1278 4828 ut
1322 4791 1436 4829 non
1470 4775 1870 4847 compleantur
1898 4776 2157 4831 contuitu

555 4864 989 4939 temporalium,
1018 4863 1117 4917 sed
1134 4862 1449 4917 ctelestium
1481 4864 1787 4939 bonorum.
1807 4864 2158 4919 Alitercnim

556 4938 932 5012 nonivaleret.
969 4953 1034 5006 Et
1062 4950 1193 5005 ideo
1224 4950 1410 5005 adhuc
1430 4938 1791 5005 conﬁtemini
1822 4953 2069 5008 Domino
2100 4954 2157 5008 in

554 5047 785 5116 integra
809 5041 1221 5110 dilectioneﬁet
1250 5040 1307 5093 in
1333 5039 1740 5094 mandatorum
1762 5041 1885 5111 ejus
1902 5043 2157 5115 comple-

494 5124 499 5129 ’
555 5130 747 5201 tione,
766 5132 900 5205 quia
923 5129 1203 5186 Dominus
1230 5128 1404 5183 Pater
1420 5130 1586 5196 misit,
1616 5129 1672 5184 id
1704 5133 1790 5183 est
1818 5131 2029 5199 mittet,
2055 5150 2155 5201 po-

550 5222 677 5295 pulo
704 5238 820 5287 suo,
853 5215 1013 5273 vobis
1043 5217 1255 5273 scilicet
1286 5217 1570 5285 ﬁdelibus,
1605 5234 1672 5272 ex
1695 5218 1907 5272 Judmis
1932 5223 1989 5273 et
2013 5236 2156 5291 gen-

554 5312 725 5379 tibus,
754 5309 1183 5379 redemptionem,
1236 5305 1295 5360 id
1334 5310 1420 5360 est
1464 5305 1753 5361 Christum
1796 5306 1893 5377 qui
1925 5307 2036 5362 erit
2062 5325 2156 5363 re-

552 5398 833 5471 demptio,
862 5400 920 5452 et
941 5412 1042 5468 per
1071 5395 1231 5450 illam
1261 5394 1750 5467 redemptionem,
1769 5395 2076 5465 mandavid,
2095 5398 2151 5453 id

550 5492 636 5544 est
666 5485 988 5553 mandabit,
1038 5484 1194 5540 vobis
1216 5489 1583 5540 testamentum
1608 5500 1764 5537 suum
1787 5500 2021 5552 novum,
2047 5485 2150 5541 du-

550 5592 685 5647 cens
712 5575 1069 5650 complentes
1079 5589 1137 5629 se
1150 5573 1203 5627 in
1215 5574 1491 5649 aeternum,
1515 5571 1761 5647 ideoque
1773 5574 2035 5637 confiteri
2054 5573 2125 5629 de
2138 5605 2154 5618 -

2258 4332 2425 4404 quiin
2443 4332 2771 4402 captivitate
2788 4333 3133 4403 Babylonica
3152 4334 3399 4387 reditum
3414 4334 3664 4388 ﬁliorum
3692 4336 3859 4389 Israel

2260 4421 2331 4474 ad
2348 4420 2699 4476 Hierusalem
2718 4425 2776 4474 et
2793 4421 3221 4492 reparationem
3239 4422 3437 4492 templi
3452 4422 3861 4492 praeviderunt,

2266 4513 2324 4563 et
2353 4509 2530 4563 etiam
2562 4508 2872 4562 reversioni
2922 4509 2994 4563 ad
3026 4510 3380 4564 Hierusalem
3412 4515 3468 4564 et
3508 4514 3859 4582 reparationi

2262 4598 2463 4670 templi
2494 4596 2901 4653 interfuerunt.
2938 4598 3100 4652 Unde
3127 4614 3229 4667 per
3278 4592 3581 4654 hos'duos
3624 4601 3861 4670 perfecti

2261 4686 2473 4757 quique
2500 4685 2879 4755 accipiuntur,
2902 4685 2998 4757 qui
3034 4686 3300 4752 zelantes,
3330 4686 3386 4740 id
3423 4691 3510 4741 est
3547 4689 3865 4745 Dominum

2266 4776 2458 4828 Jesum
2711 4773 3032 4844 diligentes,
3068 4778 3127 4830 et
3154 4778 3324 4845 prout
3362 4774 3443 4830 eis
3478 4778 3753 4847 possibile
3783 4785 3867 4834 est

2270 4862 2585 4927 imitantes,
2608 4864 2897 4918 solemnes
2921 4865 3172 4919 etfcstivi
3194 4868 3345 4933 sunt,
3370 4865 3508 4919 dum
3524 4866 3581 4919 in
3601 4872 3863 4924 contem-

2263 4952 2520 5024 platione
2540 4951 2731 5021 positi,
2747 4952 2903 5006 festis
2918 4954 3272 5007 solemnibus
3292 4956 3639 5024 angelorum
3672 4957 3862 5013 inten-

2263 5040 2437 5107 dunt;
2460 5040 2586 5110 jam
2619 5040 2796 5095 etiam
2827 5058 2924 5112 spe
2940 5046 3096 5095 certa
3114 5041 3493 5111 prmvideiites
3511 5044 3863 5101 Hierusalem

2261 5129 2502 5183 caelestis
2515 5129 2828 5200 perfectam
2850 5131 2906 5183 in
2934 5130 3128 5184 futuro
3142 5131 3590 5203 reparationem,
3613 5151 3749 5205 quin
3768 5154 3867 5208 per

2259 5218 2443 5272 Adam
2473 5217 2529 5272 in
2560 5221 2721 5288 parte
2744 5218 3034 5273 destructa
3067 5219 3194 5286 fuit,
3237 5222 3523 5290 quantum
3554 5221 3630 5274 ad
3672 5221 3865 5278 homi-

2260 5325 2361 5363 nes
2387 5309 2620 5370 scilicet,
2653 5326 2769 5363 non
2813 5314 3098 5381 quantum
3145 5311 3219 5364 ad
3275 5311 3535 5383 angelos,
3577 5313 3653 5367 ad
3686 5332 3861 5386 quam

2262 5398 2614 5453 Hierusalem
2650 5399 2934 5453 ccelestem
2954 5399 3126 5454 iidem
3150 5400 3387 5471 perfecti
3402 5401 3528 5471 jam
3549 5416 3655 5472 per
3685 5403 3862 5459 virtu-

2255 5491 2343 5544 tes
2358 5491 2416 5541 et
2431 5487 2612 5542 bonas
2627 5488 2999 5559 operationes
3015 5488 3087 5543 de
3108 5489 3274 5560 hujus
3287 5489 3412 5545 vita:
3439 5490 3637 5546 exsilio
3675 5508 3865 5550 rever-

2259 5576 2701 5635 tuntur.Horum
2716 5576 2905 5649 itaque
2920 5576 3148 5636 beatam
3165 5579 3552 5636 reversionem
3570 5596 3679 5655 per
3693 5581 3867 5641 timo-
