3998 6026
274 314 410 379 ι233

1224 264 1578 381 EXPDSITIO
1616 317 1686 379 ΙΝ
1724 316 2057 383 ΡΞΑΙΜΟΒ.
2093 350 2160 366 --
2190 316 2383 383 PSAL.
2441 318 2550 387 CXI

3441 308 3580 382 {est

267 458 399 502 rem
434 443 492 501 et
522 441 933 503 mandatorum
972 442 1205 504 Domini
1247 445 1624 516 voluntatem,
1674 447 1735 504 et
1775 445 1950 522 perA
1975 444 2262 521 iucundus,
2286 446 2346 507 id
2361 450 2447 506 est
2465 442 2830 521 acceptabilis
2858 446 2946 504 est
2975 444 3027 504 ei
3057 445 3211 504 homo
3241 442 3453 516 omnis,
3484 446 3582 521 qui

267 533 688 602 innocentiam,
714 536 774 590 et
792 534 1156 609 sapientiam,
1189 539 1247 592 et
1261 536 1569 608 justitiam,
1593 540 1651 593 et
1675 538 1875 607 fidem,

269 628 329 681 et
346 641 509 697 spem
540 625 794 692 ﬁrmam,
828 624 1291 694 etimmobilem,
1319 630 1375 681 et
1398 628 1677 697 pecuniae,
1708 628 1763 685 id
1791 632 1877 685 est

265 729 606 769 sermonum
629 729 863 768 suorum
888 714 1373 779 distributionem,
1394 716 1874 787 Proplietainhoc

267 802 489 875 psalmo
509 800 888 869 demonstrat,
912 819 980 857 ea
1003 802 1322 859 intentione
1344 808 1406 858 ut
1433 820 1535 874 per
1566 805 1673 859 hoc
1711 804 1870 860 audi-

265 892 418 945 tores
440 906 697 962 quosque
713 908 829 945 non
844 894 1340 958 revertentes,tam
1358 893 1480 948 illos
1500 892 1595 964 qui
1612 894 1871 948 nondum

263 976 400 1034 fidei
435 978 699 1034 notitiam
728 979 1056 1034 habuerunt
1080 996 1253 1051 quam
1277 980 1403 1035 illos
1422 980 1516 1052 qui
1542 982 1668 1051 jam
1697 981 1873 1035 ﬁdem

265 1066 511 1122 otiosam
542 1066 779 1133 habent,
813 1067 885 1122 ad
938 1068 1270 1137 huiusmodi
1307 1068 1720 1137 reversionem,
1745 1086 1875 1141 quae

265 1170 499 1211 summa
525 1156 623 1211 Dei
653 1157 778 1211 laus
806 1158 913 1222 est,
945 1156 1302 1212 adhortatur.

340 1243 543 1299 Beatus
598 1248 701 1313 vir,
728 1246 823 1317 qui
878 1247 1023 1298 timet
1074 1245 1387 1311 Dominum,
1440 1245 1617 1301 etiam
1665 1246 1874 1302 timore

271 1332 480 1400 servili,
500 1338 558 1389 et
575 1333 665 1388 hic
688 1334 923 1399 scilicet,
945 1335 1144 1389 beatus
1173 1339 1258 1389 est
1291 1334 1430 1389 dum
1454 1335 1602 1389 bene
1633 1334 1872 1389 vivendo

267 1422 341 1476 ad
365 1422 615 1493 patriam
641 1422 980 1488 revertitur;
1013 1424 1072 1477 et
1090 1421 1146 1476 in
1167 1422 1359 1477 futuro
1383 1426 1687 1495 postquam
1704 1422 1877 1479 fuerit

266 1527 547 1565 reversus.
572 1512 637 1564 Et
660 1510 752 1566 ille
774 1511 978 1565 beatus
1003 1510 1087 1564 vir
1126 1513 1180 1564 in
1212 1511 1480 1565 mandatis
1508 1512 1621 1582 ejus
1645 1511 1875 1567 Domini

268 1598 580 1670 persistens
602 1599 735 1654 volet
774 1600 951 1666 nimis,
986 1598 1044 1654 id
1088 1603 1174 1653 est
1224 1598 1467 1654 nimiam
1516 1601 1875 1655 voluntatem

267 1686 590 1742 dilectionis
610 1688 844 1743 habebit
869 1687 928 1742 in
954 1688 1244 1742 mandatis
1270 1688 1400 1755 illis,
1424 1692 1480 1743 et
1500 1705 1697 1743 semen
1729 1689 1777 1759 ej
1789 1706 1871 1755 us,

1974 540 2249 595 miseretur
2276 539 2631 612 indulgendo
2654 536 3023 610 peccantibus
3049 536 3106 593 in
3141 554 3222 607 se,
3248 535 3393 594 sicut
3416 539 3474 593 et
3498 535 3580 593 illi

1973 629 2232 701 peccanti
2255 631 2401 685 Deus
2416 627 2869 684 condonavit.Et
2904 643 3021 683 non
3053 626 3239 681 solum
3284 629 3576 694 miseretur,

1973 717 2071 772 sed
2105 724 2153 771 et
2177 717 2475 772 commodat
2501 734 2620 783 sua,
2645 715 3043 770 necessitatem
3067 714 3414 786 patientibus
3434 715 3580 771 sicut

1971 804 2055 862 illi
2085 808 2232 861 Deus
2266 807 2448 860 multa
2495 804 2779 860 beneﬁcia
2817 804 3060 873 confert.
3094 806 3155 857 ut
3181 802 3227 857 si
3260 819 3377 859 non
3407 804 3582 858 habet

1973 895 2271 968 pecuniam
2450 878 2466 965 I
2505 894 2577 948 ad
2592 892 3175 955 accommodandum,
3193 892 3397 946 saltem
3414 892 3585 962 dispo-

1972 986 2072 1051 nit,
2103 985 2159 1038 id
2182 986 2267 1038 est
2293 982 2588 1038 distribuit
2607 998 2871 1037 sermones
2892 999 3012 1034 suos
3040 980 3414 1053 przedicando
3435 978 3581 1045 aliis,

1973 1073 2056 1126 vel
2088 1072 2443 1127 exhortando
2476 1070 2667 1142 aliquo
2701 1069 2874 1124 modo
2895 1070 2967 1124 ad
2990 1070 3137 1124 bene
3164 1068 3496 1136 vivendum,
3520 1069 3580 1124 et

1973 1161 2081 1216 hoc
2106 1162 2160 1214 in
2175 1161 2383 1231 judicio
2415 1157 2774 1214 discretionis
2814 1158 3137 1229 judicando
3173 1157 3386 1213 scilicet
3438 1173 3583 1230 quo-

1976 1250 2148 1304 modo
2179 1248 2533 1320 loquendum
2555 1248 2629 1302 sit
2653 1264 2783 1301 cum
2806 1247 3024 1318 peritis,
3048 1249 3104 1302 et
3131 1246 3424 1318 quomodo
3450 1263 3585 1301 cum

1976 1338 2275 1410 imperitis,
2301 1337 2594 1411 quomodo
2617 1354 2846 1409 quoque
2876 1353 3007 1392 cum
3036 1335 3344 1406 nobilibus,
3369 1338 3427 1390 et
3447 1350 3587 1407 quo-

1976 1428 2151 1483 modo
2183 1444 2312 1482 cum
2344 1426 2710 1499 ignobilibus.

2046 1519 2190 1572 Cum
2214 1516 2351 1571 dicit
2370 1515 2728 1589 commodat,
2744 1514 2932 1568 innuit
2949 1513 3202 1586 quiahoc
3215 1514 3375 1586 quod,
3390 1513 3587 1569 ﬁdeles

1977 1606 2118 1660 dant
2146 1622 2250 1677 pro
2275 1604 2521 1671 Christo,
2553 1603 2630 1658 sic
2663 1604 2805 1657 dant
2833 1605 2895 1658 ut
2947 1604 3055 1657 hoc
3109 1601 3397 1674 recepturi
3450 1601 3584 1656 sint.

1976 1694 2119 1748 illud
2140 1691 2297 1747 enim
2316 1692 2471 1764 quod
2491 1691 2920 1753 commodatur,
2940 1693 3139 1762 postea
3176 1689 3466 1760 recipitur.
3488 1689 3587 1757 Vel

265 1774 324 1831 id
347 1775 709 1832 estdoctrina
726 1776 848 1846 eius
865 1793 982 1831 non
1000 1776 1364 1838 eritinutilis,
1398 1777 1497 1831 sed
1514 1785 1703 1847 potens
1744 1777 1873 1843 erit,
1895 1795 1945 1854 Β
1975 1781 2054 1836 sic
2076 1799 2092 1834 :
2108 1780 2681 1852 jucundus,inquam,
2730 1780 2884 1833 homo
2923 1780 3016 1850 qui
3053 1780 3327 1832 miseretur
3364 1783 3413 1831 et
3444 1795 3586 1832 com-

265 1862 325 1917 id
343 1867 427 1917 est
442 1865 643 1919 efﬁcax
670 1865 783 1919 erit
808 1864 864 1918 in
910 1863 1173 1932 subditis,
1212 1865 1309 1936 qui
1342 1865 1559 1919 habiles
1602 1868 1771 1919 erunt
1801 1864 1875 1919 ad

271 1951 596 2008 doctrinam
620 1952 777 2007 illam
801 1951 1217 2025 recipiendam,
1240 1952 1384 2007 sicut
1405 1960 1544 2006 terra
1560 1955 1706 2008 bene
1723 1954 1876 2009 culta

266 2042 341 2096 ad
362 2058 533 2096 semen
556 2040 1005 2112 suscipiendum.
1039 2042 1269 2108 Potens,
1288 2041 1550 2109 inquam,
1575 2041 1684 2096 erit
1703 2059 1873 2099 semen

267 2130 547 2186 doctrina:
579 2130 714 2201 ejus,
745 2133 804 2184 et
823 2129 901 2184 sic
917 2129 1154 2201 quidem
1176 2132 1330 2201 quod
1353 2147 1456 2203 per
1484 2131 1648 2185 illum
1674 2149 1874 2186 semen

268 2219 569 2281 doctrinee,
588 2220 858 2289 generatio
888 2224 1170 2284 rectorum,
1203 2219 1260 2273 id
1290 2222 1374 2273 est
1400 2219 1655 2274 ﬁdelium
1688 2220 1877 2274 subdi-

268 2310 487 2375 torum,
513 2307 856 2373 benedicetur,
890 2305 949 2360 id
975 2310 1061 2360 est
1085 2309 1171 2361 vel
1203 2307 1545 2362 exaltabitur
1574 2308 1630 2362 in
1659 2308 1874 2363 virtuti-

266 2394 373 2450 bus
393 2399 452 2450 et
474 2395 640 2451 bonis
661 2394 952 2467 operibus,
972 2396 1057 2448 vel
1075 2396 1566 2466 multiplicabitur,
1600 2399 1663 2450 ut
1705 2397 1873 2451 inulti

266 2502 386 2539 non
414 2486 575 2551 recti,
608 2502 809 2540 eorum
858 2502 1103 2540 numero
1138 2502 1241 2557 per
1268 2502 1467 2542 semen
1498 2486 1640 2541 illud
1666 2486 1870 2558 adjun-

264 2577 496 2645 gantur.
514 2573 700 2629 Velsic
725 2573 956 2628 :Beatus
984 2576 1083 2641 vir,
1109 2574 1371 2646 inquam,
1398 2575 1532 2629 volet
1558 2577 1612 2629 in
1646 2577 1870 2630 manda-

269 2665 335 2717 tis
364 2663 606 2726 Domini,
636 2670 685 2716 et
712 2680 887 2717 semen
916 2664 1047 2734 ejus,
1079 2663 1138 2718 id
1171 2668 1255 2719 est
1285 2665 1439 2719 bona
1483 2665 1744 2720 voluntas
1774 2666 1880 2723 illa-

263 2769 393 2823 quie
426 2769 623 2806 semen
647 2755 733 2806 est
762 2767 1025 2822 operum,
1039 2758 1231 2822 potens
1261 2752 1371 2806 erit
1395 2754 1451 2805 in
1477 2757 1644 2819 terra,
1675 2752 1733 2806 id
1763 2755 1868 2819 est,

262 2839 617 2895 fructificans
643 2840 796 2895 bona
835 2857 1012 2912 opera
1055 2839 1114 2895 in
1152 2841 1486 2895 terrenitatc
1522 2858 1624 2895 sua
1659 2840 1873 2895 scilicet

264 2930 325 2985 in
356 2930 737 2985 sensualitate.
768 2929 931 2993 Quod
963 2932 1046 2985 est
1067 2929 1255 2984 dicere
1290 2946 1302 2984 :
1331 2929 1603 2984 Voluntas
1633 2929 1730 2984 illa
1753 2946 1871 2984 non

264 3019 428 3073 sedet
450 3018 825 3083 sensualitati,
870 3018 971 3072 sed
1010 3021 1178 3089 coget
1221 3018 1410 3088 ipsam
1440 3018 1869 3073 sensualitatcm

264 3106 415 3161 bene
446 3105 694 3178 operari,
728 3109 785 3160 et
809 3121 914 3175 per
964 3106 1297 3177 exemplum
1348 3107 1470 3176 ejus
1517 3105 1755 3161 seminis
1793 3106 1870 3161 sic
1894 3084 1940 3142 Ο

261 3194 683 3261 fructificantis,
726 3196 995 3264 generatio
1047 3202 1307 3249 rectorum
1366 3196 1711 3263 benedicetur,
1773 3199 1874 3250 aut

263 3284 580 3340 secundum
603 3283 1168 3355 multiplicationem,
1201 3288 1300 3339 aut
1336 3285 1654 3339 secundum
1694 3285 1871 3341 virtu-

260 3376 388 3427 tum
421 3376 479 3427 et
509 3390 753 3444 operum
784 3373 1075 3427 bonorum
1106 3373 1518 3428 exaltationem
1551 3391 1563 3428 :
1596 3376 1654 3428 et
1677 3377 1733 3429 in
1774 3375 1871 3431 do-

259 3479 348 3516 mo
366 3462 485 3531 ejus
515 3460 799 3529 interiori,
831 3461 888 3515 id
917 3464 1003 3516 est
1031 3461 1088 3516 in
1122 3462 1296 3517 corde
1326 3461 1450 3531 ejus
1479 3461 1535 3516 in
1570 3478 1684 3533 quo
1714 3463 1871 3535 cogi-

262 3551 446 3605 tando
492 3550 779 3605 inhabitat
816 3549 961 3604 sicut
1006 3549 1063 3604 in
1109 3551 1308 3617 domo,
1340 3555 1426 3605 est
1465 3551 1658 3620 gloria,
1699 3552 1755 3606 id
1788 3553 1873 3606 est

258 3638 613 3693 innocentia.
644 3638 807 3693 Unde
846 3637 964 3708 ipse
1006 3638 1307 3709 gloriatur,
1344 3638 1509 3707 juxta
1550 3639 1690 3694 illud
1717 3640 1869 3710 Apo-

257 3726 387 3782 stoli
426 3742 439 3781 :
468 3748 495 3775 ‹‹
522 3726 713 3782 Gloria
752 3729 949 3781 nostra
978 3726 1101 3781 hinc
1136 3729 1241 3792 est,
1293 3725 1689 3780 testimonium
1734 3744 1869 3783 con-

258 3813 514 3870 scientia:
564 3817 776 3869 nostra»
816 3812 907 3885 (II
934 3813 1061 3869 Cor.
1124 3831 1163 3880 ι,
1220 3818 1325 3881 l2),
1376 3834 1406 3866 »
1438 3818 1487 3869 et
1537 3815 1738 3869 divitiae
1781 3833 1869 3871 sa-

257 3902 491 3974 pientiae
536 3902 846 3968 interioris,
877 3910 927 3956 et
968 3902 1184 3972 justitia
1247 3918 1491 3975 cperum
1545 3903 1656 3973 ejus
1716 3903 1868 3958 beati

260 3991 365 4047 viri
416 3999 595 4045 manet
642 4008 820 4062 usque
870 3994 924 4044 in
970 3991 1221 4045 sa'culmn
1248 3991 1452 4049 saeculi.
1478 3991 1637 4055 Quod
1673 3994 1757 4045 est
1782 3991 1867 4046 di-

261 4096 392 4134 cere
427 4096 440 4133 :
474 4080 624 4134 Bene
666 4082 941 4149 operatur
984 4078 1398 4145 indesinenter,
1435 4082 1494 4132 et
1535 4097 1667 4134 cum
1708 4078 1870 4133 inno-

258 4184 394 4221 cens
421 4167 493 4221 sit
516 4170 571 4221 et
594 4167 821 4237 sapiens
846 4170 903 4220 et
925 4168 1130 4238 justus,
1167 4184 1271 4237 per
1312 4168 1421 4222 hoe
1472 4166 1738 4223 doctrina
1767 4186 1869 4222 sua

258 4257 455 4311 valens
479 4258 564 4309 est
592 4257 665 4310 ad
705 4256 831 4322 hoc,
866 4259 929 4309 ut
958 4273 1061 4326 per
1110 4274 1239 4310 eam
1284 4256 1560 4324 generatio
1610 4264 1869 4310 rectorum

1976 1870 2157 1925 modo!
2174 1868 2475 1939 egentibus
2494 1885 2616 1934 sua,
2636 1870 2695 1921 et
2722 1867 3048 1922 miserando
3076 1869 3134 1921 et
3158 1865 3586 1921 commodando

1975 1960 2211 2029 disponet
2236 1974 2496 2012 sermones
2511 1956 2955 2027 suos,babendos
2968 1958 3023 2009 in
3032 1956 3242 2025 judicio
3257 1955 3583 2020 tremendo,

1977 2047 2190 2102 scilicet
2217 2046 2471 2119 disponit
2496 2046 2635 2117 quid
2664 2045 2721 2100 in
2746 2045 2837 2100 die
2858 2037 3071 2116 judicii‘
3092 2044 3462 2122 respondeat,
3485 2042 3587 2099 ubi

1978 2135 2287 2207 unicuique
2319 2135 2565 2190 reddere
2594 2134 2882 2189 rationem
2915 2132 3227 2207 oportebit,
3263 2150 3296 2187 a
3325 2131 3586 2209 similitu-

1977 2223 2111 2279 dine
2142 2223 2294 2278 illius
2318 2224 2415 2295 qui
2447 2223 2678 2295 quando
2708 2239 2839 2277 cum
2869 2223 3060 2294 aliquo
3104 2223 3189 2276 est
3236 2219 3581 2297 litigaturus,

1974 2312 2230 2383 primum
2258 2312 2512 2383 disponit
2539 2328 2731 2366 secum
2756 2312 3003 2383 qualiter
3035 2310 3114 2365 ibi
3159 2309 3233 2365 sit
3262 2311 3579 2381 locuturus.

1971 2401 2275 2468 Jucundus,
2298 2401 2559 2472 inquam,
2586 2401 2761 2458 homo.
2791 2401 2859 2453 Et
2897 2400 2958 2454 in
3003 2400 3111 2454 hoc
3143 2399 3413 2469 iucundus
3462 2414 3582 2453 esse

1974 2490 2467 2562 comprobabitur,
2498 2492 2622 2561 quia
2652 2505 2757 2543 non
2777 2487 3192 2543 commovebitur
3219 2487 3282 2541 in
3300 2493 3580 2551 aeternum,

1974 2597 2007 2634 a
2036 2579 2331 2652 proposito
2354 2578 2674 2634 sanctitatis
2694 2576 2936 2649 suae,qui
2959 2592 3160 2632 revera
3180 2575 3290 2631 cito
3318 2592 3580 2651 commo-

1971 2670 2220 2733 veretur,
2262 2664 2369 2720 nisi
2403 2667 2520 2721 Deo
2570 2668 2717 2720 esset
2753 2664 3065 2736 jucundus,
3091 2666 3149 2719 et
3187 2680 3290 2736 per
3324 2663 3431 2737 hoc
3475 2680 3582 2731 non

1970 2755 2401 2818 commovebitur,
2426 2755 2581 2826 quod
2604 2754 2619 2807 i
2628 2772 2726 2826 pse
2745 2754 2928 2824 justus
2953 2752 3198 2807 existens
3221 2754 3322 2806 erit
3366 2754 3422 2805 in
3470 2769 3578 2806 mc-

1974 2846 2143 2897 moria
2161 2851 2360 2897 aeterna
2385 2843 2537 2913 apud
2552 2842 2889 2907 Dominum,
2917 2840 3132 2914 scilicet
3155 2857 3385 2912 semper
3404 2858 3438 2895 a
3457 2858 3587 2912 gra-

1971 2932 2052 2986 tia
2077 2930 2306 2986 Domini
2322 2930 2412 3001 adj
2425 2930 2707 2999 uvabilur,
2729 2946 2799 2983 ne
2822 2928 3068 2996 deficiat,
3092 2931 3150 2983 et
3169 2928 3302 3000 quia
3317 2930 3373 2981 in
3393 2946 3584 2983 memo-

1972 3022 2054 3073 ria
2084 3027 2283 3074 aeterna
2314 3021 2437 3086 erit,
2460 3036 2567 3072 non
2600 3018 2801 3072 timebit
2832 3017 2900 3071 ab
2924 3016 3192 3071 auditione
3222 3017 3385 3091 mala,
3407 3016 3465 3072 id
3494 3019 3583 3071 est

1974 3125 2008 3163 a
2023 3106 2406 3163 comminanti
2434 3105 2725 3177 auditione
2743 3108 3206 3177 persecutorum;
3238 3104 3584 3173 scilicet,non

1974 3196 2176 3250 timebit
2201 3213 2335 3250 cum
2367 3196 2418 3250 ei
2446 3198 2838 3265 persecutores
2865 3196 3116 3248 mortem
3138 3193 3583 3267 comminabun-

1975 3288 2087 3339 tur.
2111 3283 2241 3338 Non
2262 3283 2486 3350 timebit,
2512 3282 2774 3355 inquam,
2798 3298 2935 3336 nam
2971 3299 3060 3336 cor
3085 3283 3200 3353 ejus
3214 3289 3474 3355 paratum
3486 3288 3580 3348 est,

1972 3373 2032 3427 id
2046 3376 2129 3427 est
2139 3377 2350 3444 praesto
2364 3375 2911 3444 estsempersperare
2938 3373 2995 3424 in
3029 3370 3288 3438 Domino,
3310 3378 3359 3426 ct
3394 3371 3584 3445 con/ir-

1972 3468 2178 3515 matum
2192 3468 2266 3516 est
2279 3477 2369 3517 cor
2383 3461 2497 3530 ejus
2509 3461 2609 3516 illa
2622 3477 2753 3533 spe;
2771 3464 2830 3514 et
2849 3459 2980 3531 ideo
2999 3477 3107 3513 non
3136 3459 3570 3535 commovebitur,

1972 3552 2035 3603 ut
2065 3550 2199 3615 dixi,
2234 3565 2268 3604 a
2304 3551 2461 3604 bono
2507 3548 2803 3621 pr0posito
2846 3565 2970 3619 suo,
3012 3565 3384 3623 perseverans
3421 3548 3581 3602 donec

1973 3639 2043 3694 de
2074 3639 2180 3692 hac
2210 3637 2325 3692 vita
2355 3637 2654 3691 discedens
2679 3637 2956 3707 despiciat,
2986 3636 3047 3712 id
3066 3640 3150 3709 est
3168 3635 3582 3706 despectabiles

1971 3729 2028 3780 et
2052 3725 2227 3781 victos
2243 3742 2365 3780 esse
2384 3724 2727 3796 comprobet
2749 3725 2988 3778 inimicos
3018 3740 3149 3778 suos
3178 3741 3192 3791 ;
3233 3725 3321 3778 vel
3351 3723 3431 3778 sic
3465 3723 3578 3778 duo

1971 3813 2061 3869 isti
2084 3831 2274 3868 versus
2289 3814 2563 3885 leguntur
2588 3829 2600 3867 :
2629 3811 2751 3866 Dixi
2774 3811 2907 3885 quia
2928 3811 3246 3876 commodat,
3275 3828 3380 3865 non
3404 3814 3413 3819 ’
3434 3828 3577 3866 com-

1968 3903 2263 3956 movebitur
2288 3906 2343 3955 in
2361 3908 2640 3968 aeternum,
2663 3899 2943 3971 jucundus
2962 3901 3115 3954 homo
3133 3917 3166 3973 a
3182 3900 3336 3973 bono
3364 3915 3575 3973 propo-

1967 3990 2075 4045 silo
2097 4007 2221 4053 suo,
2246 3993 2304 4044 et
2334 3988 2462 4045 ideo
2488 3989 2605 4061 ipse
2628 3989 2817 4061 justus
2850 3988 3097 4043 existens
3126 3988 3239 4055 hic,
3282 3972 3436 4068 apud
3469 3989 3575 4067 llo-

1968 4078 2193 4133 minum
2211 4078 2591 4133 eritmemoria
2616 4084 2836 4145 aeterna,
2870 4076 2927 4131 id
2954 4080 3038 4132 est
3070 4094 3298 4141 memor
3328 4064 3438 4132 erit
3466 4064 3575 4149 Do-

1971 4167 2452 4222 minuszeternam
2468 4166 2520 4222 ei
2539 4165 2959 4222 beatitndincm
2983 4166 3320 4221 retribuere.
3342 4167 3406 4220 Et
3428 4166 3576 4221 bene

1968 4256 2073 4311 sibi
2107 4256 2365 4312 conscius
2386 4256 2771 4323 cxistcns,non
2809 4255 3009 4309 timebit
3033 4254 3089 4309 in
3114 4240 3306 4308 futuro
3328 4254 3391 4307 ab
3419 4254 3574 4307 audi-

260 4344 656 4400 bcnedicatur.
682 4345 797 4399 Hoc
820 4347 1015 4399 autem
1034 4344 1187 4415 quod
1208 4351 1396 4413 potens
1422 4346 1507 4398 est
1530 4361 1702 4398 semen
1732 4346 1865 4416 eius,
1886 4370 1940 4430 Ι)
1973 4347 2111 4398 tione
2135 4346 2304 4412 mala,
2325 4345 2383 4400 id
2405 4347 2490 4399 est
2509 4343 2956 4416 asperaquando
2976 4341 3321 4396 damnandis
3334 4341 3572 4395 dicetur:
3594 4350 3599 4353 ’

257 4434 491 4503 etquod
538 4434 709 4502 gloria
757 4440 805 4487 et
833 4433 1035 4486 divitiae
1063 4436 1198 4486 sunt
1226 4434 1281 4485 in
1306 4432 1459 4485 domo
1487 4433 1618 4502 eius,
1653 4450 1768 4487 non
1800 4451 1867 4488 ex
1900 4480 1909 4485 .

257 4521 382 4593 ipso
414 4524 518 4587 est,
563 4521 662 4575 sed
692 4538 757 4575 ex
803 4520 1018 4575 lumine
1070 4537 1228 4575 vero.
1264 4520 1530 4574 Exortum,
1578 4528 1657 4576 est
1709 4521 1867 4577 enim

256 4610 574 4665 secundum
602 4610 775 4685 ﬁdem
806 4611 858 4663 in
887 4610 1106 4664 tenebris
1136 4608 1339 4675 lumen,
1372 4608 1432 4663 id
1458 4612 1542 4664 est
1591 4608 1647 4663 in
1679 4609 1866 4664 cordi-

255 4698 362 4752 bus
399 4699 724 4766 beatorum,
763 4697 857 4769 qui
894 4697 1049 4767 prius
1080 4701 1247 4752 erant
1278 4698 1551 4764 tenebrae,
1580 4701 1639 4751 et
1662 4716 1863 4753 secun-

256 4788 392 4841 dum
433 4789 664 4857 peccata
699 4789 756 4840 et
791 4786 1106 4840 secundum
1149 4786 1564 4856 ignorantiam.
1600 4786 1865 4840 Exortum

254 4883 352 4943 est,
385 4876 647 4947 inquam,
678 4875 855 4929 lumen
884 4877 939 4929 in
978 4874 1219 4941 tenebris,
1253 4878 1310 4929 et
1347 4875 1457 4929 hoc
1487 4880 1658 4941 rectis,
1693 4875 1749 4929 id
1780 4878 1866 4929 est

255 4964 330 5019 ad
375 4980 518 5035 opus
561 4966 872 5029 rectorum,
926 4963 1159 5025 scilicet,
1200 4964 1271 5017 ad
1321 4965 1431 5019 hoc
1469 4968 1734 5019 exortum
1780 4967 1865 5019 est

259 5055 321 5106 ut
359 5051 484 5105 illos
522 5050 616 5121 qui
659 5050 815 5121 prius
856 5054 1022 5106 erant
1060 5050 1336 5113 tenebras,
1368 5055 1555 5106 rectos
1582 5052 1773 5119 faciat,
1807 5054 1866 5106 et

254 5142 366 5195 hoc
396 5142 594 5194 lumen
630 5142 713 5193 est
749 5139 828 5194 eis
850 5142 1116 5194 exortum
1154 5139 1428 5208 Christus,
1454 5140 1685 5209 scilicet,
1716 5142 1865 5195 mise-

258 5232 419 5282 ricvrs
442 5227 497 5282 in
519 5232 809 5293 nalura,et
842 5230 1118 5281 miseratur
1136 5228 1193 5281 in
1218 5228 1539 5283 exhibendo
1563 5229 1861 5297 beneficia,

256 5316 517 5386 etjustus.
552 5317 613 5369 In
646 5316 754 5369 hoc
786 5317 942 5387 quod
965 5316 1087 5386 jam
1133 5316 1319 5385 justos
1354 5317 1538 5387 magis
1567 5317 1863 5388 jiislilicat,

257 5405 445 5459 innuit
475 5404 629 5476 quod
661 5408 717 5458 et
746 5404 1072 5461 inﬁdelibus
1116 5403 1269 5458 idem
1314 5407 1509 5459 lumen
1552 5406 1787 5472 orietur,
1820 5405 1864 5460 si

259 5494 333 5549 ad
366 5491 501 5546 illud
533 5493 905 5557 accesserint;
941 5497 997 5548 et
1033 5509 1135 5563 per
1172 5492 1278 5546 line
1322 5510 1418 5548 eos
1452 5493 1865 5549 inexcusabiles

256 5581 470 5637 reddit.
508 5581 574 5635 Et
613 5581 889 5653 quoniam
924 5581 1041 5653 ipse
1069 5583 1359 5636 misericors
1389 5585 1442 5637 et
1474 5586 1751 5639 miseratur
1782 5587 1866 5638 est

1968 4434 2347 4489 «Disceditea
2370 4450 2486 4494 me,
2521 4431 2834 4496 maledicti,
2854 4453 2880 4480 »
2900 4434 3007 4484 etc.
3029 4429 3251 4505 (Manli.
3299 4447 3425 4497 xxv,
3462 4432 3521 4485 41
3558 4431 3574 4495 )

1968 4522 2079 4576 Nec
2097 4521 2301 4575 timere
2331 4520 2564 4592 quidem
2589 4535 2724 4574 eum
2748 4517 3059 4591 oportebit,
3090 4517 3181 4573 hic
3206 4517 3363 4573 enim
3383 4521 3467 4573 est
3486 4537 3576 4574 cor

1964 4611 2081 4679 ejus
2122 4610 2179 4663 in
2211 4609 2373 4664 omni
2404 4608 2610 4663 virtute
2631 4613 2891 4681 paratum
2915 4624 3123 4678 sperare
3151 4609 3206 4661 in
3229 4594 3481 4675 Domino,
3516 4607 3575 4662 id

1966 4701 2051 4752 est
2065 4697 2139 4761 sic
2160 4699 2427 4768 paratum
2444 4700 2505 4750 ut
2529 4694 2703 4766 possit
2722 4713 2935 4769 sperare
2960 4699 3015 4751 in
3046 4697 3273 4761 Domino
3301 4712 3572 4751 remune-

1965 4784 2434 4851 rationem,etsic
2460 4788 2545 4839 est
2576 4789 2842 4858 paratum
2883 4786 3040 4858 quod
3069 4784 3125 4839 in
3160 4786 3263 4861 illo
3289 4786 3573 4856 apparatu

1964 4875 2339 4942 conﬁrmatum
2367 4879 2440 4927 est
2467 4891 2558 4928 eor
2585 4875 2723 4945 ejus,
2753 4890 2826 4928 ne
2857 4872 3168 4949 aliquando
3222 4869 3573 4949 improvidus

1965 4961 2057 5027 sit,
2086 4965 2144 5016 et
2174 4961 2251 5016 sic
2291 4963 2668 5031 conﬁrmatum
2699 4967 2773 5015 est
2807 4979 2896 5015 cor
2930 4947 3067 5031 ejus,
3100 4959 3253 5031 quod
3296 4976 3401 5011 non
3435 4947 3574 5012 com-

1964 5051 2256 5105 movebitur
2271 5068 2644 5123 perscvcrans
2666 5050 2724 5105 in
2746 5048 3041 5122 proposito
3062 5065 3185 5125 suo,
3210 5046 3371 5101 donec
3399 5045 3570 5125 despi-

1965 5143 2069 5195 ciat
2088 5122 2384 5213 despectos
2405 5144 2462 5195 et
2484 5141 2835 5211 impotentes
2853 5138 3094 5217 inimicos
3104 5122 3235 5215 suos
3252 5122 3573 5215 persecuto-

1964 5248 2074 5296 res,
2103 5229 2199 5302 qui
2236 5228 2327 5283 hic
2367 5228 2441 5282 ad
2484 5228 2690 5281 horam
2742 5226 2800 5279 in
2853 5225 2975 5296 ejus
3013 5242 3184 5280 carne
3227 5227 3572 5298 potestatem

1964 5318 2199 5373 habent.
2233 5318 2325 5371 Vel
2359 5315 2436 5370 sic
2469 5332 2482 5370 :
2514 5316 2650 5370 lude
2676 5316 2919 5391 apparet
2937 5313 3195 5386 quodliic
3215 5314 3362 5369 bene
3387 5312 3575 5384 dispo-

1967 5407 2053 5461 nil.
2072 5422 2329 5461 sermones
2341 5422 2477 5469 suos,
2494 5406 2618 5477 quia
2643 5405 2698 5456 in
2723 5410 2982 5458 aztermun
3016 5421 3120 5458 non
3139 5401 3479 5457 conimorebil
3488 5419 3571 5466 ur,

1969 5496 2021 5549 id
2037 5497 2120 5549 est
2134 5510 2248 5548 non
2267 5491 2681 5566 inquietabitur
2694 5492 2750 5545 in
2766 5495 3049 5569 internum
3065 5492 3254 5562 aliqua
3268 5491 3575 5569 anxietate,

1970 5583 2069 5639 sed
2093 5585 2147 5637 in
2163 5584 2413 5637 memoria
2444 5588 2640 5637 aeterna
2671 5583 2771 5636 erit
2787 5568 2973 5653 justus
2998 5581 3142 5653 apud
3159 5568 3493 5647 Dominum,
3514 5581 3578 5645 ut
