3998 6026
446 324 585 394 ires

1065 327 1128 394 S.
1168 327 1520 393 BRUNONIS
1558 320 2199 393 CARTHUSIANORUM
2234 329 2700 393 lNS'l‘l'l‘U’l‘ORlS
2740 332 2894 394 OPP.
2937 330 3115 393 PARS
3154 334 3175 394 Ι

3628 324 3785 393 1238

441 457 493 515 si
515 460 795 517 ueternum
811 454 1232 518 beatitudinem
1252 458 1500 517 tribuat:
1525 462 1584 517 et
1601 476 1719 517 non
1739 461 1927 518 solum
1948 476 2056 515 non
2085 475 2358 541 Aquam,
2391 463 2495 518 est.
2530 458 2661 529 Quis
2702 459 2863 518 enim
2904 458 3184 518 Dominus
3221 463 3281 517 et
3325 456 3471 519 Deus
3508 459 3790 518 excelsus

445 549 878 614 commovebitur,
921 549 1023 607 sed
1071 549 1247 606 etiam
1295 567 1403 606 non
1449 551 1651 606 timebit
1685 550 1754 606 ab
1793 551 2062 607 auditione

446 639 617 708 mala;
640 640 798 713 quod
810 638 1002 695 minus
1018 641 1246 694 estcum
1268 639 1490 695 dicetur
1508 656 1521 695 :
1539 659 1570 692 ‹‹
1587 639 1925 706 Discedite,»
1948 642 2056 694 etc.

526 728 672 794 Quia
704 728 926 783 dixerat
954 728 1276 795 commodat,
1321 728 1525 801 quibus
1563 728 2060 784 commodandum

450 818 527 875 sit
575 817 948 885 determinat,
998 817 1078 872 sic
1109 834 1123 873 :
1159 817 1282 873 Dixi
1326 817 1481 889 quod
1529 836 1619 873 cor
1660 819 1774 889 ejus
1806 822 2061 890 paratum

448 923 662 978 sperare
696 908 754 961 in
780 906 1048 972 Domino;
1080 923 1185 962 nec
1214 910 1436 963 temere
1467 907 1703 980 quidem
1736 910 1929 980 sperat
1956 907 2059 961 bo-

453 1012 595 1053 nam
617 996 910 1053 aDomino
927 996 1368 1053 retributionem
1391 1014 1403 1052 :
1426 998 1544 1069 ipse
1563 1014 1814 1069 namque
1830 995 2064 1069 propria

452 1085 718 1157 dispersit,
742 1089 800 1141 et
816 1087 925 1141 hoc
946 1102 1063 1141 non
1087 1086 1280 1141 mimis
1298 1089 1397 1141 aut
1422 1087 1643 1142 caeteris
1660 1085 2060 1150 nebulonibus,

456 1174 558 1229 sed
578 1174 722 1230 dedit
726 1175 1074 1248 pauperibus,
1108 1179 1167 1230 et
1188 1175 1317 1232 ideo
1347 1176 1558 1245 iustitia
1588 1175 1863 1230 virtutum
1884 1175 2005 1245 ejus
2029 1191 2064 1228 a

460 1264 575 1318 Deo
599 1267 933 1319 conservata
958 1271 1134 1318 manet
1160 1281 1337 1336 usque
1387 1267 1443 1317 in
1472 1264 1721 1319 sarculum
1772 1264 1970 1330 saeculi,
2005 1261 2064 1317 id

458 1352 546 1407 est
572 1351 831 1425 quandiu
856 1352 1106 1407 mundus
1123 1352 1227 1407 iste
1253 1353 1501 1408 durabit.
1528 1353 1668 1408 Etiu
1692 1353 1881 1407 futuro
1899 1369 2061 1406 cornu

457 1442 595 1512 ejus,
628 1441 685 1496 id
716 1444 801 1495 est
836 1440 1159 1496 sublimitas
1188 1441 1428 1512 justitia:
1460 1442 1602 1512 ejus,
1644 1441 1971 1496 exaltabitur
2009 1442 2066 1495 in

453 1529 630 1598 gloria
652 1528 1022 1584 beatitudinis
1051 1532 1302 1584 ceterum.
1321 1528 1484 1593 Quod
1504 1532 1590 1584 est
1616 1529 1805 1584 dicere
1832 1546 1844 1584 :
1868 1528 1987 1600 ipse
2008 1528 2066 1583 in

459 1616 648 1688 gloria
666 1617 1012 1673 exaltabitur
1033 1620 1269 1690 propter
1310 1634 1489 1673 cornu
1513 1618 1657 1687 ejus.
1688 1619 1841 1672 Hanc
1872 1620 2067 1672 autem

460 1705 866 1761 exultationem
869 1712 1119 1778 peccator
1133 1705 1372 1778 quisque
1394 1706 1607 1774 videbit,
1624 1712 1673 1760 et
1718 1708 1972 1760 irascetur
1998 1706 2067 1760 de

2158 551 2296 605 sicut
2323 552 2591 608 Dominus
2619 550 2967 618 Deusnoster,
2999 552 3094 625 qui
3120 552 3176 606 in
3195 550 3318 607 altis
3337 550 3562 619 habitat,
3594 558 3649 606 et
3675 551 3791 604 [iw

2160 640 2315 695 milia
2357 644 2565 712 respicit
2602 643 2658 696 in
2688 642 2809 697 cwlo
2848 648 2898 696 et
2930 643 2986 695 in
3021 648 3161 695 terra
3185 658 3203 707 ;
3244 643 3497 696 suscitans
3524 641 3591 696 de
3625 647 3786 695 terra

2161 729 2388 800 inopem,
2439 736 2488 784 et
2526 731 2589 785 dc
2625 736 2849 786 stercore
2897 731 3099 802 erigens
3130 747 3440 802 pauperem,
3464 737 3527 784 ut
3553 730 3785 785 collocat

2161 834 2281 871 eum
2312 836 2434 872 cum
2468 819 2822 891 principibus,
2855 835 2976 874 cum
3006 819 3358 891 principibus,
3390 818 3661 891 inquam,
3677 835 3785 889 po-

2150 906 2276 977 puli
2302 908 2403 962 sui.
2440 906 2552 975 Qui
2575 908 2814 961 habitare
2840 907 2995 977 facit,
3029 907 3087 963 id
3117 909 3203 962 est
3230 906 3421 974 faciet,
3449 907 3687 963 sterilem
3718 908 3782 959 in

2161 992 2337 1061 domo,
2370 1001 2595 1050 matrem
2616 995 2854 1065 ﬁliorum
2894 995 3182 1051 laetantem.
3223 995 3421 1050 Nullus
3458 995 3661 1067 itaque
3698 992 3782 1047 ad

2161 1084 2658 1154 comparationem
2687 1084 2809 1155 ejus
2837 1087 2923 1138 est
2950 1084 3195 1139 excelsus.
3218 1084 3334 1138 Hoc
3363 1086 3553 1139 autem
3576 1086 3779 1139 totum

2163 1170 2236 1225 ad
2269 1172 2455 1242 majus
2478 1172 2704 1243 pondus
2729 1173 2834 1227 sub
2855 1171 3309 1244 interrogatione
3335 1171 3610 1244 positum,
3644 1187 3787 1242 proo

2162 1258 2318 1314 batio
2340 1262 2427 1315 est
2455 1276 2589 1315 eum
2631 1277 2752 1316 esse
2795 1277 2966 1333 super
3006 1277 3210 1315 omnes
3258 1262 3564 1327 excelsum,
3595 1263 3663 1314 et
3692 1262 3783 1314 est

2163 1347 2537 1420 cequipollcns
2561 1365 2627 1403 ac
2654 1349 2699 1404 si
2746 1348 2823 1403 sic
2852 1348 3106 1404 diceret:
3141 1348 3274 1404 Dico
3306 1349 3620 1404 Dominum
3678 1364 3785 1403 no.

2166 1440 2348 1491 strum
2362 1438 2647 1492 excelsum
2666 1440 2873 1503 esse,et
2888 1453 3019 1492 vere
3043 1438 3291 1493 excelsus
3312 1441 3397 1492 est
3416 1437 3474 1492 in
3486 1437 3780 1510 potentia.

2167 1526 2308 1580 Cum
2327 1525 2484 1581 enim
2502 1525 2663 1581 multi
2677 1525 2898 1581 domini
2932 1526 3147 1581 terreni
3162 1528 3431 1597 potentes
3445 1526 3781 1591 videantur,

2167 1614 2293 1685 quis
2305 1615 2575 1670 dominus
2589 1618 2889 1687 potensest
2900 1614 3046 1671 sicut
3067 1615 3348 1671 Dominus
3371 1618 3566 1669 noster
3585 1616 3612 1670 ?
3638 1616 3781 1670 Nul-

2167 1705 2272 1759 lus.
2299 1705 2364 1759 Et
2384 1704 2509 1777 quis
2530 1721 2667 1776 peus
2698 1706 2904 1775 potens
2933 1704 3075 1759 sicut
3105 1705 3253 1758 Deus
3282 1704 3524 1759 noster?
3553 1704 3781 1770 Nullus;

459 1794 591 1862 hoc,
616 1795 772 1868 quod
796 1796 906 1851 tale
932 1795 1074 1869 quid
1101 1812 1217 1851 non
1242 1795 1396 1864 fecit,
1419 1798 1660 1867 propter
1689 1796 1842 1868 quod
1872 1799 1931 1851 et
1951 1796 2070 1867 ipse
2097 1802 2148 1862 Β
2170 1795 2228 1847 et
2254 1791 2388 1847 inde
2412 1792 2637 1847 excelsus
2657 1809 2779 1847 esse
2802 1791 3623 1864 comprobatur,quoniamille
3644 1796 3782 1848 tan-

461 1882 725 1940 similiter
737 1885 1034 1939 exaltetur.
1050 1884 1117 1938 Et
1140 1901 1257 1939 non
1276 1900 1484 1956 parum
1506 1883 1802 1951 irascetur,
1821 1884 1921 1938 sed
1950 1884 2072 1939 den-

464 1974 600 2029 tibus
623 1976 731 2028 suis
757 1975 968 2042 fremet,
1004 1973 1060 2029 id
1086 1977 1173 2029 est
1202 1972 1373 2028 nimis
1402 1974 1698 2041 irascetur,
1728 1973 1801 2028 ad
1828 1974 2068 2029 modum

460 2064 836 2120 vehementer
856 2062 1169 2130 irascentis,
1187 2063 1285 2135 qui
1310 2063 1575 2118 dentibus
1593 2063 1789 2119 fremit
1812 2080 1825 2119 :
1856 2065 2066 2135 fremet,

461 2152 725 2225 inquam,
760 2158 809 2206 et
837 2150 1270 2225 tabcscet,est
1300 2150 1528 2207 deficiet
1559 2155 1710 2207 totus
1741 2169 1859 2225 prie
1890 2152 2071 2207 nimia

460 2223 567 2295 ira.
592 2240 688 2296 Vel
720 2239 797 2295 sic
819 2256 831 2295 :
855 2239 978 2296 Non
1221 2240 1407 2295 solum
1444 2241 1554 2297 hoc
1585 2223 1801 2295 malum
1834 2240 2070 2296 habebit

460 2331 524 2383 ut
548 2327 846 2400 irascatur,
872 2328 973 2385 sed
1002 2335 1055 2383 et
1083 2328 1323 2396 tabescet,
1353 2327 1410 2384 id
1449 2332 1535 2384 est
1582 2329 1811 2384 deficiet
1849 2328 1909 2384 in
1956 2333 2071 2384 tor-

461 2416 705 2484 mentis;
733 2417 1005 2483 irascetur,
1042 2415 1302 2488 inquam,
1335 2419 1393 2471 et
1430 2417 1541 2472 hoc
1570 2416 1722 2483 ideo,
1769 2417 1904 2490 quia
1933 2420 2071 2472 tunc

453 2503 650 2575 peribit
683 2502 999 2558 desiderium
1025 2510 1394 2574 peccatorum:
1417 2503 1628 2560 divitia:
1671 2504 1887 2560 scilicet
1929 2522 2070 2578 quas

457 2591 551 2648 hic
565 2591 731 2647 valde
746 2590 1233 2647 desideraverunt.
1248 2592 1347 2647 Vel
1368 2591 1450 2647 sic
1467 2608 1480 2647 :
1503 2591 1789 2660 Irascetur,
1804 2593 2067 2666 inquam,

459 2680 795 2737 desiderans
812 2697 871 2736 se
889 2680 1002 2737 tale
1031 2679 1169 2753 quid
1199 2679 1417 2747 fecisse,
1446 2682 1684 2753 propter
1732 2682 1895 2754 quod
1924 2683 2072 2736 exal-

464 2772 720 2837 taretur;
752 2770 852 2825 sed
884 2769 1025 2826 illud
1064 2769 1379 2825 desiderium
1398 2776 1740 2842 peccatorum
1763 2770 1984 2843 peribit,
2012 2769 2071 2826 id

460 2859 546 2915 est
576 2857 778 2915 inutile
809 2858 938 2914 erit.

953 2948 1024 3003 ΙΝ
1065 2948 1387 3005 PSALMUM
1419 2948 1569 3005 CXII.

528 3035 1383 3094 Titulicentesimiduodecimi:
1400 3038 1659 3093 Alleluia.
1680 3036 1884 3092 Invitat
1910 3036 2069 3092 enim
2101 3088 2145 3112 η

458 3124 516 3181 ἰη
531 3126 640 3181 hoc
651 3126 1167 3198 psalmoPropheta
1181 3143 1386 3183 omnes
1398 3129 1602 3199 gentes
1613 3126 1685 3182 ad
1703 3126 1933 3181 laudem
1948 3125 2070 3192 Dei,

458 3231 528 3270 ea
552 3213 1037 3282 consideratione,
1057 3214 1194 3286 quia
1219 3216 1368 3287 ipsas
1392 3217 1597 3287 gentes
1612 3214 1706 3270 hic
1730 3215 1800 3270 de
1827 3214 2069 3269 terreni-

462 3304 579 3357 tate
608 3320 712 3357 sua
747 3302 1000 3369 suscitat,
1035 3305 1092 3357 et
1136 3304 1370 3358 easdem
1412 3303 1471 3358 in
1518 3304 1714 3358 futuro
1764 3303 1836 3357 de
1872 3305 2073 3374 putre-

463 3390 598 3446 dine
630 3389 852 3462 eriget;
885 3394 944 3445 et
968 3389 1103 3462 quia
1137 3390 1444 3446 Ecclesium
1478 3391 1574 3446 diu
1607 3390 1884 3457 sterilem,
1916 3390 2074 3446 ferti-

461 3479 576 3534 lem
603 3477 759 3545 facit,
775 3479 835 3533 et
861 3477 920 3533 in
939 3478 1135 3533 futuro
1159 3478 1218 3534 in
1246 3479 1420 3535 domo
1435 3496 1564 3535 eam
1590 3479 1762 3535 faciet
1785 3478 2065 3535 habitare.

537 3566 759 3635 Ladate,
774 3569 955 3639 pueri,
1001 3567 1310 3623 Dominum.
1352 3568 1516 3633 Quod
1541 3572 1625 3624 est
1654 3568 1842 3625 dicere
1876 3585 1889 3623 :
1922 3568 2070 3623 Lau-

460 3654 583 3711 date
605 3655 922 3723 Dominum,
969 3673 1002 3713 ο
1038 3657 1305 3728 gentiles,
1334 3656 1412 3712 sic
1455 3659 1518 3713 ut
1555 3656 1675 3712 sitis
1688 3658 1866 3728 pueri,
1899 3656 1958 3712 id
1986 3659 2072 3712 est

462 3743 607 3799 servi
621 3743 864 3816 ejus.Vel
869 3746 1034 3816 pueri
1044 3743 1101 3799 in
1120 3744 1471 3813 innocentia,
1478 3745 1644 3816 juxta
1666 3745 1803 3801 illud
1825 3744 2070 3800 :«Nolite

460 3833 625 3905 pueri
656 3832 808 3889 effici
834 3833 1111 3902 sensibus,
1140 3834 1239 3889 sed
1278 3833 1501 3889 malitia
1538 3833 1759 3906 parvuli
1808 3836 1990 3890 estote
2018 3832 2078 3907 (Ι

463 3920 593 3977 Cor.
616 3938 727 3991 xw,
755 3922 868 3991 20).
893 3940 925 3974 ιθ
956 3922 1073 3978 Hoc
1103 3926 1300 3978 autem
1325 3922 1484 3979 idem
1515 3926 1600 3977 est
1630 3939 1695 3978 ac
1720 3922 1765 3978 si
1811 3922 1889 3978 sic
1919 3922 2069 3978 dice-

465 4013 556 4065 ret
586 4026 600 4065 :
632 4010 883 4066 Laudate
910 4011 1228 4067 Dominum
1249 4011 1417 4067 laude
1447 4010 1814 4067 innocieutia‘.
1846 4014 1904 4067 et
1933 4013 2068 4067 obe-

465 4096 698 4153 dientiae
731 4100 952 4153 vestrae.
987 4100 1055 4152 Et
1102 4099 1320 4156 laudate
1372 4115 1559 4155 nomen
1604 4099 1846 4167 Domini,
1891 4099 1950 4155 id
1986 4104 2071 4156 est

463 4185 695 4241 laudate
722 4186 905 4242 Deum
938 4186 1198 4242 contuitu
1217 4187 1416 4258 magni
1434 4187 1688 4243 nominis
1709 4187 2073 4258 ejus,scilicet

466 4292 534 4331 ea
555 4272 1018 4331 consideratione
1039 4273 1174 4346 quia
1191 4274 1469 4329 Dominus
1491 4280 1743 4343 vocatur,
1758 4278 1816 4330 et
1830 4277 1937 4331 hoc
1954 4293 2072 4332 non

2170 1882 2261 1935 tus
2275 1884 2361 1935 est
2377 1881 2532 1953 quod
2555 1897 2671 1936 non
2712 1879 2989 1947 localiter,
3020 1880 3117 1935 sed
3148 1880 3540 1954 potentialiter
3566 1880 3785 1935 habitat

2170 1970 2227 2022 in
2252 1970 2396 2037 altis,
2425 1969 2485 2024 id
2510 1972 2597 2025 est
2628 1968 2687 2024 in
2713 1969 3036 2025 coelestibus
3066 1969 3455 2040 spiritibus,et
3483 1969 3540 2024 in
3563 1969 3787 2024 sanctis

2170 2056 2304 2111 viris
2331 2056 2427 2130 qui
2461 2056 2559 2112 alti
2588 2060 2720 2112 sunt
2749 2056 2807 2112 in
2848 2058 3171 2113 sanctitate.
3200 2058 3279 2113 Ne
3310 2074 3447 2113 vero
3491 2056 3548 2113 in
3580 2075 3788 2130 super-

2169 2145 2265 2201 bia
2291 2146 2631 2202 viderentur
2654 2146 2775 2213 alti,
2800 2146 2961 2202 addit
2988 2164 3001 2201 :
3033 2148 3101 2201 Et
3120 2146 3251 2202 licet
3273 2164 3373 2202 eos
3401 2148 3544 2202 altos
3560 2164 3686 2203 esse
3700 2148 3789 2202 di-

2168 2252 2320 2303 cam,
2339 2238 2535 2291 tameu
2559 2238 2767 2308 respicit
2788 2235 2909 2308 ipse
2935 2235 3211 2291 Dominus
3229 2236 3453 2291 humilia
3492 2240 3546 2291 in
3573 2238 3700 2292 calo
3732 2244 3786 2291 et

2171 2326 2226 2377 in
2259 2331 2422 2392 terra,
2448 2323 2506 2379 id
2524 2326 2630 2389 est,
2663 2326 2923 2396 respectu
2950 2324 3361 2380 misericordiae
3377 2328 3788 2398 suaaOperatur

2170 2413 2563 2469 humilitatem
2600 2415 2659 2469 et
2697 2414 2756 2468 in
2795 2413 2937 2481 caelo,
2974 2413 3031 2469 id
3078 2416 3163 2468 est
3214 2413 3270 2469 in
3303 2413 3433 2469 altis
3455 2415 3785 2470 ccelestibus

2172 2500 2490 2573 spiritibus,
2531 2502 2591 2557 in
2630 2502 2853 2575 angelis
2894 2501 3129 2570 scilicet,
3155 2508 3203 2556 ct
3233 2504 3288 2556 in
3312 2509 3473 2571 terra,
3507 2502 3563 2557 id
3593 2507 3677 2557 est
3719 2503 3781 2558 in

2174 2590 2391 2646 sanctis
2412 2590 2545 2645 viris
2564 2591 2661 2663 qui
2680 2590 2736 2645 in
2756 2593 2911 2647 terra
2930 2591 3117 2645 adhuc
3138 2594 3463 2657 manentes,
3478 2594 3633 2646 terra
3653 2592 3783 2664 ejus

2172 2679 2472 2737 fructifera
2500 2682 2652 2734 sunt.
2683 2679 2849 2745 Quod
2873 2682 2957 2734 est
2981 2678 3175 2735 dicere
3206 2695 3220 2734 :
3248 2680 3310 2734 In
3339 2678 3451 2734 illis
3479 2680 3606 2735 altis
3621 2680 3785 2735 babio

2173 2770 2279 2835 tat,
2295 2768 2392 2840 qui
2412 2770 2608 2823 tamen
2624 2771 2885 2839 respectu
2908 2767 3108 2840 gratiae
3129 2785 3244 2823 suae
3266 2767 3783 2824 humilesefﬁciun-

2175 2861 2284 2913 tur.
2320 2860 2387 2913 Et
2419 2858 2476 2913 in
2506 2858 2621 2915 hoc
2652 2874 2882 2931 quoque
2913 2857 3326 2929 comprobatur
3352 2859 3599 2925 excelsus,
3624 2859 3778 2932 quod

2171 2946 2291 3018 ipse
2323 2944 2381 3002 in
2407 2947 2514 3002 hac
2542 2946 2659 3001 vita
2686 2949 2772 3002 est
2792 2949 3052 3002 suscitans
3078 2949 3281 3019 inopem
3317 2965 3350 2999 a
3394 2954 3555 3014 terra,
3587 2948 3645 3003 id
3692 2952 3781 3003 est

2174 3053 2649 3109 unumquemque
2673 3036 2900 3091 fidelem
2920 3035 3015 3108 qui
3045 3035 3209 3108 inops
3236 3043 3340 3103 est,
3355 3035 3413 3091 id
3427 3037 3778 3103 est,humi]is

2173 3123 2247 3178 ad
2281 3125 2522 3180 modum
2548 3124 2758 3197 inopis,
2791 3141 2894 3198 per
2918 3125 3192 3180 auxilium
3220 3126 3630 3181 misericordiae
3660 3142 3776 3181 suae

2173 3212 2409 3269 suscitat
2429 3231 2463 3268 a
2482 3216 2659 3281 terra,
2675 3214 2733 3269 id
2752 3218 2838 3269 est
2858 3213 3132 3269 sublimat
3148 3231 3282 3270 eum
3296 3216 3555 3270 ablatum
3571 3215 3642 3271 de
3659 3218 3774 3271 ter-

2173 3302 2506 3369 renitate,in
2520 3321 2692 3376 quam
2709 3304 3009 3376 perAdam
3022 3304 3489 3371 devenit,scilicet
3502 3306 3572 3360 de
3602 3307 3778 3360 terre-

2172 3391 2405 3465 noAt‘acit
2422 3391 2912 3464 spiritualem,per
2924 3396 3293 3464 peccatorum
3308 3392 3735 3465 indulgentiam
3757 3409 3771 3460 ;

2169 3463 2431 3551 453d
2462 3481 2520 3534 in
2549 3481 2741 3536 futura
2769 3463 3190 3537 resurrectione
3222 3482 3330 3536 erit
3360 3463 3561 3552 erigens
3578 3498 3779 3553 paupe-

2172 3585 2303 3636 rem,
2332 3568 2389 3623 id
2417 3570 2501 3623 est
2529 3568 2845 3625 sublimans
2890 3586 3363 3642 unumquemque
3394 3569 3625 3624 fidelem
3664 3569 3775 3624 im-

2173 3656 2544 3725 mortalitate,
2572 3656 2851 3730 capiendo
2882 3674 3014 3713 eum
3037 3658 3101 3712 de
3116 3665 3358 3725 stercore,
3390 3657 3446 3713 id
3473 3662 3560 3713 est
3578 3658 3649 3713 de
3674 3675 3775 3729 pu-

2171 3745 2397 3800 tredine
2428 3747 2634 3813 carnis,
2667 3763 2795 3818 quae
2820 3749 3059 3820 prOpter
3070 3746 3392 3803 fceditatem
3413 3745 3545 3817 jure
3562 3750 3775 3802 stercus

2172 3833 2421 3902 dicitur;
2455 3834 2536 3889 sic
2586 3833 2799 3889 scilicet
2841 3834 3026 3907 eriget
3063 3851 3199 3890 cum
3251 3835 3315 3888 de
3355 3841 3578 3889 stercore
3623 3842 3687 3889 ut
3717 3834 3772 3890 in

2171 3925 2390 3978 aeterna
2444 3922 2800 3978 beatitudine
2839 3923 3050 3978 collocet
3098 3939 3218 3978 eum
3267 3940 3391 3980 cum
3420 3924 3773 3995 principibus,

2171 4027 2293 4065 cum
2334 4010 2692 4082 principibus,
2733 4010 2996 4083 inquam,
3032 4011 3224 4083 populi
3268 4012 3373 4078 sui,
3414 4011 3475 4066 id
3517 4014 3603 4066 est
3644 4026 3772 4065 cum

2171 4100 2493 4155 coelestibus
2517 4099 2751 4168 civibus,
2773 4100 2870 4172 qui
2899 4100 2991 4155 hic
3010 4100 3413 4173 principantur
3427 4102 3640 4173 populo
3651 4118 3771 4163 suo.

2172 4187 2474 4259 dirigendo
2501 4203 2636 4243 eum
2668 4187 2739 4243 de
2766 4189 2921 4244 bono
2947 4187 3416 4260 inmelius,juxta
3435 4188 3573 4244 illud
3594 4188 3775 4244 Domi-

2173 4276 2366 4332 nicum
2403 4293 2416 4332 :
2447 4299 2475 4325 «
2510 4277 2690 4332 Erunt
2742 4276 2887 4331 sicut
2921 4277 3112 4348 angeli
3159 4278 3216 4332 in
3248 4279 3390 4332 ccelo
3426 4276 3652 4349 (Matth.
3686 4294 3770 4343 xx,

466 4381 598 4419 cum
627 4362 904 4419 dilatione
925 4364 1012 4418 vel
1047 4362 1121 4417 ad
1149 4363 1484 4429 horam,sed
1512 4365 1581 4417 sit
1609 4381 1645 4418 a
1672 4363 1833 4419 vobis
1864 4365 2069 4420 benedi-
2094 4378 2148 4436 1)
2171 4366 2281 4438 30).
2313 4387 2340 4414 »
2376 4367 2577 4421 Utrum
2610 4367 2804 4421 autem
2829 4368 2909 4422 eis
2923 4366 3139 4421 fuerint
3160 4366 3219 4421 in
3242 4366 3687 4438 gloriamquales
3703 4383 3771 4421 an

467 4459 612 4506 ctum
639 4467 833 4507 nomen
862 4451 1108 4519 Domini,
1138 4451 1195 4507 id
1225 4454 1331 4518 est,
1355 4451 1524 4506 laude
1570 4469 1798 4508 summa
1829 4454 2072 4509 exaltate

469 4539 785 4596 Dominum
806 4540 1068 4596 contuitu
1087 4540 1342 4597 nominis
1361 4540 1484 4612 ejus
1508 4558 1572 4596 ex
1599 4542 1695 4596 hoc
1724 4560 1885 4609 nunc,
1909 4542 1965 4598 id
1989 4546 2076 4598 est

469 4646 538 4685 ex
548 4628 657 4683 hoc
669 4627 937 4702 praesenti
952 4631 1215 4701 tempore
1226 4628 1552 4701 incipiendo
1566 4632 1624 4685 et
1632 4632 2074 4703 perseverando,

468 4734 629 4791 usque
651 4717 715 4773 in
743 4716 991 4771 saeculum
1007 4720 1317 4771 aeternum.
1339 4717 1406 4771 Et
1433 4717 1543 4773 hoc
1579 4735 1696 4774 non
1728 4719 1855 4776 dico
1887 4720 2078 4792 paucis

468 4806 874 4881 gentibus,sed
900 4805 1165 4861 laudabile
1185 4806 1457 4861 sitnomen
1486 4806 1727 4875 Domini,
1749 4809 1808 4864 id
1842 4814 1927 4865 est
1952 4811 2075 4866 lau-

471 4895 675 4953 dabilis
700 4895 774 4950 sit
796 4894 1076 4950 Dominus
1104 4893 1364 4950 contuitu
1393 4895 1645 4951 nominis
1673 4896 1779 4965 sui,
1805 4899 2076 4955 omnibus

469 4985 759 5058 gentibus,
776 4983 1148 5040 existentibus
1166 5002 1199 5038 a
1226 4983 1350 5039 solis
1378 4991 1497 5039 ortu
1524 5002 1686 5058 usque
1713 4986 1785 5039 ad
1808 5003 2070 5044 occasum.

468 5076 579 5130 Per
605 5074 728 5130 haec
754 5072 867 5128 duo
899 5072 1134 5129 climata
1156 5072 1478 5129 datcaetera
1499 5074 1702 5130 mundi
1722 5075 1956 5131 climata
1984 5076 2072 5132 in-

467 5163 750 5237 telligere.
778 5161 1053 5231 Laudate,
1073 5161 1314 5234 inquam
1338 5180 1353 5231 ;
1383 5165 1467 5218 est
1483 5163 1639 5219 enim
1663 5163 2069 5236 diguuslaude.

466 5253 735 5309 Dominus
751 5251 908 5308 enim
935 5250 1182 5319 excelsus,
1214 5250 1272 5307 id
1304 5255 1387 5308 est
1418 5252 1789 5324 omnipotens
1828 5257 1934 5322 est,
1967 5255 2070 5309 do-

468 5342 699 5399 minans
719 5358 873 5412 super
892 5358 1070 5396 omnes
1087 5347 1286 5411 gentes.
1308 5342 1376 5396 Et
1396 5359 1513 5397 non
1539 5343 1725 5397 solum
1747 5360 2073 5416 supergcu—

467 5435 571 5499 tes,
591 5429 690 5487 sed
703 5430 880 5485 etiam
901 5429 1056 5503 quod
1079 5429 1265 5501 majus
1282 5433 1386 5495 est,
1400 5431 1571 5501 gloria
1601 5433 1736 5502 ejus,
1764 5430 1817 5487 id
1836 5435 1921 5485 est
1945 5433 2069 5504 glo-

465 5518 616 5575 riosa
644 5518 902 5589 potentia
916 5518 962 5589 ej
974 5522 1147 5586 us,est
1165 5536 1319 5589 super
1339 5520 1569 5588 cmlos,id
1588 5524 1673 5576 est
1686 5537 1857 5592 super
1868 5538 2070 5577 omnes

467 5607 896 5675 supercoelestes
946 5607 1314 5663 rationabiles
1352 5612 1661 5677 creaturas,
1701 5610 1946 5679 excelsus,
1982 5611 2067 5665 in-

2174 4455 2505 4527 iuaequales,
2527 4454 2788 4509 nondum
2809 4454 2975 4510 nobis
3006 4456 3093 4509 est
3112 4453 3436 4509 definitum.
3459 4456 3527 4509 Et
3545 4471 3646 4526 per
3671 4455 3773 4509 hoc

2174 4544 2351 4599 etiam
2392 4545 2648 4599 excelsus
2686 4559 2807 4598 esse
2848 4542 3346 4615 comprobabitur,
3378 4543 3517 4615 quia
3548 4543 3664 4615 ipse
3692 4546 3771 4598 est

2177 4633 2271 4687 ille
2300 4633 2394 4704 qui
2415 4634 2572 4704 facit,
2601 4632 2659 4686 id
2685 4635 2767 4687 est
2810 4632 2983 4686 faciet
3014 4632 3268 4693 habitare
3308 4634 3364 4685 in
3400 4632 3575 4698 domo,
3607 4631 3664 4685 id
3696 4634 3773 4685 est

2178 4720 2236 4775 in
2265 4720 2619 4776 Hierusalem
2646 4719 2861 4775 caelesti
2896 4736 3023 4791 quae
3055 4721 3276 4774 aeterna
3305 4719 3512 4774 domus
3528 4718 3651 4789 ejus
3671 4721 3771 4786 est,

2178 4825 2294 4865 non
2326 4811 2511 4865 solum
2544 4807 2852 4863 Ecclesiam
2884 4824 2951 4862 ex
2980 4807 3211 4873 Iudaeis,
3245 4807 3346 4863 sed
3376 4812 3433 4862 et
3472 4807 3772 4862 Ecclesiam

2177 4915 2244 4954 ex
2288 4897 2558 4970 gentibus
2617 4896 2775 4970 prius
2822 4897 3049 4951 sterilem
3109 4913 3141 4950 a
3192 4896 3322 4950 filiis
3369 4895 3773 4967 spiritualibus,

2177 4987 2354 5043 modo
2386 5003 2490 5059 per
2526 4986 2775 5058 gratiam
2818 4985 3055 5052 factam,
3083 4991 3329 5047 Matrem,
3365 4988 3424 5040 et
3464 5001 3579 5039 non
3614 4984 3776 5040 unius

2174 5076 2275 5130 filii
2298 5078 2544 5142 tantum,
2576 5074 2677 5129 sed
2707 5077 2956 5128 matrem
2979 5072 3298 5144 spiritalem
3325 5072 3777 5141 ﬁlioruminulto-

2173 5181 2302 5219 rum
2325 5163 2728 5235 spiritualium.
2761 5161 2971 5229 Faciet,
3006 5162 3265 5233 inquam,
3295 5178 3425 5216 eam
3456 5162 3695 5216 [cubitare
3721 5164 3775 5216 in

2169 5254 2343 5320 domo,
2358 5254 2418 5308 et
2437 5268 2552 5306 non
2566 5251 2949 5324 qualicunque
2962 5249 3263 5317 modo,sed
3279 5250 3542 5304 lzetantem
3563 5254 3775 5306 aeterna

2169 5342 2570 5412 laetitia,juxta
2590 5340 2727 5395 illud
2752 5338 3153 5411 propheticum
3189 5356 3249 5393 ;‹‹
3276 5340 3515 5406 La-tarc,
3546 5339 3772 5417 sterilis,

2168 5450 2296 5505 qua:
2321 5448 2437 5486 non
2460 5432 2633 5505 paris;
2658 5447 2898 5502 erumpe
2925 5431 2982 5483 et
3010 5430 3216 5495 clama,
3233 5446 3359 5500 quae
3380 5446 3492 5483 non
3510 5428 3770 5500 parturis,

2169 5521 2302 5593 quia
2328 5520 2491 5576 multi
2513 5519 2614 5574 ﬁlii
2636 5519 2876 5574 desertae
2898 5517 3082 5590 magis
3100 5534 3271 5589 quam
3306 5519 3429 5588 ejus
3450 5534 3578 5589 qua:
3607 5516 3773 5572 habet

2174 5612 2361 5665 virum
2400 5609 2528 5677 (15a.
2574 5625 2680 5675 LIV,
2724 5612 2781 5677 l;
2821 5608 2947 5662 Gal.
2997 5624 3070 5675 iv,
3119 5608 3225 5677 Ξῖ).
3263 5629 3290 5657 ››
3323 5606 3486 5671 Quod
3514 5609 3601 5660 est
3641 5621 3703 5661 ac
3730 5608 3773 5660 si
