3998 6026
278 320 417 392 I237

1235 329 1591 393 EXPOSI’I‘IO
1628 330 1697 391 IN
1732 322 2065 392 PSALMOS.
2095 360 2163 375 -ο
2192 328 2387 391 PSAL.
2432 326 2591 390 CXIII

3447 314 3582 395 1238

277 446 432 508 dicat
451 466 465 506 :
483 449 607 508 Non
623 440 809 508 solum
835 450 1145 510 constituet
1166 452 1411 511 domum
1425 470 1588 512 suam
1601 472 1670 512 ex
1685 454 1874 512 Eccle-
1895 472 1951 534 Α
1982 470 2113 510 rum
2141 452 2486 529 spiritum;
2515 452 2613 529 qui
2643 451 2888 529 populus
2912 452 3194 512 barbarus
3241 449 3471 522 dicitur,
3505 467 3576 511 eo

275 539 362 597 sia
385 539 738 610 Judmorum,
770 542 869 599 sed
899 542 1075 599 etiam
1107 560 1172 599 ex
1198 544 1445 600 Ecclesia
1459 546 1878 619 gentiumque:

276 629 377 685 diu
407 630 614 686 sterilis
639 630 765 699 fuit,
800 633 1021 687 nullum
1051 632 1406 705 spiritualem
1435 636 1551 689 Deo
1579 634 1760 690 ﬁlium
1781 650 1880 706 pa-

273 718 453 774 riens.
484 719 729 775 Ecclesia
756 721 1018 793 gentium
1041 725 1197 777 recte
1227 725 1416 777 mater
1455 722 1684 789 dicitur,
1730 723 1876 778 scili-

274 809 368 861 cet
397 810 518 863 tota
562 809 821 864 collectio
862 809 1122 865 ﬁdelium
1175 826 1243 864 ex
1291 810 1580 882 gentibus,
1626 826 1695 866 eo
1722 810 1878 883 quod

261 895 416 952 alios
444 896 783 953 auctoritate
813 913 914 952 sua
932 898 1004 953 ad
1034 898 1209 953 ﬁdem
1231 899 1598 967 attrahendo,
1618 900 1730 955 Deo
1755 916 1881 972 par-

272 983 355 1039 iat
376 988 433 1040 et
461 985 727 1041 doctrina
764 1004 879 1055 ,sua
916 987 1193 1055 enutriat;
1231 987 1331 1041 ﬁlii
1379 996 1575 1043 autem
1614 988 1881 1043 dicuntur

271 1073 473 1129 ﬁdeles
501 1074 713 1147 quique
765 1075 1025 1146 ejusdem
1084 1076 1457 1143 collectionis,
1514 1093 1582 1131 eo
1637 1076 1879 1148 quodin

266 1162 547 1217 concordi
575 1163 787 1219 unione
816 1163 1164 1219 collectionis
1184 1164 1333 1219 illius
1362 1165 1676 1220 secundum
1703 1166 1881 1220 ﬁdem

277 1252 338 1304 et
369 1249 746 1307 dilectionem
774 1252 1164 1325 persistentes,
1200 1254 1270 1308 de
1300 1253 1391 1308 die
1417 1252 1475 1308 in
1507 1253 1662 1308 diem
1680 1253 1739 1308 in
1768 1254 1879 1308 vir-

272 1338 493 1395 tutibus
522 1344 816 1409 crescunt;
849 1340 994 1397 sicut
1032 1341 1134 1396 ﬁlii
1176 1358 1281 1415 per
1312 1341 1714 1415 quotidianum
1763 1359 1883 1398 nia-

276 1426 380 1484 tris
410 1429 835 1485 nutrimentum
866 1435 1220 1487 excrescunt.

762 1520 830 1572 IN
861 1518 1187 1575 PSALMUM
1216 1520 1392 1578 CXIII.

344 1604 561 1661 Titulus
590 1607 892 1662 centesimi
920 1607 1132 1663 decimi
1163 1607 1315 1663 tertii
1349 1625 1363 1663 :
1391 1607 1651 1663 Alleluia.
1684 1611 1748 1663 In
1775 1609 1884 1664 hoc

274 1695 496 1764 psalmo
512 1695 801 1767 Propheta
814 1697 1056 1767 loquens
1070 1695 1129 1751 in
1145 1695 1451 1769 principio,
1466 1700 1527 1752 ut
1546 1713 1748 1753 omnes
1765 1700 1884 1753 tam

1981 544 2137 617 quod
2166 544 2424 600 devastet
2451 547 2711 600 mentem
2742 561 2777 600 a
2806 542 3124 607 virtutibus,
3146 559 3183 598 θ.
3208 542 3585 601 similitudine

1978 632 2176 705 populi
2195 633 2443 700 barbari,
2474 633 2724 705 patriam
2739 633 2995 706 aliquam
3013 631 3379 689 devastautis.
3403 631 3582 691 Facta

1977 727 2050 778 est
2071 722 2168 777 illa
2195 722 2380 777 domus
2406 722 2597 791 Jacob,
2632 720 2818 789 Israel,
2863 721 2925 777 id
2963 724 3051 777 est
3066 720 3279 775 'videns
3308 722 3494 776 Deum
3520 720 3581 778 in

1977 811 2485 882 contemplatione.
2515 813 2596 866 Ac
2617 811 2664 866 si
2694 812 2880 867 dicat:
2905 813 3216 883 Postquam
3234 810 3305 867 de
3334 811 3584 882 Egypto

1976 902 2221 973 populus
2235 901 2493 955 ﬁdelium
2506 900 2696 969 exivit,
2703 902 2950 974 populus
2967 900 3249 956 barbarus
3260 897 3587 965 resistebat,

1977 990 2190 1045 scilicet
2208 989 2514 1046 multitudo
2528 988 2798 1045 vitiorum
2812 992 2870 1045 et
2883 988 3018 1044 mali
3025 984 3586 1060 gnorumspirituum

1977 1079 2056 1135 illi
2080 1080 2292 1151 populo
2323 1078 2604 1146 ﬁdelium,
2619 1096 2685 1135 ex
2706 1094 2884 1152 prava
2896 1076 3312 1132 consuetudine
3335 1075 3584 1132 nimium

1977 1169 2249 1223 assultum
2274 1166 2512 1230 faciens,
2540 1170 2600 1223 et
2618 1167 2696 1222 sic
2712 1184 2846 1222 eum
2872 1166 3035 1221 valde
3048 1163 3587 1238 acontemplatione

1977 1256 2345 1313 sublimitatis
2393 1255 2600 1312 divinae
2643 1256 2943 1323 detinens;
2990 1255 3091 1311 sed
3128 1258 3436 1327 postquam
3461 1254 3586 1326 ipse

1979 1348 2183 1402 contra
2209 1345 2362 1400 hunc
2392 1346 2670 1417 populum
2702 1345 3022 1401 barbarum
3056 1341 3295 1398 viriliter
3333 1343 3584 1408 luctans,

1981 1450 2115 1489 eum
2141 1433 2353 1499 divicit,
2392 1435 2450 1488 et
2474 1432 2597 1503 ejus
2627 1431 2839 1488 nimios
2865 1433 3110 1487 assultus
3139 1430 3346 1485 auxilio
3383 1428 3586 1501 gratim

1982 1522 2223 1578 cmlestis
2248 1522 2443 1588 evasit,
2477 1525 2611 1576 tunc
2642 1521 2877 1576 tandem
2906 1521 3090 1576 factus
3110 1522 3194 1575 est
3230 1518 3405 1593 Israel
3429 1517 3588 1590 quod

1983 1609 2139 1683 prius
2158 1627 2276 1665 non
2298 1614 2441 1677 erat,
2459 1609 2517 1664 id
2534 1611 2621 1664 est
2640 1607 3149 1681 contemplationis
3174 1606 3387 1662 intuitu
3410 1606 3588 1662 Deum

1982 1699 2182 1765 videns,
2204 1701 2264 1753 et
2287 1697 2534 1754 existens
2582 1696 2754 1752 Israel
2799 1697 2982 1752 factus
3012 1700 3097 1752 est
3127 1695 3305 1751 etiam
3354 1700 3588 1767 potestas

273 1782 502 1839 Judazos
514 1800 691 1856 quam
709 1788 913 1857 gentes
934 1785 1006 1839 ad
1024 1785 1122 1840 Dei
1144 1786 1375 1842 laudem
1396 1785 1616 1853 invitet,
1634 1786 1885 1858 plurima
1912 1779 1958 1839 Β
1984 1788 2121 1858 ejus,
2154 1786 2211 1840 id
2242 1789 2329 1842 est
2347 1789 2551 1861 potens
2582 1785 2666 1841 sui
2687 1785 2862 1859 ipsius
2884 1802 2945 1840 se
2970 1785 3121 1841 bene
3150 1782 3357 1839 auxilio
3379 1783 3588 1847 divinae

273 1871 379 1927 Dei
431 1872 713 1928 beneﬁcia
753 1873 1022 1940 ostendit,
1061 1873 1272 1928 scilicet
1320 1874 1614 1946 quomodo
1660 1890 1791 1929 suos
1813 1874 1884 1930 de

272 1959 519 2032 Egypto
537 1959 890 2015 inﬁdelitatis
920 1963 977 2016 et
998 1961 1069 2016 de
1097 1963 1308 2034 populo
1333 1962 1582 2018 barbaro
1613 1962 1885 2018 vitiorum

279 2050 340 2102 et
368 2047 760 2120 malignorum
782 2049 1082 2121 spirituum
1112 2049 1265 2105 exire
1294 2049 1529 2117 iaciens,
1562 2067 1660 2106 eos
1684 2050 1888 2106 sancti-

269 2136 462 2193 ﬁcavit
493 2139 551 2191 et
579 2140 843 2210 potentes
867 2138 1004 2193 fecit
1028 2155 1041 2205 ;
1071 2140 1129 2192 et
1145 2137 1737 2210 quomodojpopulum
1759 2139 1885 2193 inﬁ-

270 2225 463 2281 delem
489 2229 547 2280 et
574 2226 746 2281 falsos
771 2226 1140 2294 Christianos,
1192 2225 1402 2282 timore
1446 2228 1881 2298 persecutorum

272 2313 624 2383 deﬁcientes,
656 2315 730 2370 ad
751 2315 1141 2388 perfectorum
1168 2314 1626 2371 Christianorum
1649 2316 1880 2371 confor-

268 2401 539 2458 mitatem
564 2420 768 2459 eorum
813 2405 1077 2475 exemplo
1122 2404 1377 2479 converti
1426 2404 1581 2460 fecit.
1618 2404 1883 2459 Ostendit

270 2489 450 2545 etiam
482 2493 852 2564 praelatorum
881 2495 939 2547 et
958 2492 1319 2547 subditorum
1343 2492 1782 2548 exsultationem
1809 2492 1881 2548 de

282 2579 659 2635 conversione
677 2581 873 2652 populi
889 2579 1156 2648 inﬁdelis,
1185 2597 1359 2652 quem
1380 2582 1615 2652 propter
1633 2579 1879 2635 inﬁdeli-

275 2666 410 2722 tatis
439 2668 885 2724 amaritudinem
916 2686 1063 2723 mare
1092 2673 1257 2724 vocat
1279 2686 1293 2737 ;
1312 2671 1370 2723 et
1402 2669 1473 2724 de
1504 2669 1877 2724 conversione

268 2754 547 2811 falsorum
563 2756 1042 2824 Christianorum,
1058 2773 1200 2829 quos
1216 2759 1381 2811 vocat
1398 2755 1715 2823 Jordanem,
1739 2772 1877 2811 cura

274 2842 543 2899 Iordanis
572 2845 986 2916 interpretetur
1014 2845 1305 2911 descensus,
1341 2861 1409 2900 eo
1440 2844 1595 2916 quod
1623 2844 1729 2917 ipsi
1745 2844 1880 2899 deﬁ-

272 2928 481 2987 ciendo
533 2949 567 2987 a
622 2933 973 2989 sublimitate
1016 2932 1443 2988 communionis
1494 2932 1773 2999 Ecclesiae,
1817 2932 1876 2986 in

274 3019 747 3076 conformitatem
770 3021 1088 3076 inﬁdelium
1102 3021 1457 3076 descendunt
1472 3021 1508 3074 ti
1519 3036 1679 3079 more
1695 3020 1875 3076 tribu-

1985 1875 2186 1948 gratiie
2215 1874 2273 1930 in
2305 1874 2608 1930 virtutibus
2653 1877 2711 1929 et
2766 1874 3030 1946 Oper-ibus
3083 1871 3251 1928 bonis
3305 1872 3586 1943 regendo,

1985 1979 2117 2018 cum
2149 1962 2210 2018 in
2235 1965 2519 2036 potestate
2569 1961 2768 2035 populi
2812 1959 3046 2017 barbari
3085 1959 3243 2034 prius
3289 1962 3469 2028 esset;
3498 1960 3587 2016 vel

1984 2052 2064 2107 sic
2097 2068 2110 2106 :
2134 2053 2335 2107 Factus
2365 2054 2452 2106 est
2475 2050 2648 2106 Israel
2668 2051 2915 2123 populus
2938 2049 3222 2115 ﬁdelium,
3253 2051 3312 2103 et
3342 2064 3449 2120 per
3474 2048 3585 2103 hoc

1982 2141 2166 2197 factus
2194 2142 2281 2195 est
2298 2146 2532 2210 potestas
2556 2141 2692 2210 ejus,
2732 2138 2793 2194 id
2823 2141 2929 2206 est,
2963 2154 3069 2211 per
3096 2138 3205 2192 hoc
3217 2136 3375 2210 quod
3401 2136 3587 2194 factus

1983 2234 2067 2285 est
2095 2229 2285 2296 Israel,
2313 2229 2496 2284 factus
2526 2232 2613 2283 est
2640 2244 2812 2283 causa
2840 2226 3142 2299 potestatis
3170 2241 3308 2292 sum,
3350 2225 3584 2292 scilicet,

1980 2317 2091 2373 hoc
2110 2317 2267 2389 quod
2284 2316 2459 2371 Israel
2479 2316 2661 2372 factus
2710 2319 2813 2384 est,
2853 2332 3023 2385 causa
3071 2314 3180 2368 fuit
3218 2330 3396 2386 quare
3421 2314 3589 2369 ﬁeret

1980 2408 2189 2477 potens
2217 2406 2276 2461 in
2307 2404 2616 2460 miraculis.
2660 2405 2776 2459 Hoc
2817 2407 3013 2459 autem
3058 2402 3215 2476 quod
3242 2402 3488 2473 populus
3516 2401 3585 2456 ﬁ-

1980 2493 2194 2549 delium
2228 2494 2409 2549 factus
2434 2497 2520 2548 est
2545 2491 2718 2547 Israel
2742 2495 2801 2546 et
2822 2495 3047 2564 potens,
3076 2507 3206 2546 cum
3244 2488 3401 2562 prius
3439 2489 3589 2545 esset

1978 2580 2254 2654 ignorans
2280 2585 2338 2637 et
2358 2582 2670 2654 impotens,
2701 2581 2834 2636 vidit
2854 2596 3021 2648 mare,
3049 2579 3109 2635 id
3137 2581 3226 2634 est
3262 2577 3587 2635 amaricans

1977 2673 2226 2745 populus
2255 2670 2601 2738 inﬁdelium,
2633 2673 2691 2723 et
2722 2673 2783 2725 ut
2812 2668 3077 2724 similiter
3106 2666 3275 2722 Israel
3305 2673 3355 2721 et
3380 2668 3586 2738 potens

1979 2761 2165 2828 ﬁeret,
2194 2761 2341 2830 fugit
2364 2760 2434 2814 ab
2461 2755 3236 2823 amaritudineinﬁdelitatis,
3254 2754 3581 2814 accedendo

1979 2849 2049 2904 ad
2085 2848 2450 2904 dulcedinem
2481 2847 2637 2902 ﬁdei.

2048 2938 2118 2992 Et
2171 2938 2281 2993 hoc
2337 2936 2535 2996 etiam.
2589 2934 2803 2992 scilicet
2855 2935 3136 3007 populum
3190 2933 3580 3004 perfecturum

1979 3041 2099 3080 esse
2115 3026 2369 3093 Israel,et
2386 3026 2687 3098 potentem
2703 3023 2842 3079 vidit
2852 3022 3127 3089 Jordanis,
3151 3021 3211 3077 id
3223 3024 3309 3077 est
3336 3020 3582 3093 populus

268 3106 579 3164 Iationum.
634 3111 837 3165 Postea
886 3126 1021 3165 vero
1076 3113 1139 3165 ut
1189 3111 1563 3181 prwlatorum
1613 3093 1945 3180 exemploC
1979 3113 2253 3169 deﬁciens
2273 3093 2551 3169 falsorum
2581 3111 2863 3180 ﬁdelium,
2896 3110 2995 3184 qui
3023 3111 3236 3166 timore
3267 3107 3583 3165 tribulatio-

274 3211 483 3251 omnes
512 3200 570 3252 et
590 3197 817 3253 Iudaeos
834 3184 1103 3269 etgeutes
1118 3197 1192 3252 ad
1221 3198 1320 3252 Dei
1339 3197 1574 3253 laudem
1601 3198 1873 3266 attrahat,

268 3286 331 3339 et
355 3284 427 3339 ab
457 3284 785 3341 idololatria
807 3288 1124 3355 removeat,
1152 3284 1305 3359 ipsos
1334 3286 1603 3356 praelatos
1632 3287 1873 3357 loquen-

268 3364 355 3427 tes
383 3372 623 3441 inducit,
657 3374 756 3431 Dei
787 3375 1068 3431 beneﬁcia
1096 3375 1483 3443 ostendentes,
1512 3378 1571 3430 et
1599 3374 1659 3429 in
1689 3374 1872 3430 idolo-

265 3477 399 3517 rum
433 3462 819 3535 depressione,
848 3468 907 3520 et
935 3464 996 3520 in
1026 3464 1126 3520 Dei
1155 3464 1326 3519 laude
1356 3465 1761 3520 immorantes.

350 3549 415 3604 In
442 3554 586 3607 exitu
622 3552 787 3608 Israel
805 3553 869 3609 de
895 3553 1173 3625 (Egypto,
1195 3554 1380 3607 domus
1401 3553 1572 3607 Jacob
1588 3552 1652 3606 de
1675 3550 1872 3624 populo

270 3637 513 3695 barbaro.
548 3639 724 3695 Facta
765 3650 841 3695 est
880 3641 1076 3696 Judeea
1128 3641 1480 3711 sanctiﬁcatio
1529 3640 1663 3710 eius,
1698 3639 1873 3694 Israel

259 3734 491 3797 potestas
505 3730 635 3800 ejus.
665 3731 728 3785 In
759 3729 845 3785 his
865 3729 1087 3785 duobus
1108 3728 1611 3801 versibussingulis
1640 3728 1872 3800 singula

264 3814 345 3870 sic
374 3816 723 3887 adaptantur
754 3835 767 3873 :
788 3817 854 3871 In
885 3820 1029 3873 exitu
1052 3817 1222 3872 Israel
1244 3819 1309 3872 de
1324 3817 1420 3872 1E
1420 3821 1605 3888 gypto,
1627 3818 1780 3886 facta
1796 3822 1872 3870 est

260 3903 457 3960 Judaea
481 3907 830 3976 sanctiﬁcatio
855 3908 986 3978 eius.
1023 3907 1189 3971 Quod
1218 3910 1303 3962 est
1347 3907 1536 3962 dicere
1572 3922 1584 3961 :
1616 3906 1871 3960 Exeunte

263 4008 368 4062 per
380 3993 555 4049 ﬁdem
574 3996 744 4050 Israel
770 3995 841 4050 de
863 3996 1130 4067 Egypto,
1161 3994 1221 4050 id
1250 3998 1356 4063 est,
1380 3997 1622 4049 exeunte
1654 3993 1868 4065 populo

263 4080 544 4149 ﬁdelium,
568 4082 817 4153 quicum
848 4083 1024 4138 modo
1046 4084 1218 4138 Israel
1249 4082 1339 4149 sit,
1380 4082 1536 4154 prius
1563 4083 1867 4137 Israelnon

263 4171 409 4234 erat,
444 4170 515 4224 de
545 4171 798 4228 tenebris
838 4170 1202 4243 ignorantiae,
1252 4188 1379 4243 qua:
1424 4188 1528 4243 per
1556 4172 1866 4242 A-Igyptum

260 4255 708 4325 denotautur,eo
731 4259 888 4332 quod
899 4260 1171 4331 Egyptus
1185 4261 1408 4314 tenebrae
1428 4259 1863 4331 interpretatur,

1977 3218 2120 3256 num
2146 3202 2218 3257 ab
2251 3200 2552 3256 altitudine
2578 3200 2711 3255 ﬁdei
2726 3200 2784 3255 in
2814 3216 2979 3255 mare
2998 3198 3395 3263 descenderat,
3413 3195 3472 3251 id
3495 3196 3583 3251 est

1977 3289 2035 3345 in
2062 3290 2536 3347 conformitatem
2567 3289 2767 3362 populi
2796 3288 3064 3356 inﬁdelis,
3112 3290 3169 3342 et
3218 3291 3281 3342 ut
3327 3286 3582 3343 Jordanis

1975 3379 2144 3434 Israel
2171 3381 2229 3434 et
2258 3381 2466 3450 potens
2493 3378 2659 3433 ﬁeret
2687 3379 2759 3433 ab
2790 3377 3154 3443 inﬁdelitate,
3186 3374 3247 3430 in
3274 3391 3448 3448 quam
3478 3373 3585 3430 de-

1975 3467 2299 3533 scenderat,
2321 3484 2603 3522 conversus
2626 3477 2700 3521 est
2717 3473 3038 3533 retrorsum,
3066 3464 3141 3519 ad
3163 3462 3578 3519 sublimitatem

1975 3554 2352 3610 confessionis
2378 3554 2533 3610 ﬁdei.
2558 3553 2725 3618 Quod
2736 3554 3036 3626 quondam
3057 3551 3476 3625 praesignatum
3494 3553 3580 3606 est

1972 3642 2033 3697 in
2062 3642 2312 3696 Iordane
2334 3640 2641 3712 ﬁuvio,qui
2666 3657 2797 3695 cum
2832 3656 2936 3711 per
2983 3656 3119 3694 eum
3158 3654 3294 3693 arca
3344 3637 3579 3694 Domini

1970 3729 2263 3797 transiret,
2305 3727 2511 3784 divisus
2542 3730 2628 3783 est
2681 3730 2742 3782 ut
2784 3728 3033 3782 liberum
3073 3727 3380 3781 transitum
3413 3725 3580 3780 daret

1973 3817 2172 3873 Levitis
2198 3833 2389 3872 aream
2416 3816 2754 3871 ferentibus.
2786 3815 2956 3887 Cujus
2982 3831 3119 3870 sane
3150 3812 3407 3869 ﬂuminis
3443 3828 3578 3885 pars

1970 3905 2231 3978 superior
2254 3904 2375 3960 vice
2397 3904 2549 3959 muri
2566 3903 2834 3972 substitit,
2860 3902 3104 3959 inferior
3119 3904 3316 3958 autem
3336 3901 3396 3956 iu
3413 3917 3575 3958 mare

1971 3993 2270 4049 descendit
2288 3993 2427 4066 (Jos.
2460 4009 2543 4061 Ill,
2580 3995 2688 4064 16).
2726 3994 2928 4048 Utrum
2959 3994 3160 4048 autem
3194 3994 3398 4064 postea
3440 4006 3575 4062 pars

1969 4082 2066 4137 illa
2082 4100 2209 4155 quae
2236 4081 2551 4149 descendit,
2579 4084 2734 4137 retro
2753 4097 3028 4138 conversa
3051 4079 3243 4148 fuerit,
3258 4080 3317 4136 in
3332 4078 3575 4136 historia

1970 4189 2087 4227 non
2111 4171 2342 4245 legitur.
2374 4172 2508 4228 Dico
2542 4171 2697 4245 quod
2730 4189 2877 4226 mare
2905 4172 3070 4242 fugit,
3095 4173 3153 4225 et
3179 4169 3437 4225 Jordanis
3456 4186 3577 4222 con-

1967 4279 2143 4316 versus
2167 4268 2260 4329 est,
2288 4261 2533 4333 ideoque
2559 4270 2780 4324 montes,
2817 4260 2875 4315 id
2908 4262 2995 4315 est
3034 4257 3255 4332 praelati
3285 4257 3573 4311 exsultave-

256 4343 410 4412 faeta
438 4352 512 4400 est
540 4346 598 4402 in
622 4346 742 4418 ipso
774 4348 986 4418 popqu
1019 4347 1276 4403 ﬁdelium
1304 4348 1521 4413 Iudaea,
1540 4347 1600 4401 id
1630 4350 1716 4402 est
1744 4365 1863 4401 con-
1889 4344 2095 4407 Drunt
2120 4354 2180 4405 ut
2220 4351 2441 4417 arietes,
2459 4349 2518 4404 id
2548 4353 2633 4405 est
2660 4351 2858 4421 utpote
2887 4348 3121 4414 arietes,
3151 4345 3366 4401 scilicet
3396 4344 3572 4400 duces

256 4435 415 4503 fessio
439 4435 583 4503 ﬁdei.
616 4436 738 4490 Non
791 4436 949 4490 enim
995 4435 1206 4489 sufﬁcit
1243 4435 1416 4490 corde
1457 4436 1714 4500 credere,
1755 4434 1863 4490 nisi

258 4522 434 4577 etiam
464 4524 744 4578 confessio
776 4524 876 4578 ﬁat
906 4540 1025 4578 ore.
1058 4523 1217 4578 Unde
1245 4524 1548 4594 Apostolus
1578 4539 1591 4576 :
1627 4546 1649 4571 .‹
1678 4523 1862 4578 Corde

255 4612 510 4666 creditur
537 4613 611 4667 ad
618 4611 924 4683 justitiam,
939 4629 1038 4668 ore
1052 4615 1246 4667 autem
1268 4610 1548 4666 confessio
1797 4612 1860 4665 ﬁt

255 4700 330 4755 ad
385 4702 627 4755 salutem
678 4700 861 4770 (Rom.
922 4717 975 4767 x,
1032 4699 1139 4771 IO).
1192 4720 1219 4748 »
1253 4699 1546 4770 Confessio,
1595 4700 1856 4770 inquam,

253 4789 499 4844 existens
543 4791 895 4857 sanctiﬁcatio
952 4790 1069 4859 ejus
1114 4789 1309 4862 populi
1364 4788 1643 4855 ﬁdelium,
1676 4787 1735 4842 id
1774 4789 1860 4841 est

253 4877 500 4933 existens
526 4894 695 4932 causa
719 4894 896 4948 quare
923 4894 957 4931 a
988 4879 1104 4933 Deo
1131 4878 1517 4933 sanctiﬁcetur
1537 4893 1642 4949 per
1666 4874 1855 4931 indul-

252 4965 512 5038 gentiam
539 4968 932 5038 peccatorum,
965 4968 1022 5020 et
1046 4967 1100 5019 in
1127 4968 1270 5020 exitu
1292 4966 1478 5020 domus
1490 4965 1741 5021 Jacobde
1760 4982 1859 5037 po-

241 5054 376 5126 pulo
404 5054 653 5120 barbaro,
677 5054 827 5123 facta
852 5060 926 5108 est
952 5053 1158 5108 domus
1188 5053 1286 5108 illa
1313 5053 1514 5120 Israel;
1535 5058 1592 5109 et
1618 5070 1722 5125 per
1746 5058 1857 5110 hoc

250 5143 404 5212 facta
434 5148 509 5197 est
529 5148 764 5213 potestas
791 5144 926 5213 ejus,
946 5141 1003 5196 id
1030 5144 1116 5196 cst
1135 5145 1340 5214 potens
1359 5142 1441 5197 sui
1462 5142 1658 5214 ipsius.
1689 5142 1857 5207 Quod

252 5231 605 5287 estdicere:
654 5233 788 5286 Post
831 5230 1046 5286 exitum
1089 5231 1161 5285 de
1210 5232 1452 5303 {Egypto
1511 5231 1856 5301 ignorantia:

252 5323 497 5376 exeunte
528 5320 704 5376 domo
734 5320 924 5387 Jacob,
957 5318 1013 5374 id
1057 5321 1143 5375 est
1188 5319 1398 5391 populo
1439 5319 1719 5387 ﬁdelium,
1759 5319 1858 5392 qui

255 5409 430 5464 modo
460 5410 757 5463 estdomus
788 5409 977 5475 Jacob,
1013 5408 1066 5462 id
1115 5412 1201 5463 est
1227 5407 1449 5463 familia
1496 5407 1597 5463 Dei
1636 5409 1858 5462 luctans

255 5500 458 5552 contra
490 5499 625 5554 vitia
654 5503 714 5553 et
749 5486 1143 5570 supplantans,
1177 5515 1245 5552 ea
1283 5497 1346 5551 de
1373 5496 1575 5568 populo
1608 5496 1853 5564 barbaro,

251 5584 312 5641 id
329 5587 414 5640 est
431 5584 502 5641 de
521 5589 777 5645 vastante
796 5587 1163 5645 multitudine
1180 5586 1449 5644 vitiorum
1468 5586 1566 5643 aut
1578 5584 1712 5641 mali
1720 5601 1859 5660 gno-

1965 4439 2140 4494 totius
2160 4439 2357 4511 populi
2384 4438 2665 4503 ﬁdelium,
2711 4437 2854 4492 sicut
2907 4438 3117 4491 arietes
3162 4433 3338 4490 totius
3377 4432 3571 4507 gregis

1964 4525 2136 4580 duces
2161 4528 2313 4580 sunt.
2360 4526 2429 4579 Et
2456 4524 2665 4579 merito
2697 4524 3148 4590 exsultaverunt,
3181 4522 3319 4596 quia
3364 4538 3566 4578 eorum

1962 4613 2151 4668 ofﬁcio
2183 4611 2610 4684 praedicationis
2656 4612 2765 4666 hoc
2795 4611 3013 4666 factum
3061 4611 3191 4667 fuit.
3238 4613 3307 4667 Et
3348 4611 3419 4666 de
3459 4610 3567 4665 hac

1961 4701 2165 4756 eadem
2196 4701 2335 4772 fuga
2380 4707 2429 4755 et
2459 4699 2837 4755 conversione
2866 4700 3040 4767 colles,
3077 4701 3131 4756 id
3186 4702 3272 4755 est
3327 4695 3562 4763 subditi,

1960 4791 2407 4855 exsultaverunt,
2447 4791 2606 4857 sicut,
2646 4789 2704 4845 id
2734 4792 2822 4846 est
2856 4793 3078 4862 utpote,
3112 4791 3244 4861 agni
3270 4789 3471 4853 ovium,
3503 4785 3564 4841 id

1959 4881 2064 4944 est,
2089 4878 2220 4933 novi
2241 4894 2346 4950 per
2360 4877 2538 4933 ﬁdem
2556 4882 2615 4934 et
2638 4878 3002 4946 innocentes,
3021 4878 3168 4933 sicut
3180 4876 3313 4949 agni
3318 4876 3342 4947 j
3353 4890 3563 4939 uvenes

1960 4971 2110 5033 sunt,
2145 4969 2202 5021 et
2230 4966 2506 5022 animalia
2535 4967 2892 5034 innocentia,
2922 4971 2980 5022 et
3021 4969 3154 5021 sunt
3191 4967 3324 5035 agni
3356 4965 3558 5030 ovium,

1957 5055 2016 5110 id
2036 5058 2140 5123 est,
2158 5055 2268 5111 hoc
2285 5056 2443 5128 quod
2472 5056 2609 5127 agni
2635 5058 2770 5111 sunt
2802 5071 2906 5126 per
2940 5071 3071 5109 oves
3105 5053 3369 5125 contigit,
3394 5050 3453 5106 id
3477 5054 3565 5109 est

1958 5160 2063 5214 per
2083 5146 2372 5214 praelatos,
2390 5143 2776 5216 quidicuntur
2793 5159 2946 5210 oves,
2968 5158 3039 5196 eo
3069 5141 3226 5213 quod
3243 5140 3401 5214 ipsos
3425 5138 3560 5194 sub-

1959 5232 2106 5287 ditos
2131 5232 2394 5288 doctrina
2429 5250 2531 5288 sua
2560 5231 2845 5298 nutriunt,
2878 5249 2913 5286 a
2950 5229 3332 5285 similitudine
3361 5227 3556 5284 ovium

1959 5337 2139 5391 agnos
2168 5322 2312 5376 lacte
2335 5320 2735 5375 nutrientium.
2768 5322 2878 5375 Per
2912 5320 3021 5374 hoc
3055 5318 3212 5391 quod
3239 5318 3310 5373 de
3355 5316 3564 5373 inﬁde-

1957 5409 2100 5464 lium
2131 5411 2312 5464 salute
2341 5410 2613 5479 praelatos
2652 5412 2710 5463 et
2755 5408 3014 5464 subditos
3063 5406 3203 5462 dicit
3252 5408 3563 5473 exsultare,

1958 5514 2164 5553 eorum
2195 5497 2438 5553 nimiam
2470 5498 2809 5554 charitatem
2824 5497 2896 5553 ad
2910 5497 3010 5553 Dei
3042 5496 3272 5575 Iaudem
3293 5494 3567 5553 ostendit.

1961 5584 2092 5642 Sive
2122 5587 2351 5642 montes
2376 5601 2678 5660 possumus
2699 5586 2957 5662 accipere
2989 5584 3241 5660 majores
3271 5585 3563 5659 praelatos;
