3998 6026
470 324 615 402 i239

1076 331 1140 403 s.
1181 338 1524 403 asumma
1563 334 2197 403 sacratissimum
2235 312 2703 407 msrrruroms
2739 346 2895 408 ore.
2936 344 3113 407 PARS
3149 344 3173 406 ι

3650 344 3817 406 1240

470 466 650 525 colles
672 482 807 527 vero
831 465 1105 529 minores.
1138 468 1295 529 Facit
1317 470 1512 529 autem
1531 468 1908 545 quaestionem
1935 466 2074 525 Pro-
2097 470 2154 535 Α
2194 465 2553 528 misericordia
2583 477 2677 528 tua
2706 475 2757 530 et
2780 473 2997 529 veritate
3024 476 3140 540 tua,
3166 469 3224 529 id
3253 470 3342 528 est
3368 470 3443 529 de
3461 465 3818 530 misericor-

480 556 660 631 pheta
689 557 761 615 de
785 558 931 633 fuga:
955 559 1152 629 maris,
1196 563 1254 617 et
1282 559 1354 617 de
1390 561 1762 618 conversione
1791 558 2077 627 Iordanis,

478 648 541 703 et
594 646 673 704 de
711 649 1001 706 montium
1041 652 1099 707 et
1142 650 1373 707 collium
1411 652 1811 717 exsultatione,
1858 665 1979 705 non
2020 650 2084 706 ut

480 733 623 793 inde
653 736 897 806 dubitet,
926 740 1025 796 sed
1049 743 1112 795 ut
1140 740 1212 796 ad
1232 740 1349 796 hoc
1380 741 1689 813 diligenter
1718 740 2080 813 animadver-

479 825 725 881 tendum
774 828 1132 884 audientium
1170 831 1394 884 mentes
1419 812 1738 897 exsuscitet,
1994 829 2081 884 in-

460 929 661 968 ‘nuens
673 931 777 991 per
787 917 1115 989 hujusmodi
1129 918 1505 991 quaastionem
1517 918 1626 972 hoc
1638 918 1853 990 absque
1867 934 2081 990 magno

472 1001 717 1059 consilio
746 1004 847 1060 Dei
898 1005 1141 1061 minime
1172 1005 1498 1078 contigisse.
1547 1007 1615 1060 Et
1650 1006 1759 1061 hoc
1795 1005 1873 1060 sic
1904 1006 2079 1060 dicit:

547 1089 728 1163 Mare,
760 1092 1023 1166 inquam,
1070 1095 1237 1165 fugit,
1285 1098 1344 1151 et
1379 1095 1634 1149 Jordanis
1677 1112 1951 1149 conversus
1983 1102 2076 1164 est,

462 1183 537 1234 ‘et
566 1187 769 1237 montes
797 1190 848 1238 et
872 1184 1024 1239 colles
1048 1184 1465 1239 exsultaierunt.
1498 1185 1647 1257 Ergo
1686 1185 1822 1257 quid
1855 1190 1935 1239 est
1964 1185 2075 1252 tibi,

461 1267 536 1324 'id
567 1272 671 1341 est,
700 1288 831 1345 quae
857 1272 1079 1328 occasio
1111 1276 1272 1328 tanta
1300 1274 1407 1327 fuit
1434 1273 1560 1341 tibi,
1586 1290 1616 1327 ο
1641 1290 1807 1339 nim-e,
1842 1277 2078 1346 prepter

468 1357 615 1431 quod
633 1359 878 1431 fugisti?
896 1359 971 1415 Et
998 1368 1076 1427 tu,
1098 1362 1373 1430 Jordanis,
1401 1362 1540 1434 quid
1558 1361 1664 1416 fuit
1695 1360 1793 1416 tibi
1806 1364 1931 1433 quia
1950 1379 2074 1417 con-

472 1463 652 1503 versus
666 1465 718 1503 es
747 1455 1035 1504 retrorsum
1058 1451 1088 1503 Ξ)
1113 1450 1179 1504 Et
1209 1466 1326 1517 vos,
1360 1454 1580 1516 montes,
1629 1466 1743 1521 qua
1777 1450 2074 1506 occasione

471 1534 767 1603 ersultatis,
802 1544 883 1604 ut,
916 1536 973 1592 id
1002 1541 1089 1593 est
1122 1541 1339 1611 utpote,
1392 1540 1599 1605 arietes,
1647 1542 1705 1594 et
1752 1555 1870 1605 vos,
1902 1539 2072 1610 colles,

471 1625 632 1689 sicut,
660 1624 719 1680 id
749 1629 835 1681 est
864 1629 1085 1698 utpote,
1114 1629 1244 1697 agni
1280 1629 1461 1682 ovium
1489 1628 1518 1680 ?
1545 1643 1679 1681 vere
1710 1627 1833 1682 sine
1860 1644 2075 1699 magna

471 1731 534 1770 re
547 1715 657 1769 hoc
671 1732 786 1770 non
809 1714 1066 1787 contigit.
1094 1715 1418 1781 Quaestione
1436 1716 1507 1771 ad
1530 1716 1886 1771 audientium
1906 1733 2070 1771 men-

2184 560 2281 620 dia
2312 567 2370 620 et
2399 564 2638 623 veritate
2660 568 2778 633 tua,
2812 565 3024 624 scilicet
3071 566 3141 621 da
3174 564 3401 638 gloriam
3427 566 3639 621 nomini
3664 568 3810 629 tuo,

2181 657 2440 713 vocando
2470 661 2673 731 gentes
2701 658 2774 714 ad
2787 658 2961 715 ﬁdem
2990 674 3095 731 per
3121 656 3577 715 misericordiam
3601 659 3808 721 tuam,

2180 748 2240 799 et
2291 746 2520 802 Judazos
2572 749 2812 821 propter
2869 748 3173 803 veritatem
3219 751 3332 803 tute
3391 744 3809 820 promissionis

2181 835 2574 906 complendas;
2624 836 2936 910 promisisti
2983 855 3238 911 namque
3288 840 3345 892 te
3391 837 3621 892 Iudaeos
3668 852 3805 891 esse

2181 923 2552 980 salvatnrum.
2579 925 2704 981 Sive
2732 930 2921 999 potest
2941 926 3337 982 misericordia
3367 928 3425 981 et
3453 924 3663 980 veritas
3692 940 3801 978 ac-

2180 1010 2311 1082 cipi,
2344 1016 2627 1084 quantum
2658 1015 2730 1069 ad
2763 1018 3070 1087 utrosque;
3101 1015 3330 1070 Iudaeos
3360 1013 3518 1069 enim
3553 1017 3613 1069 et
3643 1029 3799 1084 gen-

2179 1103 2265 1156 tes
2295 1118 2359 1156 ex
2394 1104 2786 1159 misericordia
2813 1105 3065 1172 salvavit,
3089 1107 3147 1159 et
3170 1107 3439 1176 utrosque
3463 1120 3523 1160 se
3540 1104 3794 1157 salvatu-

2178 1205 2307 1245 rum
2341 1192 2705 1262 promiserat.
2756 1193 2824 1247 Et
2859 1193 3004 1248 adeo
3054 1192 3311 1266 gloriﬁca
3364 1208 3576 1247 nomen
3619 1194 3797 1245 tuum

2177 1280 2330 1350 apud
2356 1283 2560 1351 gentes
2591 1284 2649 1336 et
2689 1282 2935 1348 Judaeos,
2988 1299 3052 1336 ne
3088 1281 3301 1354 quando
3340 1282 3522 1335 dicant
3556 1288 3743 1350 gentes
3773 1295 3793 1332 :

2182 1366 2289 1423 Ubi
2312 1377 2387 1423 est
2408 1370 2555 1424 Deus
2583 1372 2818 1427 eorum?
2846 1370 2906 1426 id
2946 1374 3051 1435 est,
3103 1372 3167 1425 ut
3206 1368 3520 1442 aliquando
3560 1367 3645 1423 sic
3686 1368 3794 1422 ﬁat.

2174 1455 2406 1512 evidens
2431 1459 2799 1529 potentiatua
2811 1475 2913 1531 per
2936 1458 3227 1524 miracula,
3251 1458 3404 1531 quod
3438 1460 3643 1527 gentes
3666 1473 3788 1511 non

2173 1543 2365 1600 dicant
2396 1547 2551 1617 quod
2582 1547 2756 1602 modo
2785 1547 3002 1613 dicunt,
3035 1546 3247 1601 scilicet
3268 1545 3339 1599 ad
3372 1544 3791 1616 exprobratio-

2174 1649 2307 1687 nem
2335 1636 2567 1689 tuorum
2601 1634 2892 1702 fidelium;
2920 1635 3156 1690 dicunt:
3183 1634 3373 1690 Ubiest
3391 1634 3737 1688 Deuseoram
3760 1634 3791 1685 Ξ)

2170 1720 2383 1777 scilicet
2418 1722 2900 1778 Christianorum.
2936 1724 3226 1795 Nusquam
3261 1739 3368 1777 nos
3396 1723 3532 1777 deos
3550 1724 3789 1776 nostros

468 1805 556 1857 tes
584 1803 756 1872 facta,
788 1803 939 1875 ipsos
991 1806 1260 1877 praelatos
1312 1820 1455 1877 quos
1504 1807 1808 1861 exsultasse
1834 1806 2073 1859 testatus
2097 1788 2149 1848 Β
2172 1811 2474 1866 ostendere
2504 1828 2824 1882 possumus,
2842 1813 3063 1879 Jovem,
3081 1810 3418 1867 Mercurium
3442 1813 3500 1865 et
3513 1813 3785 1876 αδδιδι-οε,

468 1893 555 1944 est
576 1893 1013 1964 respondentes,
1034 1896 1091 1948 et
1121 1910 1298 1965 usque
1317 1892 1390 1948 ad
1418 1893 1599 1951 linem
1608 1893 1812 1964 psalmi
1837 1896 2074 1964 agentes

466 1978 710 2048 inducit,
743 1984 807 2036 ut
834 1981 1020 2054 magis
1052 1999 1253 2037 eorum
1282 1983 1550 2037 credatur
1574 1981 2074 2053 auctoritati,’quo-

472 2083 603 2123 rum
629 2085 782 2125 sana:
810 2068 1233 2141 praedicationis
1262 2069 1454 2125 ofﬁcio
1483 2069 1622 2142 fuga
1641 2070 1764 2125 haec
1794 2070 1947 2125 facta
1965 2072 2069 2138 est,

465 2158 525 2211 et
552 2156 942 2225 conversio,et
957 2158 1065 2214 hoc
1079 2159 1252 2213 modo
1279 2159 1514 2231 quidem
1538 2176 1637 2214 eos
1658 2158 2073 2230 respondentes

472 2243 712 2301 inducit.
747 2246 1035 2311 Quoniam
1066 2248 1355 2319 Propheta
1380 2247 1602 2303 dixerat
1632 2265 1645 2302 :
1678 2248 1823 2315 Quid
1845 2254 1918 2302 est
1950 2248 2068 2314 tibi,

465 2351 637 2404 mare,
657 2338 767 2391 etc.
785 2336 1056 2408 Sequitur
1078 2338 1448 2408 prrelatorum
1472 2337 1767 2409 responsio
1793 2336 1871 2391 sic
1891 2353 1906 2392 :
1927 2337 2071 2391 Vere

460 2434 585 2477 non
607 2426 692 2478 est
711 2424 926 2496 absque
947 2442 1010 2480 re
1028 2425 1303 2493 maxima,
1324 2426 1478 2498 quod
1501 2442 1606 2481 nos
1636 2428 1865 2480 montes
1886 2426 2070 2479 exsul-

463 2510 733 2568 tavimus.
766 2514 846 2567 De
902 2512 1010 2568 hoc
1059 2512 1216 2568 enim
1239 2514 1640 2569 exsultavimus
1671 2514 1825 2587 quod
1856 2532 1887 2567 (ι
1929 2515 2071 2583 facie

463 2598 689 2654 Domini
712 2605 856 2656 mota
922 2607 997 2655 est
1022 2608 1182 2671 terra,
1216 2601 1275 2656 id
1306 2605 1411 2669 est,
1444 2604 1687 2674 populus
1706 2606 2069 2657 terrenorum

463 2692 657 2744 motus
686 2692 772 2745 est
791 2689 863 2744 ab
892 2688 1232 2745 infidelitate
1261 2690 1333 2746 ad
1367 2690 1566 2757 linem,
1613 2692 1670 2745 et
1701 2691 1809 2745 hoc
1838 2707 1870 2743 a
1905 2691 2066 2759 faeie,

460 2776 522 2831 id
547 2781 635 2832 est
662 2795 696 2833 a
717 2778 1047 2851 cognitione
1072 2778 1301 2835 Domini
1327 2779 1665 2851 contigit,et
1693 2795 1810 2835 non
1825 2777 2070 2834 recentis

467 2865 722 2933 Domini,
755 2868 855 2923 sed
879 2886 912 2921 a
936 2869 1077 2938 [acie
1104 2868 1211 2923 Dei
1235 2868 1423 2936 Jacob,
1458 2868 1517 2923 id
1551 2871 1637 2924 est
1670 2887 1704 2924 a
1737 2868 2068 2940 cognitione

462 2953 613 3009 illius
644 2954 744 3011 Dei
776 2973 947 3028 quem
1001 2957 1174 3012 Jacob
1215 2956 1541 3030 patriarcha
1584 2958 1778 3013 coluit.
1828 2957 2071 3029 Exponit

464 3045 659 3098 autem
689 3045 984 3117 quomodo
1017 3046 1088 3100 ad
1110 3045 1505 3118 cognitionem
1542 3045 1641 3101 Dei
1668 3046 1842 3100 Jacob
1876 3062 2070 3118 perve-
2095 3072 2143 3132 ο

458 3135 700 3199 nerunt,
732 3133 811 3188 sic
842 3150 856 3189 :
885 3133 933 3189 A
967 3135 1128 3203 facie,
1158 3133 1416 3207 inquam,
1448 3135 1555 3190 Dei
1569 3135 1757 3188 Jac-ob.
1792 3134 1905 3199 Qui
1922 3136 2069 3190 Deus

464 3219 893 3277 illuminatione
941 3222 1163 3293 gratias,
1222 3224 1478 3278 convertit
1507 3229 1723 3293 petram
1769 3226 1826 3278 in
1875 3229 2070 3292 stagna

463 3324 870 3380 aquai-nmmos
886 3310 1099 3366 scilicet
1122 3313 1390 3383 praelatos
1418 3310 1514 3382 qui
1537 3311 1608 3369 ad
1628 3311 1868 3366 modum
1890 3316 2070 3383 petra:

462 3395 598 3450 ‘duri
620 3413 850 3452 eramus
888 3397 947 3453 in
998 3397 1357 3465 infidelitate,
1390 3399 1670 3453 convertit
1698 3399 1771 3453 ab
1803 3399 2070 3456 ariditate

470 3484 816 3556 ignorantia:
837 3487 911 3542 ad
940 3487 1049 3542 hoc
1092 3490 1154 3542 ut
1183 3504 1437 3542 essemus
1460 3487 1678 3542 similes
1706 3489 1923 3560 stagnis
1954 3490 2071 3561 ple-

473 3572 562 3628 nis
583 3591 887 3647 aquarum,
917 3575 973 3631 id
1006 3579 1092 3631 est
1120 3576 1276 3648 pleni
1307 3574 1469 3648 aquis
1499 3575 1751 3631 scientias
1778 3576 2069 3649 spiritalis,

471 3660 614 3717 sicut
636 3666 841 3735 stagna
869 3667 1041 3737 plena
1070 3666 1205 3720 sunt
1252 3664 1432 3737 aquis.
1470 3665 1537 3718 Et
1573 3681 1691 3720 non
1738 3666 1924 3719 solum
1968 3682 2074 3720 nos

470 3748 711 3807 scientia
742 3752 877 3808 fecit
907 3769 1026 3809 esse
1058 3755 1330 3826 repletos,
1360 3753 1460 3807 sed
1489 3760 1539 3807 et
1575 3769 1680 3807 nos
1708 3752 1865 3824 prius
1892 3771 2074 3825 rupem

471 3838 796 3909 existentes,
821 3841 879 3897 id
910 3845 995 3896 est
1024 3842 1197 3898 duros
1228 3845 1286 3897 et
1316 3841 1509 3897 aridos
1534 3841 1607 3895 ad
1624 3841 1862 3896 modum
1892 3842 2071 3914 rupis,

473 3929 755 3984 convertit
785 3933 841 3984 in
864 3932 1039 4000 fontes
1067 3948 1354 4003 aquarum,
1389 3930 1447 3984 Id
1480 3932 1563 3985 cst
1594 3930 1666 3984 ad
1693 3930 1800 3985 hoc
1839 3930 2076 3986 adduxit

474 4018 537 4069 ut
566 4031 818 4072 essemus
846 4017 1004 4089 quasi
1030 4020 1204 4087 fontes
1232 4034 1520 4090 aquarum,
1564 4016 1776 4072 scilicet
1804 4018 2074 4090 suppedi-

471 4103 662 4156 tantes
703 4103 907 4175 jugem
961 4104 1285 4160 doctrinam
1333 4104 1678 4171 infidelibus,
1712 4105 1783 4159 ad
1835 4105 2072 4159 modum

462 4190 719 4247 'fontium
744 4192 966 4265 jugiter
987 4192 1149 4266 aquis
1181 4192 1566 4248 manantium.
1602 4194 1668 4248 Et
1696 4193 1772 4247 sic
1805 4211 1909 4264 per
1947 4211 2073 4264 nos,

470 4279 734 4336 inﬁdeles
762 4281 981 4337 terreni
1014 4282 1085 4337 ad
1113 4281 1503 4353 cognitionem
1539 4281 1764 4336 Domini
1798 4299 2072 4355 pervene-

2171 1899 2271 1953 sed
2304 1900 2451 1953 Deus
2476 1916 2679 1955 eorum
2712 1917 2995 1973 nusquam
3036 1902 3315 1972 apparet;
3348 1916 3635 1973 nusquam
3671 1901 3782 1953 est.

2244 1986 2482 2042 Ostenso
2504 1987 2857 2061 imprOperio
2890 1988 3174 2060 gentium,
3191 1988 3295 2059 ipsi
3317 1990 3519 2043 contra
3537 1988 3790 2042 laudant.

2172 2076 2377 2143 Deum,
2400 2078 2457 2129 et
2478 2074 2633 2130 idola
2651 2079 2934 2146 spernunt
2950 2077 3030 2131 sic
3046 2093 3061 2130 :
3080 2077 3287 2131 Gentes
3305 2077 3485 2131 Deum
3509 2079 3783 2131 nostrum

2172 2177 2287 2216 non
2316 2178 2436 2217 esse
2463 2163 2849 2233 comprobare
2882 2162 3269 2230 intendentes,
3305 2162 3536 2216 dicunt:
3562 2162 3675 2217 Ubi
3705 2168 3787 2217 est

2394 2250 2538 2305 Deus
2551 2267 2733 2305 eorum
2754 2252 2782 2303 ξ)
2799 2251 2943 2304 Deus
2967 2257 3150 2304 autem
3176 2252 3417 2304 nosterin
3440 2250 3581 2305 mlo.
3606 2250 3784 2314 Quod

2171 2341 2255 2392 est
2284 2338 2500 2393 dicere:
2519 2338 2805 2403 Quoniam
2824 2337 3120 2393 invisibilis
3138 2341 3242 2406 est,
3265 2338 3465 2393 dicunt
3487 2354 3614 2393 eum
3637 2355 3786 2408 gen-

2171 2429 2255 2481 tes
2281 2444 2565 2498 nusquam
2598 2444 2718 2482 esse
2743 2444 2757 2493 ;
2809 2427 2907 2482 sed
2932 2429 3305 2482 Deus-noster
3333 2429 3389 2479 in
3428 2427 3551 2481 calo
3577 2430 3684 2492 est,
3722 2426 3781 2481 id

2169 2516 2253 2567 est
2282 2512 2342 2568 in
2375 2514 2593 2585 angelis
2624 2518 2682 2568 et
2715 2514 2772 2569 in
2804 2513 3125 2570 caelestibus
3157 2515 3311 2576 viris,
3344 2530 3463 2569 non
3490 2514 3776 2579 localiter,

2168 2602 2268 2655 sed
2320 2602 2635 2656 secundum
2686 2602 3116 2657 inhabitantem
3165 2601 3434 2674 gratiam.
3486 2602 3579 2656 Vel
3638 2602 3773 2657 sic:

2168 2690 2318 2744 Deus
2331 2692 2526 2744 noster
2541 2689 2795 2745 Christus
2809 2693 2954 2746 Deus
2978 2693 3038 2745 et
3058 2691 3235 2745 homo
3256 2690 3313 2744 in
3344 2690 3487 2745 coelo
3517 2692 3601 2745 est
3619 2691 3775 2745 loca-

2168 2776 2318 2843 liter,
2349 2778 2666 2833 secundum
2700 2795 2933 2850 corpus;
2967 2782 3026 2834 et
3052 2778 3181 2834 licet
3197 2796 3231 2833 a
3254 2778 3416 2833 vobis
3438 2794 3553 2832 non
3576 2777 3774 2832 videa-

2167 2868 2283 2935 tur,
2311 2868 2506 2921 tamen
2540 2866 2684 2922 adeo
2717 2870 2921 2939 potens
2949 2869 3054 2933 est,
3083 2883 3196 2938 quo
3238 2868 3418 2920 omnia
3447 2882 3777 2938 quacunque

2167 2954 2353 3021 voluit,
2395 2955 2538 3023 fecit.
2578 2954 2663 3009 Dii
2707 2944 2842 3009 vero
2869 2956 3131 3022 gentium,
3164 2953 3259 3020 qui
3290 2970 3398 3008 nec
3428 2953 3506 3007 dii
3544 2952 3774 3007 dicendi

2168 3044 2321 3109 sunt,
2362 3042 2461 3096 sed
2499 3043 2788 3098 simulacra
2828 3044 3079 3108 tantum,
3125 3041 3366 3096 omnino
3424 3041 3775 3113 impotentes

2168 3133 2319 3184 sunt.
2351 3130 2420 3184 Ut
2436 3130 2591 3185 enim
2608 3130 2680 3185 de
2703 3129 2941 3201 lapideis
2952 3132 3010 3185 et
3037 3129 3243 3201 ligneis
3254 3132 3312 3184 et
3330 3128 3533 3184 ferreis
3543 3128 3775 3183 simula-

2169 3217 2279 3271 cris
2292 3219 2729 3289 taceamus,ipsa
2741 3217 2915 3272 etiam
2928 3217 3233 3272 simulacra
3243 3216 3775 3289 gentiumquaesunt

2170 3313 2449 3376 argentum
2484 3313 2534 3359 et
2573 3323 2791 3373 aurum,
2836 3309 2893 3362 et
2938 3306 3047 3362 hoc
3087 3306 3240 3378 quod
3283 3306 3588 3360 simulacra
3617 3308 3773 3369 sunt,

2168 3411 2287 3450 non
2342 3395 2561 3450 habent
2612 3412 2678 3451 ex
2727 3413 2808 3462 se,
2849 3395 2949 3451 sed
3006 3412 3161 3466 opera
3192 3410 3453 3450 manuum
3498 3396 3775 3449 hominem

2171 3485 2305 3537 sunt
2331 3500 2345 3551 ;
2377 3501 2433 3537 os
2458 3485 2652 3539 habent
2681 3490 2732 3538 et
2761 3501 2866 3538 non
2898 3485 3206 3556 loquentur,
3238 3487 3296 3537 et
3321 3500 3438 3538 non
3464 3500 3663 3538 verum
3688 3499 3771 3548 os,

2171 3571 2269 3626 sed
2307 3571 2740 3643 imaginarium,
2772 3572 2954 3628 oculos
2984 3571 3358 3644 Imaginarios
3386 3571 3575 3625 habent
3593 3577 3644 3625 et
3668 3588 3777 3623 non

2170 3660 2439 3715 videbunt.
2464 3660 2645 3715 Aures
2669 3660 3043 3733 imaginarias
3071 3660 3261 3715 habent
3305 3667 3353 3713 et
3384 3677 3490 3713 non
3528 3659 3769 3713 audient.

2173 3749 2346 3803 Nares
2388 3749 2764 3821 imaginariae
2793 3751 2986 3804 habent
3033 3756 3082 3803 et
3115 3768 3220 3804 non
3258 3749 3576 3803 odorabunt.
3609 3747 3775 3802 Pedes

2172 3837 2547 3908 imaginarios
2577 3840 2792 3893 habent
2821 3845 2869 3895 et
2890 3857 2995 3893 non
3015 3839 3387 3895 ambulabunt.
3413 3838 3481 3891 Et
3503 3854 3635 3892 cum
3655 3841 3776 3909 gut-

2173 3928 2267 3980 tur
2291 3925 2701 3999 imaginarium
2733 3928 3005 3993 habeant,
3024 3944 3140 3981 non
3175 3926 3303 3981 dico
3322 3942 3437 3981 non
3464 3925 3650 3978 solum
3671 3940 3773 3975 non

2173 4014 2471 4086 loquentur,
2505 4019 2566 4070 ut
2593 4017 2880 4079 homines,
2902 4016 3002 4071 sed
3027 4016 3182 4087 quod
3198 4016 3389 4069 minus
3414 4016 3519 4078 est,
3544 4030 3649 4065 non
3666 4010 3771 4065 ela-

2174 4104 2399 4159 mabunt
2429 4104 2603 4159 etiam
2637 4108 2692 4158 in
2720 4111 3066 4173 gutturesuo,
3099 4103 3310 4158 scilicet
3342 4103 3531 4157 nullus
3558 4102 3773 4154 clamor

2174 4193 2259 4246 vel
2285 4192 2596 4247 bestiarum
2626 4195 2710 4247 vel
2750 4195 3044 4247 volucrum
3078 4196 3165 4247 est
3193 4192 3251 4246 in
3282 4194 3515 4265 gutture
3547 4205 3768 4244 eorum.

2175 4282 2283 4334 Per
2310 4280 2417 4335 hoc
2448 4281 2621 4351 igitur
2650 4286 2889 4353 apparet
2915 4282 3089 4352 quod,
3124 4298 3253 4335 cum
3293 4279 3427 4335 talia
3451 4278 3586 4340 sint,
3613 4275 3770 4332 omni

474 4374 644 4438 runt;
674 4371 892 4426 faciunt
916 4374 1112 4427 autem
1145 4371 1557 4444 apostmpham
1591 4371 1664 4424 ad
1687 4373 1888 4437 Deum,
1909 4387 2077 4426 oran-
2098 4356 2149 4415 Ῐ)
2173 4373 2371 4422 carent
2400 4369 2691 4440 potentia;
2721 4387 2850 4423 cum
2880 4373 3070 4424 autem
3103 4368 3242 4423 talia
3270 4367 3402 4432 sint,
3434 4370 3491 4421 et
3522 4370 3715 4421 tamen
3737 4382 3771 4418 a

468 4460 556 4511 tes
587 4461 650 4512 ut
679 4459 864 4531 magis
895 4463 951 4514 et
978 4460 1164 4533 magis
1184 4462 1399 4515 terram
1434 4459 1504 4514 ad
1523 4459 1698 4514 Iidem
1713 4462 2076 4514 commoveat

468 4548 528 4599 et
557 4545 667 4600 hoc
696 4548 767 4602 ad
793 4548 1075 4604 benorem
1093 4547 1461 4607 nominissui.
1490 4540 1739 4604 Dicimus
1755 4550 1909 4622 quod
1928 4555 2072 4605 terra

472 4640 616 4687 mota
633 4640 726 4700 est,
750 4635 810 4690 in
835 4652 1048 4709 magna
1070 4642 1254 4710 parte,
1287 4642 1364 4706 et,
1391 4655 1423 4693 ο
1458 4637 1723 4699 Domine,
1751 4655 1917 4693 move
1940 4655 2071 4693 eam

468 4721 655 4793 magis
685 4725 743 4778 et
772 4723 959 4795 magis
987 4724 1409 4781 illuminatione
1431 4726 1779 4797 cognitionis
1797 4726 1899 4793 tui,
1924 4730 1980 4782 et
2000 4727 2074 4781 da

476 4811 708 4881 gloriam
733 4830 838 4867 non
871 4812 1299 4881 nobis,Domine,
1313 4833 1418 4869 non
1446 4816 1707 4881 nobis,sc(l
1731 4818 1944 4870 nomini
1955 4823 2067 4883 tuo,

466 4899 525 4955 id
542 4901 915 4973 est,gloriﬂca
935 4918 1039 4974 per
1057 4903 1165 4958 hoc
1180 4903 1362 4975 magis
1380 4906 1435 4957 et
1454 4903 1636 4975 magis
1650 4921 1864 4960 nomen
1881 4907 2066 4973 tuum,

468 4990 625 5062 quod
649 4991 775 5062 jam
809 4992 1057 5046 multum
1084 4995 1143 5046 et
1172 4991 1578 5063 glorificatum.
1605 4992 1771 5058 Quod
1800 4997 1884 5047 est
1915 4994 2065 5049 dicc-

463 5095 525 5133 re
550 5095 564 5134 :
586 5078 710 5134 Non
724 5083 994 5151 optamus
1008 5081 1328 5136 infidelium
1343 5082 1778 5136 conversionem
1799 5082 1871 5136 ad
1889 5081 2067 5138 nostri

462 5168 893 5237 exaltationem,
926 5171 1024 5225 sed
1055 5171 1129 5226 ad
1161 5171 1447 5241 majorem
1469 5171 1722 5226 nominis
1748 5172 1827 5226 tui
1847 5172 2067 5242 glorifi~

457 5256 768 5313 cationem.
804 5258 947 5324 Quia
972 5262 1166 5315 autem
1199 5258 1284 5314 bis
1313 5259 1479 5330 ponit
1514 5278 1619 5313 non
1665 5260 1832 5324 nobis,
1867 5260 1937 5313 ad
1970 5258 2061 5313 in-

454 5345 835 5401 eulcationem
860 5346 1197 5402 remotionis
1213 5348 1396 5420 ponit,
1420 5366 1591 5420 quam
1619 5347 2062 5402 inculcationem

454 5435 674 5489 faciunt
704 5435 776 5489 ad
827 5434 1265 5490 instructionem
1297 5452 1712 5501 successorum,
1750 5451 1821 5490 ne
1855 5436 2061 5507 aliquis

449 5523 553 5576 sibi
588 5522 832 5593 gloriam
867 5524 927 5577 in
965 5524 1073 5577 hoc
1112 5524 1335 5578 mundo
1360 5528 1604 5596 quaerat,
1648 5525 1747 5578 sed
1778 5526 1913 5579 Deo.
1950 5526 2057 5589 Da,

444 5608 951 5678 inquam,gloriam
973 5613 1303 5678 nominitao,
1330 5615 1386 5666 ct
1424 5612 1532 5667 hoc
1568 5614 1869 5684 contingat
1900 5631 2058 5686 super

2171 4458 2515 4513 stultissimis
2536 4458 2842 4529 gentilibus
2871 4459 3155 4523 colantur,
3177 4457 3369 4510 similes
3400 4455 3517 4510 illis
3533 4458 3667 4523 ﬁant
3685 4453 3768 4507 in-

2172 4546 2367 4614 terius,
2398 4567 2573 4602 omnes
2597 4549 2695 4620 qui
2708 4549 2923 4618 faciunt
2941 4565 3033 4611 ea;
3066 4547 3209 4601 sicut
3241 4548 3435 4601 colunt
3457 4544 3667 4599 scilicet
3693 4544 3764 4596 ita

2168 4636 2305 4704 ﬁant
2316 4637 2529 4703 similes,
2562 4639 2623 4689 ut
2639 4635 2782 4690 sicut
2802 4653 2871 4690 ea
2896 4635 3145 4690 exterius
3176 4634 3343 4688 surda
3356 4636 3416 4688 et
3437 4649 3551 4687 non
3576 4631 3763 4685 viden-

2170 4724 2249 4778 tia
2267 4727 2416 4789 sunt,
2451 4724 2525 4779 sic
2540 4729 2596 4779 et
2627 4724 2731 4796 ipsi
2763 4723 3002 4779 interius
3032 4723 3089 4778 in
3123 4722 3320 4777 anima
3343 4721 3621 4792 spirituali
3655 4719 3764 4772 visu

2170 4815 2227 4867 et
2251 4812 2447 4867 auditu
2479 4815 2733 4868 careant.
2770 4814 2837 4866 Et
2867 4829 2982 4866 non
3002 4813 3188 4866 solum
3217 4810 3314 4882 qui
3343 4809 3561 4864 faciunt
3589 4811 3648 4862 et
3675 4824 3765 4861 co-

2167 4901 2297 4955 lunt
2325 4918 2394 4956 ea
2411 4902 2603 4956 similes
2628 4902 2731 4956 illis
2758 4903 2913 4970 ﬁant,
2946 4901 3046 4956 sed
3066 4908 3115 4955 et
3146 4899 3224 4955 illi
3251 4900 3349 4971 qui
3372 4902 3431 4952 et
3458 4898 3502 4952 si
3536 4914 3654 4952 non
3685 4898 3765 4952 fa-

2168 4989 2345 5056 ciunt,
2395 4991 2599 5045 saltem
2639 4989 2913 5058 conﬁdunt
2939 4991 2993 5041 in
3040 4991 3131 5054 eis,
3167 4990 3437 5058 putantes
3463 4985 3605 5040 deos
3625 5002 3762 5044 esse.

2166 5079 2281 5136 Hoc
2310 5083 2502 5133 autem
2536 5078 2733 5132 dicunt
2763 5095 2878 5132 non
2907 5077 3296 5149 imprecative,
3327 5075 3425 5130 sed
3448 5073 3765 5129 concessive

2166 5170 2226 5221 nt
2252 5170 2453 5239 gentes
2478 5183 2511 5220 a
2535 5166 2971 5221 simulacrorum
3005 5167 3225 5221 cultura
3250 5166 3613 5219 revocentur.
3634 5162 3763 5217 Dico

2164 5256 2315 5329 quod
2345 5256 2849 5326 gentesconlidunt
2866 5255 2923 5308 in
2946 5254 3290 5319 simulacris,
3310 5253 3553 5323 ideoque
3576 5250 3763 5304 similes

2119 5374 2131 5384 ο
2161 5348 2231 5399 eis
2252 5348 2407 5414 ﬁant.
2437 5345 2640 5398 Domus
2666 5348 2859 5399 autem
2886 5343 3050 5397 Israel
3071 5361 3184 5397 non
3217 5342 3289 5396 sit
3310 5340 3509 5396 similis
3529 5340 3763 5394 simula-

2161 5434 2287 5499 cris,
2315 5434 2501 5488 (lamus
2528 5432 2683 5488 enim
2718 5431 2906 5499 Israel,
2939 5433 2993 5486 id
3026 5437 3110 5486 est
3132 5431 3349 5485 familia
3372 5428 3767 5483 ﬁdeliumsuh‘

2160 5524 2622 5590 ditornm,lleum
2644 5523 2701 5575 in
2716 5522 3208 5593 contemplatione
3233 5520 3568 5576 videntium.
3586 5535 3762 5587 spera-

2160 5615 2234 5667 vit
2265 5630 2381 5667 non
2424 5613 2480 5665 in
2513 5611 2699 5678 idolis,
2732 5612 2831 5666 sed
2860 5613 2912 5663 in
2944 5611 3193 5675 Domino,
3225 5612 3281 5661 et
3322 5609 3451 5663 ideo
3482 5608 3760 5662 Dominus
