3998 6026
354 328 482 403 leti

1314 339 1668 404 EXPOSITIO
1706 343 1775 401 IN
1814 338 2147 402 PSALMOS.
2185 370 2258 389 ι·-
2294 339 2489 403 ΡὸᾹῐ..
2530 342 2687 402 εχιιι

3530 338 3551 402 l
3562 338 3665 403 242

346 464 566 539 adjutor
583 480 786 524 eorum
833 470 918 523 est
947 465 1021 525 ad
1050 466 1200 525 bene
1222 468 1604 543 operandam,
1625 472 1677 526 et
1693 472 1961 542 protector
1986 467 2042 531 Α
2064 464 2174 524 tum
2194 465 2310 529 cali
2332 467 2462 542 fecit
2509 467 2764 537 Domino,
2796 465 2857 525 id
2884 469 2971 525 est
2989 466 3065 526 ad
3085 468 3195 526 hoc
3224 464 3359 525 fecit
3379 465 3447 524 ut
3471 480 3665 540 pem

346 573 528 613 eorum
556 563 649 626 est,
704 573 777 613 ne
806 557 1004 616 avitiis
1031 562 1393 632 superentur.
1423 559 1505 615 Et
1538 561 1722 615 domus
1746 560 1956 629 Aaron,

344 643 407 700 id
429 648 515 702 est
541 645 763 702 familia
792 646 1047 703 fidelium
1083 650 1474 720 prmlatorum,
1503 652 1735 721 speravit
1762 653 1819 704 in
1843 650 1956 707 Do-

346 736 513 798 mino,
546 738 604 790 et
656 735 777 807 ipse
805 735 1022 806 adjutor
1049 743 1098 792 et
1112 744 1381 808 protector
1408 755 1585 793 eorum
1608 744 1704 794 est.

338 840 343 843 '
416 824 532 878 Hoc
564 826 755 878 autem
787 824 1182 895 accipiendum
1210 826 1375 881 estde
1396 826 1666 898 praelatis,
1688 829 1746 881 et
1768 827 1957 882 subdi-

344 911 418 967 tis
449 912 710 967 Ecclesiae
742 912 813 968 de
842 913 1067 969 Iudaeis.
1124 915 1233 968 Per
1260 914 1502 970 domum
1534 918 1730 970 autem
1760 915 1952 971 Aaron

338 1002 720 1072 prmlatorum
759 1001 1019 1057 collectio
1073 1002 1367 1075 accipitur,
1448 1007 1507 1057 et
1554 1020 1658 1074 per
1708 1003 1949 1059 domum

340 1089 513 1144 lsrael
543 1089 802 1145 collectio
832 1089 1216 1158 subditorum,
1268 1109 1336 1146 eo
1363 1092 1518 1163 quod
1547 1092 1729 1147 tribus
1758 1093 1952 1146 Aaron

342 1178 446 1233 sub
456 1177 647 1232 Veteri
662 1178 1030 1233 Testamento
1045 1179 1313 1234 omnibus
1332 1180 1593 1234 tribubus
1609 1181 1777 1234 lsrael
1792 1180 1875 1252 pri
1885 1197 1949 1234 n-

342 1266 659 1336 cipabatur.
697 1267 812 1322 Hoc
851 1267 1025 1321 etiam
1054 1268 1371 1323 secundum
1398 1267 1648 1323 nominis
1668 1268 1949 1339 interpre-

342 1354 627 1410 tationem
684 1355 830 1410 bene
860 1356 1170 1422 convenit;
1202 1358 1393 1411 Aaron
1441 1357 1653 1429 quippe
1674 1363 1953 1411 montanus

340 1440 776 1513 interpretatur.
812 1443 1063 1499 Montani
1095 1448 1289 1499 autem
1322 1461 1574 1514 congrue
1609 1444 1828 1516 praelati
1854 1461 1950 1499 vo-

342 1532 568 1593 cantur,
582 1533 820 1603 propter
830 1532 1305 1602 prmlationissum
1324 1531 1731 1586 sublimitatem
1752 1548 1766 1599 ;
1793 1548 1955 1587 mon-

339 1620 508 1672 tanos
528 1618 686 1673 enim
716 1610 957 1673 dicimus
978 1620 1242 1675 homines
1261 1619 1319 1674 in
1352 1618 1778 1675 summitatibus
1793 1636 1956 1676 mou-

338 1705 486 1760 tium
514 1706 861 1762 habitantes.
899 1709 1022 1763 Non
1057 1710 1243 1763 solum
1273 1713 1468 1763 autem
1501 1708 1721 1779 praelati
1753 1709 1951 1764 etsub-

2060 557 2269 614 naliter
2294 557 2556 614 uniretur
2593 556 2840 615 Domino
2893 556 3106 624 Verbo;
3136 558 3218 613 vel
3238 558 3417 613 εωιιιτη
3442 555 3574 623 cali,
3605 553 3664 611 id

2057 650 2143 701 est
2171 647 2537 703 Dominicum
2566 646 2867 703 hominem
2892 648 3028 716 fecit
3057 646 3286 701 Domino
3314 644 3422 703 sibi
3449 642 3662 701 scilicet

2055 735 2303 791 Domino
2333 736 2753 807 subjiciendum
2804 734 3120 789 secundum
3168 733 3323 806 quod
3350 734 3527 789 homo
3556 734 3661 789 est.

2055 824 2218 879 Unde
2272 826 2671 897 Apostolusza
2712 825 2914 895 Caput,
2984 822 3192 894 inquit,
3252 821 3458 877 Christi
3516 822 3663 876 Deus

2051 912 2106 977 (1
2135 911 2262 967 Cor.
2288 930 2363 980 xx,
2396 914 2472 983 3).
2493 934 2521 961 »
2557 913 2698 967 Cum
2718 912 2855 967 dicit
2878 911 3061 965 cretum
3081 911 3215 977 cati,
3236 911 3406 966 datur
3419 906 3662 977 intelligi

2049 1016 2154 1071 per
2181 1001 2290 1056 hoc
2315 1001 2470 1073 quod
2499 1000 2770 1074 supponit
2796 999 2941 1067 coeli,
2964 1000 3119 1072 quod
3144 997 3363 1071 praelati
3402 996 3500 1069 qui
3521 995 3650 1055 casti

2049 1092 2202 1156 sunt,
2229 1092 2510 1161 quantum
2561 1090 2631 1144 ad
2666 1089 2942 1155 subditos,
2991 1087 3203 1143 subditi
3255 1103 3485 1159 quoque
3528 1085 3662 1139 sunt

2050 1177 2352 1233 Dominico
2368 1177 2591 1232 homini
2633 1177 2729 1248 qui
2757 1179 2963 1232 coelum
2996 1180 3102 1242 est,
3135 1179 3415 1247 quantum
3433 1174 3505 1230 ad
3536 1189 3654 1231 eos.

2051 1266 2215 1320 Unde
2246 1268 2579 1337 Apostolus:
2601 1288 2629 1315 «
2657 1266 2859 1336 Caput,
2918 1264 3125 1336 inquit,
3159 1263 3260 1319 viri
3293 1262 3547 1319 Christus
3576 1263 3662 1316 est

2052 1352 2265 1424 (1bid.).
2301 1374 2329 1403 ιι
2362 1354 2578 1409 Dicitur
2656 1370 2885 1425 quoque
2936 1355 3122 1419 Pater,
3205 1353 3370 1421 juxta
3415 1351 3659 1405 Ambro-

2052 1441 2221 1507 sium,
2249 1459 2369 1498 esse
2391 1445 2563 1514 caput
2582 1419 2778 1508 Verbi:
2829 1458 2948 1496 non
2987 1440 3142 1513 quod
3168 1439 3323 1512 prius
3351 1441 3449 1497 aut
3474 1438 3662 1507 majus

2052 1530 2126 1584 sit
2148 1530 2353 1598 Verbo,
2376 1530 2477 1585 sed
2533 1529 2668 1602 quia
2710 1546 2776 1584 ex
2833 1530 3000 1584 Patre
3053 1529 3125 1584 sit
3158 1528 3411 1589 Verbum
3462 1526 3663 1583 inetia-

2050 1617 2262 1674 hiliter.

2126 1708 2270 1772 Quia
2296 1724 2429 1763 vero
2493 1708 2716 1763 dixerat
2754 1708 3069 1763 Dominum
3117 1707 3322 1762 coelum
3356 1709 3414 1762 et
3444 1710 3658 1761 terram

339 1793 444 1849 diti
474 1811 541 1848 ex
569 1794 775 1849 Iudaeis
804 1797 1248 1866 speraverantin
1269 1796 1537 1863 Domino,
1556 1798 1657 1852 sed
1673 1799 1729 1852 et
1749 1814 1956 1853 omnes
1980 1800 2032 1859 B
2053 1795 2272 1863 fecisse,
2305 1796 2364 1851 id
2392 1799 2478 1852 est
2494 1798 2761 1869 praelatos
2782 1796 3130 1857 etsubditos,
3154 1812 3225 1850 ne
3240 1794 3663 1851 videretursuh-

330 1881 409 1937 ‘in
437 1882 812 1955 gentibusqui
838 1886 1348 1952 timentDominum,
1381 1889 1500 1941 tam
1533 1887 1754 1958 prtelati
1777 1903 1952 1957 quam

337 1969 569 2037 subditi,
601 1970 713 2026 sive
743 1976 896 2027 casto
921 1966 1147 2041 timore,
1181 1974 1296 2028 sive
1362 1974 1570 2042 servili,
1613 1981 1953 2046 speraverant

339 2059 395 2111 in
424 2057 683 2128 Domino,
721 2063 777 2114 et
797 2060 927 2115 ideo
945 2062 1163 2131 adiutor
1190 2080 1368 2117 eorum
1393 2070 1442 2117 et
1460 2070 1734 2133 protector
1769 2080 1953 2119 eorum

338 2152 433 2203 est.
463 2147 579 2202 Hoc
618 2150 811 2203 autem
841 2150 995 2220 quod
1041 2149 1100 2204 in
1142 2151 1391 2206 Domino
1417 2150 1772 2223 speravimus
1787 2154 1949 2207 etJu-

341 2234 450 2288 diei
472 2238 531 2289 et
558 2236 823 2307 gentiles,
856 2254 972 2293 non
998 2255 1065 2293 ex
1089 2240 1254 2294 nobis
1281 2239 1408 2305 fuit,
1434 2240 1533 2294 sed
1555 2257 1621 2295 ex
1658 2240 1767 2295 hoc
1798 2242 1949 2312 quod

334 2321 607 2378 Dominus
635 2324 732 2396 qui
755 2342 860 2379 nos
880 2325 978 2380 diu
1022 2326 1296 2381 oblivioni
1327 2327 1585 2394 dederat,
1618 2327 1678 2383 in
1700 2328 1946 2387 inﬁdeli-

333 2412 454 2465 tate
478 2411 711 2482 positos,
730 2429 928 2467 memor
945 2415 1062 2483 fuit
1080 2418 1264 2482 nostri,
1280 2418 1341 2470 ut
1360 2416 1432 2470 ad
1483 2416 1656 2471 fidem
1674 2416 1949 2475 adductos

330 2497 395 2552 in
421 2516 481 2553 se
517 2504 815 2572 sperantes
844 2502 1096 2557 faceret:
1119 2510 1169 2557 et
1220 2520 1324 2576 per
1351 2505 1459 2559 hoc
1492 2505 1753 2560 benedixit
1774 2506 1946 2573 nobis,

330 2585 393 2640 id
416 2590 503 2641 est
534 2588 800 2644 exaltavit
830 2606 954 2657 nos,
982 2594 1038 2645 et
1065 2592 1380 2647 secundum
1416 2610 1727 2647 numerum
1754 2593 1947 2648 multi-

334 2674 677 2746 plicationis,
735 2681 792 2732 et
820 2680 1138 2734 secundum
1185 2684 1567 2752 augmentum
1589 2681 1861 2736 virtutum
1892 2684 1951 2738 et

336 2780 579 2835 operum
598 2766 1367 2840 bonorum.Exponitautem
1389 2786 1493 2841 per
1515 2772 1728 2842 partes,
1746 2770 1949 2842 quibus

338 2852 595 2906 benedixit
626 2853 735 2908 sic:
758 2854 1059 2923 Benedixit,
1114 2857 1372 2929 inquam,
1402 2858 1603 2913 nobis:
1627 2858 1841 2913 scilicet
1858 2859 1950 2913 be-

334 2940 757 2997 nedixitdomui
778 2942 966 3010 Israel,
1005 2944 1059 2998 id
1089 2949 1174 2999 est
1194 2945 1426 3001 familias
1472 2945 1729 3000 ﬁdelium
1754 2946 1946 3001 subdi-

333 3032 529 3084 torum
557 3047 623 3084 εκ
653 3030 862 3088 Ιυάωίε
885 3049 898 3087 2
925 3035 983 3087 et
1010 3034 1271 3088 benedixit
1317 3036 1503 3089 domui
1530 3035 1742 3102 Aaron,
1774 3034 1832 3090 id
1862 3039 1947 3090 est

331 3117 569 3173 familiae
595 3121 990 3189 praelatorum,
1017 3139 1082 3175 ex
1129 3122 1339 3177 Judmis
1370 3127 1428 3178 et
1456 3123 1744 3195 gentibus,
1794 3123 1944 3179 bene-

330 3205 473 3259 dixit
494 3208 735 3261 omnibus
762 3211 859 3280 qui
876 3211 1065 3264 timent
1081 3210 1393 3266 Dominum:
1416 3212 1529 3266 sive
1551 3214 1705 3268 casto
1735 3212 1946 3268 timore

333 3291 450 3347 sive
480 3294 690 3361 servili,
712 3297 923 3366 pusillis
950 3313 1073 3354 cum
1096 3299 1409 3369 majoribus,
1430 3300 1487 3354 id
1508 3303 1594 3354 est
1615 3300 1857 3355 subditis
1887 3303 1947 3356 et

330 3381 601 3452 praelatis.
638 3383 819 3437 Orant
848 3400 953 3455 pro
977 3386 1301 3456 adjectione
1337 3388 1701 3443 subditorum
1726 3390 1942 3460 etprae-

329 3471 581 3525 latorum
598 3470 676 3526 sic
696 3488 709 3526 :
732 3472 990 3528 Diximus
1008 3474 1143 3546 quia
1162 3475 1440 3530 Dominus
1451 3476 1747 3532 benedixit
1763 3477 1941 3543 vobis,

330 3574 366 3613 ο
397 3558 639 3630 praelati,
662 3563 721 3615 et
750 3561 980 3617 subditi.
1008 3562 1185 3634 Super
1209 3581 1294 3617 vos
1326 3567 1521 3620 autem
1558 3566 1685 3636 jam
1706 3564 1812 3620 sibi
1845 3583 1946 3637 per

331 3647 508 3702 fidem
539 3648 793 3719 adjeclos
819 3652 1044 3722 adjiciat
1092 3651 1361 3707 Dominus
1393 3654 1553 3721 alios,
1597 3653 1656 3709 id
1708 3658 1794 3709 est
1818 3658 1947 3725 post

331 3736 576 3814 vpijam
598 3737 703 3792 sibi
722 3755 824 3808 per
838 3740 1212 3811 adoptionem
1228 3741 1426 3812 gratiae
1444 3743 1946 3814 adjectos,adjiciat

560 3826 720 3891 alios,
754 3827 849 3898 qui
878 3829 1062 3883 adhuc
1094 3829 1370 3884 increduli
1404 3833 1558 3894 sunt,
1580 3837 1629 3884 et
1652 3848 1808 3902 super
1834 3849 1943 3897 vos,

332 3909 391 3965 id
422 3915 507 3967 est
536 3916 665 3985 post
700 3916 927 3987 vos,qui
954 3915 1426 3987 adjiciendiestis,
1446 3918 1666 3988 adjiciat
1685 3919 1828 3975 alios
1847 3919 1946 3991 qui

333 3999 451 4054 sint
477 4002 599 4067 filii,
647 4003 704 4058 id
729 4008 815 4057 est
880 4003 1201 4059 imitatores
1246 4006 1438 4073 vestri,
1500 4013 1551 4060 et
1573 4025 1729 4078 super
1776 4008 1834 4062 id
1863 4011 1947 4062 est

334 4093 488 4159 post,
521 4090 646 4146 illos
672 4092 809 4159 ﬁlios
834 4100 1027 4146 vestros
1057 4094 1279 4163 adjiciat
1317 4112 1548 4167 quoque
1594 4096 1757 4162 alios,
1790 4099 1848 4151 et
1869 4096 1945 4150 sic

339 4194 518 4249 usque
542 4178 596 4233 in
621 4179 798 4234 linem
833 4181 1033 4236 mundi
1066 4199 1168 4252 per
1198 4199 1403 4238 omnes
1433 4184 1837 4254 generationes
1868 4187 1947 4239 fa-

337 4266 472 4331 ciat,
501 4274 549 4321 et
574 4285 660 4321 vos
691 4285 897 4323 omnes
924 4270 1124 4339 etjam
1152 4270 1360 4340 adjecti
1389 4276 1447 4325 et
1474 4273 1659 4327 adhuc
1677 4273 1947 4342 adjicien-

1969 3077 2017 3136 C

2053 1884 2204 1951 ditis,
2219 1886 2373 1956 quod
2394 1885 2498 1941 soli
2516 1887 2630 1940 Deo
2651 1884 3067 1955 subjectionem
3086 1885 3449 1949 deberent,et
3465 1883 3667 1953 prmia-

2052 1973 2122 2028 tis
2148 1991 2288 2040 non,
2320 1974 2551 2035 additur
2581 1972 2659 2028 sic
2684 1990 2696 2028 :
2719 1973 3017 2039 Dominus,
3050 1972 3312 2045 inquam,
3323 1973 3451 2042 fecit
3471 1971 3654 2025 catum

2050 2068 2100 2115 et
2128 2067 2358 2129 terram;
2388 2069 2588 2116 terram
2617 2068 2818 2129 autem,
2852 2061 2910 2116 id
2969 2064 3055 2116 est
3083 2060 3361 2127 subditos,
3416 2059 3559 2113 dedit
3587 2058 3661 2113 ad

2049 2151 2427 2205 excolendum
2454 2153 2513 2204 et
2532 2150 2854 2221 regendum
2875 2151 3001 2219 ﬁliis
3014 2148 3373 2215 hominum,id
3397 2151 3483 2202 est
3512 2163 3659 2219 prie-

2048 2238 2198 2306 latis,
2231 2238 2654 2295 rationabiliter
2674 2242 2737 2294 ut
2763 2238 3030 2295 homines
3058 2255 3118 2293 se
3142 2236 3661 2297 habentibus.Cum

2048 2329 2266 2394 autem,
2287 2344 2321 2382 ο
2352 2326 2616 2395 Domine,
2649 2329 2857 2383 malum
2889 2331 2947 2382 et
2977 2330 3191 2382 terram
3212 2324 3437 2391 feceris,
3469 2327 3526 2378 et
3539 2324 3663 2378 hinc

2048 2414 2330 2471 beneficia
2359 2432 2487 2487 quia
2524 2416 2783 2486 superius
2798 2416 3041 2483 ostendi,
3058 2416 3316 2470 contuitu
3333 2414 3542 2471 horum
3568 2428 3661 2466 su-

2049 2503 2587 2574 pradictorum,non
2604 2502 2904 2558 laudabunt
2934 2511 2982 2558 te
3010 2505 3208 2558 mortui
3230 2503 3291 2557 in
3322 2500 3662 2557 infidelitate

2047 2609 2214 2664 neque
2237 2609 2415 2646 omnes
2444 2592 2569 2646 falsi
2603 2592 2907 2647 Christiani
2936 2593 3035 2664 qui
3047 2591 3366 2648 descendunt
3396 2591 3457 2645 in
3487 2590 3658 2658 infer-

2048 2697 2199 2746 num,
2224 2679 2281 2734 id
2308 2683 2394 2734 est
2414 2680 2473 2734 in
2530 2680 2991 2752 profunditatem
3012 2678 3315 2734 vitiorum:
3339 2700 3367 2728 ‹‹
3398 2678 3525 2732 Non
3576 2678 3663 2731 est

2049 2767 2205 2822 enim
2223 2768 2480 2838 speciosa
2504 2770 2625 2823 laus
2642 2769 2703 2823 in
2723 2785 2824 2823 ore
2844 2767 3161 2840 peccatoris
3184 2767 3375 2835 (Eccli.
3409 2783 3496 2831 xv,
3529 2765 3604 2835 9).
3630 2786 3658 2815 »

2047 2855 2278 2923 Mortui,
2309 2856 2571 2928 inquam,
2595 2875 2703 2911 non
2731 2856 3034 2913 laudabunt
3065 2862 3154 2919 te;
3185 2855 3274 2909 sed
3293 2871 3386 2910 nos
3404 2856 3499 2926 qui
3526 2856 3661 2908 vivi-

2048 2934 2277 3012 mus,'in
2304 2943 2417 2998 fide
2449 2947 2507 2998 et
2535 2944 2701 2999 bonis
2730 2943 3657 3018 operibus,benedicimusDomino,

2048 3048 2168 3098 ore,
2192 3033 2364 3087 corde
2395 3035 2453 3086 et
2483 3049 2680 3104 opere,
2715 3033 3044 3109 incipiendo
3092 3051 3156 3088 ea:
3184 3034 3281 3088 hoc
3305 3048 3467 3099 nunc,
3495 3029 3552 3085 id
3577 3032 3665 3084 est

2047 3137 2115 3175 ex
2145 3121 2413 3193 praesenti
2447 3124 2727 3193 tempore,
2758 3129 2807 3176 et
2838 3121 3255 3195 perseverando
3284 3138 3463 3193 usque
3486 3120 3550 3174 in
3562 3136 3659 3172 sw-

2045 3212 2226 3266 culum
2254 3212 2536 3274 futurum,
2571 3212 2687 3266 Hoc
2721 3213 2916 3265 autem
2948 3210 3078 3266 ideo
3099 3211 3370 3265 dicuntut
3401 3209 3661 3263 mortuos

2044 3317 2080 3355 a
2104 3303 2294 3355 morte
2316 3300 2670 3356 infidelitatis
2727 3303 2786 3354 et
2819 3299 3237 3355 descendentes
3275 3297 3334 3351 in
3367 3296 3657 3352 infernum

2044 3389 2337 3455 vitiorum,
2372 3390 2444 3444 ab
2468 3389 2590 3461 ipso
2621 3388 2852 3443 inferno
2901 3391 3197 3455 revocent;
3227 3386 3286 3440 in
3311 3386 3425 3441 fide
3447 3400 3580 3439 vero
3603 3386 3662 3437 et

2012 3474 2023 3481 ’
2045 3477 2210 3532 bonis
2224 3477 2492 3548 operibus
2509 3478 2784 3545 viventes,
2806 3477 2878 3531 ad
2892 3474 3379 3548 perseverandum
3394 3471 3656 3527 invitent.

2047 3565 2173 3619 Sive
2199 3566 2309 3620 hoc
2333 3565 2463 3621 ideo
2498 3566 2717 3633 dicunt,
2742 3565 2878 3637 quia
2894 3567 3223 3631 oraverant,
3250 3561 3493 3617 dicendo
3515 3559 3661 3614 :Ad-

2040 3653 2216 3724 jiciat,
2249 3657 2383 3720 etc.,
2417 3656 2481 3707 ut
2535 3653 2700 3709 citius
2748 3653 3064 3723 impetrent
3116 3652 3273 3723 quod
3330 3650 3659 3713 oraverunt,

2046 3742 2403 3796 ostendendo
2430 3741 2707 3813 quoniam
2728 3741 2895 3795 aliter
2918 3756 3052 3794 eum
3082 3738 3343 3794 infideles
3372 3753 3491 3792 non
3537 3737 3659 3790 lau-

2046 3830 2288 3896 dabunt,
2319 3829 2425 3884 nisi
2456 3845 2554 3884 eos
2582 3830 2737 3901 prius
2749 3829 2821 3883 ad
2849 3828 3023 3882 fidem
3051 3826 3373 3897 adjiciendo
3387 3826 3459 3880 de
3472 3825 3659 3879 morte

2046 3916 2396 3972 inﬁdelitatis
2425 3917 2650 3989 eripiat.
2675 3916 2985 3973 Sciendum
3026 3915 3183 3989 quod
3226 3931 3359 3969 cum
3403 3911 3661 3984 superius

2046 4004 2381 4061 dixissemus
2408 4023 2529 4060 esse
2555 4005 2993 4076 responsionem
3041 4005 3434 4077 prmlatorum,
3470 4000 3563 4056 ubi
3581 3999 3663 4055 di-

2046 4096 2200 4148 ctum
2226 4097 2310 4147 est
2339 4111 2351 4149 :
2377 4095 2423 4150 A
2446 4096 2589 4165 [acie
2620 4095 2841 4148 Domini
2869 4135 2883 4160 ,
2917 4096 3051 4161 etc.,
3074 4109 3239 4165 posse
3252 4107 3480 4164 quoque
3522 4088 3661 4143 illud

2046 4181 2199 4236 idem
2222 4200 2343 4237 esse
2374 4183 2766 4238 communiter
2794 4182 3253 4254 responsionem,
3281 4183 3338 4234 et
3370 4179 3547 4233 maris
3604 4179 3662 4232 et

2045 4271 2310 4326 Jordanis
2340 4274 2398 4326 et
2424 4272 2713 4327 montium
2748 4275 2807 4326 et
2837 4271 3069 4327 collium
3100 4286 3277 4341 uspue
3302 4268 3377 4322 ad
3398 4269 3658 4337 apostro-

337 4353 395 4407 di
422 4354 676 4409 benedicti
694 4356 835 4423 sitis,
861 4355 915 4411 id
945 4362 1030 4411 est
1062 4359 1442 4429 multiplicati,
1483 4364 1542 4414 et
1571 4360 1629 4414 in
1650 4361 1949 4417 virtutibus
1973 4362 2025 4421 D
2051 4362 2227 4431 pham
2260 4361 2416 4416 illam
2446 4360 2505 4415 in
2537 4361 2708 4416 tertio
2753 4377 2918 4415 versu
2947 4359 3041 4413 ubi
3074 4358 3300 4422 dicitur,
3355 4374 3460 4411 non
3488 4355 3659 4420 nobis,

334 4444 564 4497 exaltati
589 4444 846 4510 Domino,
882 4445 939 4499 id
969 4450 1056 4500 est
1085 4446 1155 4499 ad
1182 4446 1463 4501 honorem
1500 4448 1751 4503 Domini.
1783 4449 1947 4513 Quod

332 4534 419 4584 est
448 4531 637 4586 dicere
660 4550 671 4587 :
693 4534 809 4587 Hoc
840 4535 994 4605 quod
1028 4534 1315 4588 benedicti
1329 4534 1506 4603 eritis,
1544 4552 1658 4590 non
1678 4537 1949 4593 vobissed

332 4618 581 4674 Domino
603 4621 946 4687 ascribatur;
972 4622 1741 4695 Domino,inquam,qui/ecit
1763 4626 1949 4681 caelum

332 4714 383 4760 et
409 4714 624 4762 terram.
653 4710 817 4774 Quod
848 4715 933 4765 est
958 4711 1181 4765 dicere:
1212 4711 1316 4775 Qui
1361 4713 1569 4784 dignus
1594 4717 1679 4767 est
1703 4714 1945 4783 honore,

332 4813 464 4851 cum
498 4797 618 4868 ipse
645 4800 827 4853 calum
848 4800 1068 4867 fecerit,
1093 4801 1149 4855 id
1180 4805 1263 4856 est
1320 4802 1608 4872 przelatos,
1643 4805 1700 4857 et
1730 4809 1943 4869 terram,

329 4884 389 4939 id
420 4889 505 4940 est
534 4887 812 4954 subditOs,
841 4891 899 4942 et
925 4905 1041 4943 non
1059 4890 1243 4944 solum
1270 4891 1524 4944 minores
1537 4892 1823 4961 praelatos,
1846 4893 1947 4947 sed

330 4978 388 5029 et
410 4976 591 5029 coelum
619 4978 736 5031 cati
757 4978 905 5047 fecit,
948 4978 1004 5033 id
1037 4983 1122 5033 cst
1148 4979 1396 5049 majores
1410 4980 1678 5051 praelatos
1706 4980 1948 5051 quisunt

328 5064 511 5117 calum
528 5066 658 5133 cazli,
705 5065 1099 5138 idestprzelati
1137 5084 1307 5139 super
1350 5068 1603 5122 minores
1651 5070 1940 5140 praelatos,

327 5152 435 5206 hoc
465 5155 621 5224 quod
658 5155 843 5209 003116171
877 5156 990 5209 ca'li
1020 5160 1171 5222 sunt,
1223 5157 1358 5225 fecit
1407 5155 1547 5228 ipse,
1594 5158 1788 5212 ethoc
1835 5159 1942 5213 sibi

325 5240 582 5309 Domino,
608 5242 663 5297 id
695 5247 780 5297 cst
810 5244 883 5297 ad
916 5245 1201 5298 honorem
1250 5244 1346 5316 qui
1382 5246 1657 5299 Dominus
1707 5251 1819 5311 est;
1852 5249 1941 5301 vel

324 5329 435 5384 sic:
457 5330 581 5384 Non
608 5332 792 5385 solum
827 5333 1086 5401 prtelatos
1117 5335 1172 5385 et
1206 5333 1464 5387 subditos
1492 5332 1627 5387 fecit
1655 5333 1764 5388 hoc
1785 5335 1939 5406 quod

326 5419 595 5483 sunt,sed
626 5422 683 5472 et
705 5421 887 5473 civ/am
917 5421 1046 5486 cali,
1100 5422 1155 5474 id
1212 5424 1295 5474 cst
1356 5421 1722 5476 Dominicum
1750 5423 1936 5477 homi-

325 5523 484 5571 nem,
517 5508 613 5577 qui
657 5509 864 5563 coelum
892 5512 1378 5579 estsupcromnes
1405 5511 1595 5565 caelus.
1630 5512 1694 5565 Et
1718 5511 1826 5565 hoc
1844 5530 1937 5566 ea:-

2049 4455 2183 4516 etc.,
2216 4452 2371 4523 quod
2385 4450 2783 4520 solisprtclatis
2804 4451 3133 4519 competere
3155 4446 3396 4501 videtur.
3414 4446 3656 4499 Senten-

2048 4542 2129 4596 tia
2160 4545 2358 4596 tamen
2391 4540 2597 4595 eadem
2629 4542 2735 4606 est,
2780 4539 2910 4593 sisit
2928 4537 3226 4609 responsio
3242 4536 3528 4603 omnium,
3570 4536 3657 4589 vel

2049 4628 2343 4699 responsio
2357 4627 2723 4683 solummodo
2751 4626 3209 4699 praelatorum.Si
3228 4625 3404 4698 igitur
3416 4625 3489 4679 sit
3505 4640 3661 4680 com-

2050 4716 2242 4770 munis
2272 4715 2533 4770 omnium
2564 4716 2883 4786 responsio,
2912 4716 3327 4790 sicadaptatur.
3357 4714 3596 4780 Quaeris,
3624 4729 3657 4767 ο

2049 4804 2355 4876 Pr0pheta,
2384 4808 2624 4875 propter
2644 4804 2781 4876 quid
2815 4822 2923 4877 ego
2955 4822 3116 4861 mare
3142 4804 3322 4875 fugio,
3339 4805 3397 4857 ct
3417 4817 3524 4873 ego
3539 4802 3661 4855 Jor-

2047 4892 2211 4947 danis
2241 4908 2544 4947 conversus
2567 4910 2715 4961 sum,
2751 4897 2808 4948 et
2828 4910 2935 4947 nos
2966 4896 3196 4947 montes
3211 4894 3268 4945 et
3286 4891 3458 4945 colles
3478 4888 3657 4944 exsul-

2044 4981 2306 5036 tavimus.
2334 4982 2461 5036 Haec
2479 4985 2673 5036 autem
2687 4981 2886 5036 omnia
2917 4980 3050 5034 inde
3075 4979 3463 5050 contigerunt,
3487 4975 3583 5048 qui
3620 4994 3653 5030 a

2041 5071 2182 5139 facie
2202 5070 2426 5124 Domini
2448 5077 2593 5124 mota
2618 5076 2693 5124 est
2724 5076 2889 5131 terra,
2920 5070 3029 5121 etc.
3064 5066 3175 5121 Hos
3229 5068 3423 5120 autem
3454 5064 3532 5118 sic
3558 5080 3649 5117 re-

2041 5157 2411 5229 spondentes,
2432 5157 2645 5214 idcirco
2659 5154 3195 5228 prophetainducit,
3217 5170 3289 5208 ne
3311 5152 3515 5225 aliquis
3526 5151 3650 5206 haec

2040 5263 2146 5317 per
2175 5247 2289 5301 vim
2318 5246 2713 5317 pra-latorum,
2741 5245 2829 5298 vel
2886 5244 2994 5296 Per
3057 5243 3305 5298 liberum
3346 5239 3648 5296 arbitrium

2040 5335 2215 5389 maris
2239 5338 2295 5390 et
2321 5333 2588 5389 Jordanis
2616 5333 2765 5387 facta
2804 5348 2925 5387 esse
2976 5334 3223 5402 putaret.
3257 5331 3400 5385 Cum
3454 5332 3649 5383 autem

2038 5424 2145 5479 hoc
2168 5426 2481 5485 removeat,
2502 5421 2692 5477 innuit
2715 5420 2913 5475 omnia
2941 5421 3063 5475 haec
3082 5422 3197 5475 Dco
3224 5438 3343 5474 esse
3365 5418 3652 5474 ascribeu-

2038 5514 2131 5582 da,
2149 5512 2221 5567 ad
2246 5511 2428 5567 laudis
2454 5508 3487 5583 ejusexaggerationcm.Aposlropha
3514 5524 3645 5565 vero
