4008 6040
431 316 569 386 lita

1022 306 1091 386 ς.
1132 322 1478 385 nauseans
1516 319 2149 385 maransnuoauu
2190 323 2659 385 msmuroms
2697 322 2852 385 ore.
2895 320 3072 383 PARS
3110 324 3132 382 ι

3599 315 3748 384 l2“

426 464 554 522 quas
579 445 856 523 sequitur,
889 464 1021 507 cum
1042 446 1372 523 "dicitzNon
1397 446 1561 515 nobis,
1630 461 1758 522 quae
1792 444 2028 521 quidem
2055 446 2109 512 Α
2130 462 2210 502 res
2238 447 2444 514 mortis,
2475 445 2577 502 sed
2601 451 2651 502 et
2668 443 2908 519 pericula
2939 443 3145 516 inferni
3189 442 3499 501 invenerunt
3548 460 3652 511 me,
3686 440 3751 501 id

421 537 497 592 ad
522 522 679 594 solos,
695 522 1166 610 prmlatos458
1196 537 1633 606 attinet,eodem
1662 537 1835 593 modo
1860 538 1920 592 ut
1940 554 2030 591 su-

422 625 613 701 perius
651 627 975 701 adaptatur.

906 716 976 770 IN
1015 714 1338 772 PSALMUM
1376 714 1547 771 CXIV.

491 804 708 861 Titulus
735 805 1032 861 centesimi
1050 805 1258 860 decimi
1304 803 1886 876 quartizAlleluian
1920 804 2030 860 hoc

423 895 645 967 psalmo
676 894 912 967 quidem
957 897 1042 950 est
1070 911 1175 949 vox
1227 893 1693 965 congregationis
1746 893 2026 960 ﬁdelium,

423 982 848 1038 ostendentium
870 983 1157 1054 integram
1176 998 1349 1053 quam
1366 998 1505 1053 erga
1522 982 1701 1036 Deum
1717 981 1936 1036 habent
1949 981 2029 1035 di-

422 1070 753 1136 lectionem,
779 1070 1040 1126 contuitu
1069 1069 1481 1125 beneﬁciorum
1501 1073 1558 1124 et
1588 1086 1716 1142 quce
1729 1070 1855 1141 jam
1889 1086 2025 1125 con-

421 1156 567 1225 tulit,
587 1163 644 1213 et
667 1175 794 1230 qua:
817 1158 1002 1213 adhuc
1021 1162 1106 1213 est
1131 1159 1467 1225 collaturus;
1484 1174 1612 1229 quae
1633 1157 1810 1212 etiam
1828 1161 2027 1213 osten-

420 1246 584 1301 dunt.
606 1248 791 1303 Ethoc
812 1247 885 1302 ad
901 1247 1333 1302 instructionem
1348 1247 1711 1301 audientium
1732 1263 1744 1300 :
1764 1251 1825 1301 ut
1844 1235 1902 1301 et
1922 1246 2025 1319 ipsi

417 1336 759 1392 eorumdem
788 1336 1200 1392 beneficiorum
1245 1336 1525 1407 contuitu,
1580 1338 1757 1392 Deum
1806 1336 2028 1407 integre

420 1422 685 1495 diligant,
708 1427 765 1479 et
794 1424 873 1480 sic
905 1425 1134 1497 integra
1172 1403 1480 1480 diledtione
1506 1441 1639 1479 eum
1670 1425 1931 1479 laudent.

490 1512 690 1575 Dilexi,
718 1513 1051 1580 Dominum,
1107 1512 1336 1586 integra
1362 1511 1688 1569 dilectione.
1723 1514 1864 1569 Cum
1895 1512 2031 1568 dicit

422 1614 481 1652 se
507 1598 817 1654 Dominum
835 1600 1113 1668 dilexisse,
1135 1601 1561 1675 innuitquoque
1590 1617 1649 1656 se
1677 1600 1874 1656 omnia
1891 1600 2031 1672 legis

421 1689 714 1757 praecepta
769 1690 1103 1761 complesse.
1139 1690 1283 1744 Nam
1328 1690 1389 1744 in
1444 1682 1748 1745 dilectione
1792 1692 1915 1751 tota
1942 1689 2031 1743 lex

2129 539 2235 605 est,
2261 537 2394 592 vitia
2414 554 2542 610 qua:
2568 540 2700 592 sunt
2729 535 3002 609 pericula,
3030 551 3134 607 per
3163 551 3291 606 quae
3317 534 3547 589 venitur
3563 534 3637 590 ad
3657 533 3749 588 in-

2127 624 2379 693 fernum,
2412 626 2612 682 tandiu
2630 644 2722 682 me
2749 628 3048 698 persecuta
3076 627 3286 679 suntut
3315 624 3754 679 invenirentse—

2129 716 2382 771 cundum
2408 732 2752 771 consensum
2774 719 2832 770 et
2852 715 3067 769 malam
3101 713 3522 784 operationem,
3565 715 3624 767 et
3667 712 3752 767 sic

2129 822 2223 860 me
2255 805 2440 859 valida
2456 805 2793 860 infirmitate
2809 801 3259 858 humiliaverunt
3277 805 3337 855 ut
3348 818 3452 874 per
3483 819 3577 856 me
3596 818 3753 856 nun-

2129 909 2304 965 quam
2318 909 2546 965 possem
2568 908 2890 965 exsurgere.
2900 891 3042 946 Cum
3056 890 3230 960 igitur
3241 890 3320 944 sic
3330 906 3513 944 essem
3532 907 3568 945 a
3581 890 3751 944 dolo-

2127 980 2284 1036 ribus
2305 981 2711 1047 circumdatus,
2731 983 2789 1034 et
2819 995 2852 1033 a
2879 976 3146 1050 periculis
3166 976 3749 1049 inventus,quoniam

2128 1068 2293 1124 aliter
2323 1085 2440 1124 non
2472 1086 2632 1123 eram
2672 1084 2960 1134 evasurus,
3015 1066 3195 1120 inveni
3242 1062 3751 1119 animadversione

2129 1157 2522 1213 tribulationem
2550 1157 2805 1229 ipsorum
2817 1153 3227 1226 periculorum,
3259 1159 3307 1206 et
3338 1151 3743 1207 doloremmul-

2130 1247 2384 1319 tiplicem
2412 1245 2778 1302 mortalitatis
2806 1248 2864 1300 et
2892 1242 3302 1314 passibilitatis,
3321 1260 3441 1315 quo
3493 1242 3747 1297 circum-

2130 1335 2294 1390 datus
2320 1353 2500 1391 eram.
2561 1335 2726 1400 Quod
2751 1337 2838 1389 est
2892 1330 3526 1388 dicerezAnimadverti
3587 1331 3750 1404 quod

2131 1424 2288 1498 prius
2312 1441 2431 1480 non
2482 1424 3029 1487 animadverteram,
3068 1420 3282 1475 scilicet
3331 1423 3550 1492 quanta
3596 1422 3749 1475 esset

2132 1513 2422 1569 tribulatio
2441 1517 2500 1568 et
2523 1513 2688 1568 dolor
2705 1528 2886 1579 meus,
2910 1518 2958 1566 et
2979 1510 3055 1565 sic
3068 1510 3310 1563 invocavi
3340 1526 3529 1563 nomen
3559 1508 3749 1562 Domi-

2130 1602 2207 1667 ni,
2232 1600 2288 1656 id
2320 1604 2404 1657 est
2433 1601 2585 1656 oravi
2618 1599 2931 1656 Dominum
2984 1596 3445 1653 consideratione
3487 1596 3746 1652 nominis

2130 1687 2237 1756 sui,
2267 1689 2421 1760 quod
2458 1694 2543 1743 est
2562 1687 2861 1743 Dominus.
2902 1688 2981 1740 Ac
3009 1684 3053 1739 si
3095 1682 3746 1751 diceret;Considerans

422 1774 637 1843 pendet
648 1777 703 1830 et
720 1776 1247 1848 prophetae(Mattlz.
1268 1795 1397 1844 xxii,
1417 1778 1646 1849 40).Adj
1657 1777 1820 1849 ungit
1835 1780 2027 1830 autem
2060 1776 2110 1836 B
2130 1791 2263 1832 eum
2286 1775 2747 1849 omnipotentem
2769 1791 2888 1830 esse
2918 1772 3219 1829 occasione
3266 1770 3467 1843 magni
3484 1769 3747 1826 nominis

422 1876 655 1918 causam
688 1880 865 1936 quare
897 1864 1093 1920 dilexit
1106 1865 1216 1919 sic:
1244 1866 1377 1921 ldeo
1403 1866 1570 1920 dilexi
1586 1865 1808 1935 integre
1830 1865 2025 1921 Domi-

423 1965 586 2016 num,
610 1953 867 2023 quoniam
896 1956 1116 2008 certum
1151 1958 1235 2008 est
1262 1952 1403 2009 mihi
1428 1953 1583 2026 quod
1597 1953 1855 2008 Dominus
1870 1969 2030 2007 exau-

419 2037 550 2106 diet,
572 2040 886 2095 secundum
904 2040 1171 2096 effectum
1194 2041 1251 2096 in
1265 2042 1479 2109 futuro,
1503 2040 1598 2114 qui
1614 2040 1705 2095 hic
1725 2041 1849 2112 jam
1863 2057 2029 2096 exau-

419 2126 507 2181 dit
526 2128 843 2183 secundum
875 2128 1330 2201 dispositionem,
1364 2146 1541 2187 vocem
1590 2130 1848 2185 orationis
1877 2145 2023 2196 meae,

420 2213 477 2270 id
491 2217 577 2269 est
592 2230 788 2271 vocem
802 2216 1147 2272 exteriorem
1163 2217 1583 2291 deprccativ‘am
1594 2259 1607 2284 ,
1613 2218 2026 2289 procedentem

416 2301 491 2358 ab
521 2303 782 2359 oratione
807 2304 1234 2372 meainteriori,
1262 2305 1319 2361 id
1340 2308 1426 2361 est
1454 2324 1488 2360 a
1518 2306 1672 2361 bona
1701 2305 2022 2361 affectione.

418 2391 585 2455 Quod
614 2396 700 2447 est
724 2393 912 2449 dicere
937 2394 1099 2449 :ldeo
1127 2411 1260 2449 eum
1302 2394 1525 2465 integre
1547 2393 1715 2448 dilexi
1740 2397 1798 2448 et
1823 2392 2022 2464 diligo,

419 2479 555 2552 quia
576 2481 691 2535 scio
704 2497 836 2535 cum
860 2482 1246 2553 perfecturum
1266 2482 1324 2536 in
1350 2483 1564 2550 futuro,
1590 2482 1744 2553 quod
1770 2481 2022 2537 affectio-

422 2583 495 2623 ne
516 2570 575 2623 et
597 2584 734 2624 voce
767 2569 925 2624 oravi
950 2572 1007 2623 et
1065 2586 1188 2625 oro.
1233 2570 1377 2625 Cum
1412 2568 1548 2624 dicit
1599 2570 1780 2635 dilexi,
1810 2569 1907 2624 dat
1935 2569 2023 2624 in-

420 2653 678 2728 telligere
709 2673 768 2711 se
791 2656 917 2728 jam
945 2655 1003 2711 in
1031 2656 1335 2712 dilectione
1386 2656 1719 2728 perstitisse,
1775 2659 1833 2711 et
1868 2657 1925 2712 in
1956 2674 2026 2712 ea

420 2742 786 2814 augmentari
815 2761 874 2799 se
904 2743 1150 2814 assidue,
1184 2749 1241 2800 et
1274 2746 1492 2817 perhoc
1522 2745 1708 2817 magis
1735 2745 2024 2801 auditores

417 2830 493 2887 ad
513 2831 882 2888 dilectionem
910 2832 1151 2901 invitat;
1183 2834 1368 2901 dilexi,
1414 2834 1675 2907 inquam,
1709 2833 1842 2906 quia
1867 2850 2026 2889 exau-

417 2920 608 2987 diet,et
635 2938 753 2976 non
785 2922 970 2976 solum
995 2923 1129 2996 quia
1156 2923 1215 2977 in
1240 2924 1433 2979 futuro
1456 2924 1832 2990 exaudiet,sed
1845 2924 2022 2979 etiam

417 3008 548 3078 quia
570 3008 661 3063 hic
679 3010 802 3080 jam
833 3011 1111 3067 inclinavit
1163 3028 1349 3066 aurem
1378 3028 1531 3067 suam
1587 3012 1721 3065 milii
1765 3011 2022 3078 infirmo,

417 3094 477 3149 id
507 3100 592 3151 est
613 3098 1073 3155 condescendere
1095 3099 1228 3155 fecit
1247 3116 1447 3156 aurem
1474 3099 1883 3155 misericordiae
1905 3116 2021 3155 sua:

417 3183 559 3239 mihi
576 3184 810 3242 infirmo
831 3204 844 3241 :
867 3204 900 3241 a
921 3187 1296 3243 similitudine
1317 3187 1548 3255 medici,
1577 3204 1776 3242 aurem
1792 3187 2025 3243 infirmo

418 3272 517 3342 qui
546 3273 701 3346 loqui
732 3274 819 3330 vix
852 3279 1042 3347 potest
1085 3275 1435 3331 inclinantis.
1471 3276 1635 3340 Quod
1666 3281 1750 3331 est
1787 3277 1974 3332 dicere
2009 3294 2022 3331 :

418 3358 542 3415 Non
573 3362 758 3418 solum
774 3364 931 3435 quod
955 3380 1058 3419 oro
1080 3364 1139 3419 in
1173 3365 1365 3419 futuro
1396 3365 1658 3432 exaudiet,
1701 3367 1764 3419 ut
1788 3365 2026 3420 tandem

416 3448 696 3518 perficiat,
728 3451 830 3505 sed
854 3467 986 3506 cum
1013 3451 1275 3507 infirmus
1295 3469 1503 3519 essem,
1535 3455 1593 3506 et
1645 3469 1749 3524 pro
1782 3452 2025 3508 infirmi-

416 3537 803 3606 tateorarem,
854 3539 1024 3594 nullis
1076 3542 1272 3595 tamen
1313 3540 1541 3612 adjutus
1579 3540 1799 3595 meritis
1855 3542 2022 3610 meis,

417 3639 483 3679 ex
512 3627 633 3681 sola
650 3627 839 3698 gratia
853 3645 946 3683 me
977 3629 1285 3696 exaudivit,
1321 3632 1383 3684 ut
1402 3630 1704 3700 perficeret
1725 3631 1880 3702 quod
1901 3647 2024 3686 ora.-

414 3713 574 3769 bam.
602 3715 747 3773 Cum
779 3716 916 3772 dicit
944 3719 1125 3773 Deum
1146 3718 1463 3774 sibiaurem
1482 3718 1801 3786 inclinasse,
1834 3719 2024 3775 innuit

415 3819 476 3857 se
506 3820 717 3861 orasse.
747 3806 817 3861 Ut
833 3810 1026 3862 autem
1040 3807 1397 3863 auditoribus
1416 3808 1744 3880 exemplum
1768 3808 2022 3878 praebeat

408 3891 631 3964 jugiter
654 3895 883 3959 orandi,
916 3898 978 3950 ut
1007 3894 1105 3968 qui
1121 3898 1231 3950 stat
1257 3895 1447 3951 videat
1467 3912 1541 3951 ne
1559 3897 1727 3952 cadat
1739 3896 1791 3968 (1
1823 3895 2016 3965 Corax,

422 3979 529 4049 l2),
551 3995 611 4035 se
632 3983 886 4053 quandiu
918 3982 975 4037 in
1006 3984 1114 4038 hac
1145 3983 1262 4037 vita
1282 3983 1392 4038 erit
1422 3988 1719 4039 oraturum
1742 3985 2016 4053 afﬁrmat,

419 4067 532 4122 sic:
560 4068 870 4138 Inclinavit,
894 4072 1158 4143 inquam,
1192 4090 1374 4126 aurem
1395 4089 1547 4126 suam
1586 4074 1737 4140 milii,
1784 4073 2019 4129 infirmo

419 4157 627 4212 oranti.
656 4158 724 4212 Et
749 4161 812 4214 ut
829 4158 1049 4230 jugiter
1075 4159 1217 4213 mihi
1243 4176 1442 4214 aurem
1466 4159 1723 4227 inclinet,
1747 4163 2018 4229 invocabo,

416 4243 474 4299 id
495 4247 580 4300 est
594 4244 653 4300 in
671 4246 973 4301 affectione
989 4246 1250 4303 interiori
1271 4264 1403 4302 eum
1418 4249 1620 4314 orabo,
1639 4250 1691 4301 in
1703 4248 1880 4303 diebus
1892 4250 2021 4303 meis

417 4333 681 4403 existens,
702 4334 761 4389 id
791 4336 875 4389 est
906 4334 1105 4390 tandiu
1123 4352 1257 4390 eum
1287 4334 1562 4391 invocabo
1589 4335 1919 4408 quandiuin
1934 4336 2023 4392 his

416 4422 616 4477 diebus
644 4423 988 4479 transitoriis
1016 4441 1151 4492 ero;
1185 4424 1282 4496 qui
1314 4422 1427 4479 mei
1471 4426 1623 4490 sunt,
1656 4423 2025 4495 quosscilicet

415 4526 524 4581 ego
548 4526 710 4566 meos
733 4511 863 4579 feci,
907 4512 1046 4568 dum
1076 4530 1175 4567 eos
1201 4513 1493 4585 peccando
1542 4512 1602 4567 in
1635 4512 1820 4566 Adam
1880 4512 2020 4568 mihi

415 4597 704 4669 acquisivi.
767 4599 1027 4656 Ostendit
1095 4604 1286 4656 autem
1339 4601 1491 4657 unde
1543 4618 1675 4656 eum
1714 4601 1773 4654 in
1827 4600 2020 4657 futuro

414 4686 678 4753 exaudiet,
728 4686 987 4755 sic;Dico
1014 4690 1290 4760 quoniam
1338 4690 1583 4744 exaudiet
1636 4690 1901 4744 Dominus
1928 4707 2019 4744 vo-

331 4809 339 4815 -
413 4792 523 4830 cem
551 4778 808 4831 orationis
838 4794 984 4832 meae.
1022 4778 1089 4832 Et
1120 4794 1349 4832 necesse
1382 4778 1619 4850 quidem
1649 4782 1734 4833 est
1765 4780 1826 4832 ut
1855 4795 2022 4833 exau-

413 4863 534 4919 diat
552 4881 566 4918 :
582 4864 718 4936 quia
744 4865 1200 4920 circumdederunt
1231 4883 1312 4920 me
1326 4866 1553 4934 dolores,
1575 4866 1670 4938 qui
1692 4869 1824 4921 sunt
1835 4883 2019 4922 causa:

410 4955 613 5019 mortis,
653 4969 945 5024 corporeae
969 4953 1204 5022 scilicet,
1238 4958 1324 5009 tot
1347 4954 1598 5010 sustineo
1619 4955 1846 5009 dolores
1868 4971 2022 5010 mor-

410 5042 645 5098 talitatis
674 5046 734 5098 et
760 5043 1164 5114 passibilitatis,
1191 5043 1395 5117 quibus
1424 5043 1754 5116 pervenitur
1767 5044 1841 5099 ad
1865 5061 2018 5099 mor-

412 5134 530 5187 tem
555 5131 830 5203 corporis,
850 5136 912 5188 ut
937 5132 1071 5189 inde
1128 5135 1280 5188 totus
1311 5149 1416 5204 per
1467 5132 1791 5204 emphasim
1823 5132 2018 5188 videar

409 5226 534 5275 esse
561 5219 968 5276 circumdatus.
987 5223 1032 5275 A
1054 5221 1261 5293 quibus
1281 5239 1511 5277 necesse
1539 5224 1625 5277 est
1653 5225 1713 5276 ut
1734 5238 1829 5276 me
1845 5238 2014 5276 exau-

409 5308 596 5363 ditum
627 5307 833 5381 eripiat
867 5308 926 5364 in
952 5309 1168 5375 futuro,
1198 5310 1299 5365 etsi
1333 5310 1508 5365 modo
1536 5326 1649 5364 non
1695 5308 1884 5381 eripit.
1915 5310 2012 5364 Os-

412 5397 599 5451 tendit
613 5414 841 5469 quoque
859 5398 1012 5454 unde
1025 5398 1129 5454 sibi
1143 5417 1341 5455 aurem
1361 5399 1782 5466 iuclinavit,sic:
1805 5398 2014 5454 Aurem

411 5483 672 5552 inquam,
700 5486 834 5540 mihi
868 5486 1161 5554 inclinavit,
1196 5489 1351 5559 quod
1381 5487 1574 5559 utique
1593 5486 1735 5543 mihi
1760 5504 2014 5544 necessa-

411 5567 562 5620 rium
586 5568 709 5623 fuit.
734 5573 856 5627 Non
884 5574 1069 5630 solum
1102 5575 1256 5629 enim
1278 5576 1739 5633 circumdederunt
1765 5593 1846 5633 me
1864 5577 2007 5633 dolo-

2130 1864 2271 1935 ejus,
2304 1865 2458 1937 quod
2489 1863 2880 1930 estDomiuus,
2914 1862 3154 1917 invocavi
3176 1877 3315 1924 eum,
3336 1859 3391 1914 id
3422 1863 3506 1914 est
3528 1859 3585 1913 in
3604 1859 3748 1914 affe-

2129 1953 2322 2007 ctione
2354 1951 2613 2008 interiori
2647 1951 2801 2007 oravi
2827 1966 2959 2009 eum
2975 1950 3074 2017 ita,
3106 1949 3301 2004 dicens
3331 1965 3343 2001 :

2197 2024 2396 2112 459
2422 2041 2468 2096 0
2496 2041 2744 2106 Domine,
2777 2040 2937 2094 libera
2974 2040 3215 2093 animam
3242 2054 3415 2091 meum
3450 2039 3507 2090 et
3542 2034 3637 2089 hic
3671 2034 3745 2091 de

2129 2128 2416 2200 periculis,
2445 2128 2586 2183 etin
2627 2130 2820 2183 futuro
2862 2128 2933 2183 de
2980 2125 3295 2182 doloribus.
3340 2123 3511 2189 Istud,
3536 2142 3588 2188 ο,
3620 2140 3741 2178 non

2122 2220 2215 2275 est
2266 2216 2520 2272 vocative
2575 2216 2844 2288 positum,
2903 2215 3003 2270 sed
3052 2213 3323 2286 optative.
3378 2214 3441 2267 In
3496 2212 3742 2268 Hebraao

2128 2305 2339 2379 quippe
2364 2306 2609 2361 habetur
2633 2322 2777 2360 anna
2806 2304 3045 2361 Adonai.
3059 2304 3229 2357 Anna
3256 2317 3387 2357 vero
3401 2301 3632 2373 signum
3651 2303 3741 2354 est

2126 2393 2455 2465 optationis.
2483 2395 2788 2461 Caeterum,
2808 2393 2945 2465 quia
2970 2409 3075 2448 nos
3102 2390 3286 2445 Latini
3317 2406 3437 2445 non
3463 2389 3745 2444 habemus

2131 2499 2331 2538 vocem
2353 2483 2484 2537 huic
2511 2483 2654 2549 voci,
2682 2499 2810 2554 quae
2842 2486 3102 2548 estanna,
3123 2479 3740 2552 aequipollentem,po-

2128 2569 2303 2625 situm
2333 2573 2416 2624 est
2446 2587 2497 2636 ο,
2531 2570 2688 2641 quod
2714 2570 2946 2642 signum
2986 2573 3073 2624 est
3103 2567 3436 2640 optationis.
3470 2565 3633 2621 Unde
3656 2565 3740 2619 in-

2130 2657 2474 2729 quiliusdam
2490 2657 2926 2714 translatoribus
2939 2656 3245 2722 invenitur,
3258 2653 3735 2721 obsecro,Domine.

2124 2746 2259 2802 Dico
2287 2747 2443 2818 quod
2487 2749 2730 2802 invocavi
2783 2747 3092 2805 Dominum
3148 2745 3434 2801 dicens:0
3490 2742 3737 2809 Domine,

2128 2833 2291 2887 libera
2318 2835 2555 2889 animam
2576 2853 2767 2902 meam,
2796 2834 2930 2890 etin
2958 2836 3150 2889 futuro
3180 2852 3214 2889 a
3233 2833 3528 2889 doloribus
3561 2832 3738 2903 passi-

2127 2921 2383 2992 bilitatis,
2415 2925 2472 2977 et
2488 2923 2579 2978 hic
2610 2941 2643 2978 a
2673 2923 2937 2995 periculis
2989 2922 3223 2990 inferni,
3246 2925 3303 2976 et
3332 2920 3413 2975 sic
3469 2920 3741 2975 invocans

2086 3052 2106 3075 η
2130 3010 2443 3067 Dominum
2472 3012 2786 3067 humiliatus
2813 3030 2929 3066 sum
2956 3012 3015 3068 in
3046 3010 3350 3066 affectione
3375 3008 3661 3075 interiori,
3683 3007 3741 3062 id

2128 3103 2214 3154 est
2241 3116 2371 3155 cum
2383 3101 2709 3156 humilitate
2723 3102 3041 3159 affectionis
3067 3105 3126 3156 et
3148 3099 3468 3156 devotionis
3480 3097 3739 3153 invocavi

2129 3204 2263 3242 eum
2293 3194 2566 3261 reputans
2589 3206 2682 3245 me
2739 3190 3183 3246 insufficientem
3239 3206 3383 3255 esse,
3418 3190 3478 3241 ut
3507 3203 3611 3258 per
3645 3202 3741 3240 me

2126 3276 2417 3332 liberaret.
2452 3280 2519 3333 Et
2543 3280 2679 3351 quia
2703 3279 3011 3333 humiliatus
3027 3296 3167 3345 sum,
3190 3276 3470 3333 Dominus
3490 3276 3741 3330 liberavit

2121 3363 2246 3434 jam
2275 3383 2356 3423 me
2384 3383 2418 3420 a
2449 3366 2817 3422 tribulatione
2841 3367 3229 3438 periculorum
3279 3364 3512 3431 inferni,
3567 3364 3629 3419 id
3659 3365 3746 3418 est

2126 3452 2295 3520 vitiis,
2328 3471 2401 3509 ne
2426 3453 2574 3509 mihi
2601 3457 2826 3509 tantum
2857 3459 3139 3527 quantum
3171 3452 3332 3525 prius
3361 3453 3744 3523 praevaleant.

2126 3541 2426 3605 Dominus,
2454 3542 2714 3614 inquam,
2748 3543 2994 3598 existens
3036 3544 3329 3601 misericors
3388 3540 3448 3594 in
3506 3542 3744 3605 natura,

2123 3634 2172 3681 et
2194 3629 2384 3698 iustus,
2418 3634 2469 3685 el
2496 3631 2639 3686 Deus
2658 3638 2850 3686 noster.
2900 3631 3073 3696 Quasi
3132 3629 3416 3685 dicat:Me
3467 3628 3749 3682 liberavit

2123 3717 2219 3788 qui
2257 3718 2501 3774 liberare
2514 3736 2609 3774 me
2631 3719 2847 3786 debuit,
2863 3736 2991 3775 cum
3014 3719 3086 3773 sit
3106 3720 3421 3784 misericors,
3444 3723 3493 3770 et
3508 3716 3699 3786 justus
3722 3732 3741 3768 .-

2122 3810 2180 3860 et
2205 3806 2302 3878 qui
2329 3807 2574 3862 liberare
2630 3824 2724 3862 me
2773 3808 2980 3879 potuit,
3035 3824 3166 3862 cum
3214 3805 3286 3860 sit
3342 3807 3493 3860 Deus
3534 3807 3744 3858 noster

2119 3895 2508 3967 omnipotens.
2532 3896 2794 3952 Ostendit
2817 3900 3011 3952 autem
3042 3896 3194 3951 unde
3209 3894 3742 3966 comprobeturmic

2119 3986 2334 4038 sericors
2362 3990 2411 4038 et
2429 3985 2629 4055 justus,
2663 3985 2932 4040 addendo
2972 3984 3209 4057 singulis
3236 3983 3462 4054 singula
3492 3981 3604 4036 sic:
3628 3981 3745 4036 Mi—

2119 4074 2333 4126 sericors
2356 4077 2450 4138 est,
2484 4074 2542 4126 et
2581 4072 2713 4127 inde
2748 4073 3164 4143 comprobatur
3188 4071 3520 4125 misericors
3546 4069 3610 4124 in
3634 4087 3739 4124 na-

2124 4163 2268 4227 tura,
2302 4161 2435 4232 quia
2458 4165 2731 4216 miseretur
2762 4162 3157 4233 impendendo
3219 4161 3402 4215 multa
3442 4159 3741 4214 beneﬁcia

2124 4249 2548 4305 misericordia).
2583 4252 2650 4304 Et
2693 4251 2828 4305 inde
2878 4250 3289 4321 comprobatur
3343 4265 3463 4303 esse
3508 4248 3739 4323 justus;

2123 4337 2257 4409 quia
2294 4342 2380 4393 est
2408 4339 2698 4392 custodiens
2720 4339 2994 4409 parvulos,
3022 4339 3080 4393 id
3111 4340 3196 4392 est
3251 4336 3447 4393 fideles
3474 4352 3619 4390 suos
3637 4335 3739 4407 qui

2122 4444 2181 4482 se
2205 4430 2471 4499 parvulos
2500 4428 2739 4491 faciunt,
2771 4427 2828 4481 id
2861 4430 2946 4481 est
2995 4427 3240 4482 humiles
3292 4425 3558 4491 custodit,
3596 4443 3676 4480 ne
3704 4443 3742 4479 a

2122 4514 2423 4571 sanctitate
2452 4533 2555 4570 sua
2585 4515 2875 4580 deficiant,
2907 4515 3062 4587 quod
3088 4514 3356 4587 equidem
3378 4513 3609 4584 justum
3625 4518 3738 4581 est,

2122 4603 2456 4659 utvidelicet
2465 4604 2683 4675 parvuli
2702 4604 2773 4658 ab
2792 4621 2859 4659 eo
2879 4601 3740 4673 oustodiantur.Facitapostro-

2121 4692 2299 4763 pham
2328 4692 2719 4748 adhortatorie
2749 4692 2823 4746 ad
2853 4692 3112 4746 animam
3143 4708 3305 4745 suam
3325 4689 3745 4761 sic:Dixiquia

2120 4780 2531 4850 Dominusjam
2578 4780 2841 4835 liberavit
2872 4797 2963 4835 me
2988 4797 3022 4834 a
3052 4779 3339 4851 periculis,
3362 4782 3419 4834 et
3444 4779 3505 4833 in
3528 4779 3740 4834 futuro

2119 4869 2384 4925 exaudiet
2404 4885 2605 4924 vocem
2653 4869 2930 4924 orationis
2994 4880 3177 4936 mea),
3218 4872 3276 4923 et
3305 4868 3455 4935 ideo,
3488 4870 3744 4922 oauima

2120 4975 2257 5025 mea,
2283 4965 2578 5012 convertere
2606 4975 2639 5012 a
2668 4961 2929 5029 respectu
2978 4956 3358 5024 saecularium,
3414 4960 3469 5009 in
3491 4959 3743 5027 requiem

2121 5052 2290 5113 tuam,
2324 5045 2382 5099 id
2413 5046 2563 5101 estin
2585 5045 3105 5101 considerationem
3127 5048 3356 5117 etspem
3376 5043 3604 5115 requiei
3621 5047 3741 5100 tuae

2118 5133 2535 5198 futuraeQuod
2565 5138 2651 5189 est
2713 5133 3119 5189 dicere:0mni
3170 5132 3529 5188 smcularium
3592 5149 3745 5188 cura

2116 5222 2702 5294 posthabita,inten.de
2728 5227 2970 5295 etopere
2984 5226 3041 5277 et
3065 5221 3436 5277 affectionem
3458 5222 3739 5293 requiem

2118 5311 2491 5367 beatitudinis
2515 5315 2767 5367 aeternae.
2815 5314 2879 5366 Et
2905 5312 3011 5366 hoc
3041 5311 3277 5383 quidem
3303 5311 3496 5365 facere
3522 5311 3737 5376 debes,

2115 5403 2239 5472 quia
2259 5401 2514 5456 Dominus
2544 5402 2815 5471 benefrcit,
2844 5402 2901 5456 id
2927 5404 3011 5455 est
3046 5400 3393 5466 benefaciet,
3419 5399 3513 5454 tibi
3546 5399 3615 5454 iu
3636 5401 3739 5456 illa

2116 5490 2334 5561 requie.
2368 5491 2435 5544 Et
2464 5491 2571 5546 hoc
2589 5491 2763 5547 modo
2798 5490 3033 5562 quidem
3063 5489 3387 5545 benefaciet
3414 5489 3737 5562 mihi,quia

2114 5581 2324 5650 eripuit,
2348 5578 2406 5633 id
2418 5583 2497 5633 est
2519 5579 2740 5652 eripiet,
2768 5581 3001 5632 animum
3022 5595 3191 5632 meam
3202 5577 3265 5632 de
3278 5581 3442 5633 morte
3455 5581 3690 5635 aeterna
3711 5598 3730 5635 :
