4008 6040
284 314 420 383 Mlti

1263 321 1622 392 EXPOSITIO
1658 331 1728 390 IN
1765 324 2110 393 ΡεΑιυοε.
2143 363 2213 378 --
2241 322 2437 395 PSAL.
2483 330 2612 396 CXV

3461 330 3596 404 1246

280 443 392 513 νει,
425 443 632 540 eripiet
661 444 927 540 animiin!
957 464 1151 508 meam
1169 447 1239 508 de
1266 454 1477 522 morte,
1510 452 1571 516 id
1599 457 1686 512 est
1714 453 1888 512 vitam
1914 456 1972 520 A
1996 458 2095 535 qui
2121 461 2300 521 homo
2326 465 2413 521 est
2430 460 2765 537 simpliciter
2778 463 2989 522 scilicet
3008 466 3270 524 terrenus
3290 482 3407 525 non
3428 463 3593 540 spiri-

282 551 478 593 meam
510 537 582 594 de
613 537 966 597 mortalitate
1024 542 1082 595 et
1135 540 1527 612 passibilitate,
1580 546 1639 600 et
1683 544 1890 617 eripiet

283 625 461 681 oculos
474 642 655 681 meosa
687 627 956 697 lacrymis,
990 646 1063 684 ne
1090 647 1185 685 me
1210 630 1446 687 ulterius
1486 633 1790 705 lacrymari
1817 634 1890 689 sit

285 730 533 783 necesse,
566 715 711 771 sicut
734 716 827 772 hic
853 718 1081 791 expedit
1110 735 1213 790 pro
1227 723 1595 792 peccatorum
1617 722 1886 777 recorda-

284 802 464 871 tione,
499 808 556 860 et
583 822 687 878 pro
717 808 949 863 (eterna:
982 807 1181 880 patriae
1212 808 1885 868 dilatione.UndeDomi-

283 909 389 947 nus
418 893 476 948 in
507 894 816 967 Evangelio
846 911 860 951 :
900 896 1131 964 «Beati,
1173 896 1379 970 inquit,
1414 898 1509 971 qui
1534 917 1685 955 nunc
1716 901 1885 970 ﬂetis,

285 981 419 1053 quia
450 982 866 1056 ridebitis(Luc.
895 1002 968 1053 vi,
1002 987 1114 1056 2t).
1158 1006 1186 1035 ››
1248 989 1327 1042 De
1358 987 1548 1043 futuro
1576 1006 1709 1044 vero
1740 992 1891 1045 statu

283 1070 362 1127 sic
391 1071 629 1144 legitur:
664 1095 691 1124 «
717 1074 1020 1145 Absterget
1050 1076 1200 1130 Deus
1224 1092 1461 1131 omnem
1482 1078 1797 1149 lacrymam
1816 1078 1888 1133 ab

284 1160 460 1215 oculis
485 1164 816 1217 sanctorum
852 1162 1044 1233 (Apoc.
1069 1179 1179 1230 xxI,
1211 1162 1296 1232 l1);
1327 1185 1354 1212 »
1388 1171 1438 1219 et
1455 1166 1608 1236 pedes
1638 1183 1776 1221 meos
1806 1166 1890 1221 in-

281 1247 541 1317 teriores,
583 1250 917 1305 alfectiones
950 1250 1183 1319 scilicet,
1241 1252 1445 1326 eripiet
1475 1272 1505 1308 α
1559 1256 1709 1326 lapsu
1738 1255 1866 1310 sciti

283 1338 462 1403 cet,ut
485 1340 686 1410 postea
715 1356 820 1393 nec
843 1340 1025 1397 etiam
1054 1339 1115 1394 in
1131 1340 1435 1396 affectione
1450 1344 1631 1408 labar,
1668 1343 1764 1414 qui
1794 1344 1887 1400 hic

284 1425 575 1481 multoties
604 1427 769 1481 labor
798 1426 853 1482 in
893 1427 1089 1483 vitium
1121 1445 1235 1484 non
1266 1431 1452 1485 solum
1476 1431 1774 1487 affectione
1787 1432 1888 1487 sed

284 1516 342 1569 et
367 1515 726 1587 operatione.
746 1517 812 1571 Et
835 1521 968 1572 tunc
976 1518 1195 1588 placebo
1221 1518 1453 1574 Domino
1484 1537 1588 1592 per
1608 1521 1805 1576 omnia
1827 1521 1886 1576 in

284 1604 442 1658 nullo
476 1619 707 1675 prorsus
737 1604 1056 1674 oﬂ'endens,
1083 1605 1177 1678 qui
1202 1605 1366 1661 liicin
1397 1608 1588 1663 multis
1614 1609 1665 1663 ei
1699 1609 1888 1683 displi-

284 1707 407 1746 ceo.
448 1691 703 1759 Placebo,
750 1693 1011 1766 inquam,
1044 1694 1353 1750 existensin
1388 1698 1594 1766 regione
1624 1700 1884 1766 virorum,

1992 550 2140 619 talis,
2167 551 2354 625 magis
2383 553 2716 626 appretians
2733 553 2883 610 hanc
2902 554 3075 610 vitam
3096 571 3273 628 quam
3288 557 3592 623 aeternam,

1992 640 2129 696 dum
2154 641 2305 696 hanc
2334 641 2672 715 impendere
2703 642 2946 711 dubitat,
2971 660 3077 716 pro
3109 644 3205 701 illa
3231 645 3459 701 mendax
3486 645 3592 713 est;

1992 733 2050 784 et
2071 730 2118 784 si
2149 730 2293 786 nihil
2319 748 2418 786 ore
2451 730 2620 799 dicat,
2649 748 2780 786 cum
2811 732 2959 787 hanc
2981 732 3155 788 vitam
3186 733 3454 804 opinetur
3473 749 3593 791 esse

1990 817 2120 874 vitae
2160 819 2367 875 futura:
2403 820 2879 893 praeponendam.
2920 822 2988 875 Et
3029 821 3164 894 quia
3192 838 3300 895 ego
3332 821 3595 877 similiter

1992 908 2242 963 mendax
2267 925 2450 963 essem
2482 911 2539 963 et
2568 925 2717 975 rcus,
2751 908 2795 963 si
2816 909 3152 981 simpliciter
3177 910 3355 965 homo
3387 926 3592 978 essem,

1989 996 2120 1066 quid
2148 996 2438 1051 retribuam
2468 997 2699 1053 Domino
2714 1014 2817 1068 pro
2847 998 3088 1053 omnibus
3112 997 3279 1053 bonis
3302 1016 3421 1070 quae
3440 1000 3593 1053 retri-

1947 1106 1961 1115 ο
1994 1084 2107 1139 buit
2127 1086 2278 1151 mihi,
2307 1085 2517 1141 scilicet
2533 1101 2665 1141 cum
2689 1102 2794 1156 pro
2812 1086 3057 1157 peccatis
3074 1086 3219 1141 meis
3234 1087 3378 1143 mihi
3400 1087 3597 1142 remisv

1992 1172 2216 1228 sionem
2247 1173 2502 1245 ipsorum
2531 1177 2922 1247 peccatorum,
2949 1177 3004 1229 et
3017 1174 3508 1245 justiﬁcationem,
3537 1177 3596 1231 et

1991 1263 2197 1316 czetera
2253 1261 2533 1317 beneficia
2575 1261 2668 1332 pie
2702 1262 3055 1325 retribuerit,
3087 1262 3223 1335 quid
3255 1263 3497 1333 dignum
3535 1266 3594 1318 et

1991 1349 2305 1421 pretiosum
2361 1349 2468 1422 ipsi
2511 1350 2826 1404 retribuam
2869 1367 2973 1421 pro
3014 1350 3285 1406 omnibus
3315 1350 3403 1407 his
3427 1350 3595 1406 bonis

1989 1455 2118 1511 quae
2149 1438 2290 1493 mihi
2314 1437 2622 1493 retribuit?
2650 1439 2790 1492 Ecce
2817 1437 2930 1494 scio
2957 1439 3085 1510 quid
3103 1440 3412 1505 retribuam,
3442 1437 3591 1493 scili-

1989 1530 2082 1582 cet
2111 1526 2244 1599 quia
2273 1526 2352 1581 nil
2385 1527 2572 1597 majus
2602 1541 2708 1597 pro
2751 1543 2818 1581 eo
2861 1527 3076 1599 possim
3103 1527 3329 1583 facere:
3361 1526 3593 1583 Calicem

1987 1617 2252 1682 salutaris,
2275 1615 2334 1670 id
2360 1618 2445 1669 est
2472 1614 2777 1670 Salvatoris
2794 1615 3308 1687 Christi,accipiam,
3341 1620 3593 1672 mortem

1987 1703 2250 1759 videlicet
2275 1720 2449 1776 quam
2491 1703 2586 1758 ille
2618 1720 2723 1775 pro
2767 1720 2861 1759 me
2892 1704 3076 1759 libens
3114 1704 3400 1760 sustinuit.
3429 1705 3498 1759 Et
3522 1721 3595 1760 ne

284 1779 339 1834 id
368 1783 453 1835 est
482 1780 541 1835 in
584 1780 937 1838 Hierusalem
963 1783 1198 1851 caelesti,
1223 1784 1278 1838 in
1303 1801 1417 1856 qua
1443 1787 1630 1841 nullus
1660 1787 1884 1843 babita-
1912 1765 1964 1825 Β
1990 1792 2256 1847 deﬁciam
2326 1791 2534 1847 timore
2599 1793 2766 1864 hujus
2826 1791 3036 1862 calicis,
3096 1793 3347 1847 invocabo
3408 1810 3595 1847 nomen

286 1868 390 1937 bit,
426 1868 533 1924 nisi
562 1869 754 1926 vivens
785 1870 839 1926 in
873 1874 1178 1928 mter-num.

792 1963 862 2017 ΙΝ
889 1962 1211 2018 PSALMUM
1243 1963 1389 2019 CXV.

354 2047 573 2105 Titulus
607 2050 908 2105 centesimi
941 2051 1149 2106 decimi
1179 2052 1400 2125 quinti:
1458 2053 1713 2109 Alleluia.
1774 2056 1888 2111 Vox

283 2133 545 2193 Ecclesia:
562 2139 1041 2210 martyrum,fidei
1064 2157 1177 2195 suae.
1195 2142 1580 2197 constantiam
1596 2147 1653 2198 et
1672 2144 1885 2214 passio-

283 2243 420 2282 nem
451 2242 556 2297 pro
588 2226 703 2282 ﬁde
735 2230 792 2282 et
807 2228 1195 2284 oblationesui
1219 2228 1390 2302 ipsius
1413 2247 1518 2302 per
1543 2233 1885 2305 martyrium

283 2315 675 2372 ostendentis:
711 2318 773 2370 ut
801 2317 1092 2372 auditores
1123 2317 1365 2373 invitent
1412 2320 1485 2374 ad
1531 2321 1886 2377 laudandum

285 2404 473 2460 Deum
504 2406 770 2478 exemplo
798 2423 898 2461 suo
930 2423 1035 2477 per
1064 2406 1241 2463 fidem
1272 2410 1329 2462 et
1353 2409 1775 2467 confessionem
1828 2414 1888 2467 et

287 2494 649 2566 martyrium.

358 2581 584 2638 Credidi
611 2591 833 2657 prepter
885 2586 1028 2659 quod
1081 2586 1284 2641 locutus
1321 2606 1440 2642 sum
1489 2591 1744 2645 Psalmus
1779 2591 1883 2647 iste

281 2671 433 2739 apud
461 2672 728 2728 Hebrmos
754 2673 913 2746 quasi
942 2691 1086 2729 unus
1115 2680 1415 2747 reputatur
1431 2695 1560 2733 cum
1575 2678 1880 2751 superiori,

278 2758 414 2831 quia
443 2776 573 2815 cum
595 2777 663 2815 eo
677 2760 753 2814 sic
770 2761 1095 2817 continuari
1113 2766 1303 2834 potest
1326 2783 1342 2818 :
1374 2765 1493 2820 Dixi
1512 2766 1667 2838 quod
1690 2767 1882 2823 Domi-

276 2864 377 2902 nus
414 2848 603 2919 eripiet
631 2852 871 2904 animum
912 2867 1084 2904 meam
1113 2851 1177 2905 dc
1211 2858 1396 2919 morte,
1431 2856 1488 2908 et
1512 2856 1693 2910 oculos
1737 2870 1880 2911 meos

274 2955 307 2990 a
348 2936 629 3008 lacrymis,
662 2943 719 2994 et
742 2939 902 3010 pedes
951 2957 1083 2994 'reos
1112 2958 1144 2993 α
1202 2941 1372 3012 lapsu,
1405 2944 1461 2997 et
1489 2943 1625 3015 quia
1655 2944 1876 3015 placebo

1988 1881 2237 1948 Domini,
2286 1880 2346 1935 id
2388 1883 2468 1936 est
2526 1879 2805 1936 invocabo
2846 1882 3031 1935 Deum
3074 1879 3217 1935 mihi
3249 1880 3596 1952 adjutorem,

1990 1968 2451 2025 consideratione
2483 1968 2682 2040 magni
2704 1968 2955 2023 nominis
2974 1968 3115 2039 ejus,
3139 1968 3294 2040 quod
3310 1971 3394 2023 est
3408 1968 3599 2025 Domi-

1990 2075 2115 2112 nus.
2131 2058 2276 2113 Mors
2287 2058 2559 2130 equidem
2577 2057 2718 2112 calix
2737 2056 2946 2128 duplici
2958 2055 3334 2112 similitudine
3351 2056 3589 2122 dicitur;

1990 2147 2074 2201 vel
2108 2145 2236 2201 ideo
2269 2145 2546 2218 quoniam
2577 2162 2777 2200 amara
2808 2147 2893 2200 est
2922 2144 3078 2201 carni
3105 2187 3119 2212 ,
3147 2144 3291 2200 sicut
3324 2145 3590 2217 qutedam

1987 2233 2189 2289 calices
2198 2234 2500 2306 potionum
2514 2234 2873 2290 medicorum
2876 2251 3027 2307 ,que:
3039 2233 3259 2289 licetsal
3267 2233 3593 2303 uberrimae,

1988 2325 2184 2378 tamen
2216 2321 2594 2379 amarissimae
2611 2324 2764 2391 sunt;
2788 2323 2873 2377 vel
2895 2322 3030 2394 quia
3053 2322 3198 2377 sicut
3220 2321 3362 2378 calix
3389 2322 3594 2395 optimi

1985 2410 2100 2466 vini
2119 2410 2419 2466 hominem
2438 2409 2898 2482 queminebriat,
2921 2409 3103 2466 abillo
3117 2412 3267 2465 statu
3281 2409 3340 2465 in
3354 2427 3468 2485 quo
3486 2413 3591 2477 est,

1986 2498 2044 2553 in
2077 2498 2252 2554 alium
2271 2500 2485 2553 statum
2512 2500 2718 2565 mutat,
2742 2497 2822 2551 ita
2843 2500 2900 2552 et
2916 2496 3037 2568 ipsa
3055 2513 3209 2553 mors
3228 2496 3391 2552 illum
3417 2514 3592 2569 quem

1986 2587 2225 2655 invadit,
2254 2586 2326 2641 ab
2355 2586 2524 2657 hujus
2552 2585 2681 2642 vitae
2707 2588 2858 2641 statu
2884 2584 2941 2640 in
2959 2587 3173 2641 statum
3191 2585 3367 2641 alium
3382 2588 3589 2641 mutat.

2058 2677 2253 2731 Potest
2279 2677 2473 2731 autem
2504 2691 2697 2730 versus
2736 2674 2830 2729 ille
2855 2673 2951 2746 qui
2981 2675 3085 2741 est,
3112 2672 3233 2744 Ego
3261 2673 3399 2741 dixi,
3428 2672 3595 2729 aliter

1986 2763 2262 2831 construi,
2294 2766 2358 2817 ut
2382 2763 2521 2818 illud
2552 2760 2958 2832 interpositum
2982 2761 3074 2829 sit,
3109 2761 3265 2833 quod
3290 2763 3374 2816 est
3425 2763 3593 2816 omnis

1982 2853 2135 2907 homo
2168 2852 2417 2918 mendax,
2449 2854 2507 2906 et
2535 2851 2850 2906 secundum
2893 2850 3003 2906 hoc
3033 2848 3421 2921 adaptabitur.
3450 2848 3586 2906 Dico

1982 2941 2258 3013 quoniam
2288 2941 2598 2995 humiliatus
2625 2958 2763 3007 sum,
2795 2941 2854 2995 et
2894 2939 3005 2995 hoc
3043 2956 3162 2995 non
3194 2938 3400 2995 accidit
3427 2941 3587 2995 extra

272 3024 530 3089 Domino;
562 3030 619 3082 et
639 3027 747 3083 hoc
777 3030 961 3084 totum
993 3030 1198 3084 credidi
1213 3037 1436 3102 propter
1474 3032 1614 3104 quod
1641 3033 1876 3089 credere
1904 3046 1951 3106 α
1979 3031 2124 3084 velle
2150 3045 2369 3085 meum.
2424 3028 2544 3098 Ego
2575 3027 2733 3083 enim
2774 3028 2892 3081 diri
2925 3029 2981 3081 in
3009 3042 3218 3082 excessu
3254 3043 3387 3094 meo,
3417 3026 3476 3082 id
3501 3028 3587 3081 est

274 3113 458 3185 ipsam
492 3116 892 3171 credulitatem
927 3134 1118 3171 meam
1152 3117 1208 3173 in
1243 3118 1491 3174 evidenti
1511 3120 1711 3175 locutus
1735 3140 1875 3187 sum;

271 3203 359 3256 vel
385 3201 494 3257 sic:
521 3203 592 3257 Ut
614 3204 683 3259 de
699 3204 860 3259 omni
895 3205 1008 3259 ﬁde
1024 3205 1265 3273 dicatur,
1303 3210 1360 3262 et
1384 3207 1456 3262 sit
1490 3210 1745 3280 psalmus
1773 3228 1878 3282 per

270 3306 350 3346 se:
372 3291 417 3346 Ο
444 3292 761 3359 credentes,
782 3293 959 3348 nolite
983 3293 1193 3350 timore
1210 3295 1623 3353 humiliationis
1647 3299 1876 3356 tribula-

269 3379 515 3447 tionum,
546 3398 580 3435 a
611 3381 917 3437 manifesta
946 3382 1078 3437 fidei
1109 3383 1468 3440 confessione
1503 3386 1878 3458 desistere;et

274 3466 412 3522 inde
443 3484 535 3523 me
564 3468 728 3524 vobis
753 3471 1082 3544 exemplum
1112 3472 1441 3545 proponite.
1472 3475 1589 3545 Ego
1622 3493 1875 3547 namque

275 3556 497 3624 credidi,
516 3556 572 3611 id
592 3560 677 3612 est
703 3561 919 3613 rectam
942 3558 1117 3614 ﬁdem
1138 3559 1195 3613 in
1218 3560 1391 3636 corde
1412 3561 1608 3629 habui,

264 3652 487 3717 propter
518 3647 663 3718 quod
687 3647 889 3702 locutus
907 3665 1046 3715 sum,
1087 3647 1144 3703 id
1168 3650 1253 3703 est
1269 3632 1667 3722 aperteipsam
1700 3632 1877 3709 ﬁdem

276 3750 375 3789 ore
388 3735 678 3790 confessus
694 3752 843 3790 sum.
871 3738 938 3791 Et
959 3737 1087 3791 ideo
1102 3755 1193 3808 ego
1208 3737 1303 3811 qui
1334 3754 1467 3793 cum
1497 3742 1651 3795 recte
1690 3743 1875 3798 credi-

274 3821 483 3890 derim,
544 3825 604 3878 et
645 3826 800 3879 recte
857 3826 1078 3880 locutus
1115 3826 1247 3894 sim,
1281 3826 1523 3882 minime
1554 3829 1877 3886 debuissem

273 3909 600 3966 humiliari:
644 3912 958 3967 humiliatus
993 3931 1111 3968 sum
1128 3915 1187 3970 in
1208 3914 1675 3972 tribulationibus
1696 3920 1874 3986 nimis,

273 3996 330 4052 id
358 4001 443 4054 est
461 4000 626 4056 valde
650 4017 664 4068 ;
697 4001 785 4057 vel
814 4002 1131 4056 humiliatus
1159 4019 1280 4057 sum
1326 4002 1386 4058 in
1419 4003 1880 4062 tribulationibus

272 4088 451 4156 nimis,
481 4088 538 4144 id
566 4092 654 4144 est
682 4106 854 4161 supra
882 4090 1123 4146 modum
1138 4108 1283 4147 mete
1306 4091 1875 4165 fragilitatis,scilicet

1981 3116 2154 3172 statui
2182 3118 2240 3171 et
2269 3116 2343 3186 dij
2355 3116 2589 3170 udicans
2609 3114 2668 3171 in
2701 3131 2932 3170 excessu
2961 3113 3201 3170 rationis
3231 3131 3376 3170 mea:
3402 3130 3415 3169 :
3442 3113 3585 3178 Quid

1980 3206 2271 3260 retribuam
2302 3205 2534 3259 Domino
2558 3221 2662 3275 pro
2682 3204 2922 3258 omnibus
2947 3202 3242 3259 beneﬂciis
3278 3220 3397 3276 quas
3426 3204 3581 3257 retri~

1980 3294 2091 3348 buit
2118 3295 2251 3349 mihi
2278 3294 2307 3349 ?
2350 3293 2466 3349 Hoc
2519 3294 2673 3347 certe
2708 3292 3047 3358 retribuam,
3082 3292 3298 3347 calicem
3335 3290 3584 3346 salutaris

1978 3383 2276 3452 accipiam;
2318 3388 2369 3436 et
2426 3398 2497 3436 ne
2549 3381 2813 3436 deficiam
2862 3380 2921 3435 in
2971 3380 3325 3453 acceptione,
3378 3395 3585 3437 nomem

1978 3469 2206 3524 Domini
2246 3471 2518 3524 invocabo.
2547 3470 2615 3524 Et
2640 3469 2768 3524 ideo
2795 3469 2912 3524 dixi
2951 3471 3006 3523 in
3029 3486 3236 3526 excessu
3276 3486 3409 3539 meo,
3449 3468 3585 3543 quia

1981 3555 2172 3610 omnis
2186 3556 2363 3612 homo
2378 3555 2712 3627 simpliciter
2724 3556 2970 3611 existens
2988 3574 3105 3612 non
3122 3556 3450 3631 spiritualis,
3463 3574 3581 3612 non

1981 3642 2258 3698 obediens
2278 3645 2396 3699 Deo
2408 3660 2588 3715 usque
2605 3644 2675 3699 ad
2696 3647 2968 3711 mortem,
2983 3645 3234 3700 mendax
3259 3648 3345 3700 est
3369 3644 3427 3699 in
3446 3660 3583 3716 pro-

1981 3730 2256 3786 missione
2278 3748 2398 3787 sua.
2416 3731 2688 3787 Promisit
2704 3731 2861 3787 enim
2877 3733 2996 3787 Deo
3010 3731 3065 3787 in
3080 3732 3424 3805 baptismate
3440 3732 3577 3787 obe-

1981 3819 2257 3875 dientiam
2285 3820 2548 3875 omnium
2564 3823 2988 3893 praeceptorum
3013 3820 3154 3891 ejus,
3174 3820 3231 3874 in
3260 3836 3373 3891 quo
3400 3836 3583 3875 mem-

1981 3907 2087 3962 dax
2121 3911 2226 3975 est,
2257 3925 2390 3964 cum
2419 3925 2525 3980 pro
2557 3925 2624 3964 eo
2640 3908 2789 3963 mori
2813 3908 3111 3974 formidat,
3137 3907 3283 3962 sicut
3306 3907 3426 3979 ipse
3446 3924 3581 3981 pro-

1983 3997 2254 4053 omnibus
2285 4000 2547 4052 mortuus
2599 4000 2703 4052 est.
2739 3996 2874 4052 Dico
2929 3996 3085 4069 quod
3141 3996 3337 4052 devovi
3376 4014 3582 4052 excessu

1978 4103 2110 4152 meo,
2142 4086 2298 4158 quod
2328 4103 2434 4158 pro
2464 4085 2713 4141 Domino
2744 4085 2962 4140 calicem
3011 4085 3259 4139 salutaris
3297 4087 3577 4157 accipiam.

272 4192 444 4247 supra
475 4194 649 4249 quam
674 4195 805 4250 poss
836 4183 894 4233 et
917 4179 1199 4252 fragilitas
1216 4198 1347 4237 mea
1375 4181 1516 4254 pati.
1546 4182 1708 4239 Unde
1727 4184 1875 4256 Apo—
1978 4175 2046 4229 Et
2066 4174 2188 4229 haec
2214 4179 2332 4229 vota
2362 4193 2496 4242 mea,
2529 4174 2588 4230 id
2615 4178 2702 4230 est
2729 4175 2851 4231 haec
2882 4190 3015 4229 mea
3044 4174 3345 4246 promissa,
3370 4173 3584 4230 scilicet

269 4265 476 4319 slolus:
514 4283 545 4316 ‹‹
572 4265 759 4336 Supra
786 4267 1026 4322 modum
1051 4269 1274 4340 (inquit)
1305 4269 1524 4341 gravati
1552 4287 1768 4338 sumus,
1796 4272 1877 4327 ita
1899 4336 1934 4341 Δ
1978 4265 2525 4336 utmepermortem
2543 4264 2748 4330 feram,
2777 4280 2894 4318 non
2917 4262 3206 4317 reddamin
3224 4262 3580 4329 abscondito;

270 4350 589 4407 uttwderet
603 4368 706 4405 nos
721 4353 897 4407 etiam
921 4354 1106 4409 vivere
1130 4336 1218 4426 (II
1253 4336 1378 4411 Cor.
1415 4375 1453 4423 ι,
1488 4360 1564 4423 8),
1593 4380 1620 4406 ››
1654 4336 1782 4415 ideo
1815 4362 1875 4415 et
1899 4336 1951 4396 D
1975 4351 2075 4407 sed
2108 4352 2351 4408 reddam
2379 4351 2436 4408 in
2484 4353 2794 4408 manifesto
2821 4368 3001 4406 coram
3029 4351 3179 4404 omni
3195 4350 3394 4421 populo
3444 4350 3577 4421 ejus.

270 4455 369 4492 vos
389 4441 656 4511 exemplo
673 4440 785 4495 mei
811 4442 1109 4497 credentes
1128 4443 1452 4514 loquimini,
1475 4461 1594 4500 non
1610 4446 1876 4501 reformi-
1975 4440 2187 4495 scilicet
2216 4441 2525 4496 manifeste
2570 4457 2703 4495 eum
2733 4440 3075 4505 conﬁtebor,
3099 4440 3157 4492 et
3185 4455 3383 4494 coram
3419 4438 3580 4494 omni

272 4528 477 4584 dantes
503 4528 817 4584 humiliari.
852 4529 996 4595 Quia
1026 4547 1156 4585 vero
1184 4531 1402 4586 dixerat
1422 4549 1481 4585 se
1503 4531 1873 4588 humiliatum
1975 4530 2187 4600 populo
2220 4529 2479 4584 fidelium
2531 4528 2768 4595 moriar,
2818 4527 2877 4582 id
2908 4526 3096 4588 estad
3138 4527 3247 4582 hoc
3278 4526 3496 4583 moriar
3519 4530 3581 4583 ut

270 4634 413 4684 esse,
447 4617 578 4673 ideo
610 4617 981 4690 quialocutus
1006 4622 1109 4685 est,
1132 4621 1355 4691 putaret
1373 4618 1577 4692 aliquis
1600 4637 1734 4675 eum
1751 4638 1870 4676 non
1976 4617 2247 4673 omnibus
2272 4618 2405 4672 dem
2423 4618 2752 4688 exemplum
2773 4632 2878 4688 pro
2909 4614 3158 4671 Domino
3172 4615 3479 4671 moriendi.
3498 4617 3580 4671 Ne

267 4704 439 4760 fuisse
474 4706 819 4773 locuturum,
850 4704 894 4758 si
926 4705 1096 4760 sciret
1115 4707 1269 4779 quod
1288 4706 1498 4763 idcirco
1513 4711 1661 4763 esset
1681 4709 1870 4764 humi-
1976 4721 2107 4760 vero
2124 4705 2414 4760 videretur
2437 4704 2607 4760 alicui
2625 4721 2832 4777 parum
2863 4720 2981 4759 esse
3006 4721 3110 4776 pro
3136 4704 3383 4760 Domino
3405 4705 3577 4772 mori,

265 4791 509 4849 liandus.
538 4795 744 4849 Adhuc
760 4811 900 4866 ergo
919 4795 1693 4859 removendum,ostenditsc
1709 4800 1871 4853 ante-
1975 4796 2038 4848 ut
2068 4793 2251 4865 magis
2275 4794 2348 4849 ab
2377 4793 2708 4865 hujusmodi
2752 4796 3005 4850 mortem
3034 4792 3235 4848 incitet
3266 4791 3581 4864 auditores,

266 4898 441 4952 quam
467 4884 800 4955 loqueretur
820 4883 928 4937 hoc
948 4882 1261 4954 providisse
1285 4884 1608 4955 utseipsum
1634 4886 1751 4940 Deo
1770 4902 1874 4957 per
1974 4882 2226 4937 ostendit
2252 4883 2361 4937 hoc
2404 4884 2523 4938 Deo
2572 4882 2886 4954 pretiosum
2918 4898 3059 4948 esse,
3103 4880 3181 4935 sic
3210 4897 3223 4935 :
3256 4878 3391 4935 Dico
3421 4880 3578 4953 quod

266 4969 609 5041 martyrium
655 4971 905 5025 offerret.
957 4971 1069 5025 Hoc
1100 4975 1295 5025 autem
1324 4972 1402 5026 sic
1441 4972 1614 5028 dicit:
1644 4973 1874 5029 Locutus
1973 4970 2195 5027 calicem
2220 4972 2473 5026 salutaris
2508 4973 2797 5043 accipiam;
2828 4969 2983 5042 quod
3012 4967 3211 5041 utique
3240 4967 3573 5024 faciendum
3608 5020 3611 5021 ν

262 5072 398 5123 sum,
431 5057 689 5130 inquam,
722 5062 780 5113 et
809 5061 1048 5131 propter
1078 5060 1186 5115 hoc
1208 5060 1519 5116 humiliatus
1548 5061 1608 5116 in
1639 5061 1873 5119 tribula-
1972 5062 2058 5114 est
2091 5060 2253 5128 mibi,
2286 5076 2425 5115 nam
2455 5061 2511 5113 in
2540 5065 2836 5130 conspectu,
2877 5057 2936 5112 id
2989 5060 3074 5112 est
3102 5056 3162 5112 in
3188 5056 3573 5128 reputatione,

263 5142 534 5209 tionibus,
553 5149 611 5198 et
635 5145 1482 5221 haschunnilialiononcontigit
1500 5153 1867 5223 prietervelle
1970 5147 2196 5203 Domini
2253 5151 2488 5220 pretiosa
2546 5151 2659 5215 est,
2710 5147 2768 5202 id
2820 5148 2907 5200 est
2969 5145 3135 5202 valde
3177 5146 3385 5212 chara,
3438 5162 3578 5202 mors

267 5248 462 5287 meum
492 5235 555 5286 et
580 5233 1017 5306 dispositionem
1052 5253 1264 5291 meam.
1302 5236 1422 5308 Ego
1458 5255 1730 5311 namque,
1770 5239 1867 5311 qui
1968 5244 2270 5292 sanctorum
2325 5256 2437 5309 elus
2462 5277 2477 5291 .
2554 5235 2719 5299 Quod
2784 5237 2871 5290 est
2935 5235 3125 5292 dicere
3169 5252 3181 5290 :
3247 5233 3577 5307 Cuicunque

262 5325 416 5376 recte
446 5322 664 5390 credidi,
716 5323 834 5378 dixi
857 5327 912 5378 in
964 5342 1167 5378 ρλ·‹·ρ.,ς.ςιι
1220 5343 1331 5379 meo
1363 5325 1651 5397 interiori,
1688 5326 1745 5381 id
1786 5332 1871 5383 est
1969 5324 2093 5381 vilis
2129 5325 2407 5391 videatur,
2469 5323 2748 5379 Dominus
2795 5327 2997 5380 tamen
3050 5326 3301 5379 mortem
3352 5325 3578 5378 sancto-

263 5410 1162 5485 egosiccogitavi,etdisposuiin
1198 5416 1416 5469 secreto
1437 5415 1673 5470 rationis
1701 5434 1867 5484 mete,
1973 5431 2101 5471 rum
2162 5429 2399 5468 suorum
2457 5415 2686 5482 reputat
2739 5428 2860 5467 esse
2903 5412 3270 5484 pretiosam;
3322 5411 3410 5464 vel
3455 5411 3578 5465 sic:

263 5500 973 5573 quodexceditsubtilitate
993 5502 1560 5558 omnemhumanam
1580 5504 1867 5560 rationem
1976 5504 2110 5561 ldeo
2152 5503 2376 5559 calicem
2422 5501 2669 5556 salutaris
2718 5501 3013 5572 accipiam,
3071 5499 3134 5554 id
3177 5502 3264 5553 est
3312 5501 3586 5564 mortem,

262 5606 392 5643 vere
413 5592 585 5644 omnis
613 5588 862 5644 existens
887 5590 1049 5644 homo
1076 5595 1160 5645 est
1196 5591 1515 5659 mendar,id
1532 5597 1637 5660 est,
1670 5594 1863 5650 omnis
1978 5593 2113 5665 quia
2155 5607 2299 5649 mors
2353 5595 2654 5647 sanctorum
2701 5588 2827 5659 eius
2873 5590 3141 5648 existens
3214 5587 3269 5638 ίη
3324 5592 3595 5657 competit“
