3998 6026
1026 322 1084 384 S.
1123 320 1468 383 BRUNONIS
1505 310 2139 380 CARTHUSIANORUH
2174 312 2640 375 INSTITUTORIS
2678 315 2832 374 OPP.
2875 314 3051 373 PARS
3087 316 3111 374 ι
3583 309 3760 372 ηδε

786 448 848 508 id
933 454 1020 510 est
1092 448 1150 509 in
1220 446 1659 527 beneplacentia
1734 441 1965 505 Domini
1999 481 2013 510 ,
2039 435 2096 498 Α
2118 448 2297 526 ,ιιιιειῐι
2319 438 2698 527 gout'essores.
2750 443 2860 527 Per
2879 440 2991 527 hoc
3018 400 3659 527 autembquoddieunt
3682 450 3760 491 se

2115 519 2174 573 in
2205 520 2397 576 medio
2429 538 2573 589 esse,
2617 522 2686 577 ad
2720 525 3063 596 martyrium
3095 523 3280 596 magis
3322 522 3619 578 auditores
3642 519 3758 577 in-

2113 606 2316 677 vitant,
2346 611 2406 663 ut
2441 613 2500 665 et
2530 610 2633 684 ipsi
2665 611 2725 667 in
2757 614 2948 670 medio
2980 631 3099 671 esse
3125 614 3479 669 mereantur.

2603 729 2671 783 lN
2702 729 3023 785 PSALMUM
3055 730 3225 785 CXVI.

2181 839 2398 895 Titulus
2428 839 2723 896 centesimi
2754 840 2969 896 Decimi
3002 841 3140 895 sexti
3184 856 3197 894 :
3234 839 3495 894 Alleluia.
3531 840 3601 893 In
3625 840 3751 894 hoc

2117 931 2337 1002 psalmo
2356 930 2694 985 adhortatur
2708 930 2993 1002 Propheta
3004 946 3098 984 om
3107 930 3243 984 nesJ
3251 929 3441 983 udzeos
3456 930 3513 982 et
3524 932 3750 999 gentes

2119 1019 2191 1073 ad
2210 1019 2305 1074 Dei
2348 1020 2596 1073 laudem:
2625 1019 2852 1073 Judzros
2889 1018 3123 1090 quidem
3145 1020 3406 1090 respectu
3428 1034 3578 1071 verae
3608 1033 3754 1087 pro-

2120 1107 2407 1163 missionis
2465 1108 2585 1178 ejus
2644 1105 2702 1161 in
2765 1107 2846 1161 eis
2875 1108 3216 1178 completas;
3264 1107 3471 1161 Gentes
3528 1109 3747 1160 autem

2120 1200 2380 1267 respectu
2415 1195 2827 1251 misericordiae
2862 1195 3261 1268 eisimpensae.

422 314 444 382 Ξ
457 320 559 385 247

420 444 651 505 Domini
689 491 703 519 ,

627 543 862 614 pretiosa
915 546 1018 611 est,
1073 542 1131 600 id
1184 546 1271 598 est
1314 520 1739 614 magnopretio
1767 539 2009 609 empta:

415 625 601 699 pretio
631 630 845 687 scilicet
874 631 1076 687 mortis
1107 632 1246 703 ejus.
1282 632 1447 697 Quod
1495 634 1580 685 est
1613 629 1802 684 dicere
1835 642 1847 681 :
1879 624 2012 679 Ideo

416 730 522 786 pro
561 735 629 773 eo
657 720 804 775 mori
826 737 918 776 me
941 719 1178 791 dignum
1212 725 1316 786 est,
1341 720 1475 793 quia
1495 720 1601 773 hoc
1632 718 1751 790 ipse
1780 731 1883 786 pro
1918 729 2011 767 me

415 804 671 863 moriens
700 809 862 875 emit,
896 812 958 864 ut
982 813 1037 865 et
1067 826 1174 881 ego
1206 826 1308 881 pro
1333 825 1400 863 eo
1428 824 1706 863 morerer.
1737 803 1890 860 Facit
1918 820 2013 856 au-

416 894 537 950 tem
566 898 977 969 apostropham
999 898 1071 953 ad
1093 901 1272 954 Deum
1288 916 1354 952 ex
1367 897 1667 952 affectione
1691 894 1888 960 nimia,
1903 893 2008 947 sic:

418 983 577 1047 Dico,
611 985 876 1059 Domine,
924 988 1078 1060 quod
1114 989 1346 1058 pretiosa
1392 989 1479 1041 est
1528 988 1582 1039 in
1620 988 1890 1054 compacta
1916 986 2014 1036 tuo

415 1089 556 1127 mors
579 1081 882 1130 sanctorum
925 1079 1177 1143 tuorum,
1210 1078 1267 1129 et
1297 1075 1447 1139 ideo,
1466 1092 1496 1127 o
1534 1074 1783 1137 Domine,
1813 1070 2015 1138 sacriﬁ-

414 1163 544 1215 cabo
574 1162 679 1218 tibi
705 1164 931 1217 hostiam
973 1164 1164 1227 laudis,
1200 1164 1259 1218 id
1285 1167 1371 1217 est
1395 1161 1725 1217 sacrificabo
1764 1159 1865 1214 tibi
1901 1174 2020 1212 me-

410 1249 599 1321 ipsum
628 1251 877 1307 hostiam
911 1251 1212 1307 moriendo
1236 1252 1291 1306 in
1325 1251 1404 1305 tui
1430 1249 1810 1310 confessione,
1843 1263 2017 1319 quam

410 1336 659 1394 hostiam
690 1343 751 1394 tu
772 1340 1046 1395 laudabis.
1079 1342 1144 1394 Et
1173 1339 1306 1410 quia
1338 1341 1445 1393 hoc
1471 1336 1833 1402 sacrificium,
1859 1353 1892 1390 o
1915 1353 2016 1389 au-

415 1425 649 1493 ditores,
690 1444 806 1483 non
841 1427 945 1482 nisi
979 1430 1094 1482 Deo
1142 1429 1451 1495 adjuvante
1490 1442 1718 1497 possem
1767 1425 2016 1495 explere,

415 1531 603 1568 nomen
631 1514 856 1569 Domini
899 1517 1170 1583 invocabo,
1203 1516 1257 1569 id
1290 1517 1375 1569 est
1403 1514 1677 1569 invocabo
1709 1512 2019 1568 Dominum

418 1603 741 1675 adjutorem
756 1604 1213 1659 consideratione
1241 1604 1437 1675 magni
1455 1602 1708 1657 nominis
1731 1602 1851 1673 ejus
1867 1601 2021 1673 quod

422 1695 505 1746 est
536 1693 834 1748 Dominus.
870 1694 989 1747 Non
1015 1693 1197 1747 solum
1218 1695 1409 1746 autem
1432 1709 1500 1746 ea
1522 1693 1592 1746 de
1609 1709 1778 1747 causa
1799 1690 1900 1745 tibi
1931 1706 2022 1743 me

419 1782 646 1836 hostiam
697 1782 1028 1851 saeri/icabo,
1084 1780 1213 1835 ideo
1265 1781 1399 1852 quia
1441 1799 1582 1835 mors
1614 1786 1916 1835 sanctorum

418 1876 693 1941 conspectu
744 1872 842 1925 tuo
886 1872 1117 1940 pretiosa
1160 1875 1233 1922 est
1263 1910 1280 1931 ,
1333 1870 1433 1923 sed
1463 1869 1591 1923 ideo
1644 1885 1873 1940 quoque
1899 1869 2026 1938 quia

421 1974 515 2028 ego
541 1976 720 2013 servus
748 1965 883 2012 tuus.
916 1958 1112 2013 Servus
1138 1964 1276 2023 licus,
1309 1956 1366 2012 id
1398 1960 1603 2030 estego
1628 1957 1730 2011 tibi
1765 1973 1890 2011 sum
1907 1972 2028 2010 om-

420 2047 559 2102 nino
588 2047 874 2118 subjectus
919 2049 1117 2119 utpote
1170 2051 1433 2101 creatura
1464 2045 1741 2111 Creatori,
1781 2045 2027 2115 ideoque

422 2152 652 2190 necesse
678 2137 762 2189 est
793 2153 886 2190 me
918 2135 1016 2190 tibi
1047 2135 1282 2190 obedire
1314 2134 1372 2189 in
1407 2133 1873 2197 omnibus.,Quia
1894 2148 2026 2186 vero

418 2222 756 2296 simpliciter
771 2241 830 2278 se
861 2223 1078 2279 dixerat
1098 2241 1217 2278 esse
1246 2240 1494 2289 servum,
1515 2226 1573 2277 et
1603 2238 1896 2276 servorum
1930 2219 2027 2273 alii

416 2328 670 2383 nequam
719 2316 877 2367 sunt:
912 2315 965 2365 ut
998 2311 1238 2381 maligni
1266 2310 1516 2382 spiritus,
1558 2310 1653 2382 qui
1685 2310 1816 2364 licet
1871 2305 2028 2362 inviti

424 2398 525 2453 Dei
554 2402 753 2454 tamen
789 2398 1145 2469 dispositioni
1166 2399 1592 2469 obtemperant;
1621 2398 1714 2452 alii
1744 2414 1876 2450 vero
1890 2399 2029 2451 sunt

418 2486 738 2558 spontanci,
768 2486 863 2559 qui
897 2504 961 2540 ex
990 2487 1280 2540 volontate
1310 2487 1564 2540 serviunt
1589 2489 1649 2539 ut
1674 2485 1852 2539 sancti
1877 2484 1975 2538 viri
2009 2502 2023 2550 ;

417 2573 669 2646 ostendit
705 2592 764 2630 se
793 2576 1181 2645 spontaneum
1212 2591 1353 2633 esse,
1381 2576 1443 2627 ut
1472 2573 1762 2628 auditores
1786 2573 2029 2626 instruat

423 2663 539 2718 Deo
571 2665 887 2735 spontanee
919 2662 1151 2728 servire,
1200 2661 1277 2715 sic
1310 2680 1324 2715 :
1364 2660 1557 2717 Servus
1589 2667 1731 2723 laus,
1764 2661 2023 2732 inquam,

419 2767 545 2805 sum
573 2767 585 2805 :
635 2754 690 2805 et
738 2750 863 2806 talis
891 2766 1088 2817 servus,
1121 2750 1216 2821 qui
1248 2750 1354 2804 sim
1404 2751 1546 2818 [ilius
1572 2749 1781 2804 ancillae
1812 2756 1935 2815 tam,
1969 2749 2027 2804 id

422 2841 507 2893 est
535 2838 790 2895 imitator
818 2839 1064 2895 cmlestis
1103 2839 1473 2905 Hierusalem,
1507 2857 1634 2911 qua:
1685 2842 1768 2893 est
1795 2838 2021 2905 ancilla,

421 2925 477 2981 id
503 2931 588 2982 est
614 2927 715 2983 tibi
748 2928 993 2995 subdita,
1026 2930 1365 2998 angelorum
1383 2927 1643 2982 videlicet
1673 2931 1731 2982 et
1759 2927 2023 2999 spiritua-

419 3014 562 3069 lium
594 3015 849 3089 virorum
882 3015 1266 3072 coadunatio:
1306 3019 1366 3070 ut
1389 3016 1532 3070 sicut
1553 3015 1632 3069 illi
1659 3015 1758 3069 tibi
1799 3032 1912 3069 non
1937 3015 2023 3069 iu-

420 3103 517 3159 viti
543 3105 841 3172 obediunt,
875 3105 974 3159 sed
1007 3106 1352 3175 spontanee;
1397 3104 1474 3159 ita
1499 3121 1606 3174 ego
1626 3103 1895 3158 obediam
1921 3102 2025 3157 tibi

424 3207 490 3245 ex
523 3192 1096 3263 gratuitavoluntate.
1117 3194 1182 3246 Et
1198 3196 1255 3247 ut
1273 3209 1381 3261 ego
1413 3193 1511 3247 tibi
1542 3192 1719 3246 libere
1750 3191 2024 3246 servirem

420 3279 670 3349 dirupiin
697 3281 905 3334 vincula
935 3299 1050 3335 mea
1082 3280 1141 3334 id
1167 3283 1270 3346 est,
1300 3281 1621 3335 destruxisti
1642 3279 1863 3334 vincula
1894 3296 2024 3350 pec-

425 3369 687 3421 catorum
706 3383 969 3421 meorum
986 3367 1362 3441 indulgendo,
1378 3385 1505 3439 qum
1522 3385 1614 3423 me
1629 3367 1881 3422 vinctum
1896 3385 1928 3420 a
1945 3366 2024 3420 tui

424 3452 752 3508 obedientia
777 3454 1190 3526 impediebant.
1226 3456 1552 3511 Notandum
1580 3455 1715 3527 quia
1739 3457 1847 3511 hoc
1872 3454 2027 3526 quod

433 3540 570 3596 dicit
592 3543 689 3596 tibi
713 3544 1017 3613 sacriﬁcabo
1047 3546 1271 3599 hostium
1292 3545 1486 3611 laudis,
1514 3552 1563 3598 cl
1594 3561 1783 3598 nenicn
1808 3543 2031 3597 Domini

419 3630 690 3698 invocabo,
718 3632 1095 3704 arquipollens
1107 3635 1192 3688 est
1213 3634 1344 3688 huic
1366 3633 1521 3705 quod
1538 3634 1796 3704 superius
1809 3632 2026 3687 dictum

418 3721 523 3785 est,
551 3719 787 3787 calicem,
847 3724 980 3788 etc.,
1012 3722 1110 3776 sed
1143 3739 1207 3776 ex
1238 3722 1539 3777 affectione
1586 3722 1894 3793 repetitum
1920 3725 2025 3788 est,

417 3810 475 3861 et
501 3808 572 3862 ab
603 3808 712 3863 hoc
733 3811 793 3865 ut
819 3811 1001 3881 magis
1024 3810 1312 3865 auditores
1338 3810 1540 3866 invitet
1570 3810 1638 3863 ad
1663 3810 2025 3881 martyrium;

420 3896 527 3951 hac
558 3897 761 3953 eadem
802 3899 978 3953 etiam
1033 3899 1330 3954 occasione
1363 3899 1452 3953 bis
1503 3898 1667 3970 ponit
1717 3916 1808 3967 ego
1852 3917 2029 3952 servus

422 3990 563 4049 tuus,
596 3989 652 4038 et
683 3988 864 4057 repeti
922 3988 1031 4041 hoc
1065 3986 1218 4058 quod
1273 3985 1535 4059 snperius
1583 3985 1802 4040 dixerat
1835 4003 1848 4041 :
1892 3987 2028 4040 Vota

422 4088 538 4123 mea
567 4073 795 4126 reddam
841 4091 896 4127 ιη
931 4082 1205 4144 conspectu
1248 4077 1419 4127 omnis
1470 4074 1655 4144 populi
1702 4076 1834 4143 ejus.
1866 4075 2028 4138 Quod

421 4158 499 4212 sic
526 4160 834 4232 adaptatur
863 4179 875 4215 :
908 4162 1253 4230 Soeriﬁcabo,
1283 4162 1543 4233 inquam,
1572 4164 1796 4216 hostium
1858 4163 2029 4216 laudis

428 4242 703 4316 Domino,
738 4253 797 4306 et
826 4251 947 4305 haec
996 4258 1116 4305 vola
1154 4266 1292 4317 mca,
1326 4251 1471 4305 hanc
1514 4249 1727 4304 scilicet
1754 4250 2026 4317 hostiam,

2193 1285 2435 1339 Laudato
2458 1286 2751 1339 Dominum
2784 1283 3122 1340 omnimoda
3139 1284 3325 1349 laude,
3342 1302 3518 1338 omnes
3526 1302 3634 1354 gen
3644 1288 3746 1348 les,

2123 1373 2280 1426 lauda
2289 1381 2335 1428 le
2346 1373 2518 1429 etiam
2535 1392 2674 1439 eum,
2689 1391 2863 1427 omrws
2869 1373 3059 1444 populi
3067 1373 3365 1428 credentes
3374 1374 3401 1427 J
3407 1373 3647 1427 udazoru
3659 1390 3716 1425 m
3728 1415 3743 1426 .

2126 1462 2192 1515 Et
2224 1462 2369 1517 bene
2391 1462 2555 1535 ponit
2576 1462 2874 1535 pluraliter
2882 1462 3090 1533 populi,
3122 1464 3181 1515 ut
3225 1461 3486 1516 ostendat
3520 1478 3585 1515 ex
3612 1478 3748 1543 om:

2125 1550 2291 1605 nibus
2321 1551 2620 1605 duodecim
2648 1551 2903 1605 tribubus
2937 1553 3145 1605 multos
3180 1549 3347 1604 fuisse
3405 1567 3742 1605 conversos.

2123 1639 2296 1693 Addit
2326 1657 2466 1709 ergo
2483 1640 2734 1710 singulas
2751 1656 2947 1694 causas
2979 1640 3236 1711 singulis,
3272 1639 3377 1693 sic:
3412 1640 3515 1693 Vos
3532 1648 3745 1708 gentes,

2126 1727 2254 1783 ideo
2292 1728 2505 1782 laudate
2541 1730 2787 1799 quoniam
2836 1728 3198 1783 misericordia
3241 1728 3371 1798 eius,
3403 1728 3459 1781 id
3502 1732 3586 1782 est
3621 1729 3744 1781 sal-

2047 1795 2096 1853 B
2126 1815 2275 1887 vago
2306 1821 2490 1870 vestra
2531 1834 2631 1887 per
2656 1816 3053 1871 remissionem
3089 1819 3451 1888 peccatorum
3492 1820 3549 1870 et
3570 1815 3749 1886 ,μηθ’

2129 1906 2481 1967 ficationem,
2526 1924 2653 1977 quae
2685 1906 2928 1977 contigit
2971 1923 3037 1959 ex
3085 1907 3205 1959 sola
3258 1908 3314 1959 et
3342 1904 3589 1975 gratuita
3622 1905 3744 1959 mi-

2129 1993 2439 2049 sericordia
2495 1994 2637 2065 ejus,
2689 1996 3002 2063 conﬁrmata
3056 2001 3129 2047 est
3181 2011 3332 2063 super
3374 2010 3487 2059 nos,
3541 1992 3595 2046 id
3630 1996 3747 2065 est

2128 2082 2299 2137 firma
2359 2086 2415 2137 et
2462 2082 2795 2150 immobilis,
2842 2087 2899 2136 et
2958 2100 3329 2155 perseverans
3365 2064 3745 2152 facla462

2130 2174 2214 2224 est
2264 2171 2321 2226 in
2367 2171 2542 2237 vobis,
2603 2172 2735 2225 data
2775 2188 2811 2225 a
2857 2171 3135 2242 superiori
3188 2170 3555 2243 dispositione
3608 2167 3739 2223 Dei.

2126 2260 2292 2314 Juxta
2318 2260 2494 2315 illud:
2532 2284 2559 2308 «
2596 2261 2779 2315 Omne
2811 2261 3009 2315 datum
3043 2260 3350 2331 optimum,
3373 2261 3429 2313 et
3451 2258 3746 2314 omnedo—

2129 2366 2271 2403 nnm
2332 2351 2649 2420 perfectum
2708 2351 3003 2405 desursum
3038 2353 3122 2405 est
3169 2352 3307 2420 (Jac.
3346 2368 3383 2418 ι,
3434 2351 3538 2419 l7).
3576 2373 3601 2395 ι)
3654 2351 3743 2403 Ac

2127 2438 2173 2491 si
2203 2438 2383 2493 dicat:
2419 2439 2570 2507 Ideo,
2597 2442 2966 2510 gcntes,eum
2983 2440 3213 2506 laudate,
3230 2440 3364 2510 quia
3385 2436 3743 2494 salvatiomi-

2128 2525 2452 2580 sericordize
2483 2527 2600 2596 ejus
2622 2544 2775 2596 super
2798 2544 2894 2581 vos
2924 2527 3078 2593 data,
3104 2527 3161 2581 id
3191 2530 3276 2581 est
3299 2544 3331 2581 a
3351 2544 3593 2599 superna
3617 2525 3735 2579 dis-

2127 2612 2417 2683 positione
2445 2613 2604 2669 vobis
2634 2615 2866 2681 collata,
2897 2614 2956 2668 in
2991 2613 3145 2669 vobis
3193 2615 3271 2667 sic
3297 2616 3605 2685 conﬁrmata
3633 2621 3732 2679 est,

2129 2704 2190 2754 ut
2224 2718 2520 2773 nunquam
2566 2701 2684 2756 sitis
2743 2720 2810 2757 ea
2859 2702 3114 2756 carituri.
3169 2702 3331 2756 Unde
3388 2703 3732 2774 Apostolus:

2129 2812 2152 2835 τ’
2164 2790 2278 2844 Gen
2290 2792 2370 2843 tes
2383 2792 2574 2843 autem
2594 2807 2764 2861 super
2780 2789 3172 2845 misericordia
3188 2790 3476 2844 honorare
3493 2792 3727 2843 Deum.»

2128 2881 2236 2931 etc.
2270 2876 2450 2949 (Rom.
2485 2895 2575 2944 xv,
2596 2878 2826 2947 9.)Quiu
2858 2882 3051 2932 autem
3078 2878 3365 2949 Propheta
3402 2877 3562 2949 ponit
3580 2894 3734 2947 Stlpe'r

2127 2984 2237 3032 nos,
2273 2967 2645 3038 adjungcndo
2677 2984 2734 3021 se
2768 2967 3028 3022 ﬁdelibus
3059 2984 3125 3020 ex
3148 2967 3433 3039 gentibus,
3461 2983 3588 3021 cum
3614 2966 3732 3037 ipse

2052 3083 2099 3141 Ο
2125 3056 2353 3109 Judaeus
2373 3054 2462 3122 sit,
2498 3054 2626 3109 ideo
2658 3054 2793 3108 facit
2826 3058 2884 3109 ut
2914 3072 2972 3109 se
3002 3058 3057 3109 et
3079 3072 3282 3111 omnes
3301 3055 3498 3109 fideles
3517 3056 3631 3108 tam
3663 3071 3730 3108 ex

2128 3142 2392 3213 gentibus
2405 3159 2576 3213 quam
2590 3159 2653 3196 ex
2667 3142 2875 3196 Judmis
2887 3143 3147 3197 ostendat
3163 3159 3337 3196 unam
3356 3160 3596 3197 massam
3610 3159 3729 3197 esse

2128 3230 2185 3285 in
2220 3231 2461 3285 Christo.
2497 3231 2605 3284 Vos
2636 3231 3007 3296 vero,Judzei.
3027 3231 3155 3285 ideo
3177 3232 3471 3286 Dominum
3500 3231 3727 3297 laudate,

2126 3322 2379 3392 quoniam
2398 3321 2590 3373 veritas
2604 3318 2827 3371 Domini
2851 3324 3028 3375 manel
3049 3319 3108 3373 in
3134 3319 3294 3374 vobis
3308 3337 3484 3392 usque
3508 3323 3560 3373 in
3577 3326 3727 3372 acter-

2127 3394 2341 3475 num.,id
2358 3409 2613 3473 est,verw
2627 3406 3018 3480 promissionis
3030 3407 3151 3478 ejus
3162 3406 3726 3479 completio,salvatio

2127 3496 2339 3551 scilicet
2368 3495 2560 3562 vestri,
2622 3513 2748 3566 qum
2794 3512 2924 3551 vere
2962 3495 3245 3567 promissa
3275 3495 3331 3550 in
3389 3495 3544 3551 vobis
3573 3512 3725 3551 com-

2127 3584 2321 3657 plevit,
2355 3584 2629 3639 duratura
2671 3586 2755 3641 est
2786 3602 2962 3656 usque
2994 3584 3052 3638 in
3086 3587 3390 3639 aeternum.

2600 3699 2667 3753 ΙΝ
2705 3699 3026 3754 PSALMUM
3068 3700 3265 3754 CXVII.

2202 3807 2418 3860 Titulus
2446 3805 3235 3877 centesimidecimiseptimi:
3269 3807 3525 3861 Alleluia.
3547 3808 3604 3860 lu
3625 3807 3729 3861 hoc

2131 3898 2351 3967 psalmo
2385 3894 2675 3949 inducitur
2702 3894 2859 3965 loqui
2893 3894 3152 3949 collectio
3187 3897 3504 3966 martyrum
3531 3894 3723 3966 primi-

2132 3986 2400 4047 tivorum,
2434 3983 2747 4037 adhortans
2764 3983 2989 4037 Judaaos
3003 3987 3061 4037 et
3070 3987 3273 4054 gentes
3294 3984 3365 4037 ad
3380 3983 3723 4037 laudandum

2133 4076 2334 4137 Deum,
2384 4071 2681 4126 occasione
2712 4071 2987 4126 bonitatis
3032 4076 3090 4126 et
3122 4070 3525 4125 misericordia}
3574 4071 3722 4141 ejus;

2129 4161 2287 4231 cujus
2309 4159 2482 4213 etiam
2514 4159 2922 4213 misericordia:
2942 4159 3223 4214 beneficia
3248 4160 3304 4213 in
3332 4159 3519 4229 seipsa
3540 4159 3723 4213 multi-

2129 4248 2352 4320 pliciter
2403 4248 2676 4311 ostendit,
2731 4249 3020 4303 narrando
3053 4247 3263 4301 scilicet
3292 4251 3575 4319 quatenus
3602 4263 3720 4301 eam

431 4353 603 4407 quam
648 4338 898 4395 Domino
931 4340 1175 4394 reddere
1225 4338 1369 4406 vovi,
1412 4337 1624 4392 reddam
1667 4340 1721 4391 in
1756 4347 2029 4411 conspectu
2051 4365 2103 4423 D
2132 4339 2203 4393 de
2235 4336 2601 4392 tribulatione
2622 4336 2890 4391 vitiorum
2906 4335 3133 4407 eripuit.
3158 4337 3225 4389 Et
3255 4334 3529 4406 quoniam
3562 4335 3614 4389 in
3642 4352 3723 4388 ex-

422 4428 593 4479 omnis
613 4428 824 4497 populis
844 4429 976 4497 ejm,
1005 4427 1163 4483 idest
1193 4427 1432 4482 reddam
1472 4426 1792 4492 manifeste,
1827 4431 1886 4481 ut
1909 4445 2031 4482 om-

419 4512 508 4565 nis
537 4517 777 4584 populus
802 4517 983 4571 fidelis
1012 4517 1145 4571 inde
1164 4518 1375 4572 haheat
1400 4518 1745 4587 exemplum.
1768 4516 2026 4583 Reddam,

424 4600 685 4673 inquam,
708 4610 827 4656 vola
854 4622 966 4658 mea
981 4621 1088 4675 ego
1104 4607 1228 4660 dico
1243 4606 1368 4675 jam
1391 4622 1489 4677 spe
1516 4604 1760 4660 existens
1774 4608 1827 4659 in
1853 4608 2024 4674 atriis,

422 4687 479 4742 id
513 4692 598 4743 est
626 4688 683 4743 in
707 4691 1086 4762 amplitudine
1113 4693 1296 4747 domus
1316 4693 1556 4759 Domini,
1582 4693 1789 4748 scilicet
1821 4693 2027 4748 Hieru-

421 4777 584 4832 salem
609 4779 865 4836 czelestis.
899 4779 1063 4843 Quod
1094 4784 1178 4834 est
1208 4780 1427 4835 dicere:
1456 4782 1599 4835 Vota
1627 4799 1757 4837 mea
1786 4782 2028 4837 reddam

423 4880 529 4935 pro
560 4869 899 4938 speamplze
931 4867 1137 4922 domus
1164 4869 1261 4923 Dei
1297 4868 1726 4940 adispiscendze,
1762 4886 1878 4923 non
1922 4887 2027 4942 pro

424 4952 680 5008 humano
711 4954 924 5010 favore.
944 4956 1077 5012 Dico
1106 4958 1257 5027 quod
1277 4974 1405 5011 sum
1431 4956 1675 5011 existens
1696 4973 1793 5028 spe
1813 4958 1868 5011 in
1900 4976 2025 5013 am-

422 5040 709 5111 plitudine
748 5044 955 5099 domus
986 5044 1084 5099 Dei
1117 5045 1466 5100 Hierusalem
1518 5045 1778 5099 caelestis.
1814 5047 1880 5099 Et
1909 5063 2026 5101 non

423 5129 600 5184 existo
633 5129 688 5183 in
716 5148 813 5201 spe
838 5133 895 5186 in
927 5132 1107 5187 viliori
1127 5133 1311 5204 gradu
1344 5132 1493 5187 illius
1520 5133 1895 5199 Hierusalem,
1922 5134 2029 5189 sed

425 5218 603 5273 cxisto
635 5237 733 5291 spe
760 5222 814 5272 in
846 5221 1015 5274 medio
1055 5224 1155 5287 lui,
1211 5241 1240 5275 0
1292 5222 1635 5276 Hierusalem
1661 5222 1935 5288 caelestis,
1970 5222 2029 5276 id

424 5310 510 5361 est
540 5307 596 5360 in
627 5308 873 5380 digniori
900 5310 1082 5380 gradu
1113 5314 1231 5378 tuo,
1250 5328 1281 5365 a
1302 5310 1677 5364 similitudine
1697 5310 1944 5364 militum
1972 5310 2030 5365 il-

424 5396 634 5462 lorum,
670 5397 765 5467 qui
798 5414 929 5453 cum
958 5398 1205 5453 Domino
1234 5416 1334 5453 suo
1367 5399 1656 5454 chariores
1677 5400 1812 5465 sint,
1838 5399 2028 5454 nonin

424 5485 638 5552 angulo
667 5484 891 5547 domus,
918 5486 1018 5539 sed
1037 5488 1092 5539 in
1115 5488 1305 5541 medio
1322 5488 1595 5542 sedentin
1612 5489 1735 5544 loco
1758 5489 2028 5559 digniori.

422 5569 701 5627 Altiorem
729 5572 882 5626 enim
917 5575 1161 5648 gradum
1187 5580 1463 5647 martyres
1486 5576 1745 5632 obtinere
1769 5576 2034 5631 dicuntur

2132 4426 2329 4482 teriori
2360 4423 2730 4480 tribulatione
2762 4424 3128 4479 inimicorum
3154 4424 3383 4496 adjutor
3408 4424 3500 4489 sit,
3526 4423 3722 4478 faciens

2130 4532 2261 4569 eam
2282 4515 2336 4568 in
2361 4514 2480 4584 ipsa
2498 4512 2867 4567 tribulatione
2884 4514 3093 4567 fortem
3109 4515 3165 4566 et
3178 4514 3539 4567 constantem
3555 4528 3621 4565 ne
3638 4511 3723 4565 de-

2131 4603 2304 4665 ficiat,
2337 4606 2394 4656 et
2423 4602 2599 4656 etiam
2646 4601 2914 4656 inimicos
2944 4602 3311 4671 superantem
3339 4616 3353 4665 ;
3378 4598 3719 4653 ostendendo

2131 4708 2361 4763 quoque
2393 4690 2572 4760 ipsam
2607 4689 3038 4766 tribulationem
3069 4688 3174 4742 sibi
3196 4702 3486 4741 cessuram
3509 4685 3578 4740 ad
3601 4700 3719 4755 pro-

2130 4780 2463 4851 speritatem
2489 4778 3016 4849 etcastigatioucm,
3047 4794 3161 4831 non
3182 4776 3255 4829 ad
3280 4778 3560 4829 aeternam
3578 4789 3719 4827 mor-

2130 4872 2269 4922 tem.
2305 4866 2837 4937 Promittitquoque
2858 4882 2915 4919 se
2938 4864 3184 4919 Domino
3199 4879 3431 4933 semper
3451 4861 3724 4916 confessu-

2130 4974 2282 5021 rum,
2308 4972 2375 5009 eo
2400 4954 2555 5027 quod
2571 4952 3021 5008 sibifactussit'in
3040 4953 3304 5016 salutem,
3328 4968 3432 5022 per
3448 4950 3723 5004 Christum

2128 5046 2383 5116 lapidem
2415 5042 2810 5113 reprobatum,
2839 5041 2935 5113 qui
2954 5042 3273 5095 factusesta
3293 5038 3613 5094 Dominoin
3636 5054 3720 5091 ca-

2131 5137 2235 5206 put
2264 5131 2480 5203 anguli.
2512 5132 2649 5185 Orat
2669 5131 2843 5185 etiam
2863 5131 2932 5184 de
2953 5128 3266 5183 salvatione
3290 5127 3394 5193 sui,
3428 5126 3725 5181 auditores-

2131 5239 2242 5294 que
2281 5222 2353 5276 ad
2384 5220 2849 5275 constituendum
2909 5220 3226 5273 solemnem
3275 5216 3431 5271 diem
3471 5215 3723 5270 exhorta~

2131 5314 2243 5365 tur.
2280 5313 2388 5365 Per
2434 5310 2541 5363 hoc
2590 5311 2782 5362 autem
2837 5308 2919 5362 sui
2978 5307 3245 5377 exemplo
3301 5306 3597 5360 auditores
3644 5304 3725 5359 iu-

2132 5399 2317 5461 struit,
2351 5398 2747 5453 h‘ibulati-mes
2778 5398 2848 5450 ab
2881 5396 3126 5449 inimicis
3158 5411 3260 5466 pro
3310 5394 3557 5448 Domino
3606 5393 3726 5447 illa-

2133 5492 2238 5552 tas,
2272 5487 2669 5542 formidandas
2713 5502 2830 5541 non
2876 5502 3026 5547 esse;
3051 5501 3181 5538 cum
3210 5484 3324 5537 sint
3353 5483 3434 5537 eis
3478 5483 3725 5537 similiter

2137 5576 2209 5629 ad
2237 5576 2682 5649 prosperitatem
2714 5590 2975 5639 CCStUl‘tE,
3010 5572 3239 5627 instruit
3270 5572 3445 5627 etiam
3481 5586 3661 5628 oram.
