3966 6034
311 199 442 274 duo
495 175 509 183 ’

1261 195 1620 271 'sxposmo
1655 203 1726 268 IN
1759 192 2097 272 ‘pSALiios.
2135 246 2208 260 —
2241 208 2436 274 PSAL.
2477 197 2652 274 exva

3467 220 3606 294 3230

377 337 725 409 Con/itemini
748 334 1002 399 Domino,
1018 334 1078 392 id
1097 336 1200 404 est,
1228 335 1457 390 laudate
1476 351 1610 389 eum
1633 333 1905 389 omnibus
1925 341 1980 400 Α
2003 333 2048 390 si
2079 334 2233 392 dicat
2263 353 2276 392 :
2307 337 2452 394 Utile
2473 341 2560 394 est
2583 338 2642 394 in
2673 340 2920 398 Domino
2941 339 3255 417 conﬁdere,
3284 350 3604 413 tribulatio-

306 427 717 495 modis,ﬁdeles
735 443 800 482 ex
812 425 1020 481 Judaeis
1042 427 1100 478 et
1128 421 1907 496 gentibus,eaconsideratio-

305 517 655 586 ne,quoniam
682 515 928 570 bonusest
949 515 1006 569 in
1037 517 1261 568 natura.
1294 513 1358 566 Et
1388 513 1485 584 qui
1517 513 1589 568 ad
1615 513 1722 567 hoc
1766 528 1904 566 con-

305 603 676 660 siderandum
701 621 816 660 non
838 604 1114 669 suiﬁcitis,
1133 603 1670 676 conﬁteminisaltem
1691 618 1758 656 eo
1771 618 1906 656 con-

306 693 474 759 tuitu,
505 696 754 764 quoniam
795 693 1153 748 misericordia
1203 694 1334 763 ejus,
1384 693 1444 750 id
1491 697 1574 746 est
1623 691 1904 746 beneﬁcia

306 780 713 836 misericordiae
735 781 857 852 ejus
887 798 1015 853 qua:
1037 781 1298 835 ﬁdelibus
1325 780 1439 834 suis
1466 778 1770 850 impendit,
1799 778 1902 832 du-

305 871 500 924 ratura
531 873 664 924 sunt
697 886 874 941 usque
906 873 964 924 in
992 869 1242 924 saeculum
1271 869 1552 935 futurum,
1585 867 1644 921 id
1686 871 1771 920 est
1809 883 1902 921 us-

305 973 416 1028 que
445 957 505 1012 in
537 962 842 1012 aeternum.
868 957 989 1012 Non
1012 959 1198 1013 solum
1227 960 1418 1011 autem
1446 957 1718 1011 exhortor
1747 955 1905 1010 utin-

303 1049 395 1100 ter
423 1063 482 1100 se
514 1045 710 1100 ﬁdeles
739 1045 796 1100 in
826 1048 1068 1118 utroque
1091 1047 1302 1118 populo
1320 1044 1566 1101 Domino
1595 1043 1906 1100 conﬁtean-

304 1136 420 1201 tur,
447 1134 546 1189 sed
577 1134 752 1188 etiam
782 1135 971 1189 domus
995 1133 1180 1201 Israel,
1213 1135 1271 1188 id
1303 1133 1624 1188 estfamilia
1651 1132 1905 1188 subdito-

302 1238 432 1276 rum
461 1222 719 1276 ﬁdelium
755 1222 814 1276 in
844 1221 1078 1276 Judaico
1111 1223 1344 1294 populo,
1376 1222 1520 1276 dicat
1550 1238 1706 1288 nunc,
1734 1220 1790 1274 id
1821 1222 1907 1274 est

304 1310 541 1365 indilate
572 1310 695 1365 aliis
729 1311 1079 1366 adhortarie.
1114 1309 1459 1379 Conﬁtemini
1494 1310 1726 1364 Domino
1773 1325 1904 1381 quo-

304 1403 452 1455 niam
478 1400 935 1471 bonus,quoniam
961 1402 1018 1454 in
1055 1399 1305 1454 saeculum
1347 1398 1716 1454 miseaicordia
1756 1399 1904 1468 ejus;

307 1489 396 1543 vel
429 1489 624 1543 dicant
650 1487 758 1542 hoc
787 1487 942 1542 inter
959 1505 1019 1542 se
1042 1489 1186 1543 alius
1214 1488 1392 1542 alium
1423 1487 1806 1543 adhortando.
1841 1487 1908 1540 Et

303 1577 490 1631 domus
519 1577 728 1642 Aaron,
753 1575 809 1630 id
823 1580 909 1631 est
933 1575 1154 1631 familia
1176 1575 1434 1630 ﬁdelium
1455 1577 1827 1647 prielatorum
1849 1575 1907 1628 in

2005 441 2140 478 nem
2163 441 2268 496 pro
2299 443 2367 482 eo
2398 427 2731 484 sustinendo
2756 446 2769 484 :
2796 435 2854 484 et
2871 433 3006 490 utile
3037 453 3154 492 non
3180 438 3342 494 estin
3369 443 3606 500 homine

2005 519 2368 582 persecutore
2381 515 2744 572 considerare
2757 520 2829 573 ab
2843 537 2910 575 eo
2923 524 3163 580 salutem
3178 531 3432 600 corporis
3445 549 3509 588 ex
3515 551 3610 606 pe-

2005 601 2202 656 tendo.
2223 602 2404 666 Quam
2421 619 2536 659 non
2555 605 2739 660 solum
2763 608 2834 662 de
2848 623 3190 684 quocunque
3212 615 3446 674 homine
3467 601 3604 677 edn-

2005 687 2304 778 ﬁdentiam
2329 696 2732 754 removeo,sed
2749 700 2809 750 ut
2828 697 3015 769 magis
3031 701 3164 772 quid
3185 704 3371 760 dicam
3392 708 3605 778 bonum,

2005 775 2059 830 id
2090 781 2177 831 est
2207 779 2343 834 utile
2389 786 2463 836 est
2507 783 2694 854 magis
2731 801 2940 854 sperare
2985 789 3048 844 in
3089 790 3320 846 Domino
3362 775 3606 854 salutem

2005 881 2110 955 per
2131 866 2571 925 tribulationum
2602 873 2970 944 asperitatem
2992 893 3155 948 quam
3184 881 3239 932 in
3253 884 3604 955 principibus,

2005 953 2178 1010 etiam
2201 957 2568 1012 saecularibus
2581 976 2686 1032 per
2697 964 2988 1018 terrenam
3003 965 3337 1024 felicitatem
3353 953 3507 1043 qu‘od
3523 979 3608 1030 est

2005 1058 2071 1096 ac
2086 1043 2130 1097 si
2167 1042 2586 1102 dicatzﬁonum
2617 1052 2704 1102 est
2733 1048 2792 1103 in
2813 1051 3062 1107 Domino
3081 1071 3313 1126 sperare
3341 1042 3607 1130 salutem,

2005 1131 2146 1220 etin
2167 1133 2534 1189 saecularibus
2561 1135 2916 1210 principibus
2954 1157 3097 1196 non.
3139 1143 3299 1199 Unde
3347 1148 3560 1220 legitur
3592 1167 3606 1206 :

2009 1240 2036 1268 ι(
2063 1219 2392 1276 Maledictus
2411 1222 2590 1278 homo
2611 1225 2710 1295 qui
2728 1227 2965 1281 conﬁdit
2985 1228 3040 1282 in
3063 1229 3302 1288 homine
3319 1219 3453 1306 (Jer.
3473 1254 3607 1305 xvn,

2007 1308 2141 1396 5),»
2167 1311 2277 1362 etc.
2311 1311 2505 1366 Potest
2546 1315 2746 1367 autem
2795 1314 2904 1369 hoc
2961 1321 3348 1390 comparative
3395 1324 3530 1396 legi,
3565 1327 3610 1381 si

2006 1395 2296 1469 principes
2349 1398 2697 1468 accipiamus
2743 1402 2997 1458 coalestes
3042 1406 3292 1476 spiritus,
3351 1413 3410 1464 et
3461 1395 3611 1468 viros

2007 1484 2348 1556 spirituales,
2377 1486 2474 1558 qui
2505 1487 2794 1558 principes
2820 1489 3108 1546 habentur
3142 1493 3204 1548 in
3229 1499 3440 1567 populo
3484 1500 3606 1555 Dei.

2009 1571 2338 1628 Secundum
2357 1575 2507 1629 banc
2535 1575 2709 1646 igitur
2733 1579 3080 1652 sententiam
3103 1581 3184 1636 ita
3203 1582 3424 1640 dicetur
3453 1603 3466 1642 :
3497 1587 3608 1640 Βο-

302 1663 537 1720 Judaico
567 1665 802 1735 populo,
823 1664 966 1719 dicat
993 1681 1135 1719 num
1163 1667 1246 1719 vel
1278 1664 1402 1719 aliis
1429 1665 1512 1719 vel
1536 1663 1855 1718 adinvicem
1893 1679 1906 1716 :
1935 1695 1986 1755 B
2008 1678 2136 1715 num
2167 1669 2242 1714 est
2268 1662 2526 1732 conﬁdere
2551 1665 2607 1716 in
2643 1663 2896 1734 Domino,
2928 1671 3100 1738 magis
3121 1687 3283 1742 quam
3313 1675 3368 1726 in
3397 1674 3613 1730 homine

307 1753 653 1822 Con/ilemini
673 1751 1194 1824 Domino,quoniam
1217 1753 1396 1820 bonus,
1431 1754 1681 1823 quoniam
1731 1753 1785 1804 in
1813 1768 1909 1804 sa:-

305 1841 484 1895 culum
509 1841 866 1895 misericordia
895 1842 1028 1910 ejus.
1064 1842 1131 1896 Et
1165 1841 1243 1896 illi
1281 1858 1346 1895 ex
1386 1840 1654 1911 gentibus
1702 1841 1796 1910 qui
1830 1841 1910 1892 ti-

303 1937 448 1982 ment
489 1928 803 1997 Dominum,
855 1929 969 1984 sive
1015 1929 1234 1999 prselati
1303 1929 1415 1983 sive
1468 1928 1700 1994 subditi,
1726 1929 1907 1982 dicunt

305 2036 444 2072 nunc
471 2020 559 2072 vel
591 2019 716 2073 aliis
755 2019 840 2073 vel
884 2019 1204 2073 adinvicem
1240 2035 1253 2073 :
1288 2015 1632 2088 Con/itcmini
1675 2017 1908 2070 Domino

305 2109 562 2180 quoniam
615 2108 799 2176 bonus,
835 2110 1087 2179 quoniam
1147 2111 1202 2162 in
1241 2107 1496 2163 sacculum
1551 2105 1907 2160 misericordia

305 2199 436 2268 ejus.
471 2197 799 2251 Notandum
831 2195 1043 2269 quippe
1073 2197 1228 2268 quod
1257 2195 1476 2267 primus
1507 2195 1673 2266 hujus
1704 2195 1905 2266 psalmi

307 2302 500 2340 versus
529 2285 586 2339 in
621 2301 736 2340 uno
767 2301 996 2357 quoque
1027 2285 1201 2340 trium
1231 2283 1596 2356 sequentium
1640 2300 1906 2339 versuum

306 2374 656 2446 repetendus
699 2376 782 2427 est
813 2376 984 2440 totus,
1017 2388 1350 2444 quanquam
1400 2372 1695 2426 brevitatis
1741 2387 1910 2425 causa

307 2461 674 2518 solummodo
699 2460 986 2533 posterior
1015 2461 1138 2531 ejus
1163 2477 1294 2533 pars
1335 2461 1582 2532 repetita
1627 2460 1906 2515 videatur.

381 2549 625 2622 Exponit
648 2554 842 2604 autem
866 2549 1146 2603 beneﬁcia
1165 2549 1570 2604 misericordim
1593 2548 1823 2604 Domini
1848 2549 1908 2604 in

310 2657 390 2706 se,
441 2639 520 2694 sic
555 2637 998 2704 :Misericordia,
1046 2637 1308 2709 inquam,
1353 2638 1583 2692 Domini
1636 2639 1911 2693 duratura

309 2733 396 2784 est
421 2743 598 2798 usque
625 2727 682 2782 in
712 2727 1003 2782 saeculum.
1022 2727 1089 2780 Et
1106 2741 1234 2780 ecce
1257 2726 1315 2780 in
1337 2743 1428 2781 me
1447 2729 1727 2798 apparent
1740 2727 1912 2781 bene-

309 2817 439 2870 ﬁcia
470 2814 875 2870 misericordiae
908 2814 1048 2884 ejus.
1077 2815 1196 2886 Ego
1239 2830 1490 2886 namque
1541 2814 1600 2868 in
1649 2813 1909 2868 interiori

308 2904 680 2958 tribulatione
723 2903 993 2957 vitiorum
1050 2902 1408 2968 constrictus,
1463 2901 1526 2955 de
1574 2901 1912 2956 tribulatione

2009 1750 2222 1822 aliquo,
2249 1753 2306 1804 et
2335 1751 2528 1804 bonum
2552 1758 2626 1805 est
2651 1769 2858 1822 sperare
2885 1755 2947 1810 in
2964 1754 3217 1826 Domino,
3245 1763 3414 1829 magis
3449 1780 3609 1834 quam

2005 1839 2068 1894 in
2087 1839 2436 1909 principibus,
2469 1839 2529 1895 id
2558 1843 2646 1894 est
2679 1841 2737 1895 in
2764 1843 2984 1914 angelis
3010 1847 3066 1899 et
3103 1845 3164 1900 in
3207 1849 3420 1904 sanctis
3453 1851 3606 1908 viris.

2007 1928 2085 1981 Ac
2117 1927 2160 1981 si
2191 1927 2344 1982 dicat
2371 1945 2384 1982 :
2417 1930 2558 1983 Cum
2595 1929 2730 1983 utile
2759 1930 2994 2002 quidem
3035 1933 3108 1988 sit
3137 1933 3196 1988 in
3239 1936 3476 1993 homine
3507 1941 3608 1995 ali-

2007 2015 2240 2088 quando
2272 2016 2586 2084 conﬁdere,
2619 2017 2761 2072 etin
2789 2019 3146 2076 orationibus
3193 2027 3251 2078 et
3279 2027 3612 2096 patrociniis

2007 2107 2336 2158 sanctorum
2365 2103 2692 2177 principum
2717 2122 2984 2176 sperare;
3018 2113 3200 2166 multo
3232 2114 3422 2168 utilius
3451 2120 3611 2170 estin

2009 2192 2238 2246 Domino
2266 2194 2524 2262 conﬁdere
2551 2201 2600 2247 et
2636 2211 2865 2264 sperare.
2900 2199 3046 2252 Deus
3095 2199 3251 2256 enim
3303 2203 3424 2258 sine
3477 2205 3613 2276 ipsis

2011 2281 2282 2352 adjuvare
2309 2285 2518 2353 potest,
2547 2282 2653 2354 ipsi
2679 2300 2811 2338 vero
2841 2284 2963 2340 sine
2995 2287 3113 2342 Deo
3147 2289 3408 2348 minime.

2083 2368 2346 2424 Ostendit
2374 2374 2572 2426 autem
2604 2370 2973 2428 inimicorum
3013 2375 3436 2442 tribulationes.
3484 2383 3562 2437 sic
3595 2401 3608 2439 :

2011 2457 2146 2513 Dico
2170 2457 2325 2528 quod
2345 2459 2611 2514 Dominus
2633 2459 2744 2515 erit
2762 2460 2897 2514 milii
2923 2461 3140 2534 adjutar
3166 2469 3370 2523 contra
3417 2468 3610 2526 inimi-
3672 2487 3684 2504 ‘

2013 2562 2130 2613 cos,
2158 2547 2256 2617 qui
2282 2546 2459 2613 etiam
2479 2548 2606 2618 jam
2637 2549 2868 2620 adiutor
2904 2550 3092 2606 existit
3117 2555 3387 2612 adversus
3416 2558 3615 2614 inimi-

2011 2652 2128 2690 cos.
2159 2636 2352 2689 Omnes
2378 2635 2537 2690 enim
2561 2643 2758 2706 gentes,
2782 2638 2838 2692 id
2869 2643 2955 2693 est
2983 2657 3188 2696 omnes
3229 2645 3522 2714 gentiliter
3558 2651 3616 2702 et

2013 2723 2483 2778 irrationabiliter
2507 2725 2912 2792 viventes,tam
2933 2727 3114 2782 Judtei
3145 2745 3321 2800 quam
3349 2735 3614 2803 gentiles,

2013 2814 2334 2868 circuz'crunt
2355 2829 2438 2866 me
2489 2813 2974 2881 tribulationibus,
3005 2815 3064 2871 id
3089 2821 3175 2872 est
3204 2821 3290 2872 tot
3332 2821 3476 2876 mihi
3520 2824 3620 2877 tri-

2013 2899 2335 2955 bulationes
2360 2901 2696 2968 intulerunt,
2719 2905 2780 2956 ut
2802 2901 2939 2956 inde
2957 2905 3108 2958 totus
3133 2905 3356 2961 viderer
3371 2908 3614 2965 circum-

309 2993 408 3048 illa
440 2994 684 3047 invocavi
712 2991 1026 3057 Dominum,
1060 2989 1114 3044 id
1147 2994 1236 3044 est
1275 3006 1445 3044 causa
1480 2989 1629 3044 illius
1675 2989 1908 3044 tribula-
1935 2975 1982 3036 C
2015 2989 2181 3044 datus
2198 3004 2339 3044 esse.
2371 2988 2450 3043 Et
2478 3006 2609 3044 cum
2637 3007 2732 3044 me
2757 2990 2984 3060 penitus
3005 2992 3250 3048 obruere
3273 2995 3614 3065 niterentur,

311 3082 485 3136 tionis
502 3079 812 3136 evadendas
833 3079 986 3134 oravi
1014 3079 1326 3134 Dominum
1349 3081 1531 3134 :etme
1549 3076 1912 3134 invocantem

312 3170 582 3225 exaudivit
603 3169 867 3222 Dominus
897 3167 1156 3222 eruendo
1205 3184 1240 3221 a
1271 3166 1638 3222 tribulatione
1666 3159 1765 3221 illa
1793 3184 1806 3222 :
1834 3185 1916 3222 me

313 3259 440 3315 dico
469 3257 808 3328 ponendum
860 3259 916 3310 in
955 3255 1236 3310 latitudine
1271 3255 1590 3310 dilectionis
1639 3259 1697 3308 et
1746 3256 1914 3310 home

313 3346 687 3420 operationis.
710 3347 790 3400 Ac
819 3345 865 3398 si
897 3344 1049 3399 dicat
1079 3361 1092 3398 :
1128 3345 1196 3398 Et
1219 3361 1254 3398 a
1287 3343 1653 3399 tribulatione
1685 3361 1778 3398 me
1804 3344 1915 3398 eri-

314 3437 438 3509 puit
469 3451 572 3507 per
600 3435 870 3506 gratiam,
899 3437 957 3488 et
1005 3433 1064 3488 in
1111 3431 1494 3502 amplitudine
1535 3432 1813 3509 virtutum
1863 3437 1920 3488 et

314 3507 604 3582 bonorum
636 3539 876 3592 operum
908 3538 1002 3576 me
1029 3523 1236 3594 posuit.
1260 3521 1402 3576 Cum
1425 3523 1600 3593 igitur
1849 3524 1920 3577 de

312 3612 574 3669 interiori
619 3610 990 3665 tribulatione
1031 3611 1167 3664 mihi
1212 3611 1478 3666 Dominus
1533 3611 1784 3665 extiterit
1831 3611 1922 3665 ad-

303 3703 478 3773 jutor,
521 3703 710 3755 certus
749 3715 876 3752 sum
921 3699 1202 3770 quoniam
1259 3702 1318 3752 et
1371 3698 1429 3752 in
1471 3699 1840 3754 tribulatione
1888 3715 1923 3754 a

315 3791 576 3864 quolibet
607 3790 972 3860 persecutore
992 3786 1152 3842 illata
1181 3787 1324 3841 mihi
1356 3787 1642 3854 existenti,
1676 3787 1785 3841 erit
1812 3789 1922 3841 Do-

320 3880 512 3935 minus
529 3877 760 3948 adjulor
785 3893 856 3930 ne
887 3874 1173 3929 deﬁciam.
1203 3875 1448 3947 Ideoque
1471 3893 1575 3929 non
1596 3875 1926 3946 timeboquid

317 3967 784 4042 persecutionum
795 3965 964 4036 faciat
988 3965 1286 4020 milii/tome
1303 3965 1541 4037 quilibet
1555 3964 1925 4035 malignus,id

320 4062 426 4124 est,
458 4073 574 4110 non
607 4055 824 4110 timebo
855 4053 1237 4126 quodcunque
1260 4053 1722 4124 persecutionum
1745 4069 1927 4124 genus

325 4145 462 4200 mihi
496 4161 530 4198 a
561 4143 830 4213 malignis
859 4143 1190 4197 hominibus
1221 4142 1818 4210 inferatur.Dominus,
1845 4141 1930 4196 in-

2015 3081 2072 3132 in
2097 3079 2309 3131 nomine
2328 3077 2560 3133 Domini
2587 3077 2832 3149 contigit
2859 3079 3014 3151 quod
3043 3081 3184 3135 ultus
3211 3099 3325 3136 sum
3351 3086 3542 3140 eundo
3562 3089 3619 3140 in

2013 3184 2115 3232 eos,
2137 3165 2196 3221 id
2217 3169 2303 3220 est
2325 3183 2427 3238 per
2441 3167 2549 3221 hoc
2570 3167 2725 3238 quod
2745 3183 2854 3238 ego
2875 3167 3065 3223 studui
3085 3171 3139 3223 in
3155 3174 3364 3226 nomine
3378 3172 3617 3242 Domini,

2015 3255 2076 3308 id
2102 3259 2186 3309 est
2205 3254 2262 3308 in
2285 3255 2506 3308 honore
2524 3254 2755 3309 Domini
2779 3271 2896 3310 non
2921 3256 2978 3311 in
2999 3257 3222 3314 honore
3243 3276 3394 3328 meo,
3411 3261 3622 3318 scilicet

2019 3344 2174 3415 quod
2205 3344 2386 3398 Deum
2417 3343 2705 3398 honorare
2733 3344 2915 3415 sategi
2942 3361 3061 3400 non
3081 3349 3450 3422 me,contigit
3465 3351 3623 3422 quod

2023 3433 2094 3488 de
2125 3433 2205 3486 eis
2235 3432 2377 3486 ullus
2395 3449 2534 3500 sum,
2565 3432 2755 3488 eundo
2801 3450 2903 3504 per
2938 3435 3407 3505 praedicationem
3443 3441 3500 3494 in
3540 3457 3623 3494 eos

2021 3520 2492 3592 incorporandos.
2523 3520 2688 3584 Quod
2716 3525 2800 3575 est
2830 3521 3020 3576 dicere
3050 3523 3368 3588 :Quoniam
3399 3528 3496 3584 Dei
3527 3529 3626 3584 b0-

2025 3609 2148 3664 nori
2173 3609 2388 3676 vacavi,
2415 3609 2564 3662 hanc
2588 3609 2659 3663 de
2705 3609 2785 3664 eis
2833 3609 3113 3664 ultionem
3160 3613 3438 3670 Dominus
3481 3616 3624 3672 mihi

2023 3695 2324 3762 concessit,
2357 3700 2418 3750 ut
2441 3695 2585 3750 sicut
2629 3696 2974 3751 studuerunt
2999 3715 3093 3752 me
3123 3699 3228 3754 sibi
3255 3700 3625 3775 incorporare

2023 3802 2128 3857 per
2153 3784 2714 3851 tribulationem,ita
2763 3785 2906 3839 mihi
2952 3802 3051 3840 eos
3103 3787 3469 3860 incorporare
3523 3808 3628 3863 per

2025 3872 2530 3944 praedicationem;
2558 3873 2644 3926 vel
2675 3871 2752 3926 sic
2779 3889 2792 3927 :
2831 3873 2988 3927 Ullus
3007 3889 3131 3928 sum
3157 3877 3372 3932 ultione
3398 3879 3628 3936 factain

2028 3979 2146 4029 eos,
2175 3961 2234 4015 id
2285 3965 2371 4015 est
2421 3965 2624 4016 contra
2671 3977 2790 4028 eos,
2821 3961 3036 4017 scilicet
3091 3967 3294 4019 contra
3345 3969 3630 4038 quosdam

2029 4067 2252 4106 eorum.
2282 4049 2448 4113 Quod
2477 4052 2560 4103 est
2581 4049 2771 4104 dicere
2805 4066 2818 4104 :
2851 4049 2940 4105 Sic
2985 4051 3056 4105 de
3097 4053 3440 4123 quibusdam
3489 4057 3631 4112 ultus

2027 4155 2142 4192 sum
2169 4142 2230 4193 ut
2251 4138 2330 4193 eis
2353 4137 2489 4192 ultio
2511 4137 2605 4192 illa
2625 4137 2796 4192 nimis
2815 4141 2963 4192 esset
2989 4141 3208 4209 nociva,
3229 4157 3361 4198 cum
3391 4143 3630 4216 quidam

323 4247 520 4303 quam,
560 4233 696 4284 mihi
727 4229 836 4284 erit
869 4229 1084 4299 adjutor
1114 4229 1172 4284 in
1191 4231 1656 4286 tribulationibus
1682 4231 1925 4286 exterio-
1952 4218 2004 4278 D
2028 4245 2094 4284 ex
2124 4227 2581 4300 persecutoribus
2615 4227 2758 4282 meis
2785 4227 3052 4283 dicantur
3079 4229 3256 4284 etiam
3287 4229 3346 4285 in
3391 4231 3498 4288 hac
3521 4234 3634 4289 vita

325 4321 500 4375 ribus.
535 4320 784 4390 Ideoque
817 4335 933 4373 non
966 4319 1182 4374 timebo
1215 4319 1480 4374 inimicos
1507 4321 1796 4388 homines,
1827 4320 1929 4374 sed

326 4418 374 4464 et
402 4425 494 4478 ego
524 4407 656 4462 licet
680 4408 923 4461 multum
949 4407 1020 4462 ab
1048 4407 1128 4461 eis
1143 4409 1598 4478 persecutionem
1621 4409 1927 4478 sustinens,

325 4498 608 4569 despiciam
638 4500 836 4551 tamen
859 4497 1104 4552 inimicos
1131 4513 1289 4562 meos,
1323 4497 1590 4552 homines
1621 4497 1926 4567 malignos,

324 4585 382 4642 id
406 4591 491 4642 est
511 4602 712 4642 eorum
735 4585 1160 4657 persecutiones
1171 4585 1506 4655 despiciam,
1529 4589 1588 4640 et
1609 4588 1670 4639 ut
1689 4585 1929 4640 nihilum

326 4675 630 4747 reputabo,
663 4673 818 4746 quod
841 4673 1112 4745 equidem
1145 4674 1330 4744 majus
1357 4676 1442 4728 est
1472 4690 1644 4745 quam
1693 4690 1809 4728 non
1859 4673 1932 4728 ti-

326 4781 518 4831 mere;
546 4765 632 4818 vel
658 4763 946 4833 despiciam
970 4765 1212 4818 inimicos
1223 4779 1360 4816 meos
1379 4762 1664 4834 malignos
1681 4761 1928 4834 spiritus,

327 4853 386 4909 id
417 4857 502 4908 est
531 4869 734 4908 eorum
769 4851 1087 4923 despiciam
1119 4850 1515 4922 suggestiones
1539 4851 1619 4905 eis
1651 4867 1768 4905 non
1801 4867 1934 4905 con-

328 4941 602 4996 sentiens.
625 4939 910 5004 Quoniam
934 4940 1166 5010 igitur,o
1185 4940 1494 5006 auditores,
1511 4939 1788 4995 Dominus
1807 4939 1934 4994 talis

329 5029 562 5100 adjutor
591 5032 670 5082 est
701 5031 763 5082 ut
786 5045 920 5083 suos
941 5028 1110 5082 faciat
1141 5045 1256 5082 non
1307 5028 1533 5094 timere,
1566 5031 1624 5083 et
1668 5027 1932 5082 inimicos

331 5118 648 5189 despicere,
681 5118 870 5171 bonum
897 5124 970 5170 est
998 5116 1258 5184 conﬁdere
1287 5119 1344 5170 in
1371 5117 1602 5170 Domino
1642 5116 1700 5172 in
1753 5116 1933 5170 tribu-

329 5207 545 5263 latione
567 5222 672 5278 pro
703 5223 772 5262 eo
801 5204 1097 5277 patiendo,
1113 5207 1283 5275 magis
1307 5223 1470 5277 quam
1485 5205 1742 5275 confidere
1767 5207 1822 5258 in
1845 5205 1935 5258 Im-

327 5301 472 5355 mine
492 5300 856 5370 persecutore
888 5299 1182 5351 terrenam
1209 5295 1455 5350 salutem
1504 5311 1608 5367 per
1658 5311 1792 5349 eum
1831 5294 1932 5349 ha-

333 5386 546 5446 bendo.
588 5404 620 5438 α
649 5385 808 5441 Vana
831 5399 1083 5460 namque
1131 5384 1281 5440 salus
1318 5382 1570 5441 hominis
1609 5381 1780 5454 (Psal.
1825 5398 1933 5452 le,

341 5485 442 5554 13).
475 5501 503 5529 υ
529 5479 682 5535 Istud
714 5477 900 5552 magis
919 5474 1308 5554 comparative
1323 5490 1438 5532 non
1461 5474 1548 5526 est
1563 5470 1836 5548 positum,
1869 5487 1934 5532 ac

2030 4336 2064 4372 a
2083 4317 2329 4372 Domino
2343 4317 2498 4387 justa
2519 4316 2778 4386 corporis
2803 4319 2990 4370 morte
3019 4316 3190 4371 fuisse
3220 4317 3512 4384 damnati;
3548 4323 3634 4376 vel

2031 4407 2109 4461 sic
2142 4423 2154 4460 :
2195 4405 2350 4461 Ultus
2373 4422 2512 4466 sum,
2541 4404 2600 4458 id
2627 4408 2712 4458 est
2745 4405 2891 4458 ultus
2916 4420 3016 4458 ero
3043 4403 3259 4458 ultione
3283 4405 3549 4467 facienda
3576 4409 3635 4464 in

2032 4511 2150 4560 eos,
2211 4493 2272 4547 id
2318 4496 2405 4546 est
2460 4495 2663 4546 contra
2723 4507 2842 4557 eos,
2887 4490 3103 4546 scilicet
3157 4492 3374 4548 ultione
3432 4497 3640 4553 mcrtis

2033 4585 2287 4647 mter-nm,
2327 4596 2456 4650 qua:
2484 4580 2646 4633 valde
2677 4579 2788 4634 illis
2831 4583 2916 4634 est
2955 4581 3234 4637 nocitura.
3282 4583 3398 4639 Hoc
3441 4588 3637 4642 autem

2033 4669 2174 4724 dicit
2201 4669 2272 4722 ad
2301 4667 2721 4723 correctionem
2754 4673 3208 4739 persecutorum.

2058 4757 2310 4827 _Ostensa
2323 4755 2685 4812 inimicorum
2702 4757 3638 4835 multiplicitate,ostenditquoque

2033 4844 2472 4902 tribulationum
2505 4860 2707 4900 eorum
2740 4847 3254 4916 perseverantiam,
3277 4848 3356 4902 sic
3384 4866 3398 4904 :
3424 4849 3636 4918 Omnes,

2036 4934 2306 5007 inquam,
2351 4937 2553 5004 gentes
2597 4933 3027 4990 tribulationibus
3081 4937 3404 4990 circuierunt
3435 4955 3540 5006 mc,
3581 4945 3640 4996 et

2035 5023 2143 5078 hoc
2169 5039 2288 5077 non
2319 5022 2392 5076 ad
2420 5022 2624 5077 horam
2651 5039 2665 5090 ;
2695 5022 2798 5078 sed
2826 5023 3284 5079 cirCumdederunt
3301 5043 3384 5080 me
3411 5029 3640 5084 circum-

2034 5113 2236 5179 dantes,
2267 5111 2325 5168 id
2355 5115 2443 5166 est
2467 5113 2525 5167 in
2553 5111 3006 5166 circnmdatione
3027 5111 3124 5167 illa
3143 5129 3376 5185 semper
3393 5130 3640 5186 praesen.

2037 5205 2120 5257 tes
2141 5205 2199 5256 et
2219 5198 3001 5272 perseverantes.Notandum
3017 5203 3212 5256 autem
3233 5216 3365 5257 cum
3387 5219 3640 5275 prmsens

2037 5288 2401 5363 participium
2429 5287 2808 5358 conjugatum
2843 5303 2974 5344 cum
3004 5289 3178 5344 verbo
3217 5291 3530 5362 conjugato
3563 5295 3642 5350 sic

2037 5377 2293 5454 ponitur,
2319 5375 2808 5448 perseverantiam
2851 5376 3141 5446 denotari,
3185 5380 3251 5434 ut
3290 5379 3468 5438 videns
3508 5383 3637 5450 viiii.

2038 5474 2337 5545 exspectans
2380 5467 2692 5543 exspectavi,
2743 5469 2806 5524 et
2841 5469 3054 5526 castora
3108 5467 3268 5534 talia.
3319 5469 3458 5534 Dico
3486 5474 3645 5551 quod
