3966 6034
425 220 553 278 ἱὲὅί

1027 202 1064 271 s
1121 194 1469 270 hannonis
1509 192 2138 269 mnrHUSIANonUu
2177 194 2645 271 INsm‘Uroms
2684 206 2838 269 ora.
2881 194 3113 267 m’nsi

3619 210 3781 268 1252

421 337 805 395 circumdantes
834 335 1285 392 circumdederunt
1303 353 1406 399 me,
1446 343 1495 390 et
1511 338 1706 391 tamen
1725 338 1780 389 in
1812 336 2028 390 nomine
2046 345 2101 402 Α
2128 339 2228 405 nis,
2262 337 2609 408 designatrix
2639 336 2850 391 laetitia:
2883 340 2940 390 et
2955 335 3151 390 salutis
3178 339 3409 391 aeternas
3435 353 3449 405 ;
3481 334 3659 409 quod
3678 339 3781 387 est

422 429 641 484 Domita
876 425 1287 497 contigitquod
1304 426 1444 479 ultus
1467 441 1584 478 sum
1616 426 1670 477 in
1698 441 1799 478 eos.
1817 425 1931 478 Hoc
1960 427 2023 478 ut

422 516 685 590 superius
714 512 1564 589 exponitur:Circunuiederunt,
1604 512 1864 584 inquam,
1917 529 2022 590 ine,

422 609 480 659 et
507 607 615 659 hoc
644 606 779 658 sicut
804 602 1017 675 apes,id
1045 606 1131 657 est
1160 600 1372 656 similes
1401 601 1603 673 apibus
1634 601 1693 655 in
1724 600 2023 655 ferocitate

422 698 480 749 et
503 693 744 748 acritate
763 692 965 759 nimia,
992 707 1119 762 qum
1145 690 1313 745 simul
1331 689 1490 745 iratae
1503 691 1655 756 sunt,
1673 688 1850 744 nimis
1880 689 2024 743 acri-

420 790 511 841 ter
537 785 775 840 instant.
807 781 905 836 Vel
942 782 1077 834 sicut
1120 795 1261 850 apes,
1302 778 1360 833 id
1406 780 1490 832 est
1534 778 1749 832 similes
1800 777 2023 849 apibus.

419 875 565 929 Nam
595 872 739 927 sicut
767 885 902 942 apes
925 868 1127 923 fanum
1159 867 1389 923 dulcem
1403 869 1739 938 operantur,
1753 866 1831 920 sic
1849 866 2026 937 etipsi

418 979 527 1038 per
555 959 989 1018 tribulationum
1020 956 1380 1023 instantiam,
1413 955 1699 1026 majorem
1733 954 2026 1010 charitatis

421 1049 786 1107 dulcedinem
816 1062 956 1117 erga
979 1047 1162 1100 Deum
1192 1044 1413 1117 Operati
1444 1047 1596 1098 sunt.
1614 1043 1841 1108 Quanto
1859 1059 2023 1097 nam-

421 1156 533 1212 que
558 1136 743 1208 magis
770 1134 1060 1201 infirmor,
1090 1135 1253 1187 tanto
1276 1132 1458 1203 magis
1474 1132 1680 1187 fortior
1701 1135 1900 1187 sumet
1920 1147 2024 1203 po-

420 1224 616 1299 tens(1
637 1223 764 1280 Cor.
786 1239 883 1289 xu,
921 1221 1027 1293 10),
1054 1227 1103 1275 et
1137 1226 1445 1274 exarserunt
1470 1219 1528 1273 in
1565 1235 1659 1273 me
1701 1216 2025 1273 tribulatio-

421 1316 611 1382 nibus,
644 1314 785 1368 sicut
820 1311 958 1381 ignis
988 1308 1355 1363 exardescere
1401 1308 1546 1363 solet
1576 1309 1630 1360 in
1668 1309 1850 1377 spinis.
1884 1306 2027 1359 Nam

421 1405 567 1459 sicut
592 1402 741 1473 ignis
769 1400 828 1455 in
862 1397 1101 1470 spinetis
1147 1412 1436 1463 accensus,
1479 1396 1670 1469 spinas
1717 1394 2024 1463 comburit,

420 1498 689 1547 truncum
717 1491 913 1543 autem
940 1487 1180 1541 illaesum
1200 1484 1468 1552 dimittit;
1492 1484 1571 1537 sic
1601 1488 1659 1539 et
1690 1499 1893 1538 eorum
1926 1483 2025 1537 tri-

421 1579 745 1636 bulationes
763 1577 1126 1648 peccatorum
1141 1572 1332 1644 spinas
1345 1571 1402 1626 in
1416 1588 1509 1627 me
1524 1575 2024 1643 consumpserunt.

2126 425 2317 480 dicere
2351 425 2540 481 :Adeo
2568 426 2746 480 fortes
2764 441 2861 479 eos
2886 424 2944 478 in
2969 424 3337 479 tribulatione
3358 424 3522 491 facit,
3551 427 3627 477 ut
3650 438 3779 476 nec

2126 513 2183 567 in
2218 513 2587 568 tribulatione
2605 528 2803 568 vocem
2817 512 3060 567 tristitiae
3085 512 3511 585 proferant,sed
3543 528 3779 567 vocem

2126 601 2529 671 designantem
2558 602 2997 656 exsultationem
3021 604 3422 673 aeternamque
3469 602 3777 656 salutem.

2122 690 2289 744 Juxta
2314 690 2468 763 quod
2494 689 2554 744 in
2582 689 2812 744 Actibus
2836 690 3227 760 apostolorum
3257 691 3471 761 legitur
3492 707 3506 744 :
3525 709 3563 740 α
3584 689 3775 743 ibant

2126 778 2445 850 gaudentes
2476 796 2510 833 a
2529 781 2840 849 conspectu
2865 777 3113 845 concilii,
3145 778 3423 850 quoniam
3452 778 3628 851 digni
3656 779 3773 833 ha-

2124 867 2227 921 biti
2260 871 2394 922 sunt
2414 883 2517 940 pro
2546 866 2783 922 nomine
2810 866 2939 921 .lcsu
2971 867 3384 922 contumeliam
3438 869 3564 939 pati
3601 868 3669 935 (Α
3684 873 3766 920 ct.

2125 971 2178 1023 v,
2211 957 2322 1028 41).
2348 976 2376 1005 ››
2411 956 2534 1011 Non
2561 957 2749 1010 solum
2786 958 2979 1010 autem
3018 954 3128 1009 fuit
3168 953 3433 1009 Dominus
3469 955 3765 1025 fortitudo

2124 1061 2265 1113 mea,
2297 1043 2614 1099 secundum
2643 1044 2881 1098 robusta
2894 1043 3180 1110 membra,
3200 1046 3262 1097 ut
3280 1059 3375 1098 me
3396 1042 3770 1098 faceretfor-

2124 1136 2243 1187 tem
2274 1136 2333 1187 et
2355 1134 2718 1187 constantem
2751 1136 2952 1187 contra
2979 1131 3423 1202 persecutiones,
3442 1131 3549 1187 sed
3566 1131 3765 1186 etiam

2124 1220 2338 1275 dextera
2370 1220 2591 1275 Domini
2613 1221 2743 1290 fecit
2787 1221 2847 1275 in
2887 1237 2980 1274 me
3028 1223 3296 1288 virtutem,
3327 1222 3387 1276 id
3436 1224 3523 1276 est
3571 1221 3767 1275 Filius

2127 1309 2229 1366 Dei
2258 1309 2392 1364 fecit
2429 1309 2489 1363 in
2538 1326 2634 1363 me
2678 1308 2998 1376 victoriam,
3022 1309 3235 1363 scilicet
3276 1309 3410 1365 fecit
3463 1310 3761 1382 quaedam

2127 1399 2391 1453 membra
2424 1413 2557 1452 mea
2586 1397 2844 1460 robusta,
2863 1398 2991 1468 jam
3023 1398 3250 1454 vincere
3300 1415 3507 1453 omnes
3554 1415 3773 1470 perse-

2127 1488 2375 1554 cutores,
2407 1490 2471 1541 ut
2498 1502 2602 1541 nec
2654 1486 2712 1540 in
2765 1490 2958 1541 morte
3007 1485 3261 1559 corporis
3312 1487 3619 1541 cederent.
3683 1488 3761 1541 Et

2127 1590 2232 1645 per
2250 1575 2357 1629 boc
2383 1573 2596 1633 dextera
2627 1573 2852 1629 Domini
2878 1573 3130 1628 exultavit
3155 1592 3258 1643 me,
3306 1574 3364 1629 id
3404 1578 3492 1629 est
3542 1575 3749 1629 subli-

419 1670 503 1726 Me
536 1670 729 1723 autem
777 1665 1017 1719 illaesum
1067 1661 1429 1722 dimiserunt,
1478 1667 1526 1713 et
1564 1660 1673 1717 hoc
1721 1662 1775 1713 in
1819 1662 2030 1714 nomine
2055 1662 2306 1723 Bmavit
2334 1665 2391 1716 et
2429 1662 2768 1733 gloriﬁcavit
2811 1662 2906 1716 illa
2945 1662 3211 1717 membra
3249 1679 3400 1730 mea,
3439 1680 3576 1735 qua:
3612 1664 3757 1733 jam

420 1758 645 1811 Domini
666 1751 928 1823 contigit,
952 1752 1076 1823 quia
1104 1754 1245 1802 ultus
1271 1766 1387 1802 sum
1414 1750 1469 1801 in
1495 1765 1598 1802 eos.

492 1846 608 1900 Hoc
629 1843 805 1897 etiam
828 1844 891 1895 ut
912 1838 1169 1910 superius
1196 1828 2025 1909 exponitur.Circumdederunt,

420 1934 684 2006 inquam,
718 1946 803 1984 me
829 1931 887 1983 et
916 1928 990 1982 ab
1028 1941 1231 1981 eorum
1260 1924 1731 1980 tribulationibus
1765 1924 2026 1995 imputsus

418 2020 631 2085 sum,id
655 2022 740 2075 est
760 2033 1079 2092 percussus,
1112 2023 1170 2069 ut
1199 2014 1459 2082 caderem,
1483 2013 1537 2069 id
1583 2017 1666 2068 est
1697 2013 1770 2068 ad
1818 2014 1927 2068 hoc
1965 2016 2029 2067 ut

420 2128 455 2165 a
484 2107 777 2182 proposito
798 2122 930 2160 meo
956 2104 1285 2159 deficerem.
1306 2102 1468 2166 Quod
1488 2102 1777 2157 estdicere
1802 2118 1815 2156 :
1844 2102 1921 2156 Ea
1948 2101 2031 2155 in-

419 2198 678 2254 tentione
710 2211 804 2250 me
835 2192 1298 2249 tribulationibus
1320 2191 1695 2262 impulerunt,
1729 2193 1794 2244 ut
1823 2206 1917 2245 me
1956 2189 2030 2243 ad

421 2302 617 2341 casum
644 2284 899 2339 defectus
930 2281 1305 2337 adducerent.
1336 2279 1459 2334 Non
1488 2280 1672 2334 solum
1700 2281 1895 2333 autem
1926 2280 2026 2333 im-

411 2375 597 2445 pulsus
620 2389 757 2439 sum,
785 2370 886 2425 sed
929 2369 1106 2424 etiam
1137 2367 1453 2423 secundum
1506 2366 1775 2439 quaedam
1817 2365 2030 2420 debilia

421 2461 690 2518 membra
713 2475 844 2513 mea
864 2473 1069 2512 eversus
1087 2473 1228 2523 sum,
1256 2462 1317 2509 ut
1339 2454 1596 2523 caderem,
1628 2454 1687 2509 id
1714 2459 1799 2509 est
1819 2453 2028 2508 timore

421 2548 860 2603 tribulationum
873 2544 1185 2617 quemdam
1202 2542 1413 2598 debilia
1430 2543 1695 2598 membra
1712 2557 1845 2596 mea
1861 2544 2028 2597 nuta-

421 2639 648 2704 verunt,
682 2652 800 2691 non
833 2634 910 2688 sic
942 2637 1005 2688 ut
1034 2649 1103 2687 ex
1133 2634 1255 2686 toto
1282 2631 1575 2699 caderent,
1610 2631 1710 2686 sed
1742 2631 1886 2685 sicut
1903 2631 2027 2702 jam

422 2726 718 2794 caderent,
752 2723 811 2778 id
839 2725 923 2777 est
954 2724 1017 2775 ut
1047 2721 1143 2793 qui
1175 2720 1233 2774 in
1261 2719 1425 2775 initio
1456 2735 1617 2775 casus
1670 2721 1861 2774 essent
1902 2719 2029 2789 jam

421 2815 607 2889 parati
635 2815 708 2869 ad
744 2809 1153 2868 deﬁciendum.
1183 2808 1285 2872 Et,
1318 2825 1391 2863 ne
1423 2809 1481 2863 in
1515 2825 1583 2862 ea
1610 2813 1774 2881 parte
1816 2807 1873 2861 in
1917 2823 2031 2879 qua

425 2920 655 2963 eversus
680 2917 806 2957 sum
838 2917 904 2955 ex
924 2902 1046 2954 toto
1072 2897 1363 2965 caderem,
1386 2896 1648 2951 Dominus
1675 2899 1896 2966 suscepit
1924 2912 2026 2963 me,

421 3009 527 3065 per
538 2990 809 3046 auxilium
829 2986 1245 3059 patrocinantis
1270 2985 1493 3057 gratiae.
1512 2984 1677 3049 Quod
1695 2988 1779 3039 est
1806 2984 2023 3039 dicere:

420 3079 653 3153 Adjnvit
683 3076 893 3133 debilia
912 3074 1179 3130 membra
1191 3090 1322 3129 mea
1338 3073 1463 3143 jam
1489 3089 1706 3141 eversa,
1733 3089 1805 3127 ne
1826 3088 1892 3127 ex
1907 3075 2027 3126 toto

421 3170 730 3234 caderent;
778 3182 812 3220 a
851 3162 1225 3219 similitudine
1279 3162 1537 3232 alicujus,
1575 3161 1673 3233 qui
1711 3161 2028 3232 quemlibet

423 3273 673 3330 pronum
705 3254 778 3309 ad
806 3252 1131 3307 cadendum
1158 3250 1317 3320 cujus
1354 3250 1480 3321 jam
1528 3265 1630 3320 pes
1669 3265 1897 3303 eversus
1944 3251 2029 3304 cst

423 3343 689 3416 suscepit,
723 3342 923 3396 dextra
950 3339 1191 3394 fulciens
1220 3354 1354 3392 eum
1385 3354 1457 3392 ne
1488 3337 1674 3394 cadat.
1701 3338 1763 3391 In
1795 3353 1863 3391 ea
1893 3353 2026 3391 vero

423 3436 587 3504 parte
605 3428 842 3485 fortium
861 3428 1285 3492 membrorum,
1302 3425 1361 3480 in
1375 3441 1488 3497 qua
1502 3427 1727 3479 tantum
1751 3425 2028 3497 impulsus

423 3536 550 3576 sum
571 3522 630 3574 et
649 3534 767 3572 non
793 3532 1019 3571 eversus
1047 3514 1150 3583 fui,
1175 3513 1439 3568 Dominus
1485 3513 1753 3584 fortitudo
1798 3530 1934 3582 mea,
1969 3514 2028 3571 id

423 3614 510 3666 est
530 3623 700 3662 causa
724 3604 1079 3661 fortitudinis
1107 3618 1273 3657 meae.
1295 3600 1458 3665 Quod
1480 3603 1566 3656 est
1588 3601 1776 3657 dicere
1803 3618 1816 3657 :
1844 3602 2025 3657 Forti-

422 3701 528 3756 bus
546 3697 757 3752 viribus
779 3693 942 3760 meis,
963 3708 1092 3765 quas
1115 3707 1209 3747 me
1232 3691 1305 3745 ad
1323 3689 1755 3745 tribulationem
1782 3690 1838 3744 in
1863 3691 2024 3761 pulso

422 3804 541 3843 non
559 3785 985 3848 vacillaverunt,
1018 3780 1176 3836 dedit
1204 3778 1482 3835 Dominus
1511 3778 1864 3833 fortitudinis
1887 3796 2026 3835 con-

424 3875 717 3940 stantiam,
758 3874 820 3926 ut
849 3871 909 3926 in
929 3870 1084 3925 bono
1118 3866 1410 3940 proposito
1437 3883 1538 3921 suo
1569 3871 2021 3937 perseverarent.

421 3965 501 4019 Et
515 3980 616 4034 per
631 3962 740 4016 boc
760 3960 943 4014 factus
959 3960 1045 4012 est
1068 3956 1184 4010 laus
1216 3971 1354 4024 mea,
1378 3955 1463 4010 vel
1497 3955 1748 4010 laudatio
1780 3971 1930 4022 mea,
1964 3956 2025 4011 id

424 4056 510 4106 est
528 4050 712 4105 factus
733 4050 819 4101 est
838 4046 981 4101 mihi
996 4061 1166 4100 causa
1181 4043 1364 4098 laudis
1378 4044 1466 4097 vel
1497 4043 1861 4108 laudationis,
1876 4044 2021 4099 scili-

422 4142 516 4193 cet
538 4138 647 4192 boc
674 4134 815 4190 mihi
839 4148 943 4205 per
965 4131 1365 4186 fortitudinem
1388 4130 1651 4198 contulit,
1675 4136 1735 4185 ut
1754 4131 1814 4185 in
1835 4132 2021 4187 Eccle-

2056 2944 2103 3003 C

2126 1749 2407 1818 vicerunt,
2463 1754 2525 1805 ut
2576 1750 2887 1806 laudabilia
2933 1750 3082 1822 apud
3140 1749 3335 1806 fideles
3382 1751 3761 1806 habeantur.

2124 1836 2380 1907 Dextera,
2414 1838 2680 1911 inquam,
2713 1838 2938 1894 Domini
2959 1841 3087 1910 fecit
3109 1839 3383 1893 virtutem.
3401 1840 3513 1893 Hoc
3539 1843 3761 1894 autem

2128 1926 2258 1982 ideo
2290 1927 2521 1998 repetit,
2550 1926 2744 1982 uthac
2778 1927 3078 1983 occasione
3110 1926 3285 1983 addat
3320 1929 3763 1984 remotionem.

2129 2015 2325 2069 Posset
2357 2014 2514 2069 enim
2562 2032 2595 2069 a
2634 2016 3097 2087 persecutoribus
3139 2016 3309 2088 objici
3343 2015 3537 2071 :’Dicis
3590 2019 3767 2088 quod

2130 2103 2410 2159 Dominus
2428 2103 2562 2158 fecit
2578 2106 2635 2158 te
2652 2103 2901 2171 vincere,
2920 2104 3075 2176 quod
3094 2108 3248 2159 certe
3263 2105 3475 2160 mirum
3488 2104 3761 2172 \idetur,

2131 2208 2261 2246 cum
2292 2192 2484 2263 potius
2513 2192 2756 2247 videaris
2779 2193 2837 2248 in
2874 2191 3215 2265 quibusdam
3240 2192 3518 2249 membris
3547 2197 3762 2265 pertu-

2130 2281 2259 2336 lisse
2287 2297 2354 2335 ea
2397 2297 2525 2352 qua:
2570 2282 2643 2335 ad
2698 2285 2951 2336 mortem
3005 2281 3274 2347 attinent,
3333 2281 3757 2336 tribulationes

2128 2368 2341 2423 scilicet
2371 2385 2551 2440 usque
2582 2369 2656 2424 ad
2680 2369 2977 2441 sanguinis
3016 2369 3357 2425 effusionem
3407 2370 3569 2441 quod
3607 2370 3749 2425 victi

2129 2458 2407 2530 sustinere
2454 2458 2660 2512 solent.
2698 2457 2784 2512 Ad
2834 2458 2988 2529 quod
3029 2458 3286 2530 sequitur
3325 2458 3578 2514 remotio
3611 2459 3697 2513 sic
3735 2473 3756 2513 τ

2353 2545 2504 2600 Bene
2533 2545 2659 2599 dico
2691 2561 2799 2616 ego
2821 2544 2977 2617 quod
3001 2544 3213 2599 dextera
3242 2544 3469 2600 Domini
3491 2546 3628 2616 fecit
3649 2564 3753 2601 me

2126 2633 2379 2699 vincere,
2400 2649 2506 2704 per
2525 2632 2848 2705 passionem
2862 2633 3113 2705 ipsarum
3128 2632 3595 2688 tribulationum.
3613 2634 3744 2687 Non

2129 2720 2286 2775 enim
2304 2736 2474 2775 causa
2492 2722 2749 2794 ipsarum
2768 2721 3208 2776 tribulationum
3226 2724 3449 2789 moriar,
3468 2723 3627 2794 quod
3644 2740 3745 2776 vos

2128 2812 2522 2881 persecutores
2536 2810 2764 2882 putatis,
2778 2808 2868 2863 sed
2877 2826 2981 2881 per
3002 2826 3099 2865 eas
3117 2809 3174 2864 in
3206 2813 3494 2865 aeternum
3521 2813 3732 2867 vivam.

2129 2897 2395 2969 Congruc
2418 2898 2692 2953 nimirum
2718 2897 2884 2970 ponit
2901 2902 3127 2967 moriar,
3141 2898 3273 2953 licet
3290 2899 3571 2970 posuisset
3583 2901 3739 2970 fecit,

2128 2987 2283 3057 quod
2306 2987 2661 3058 praeteritum
2684 2990 2787 3041 est.
2827 2988 2905 3041 Ac
2936 2986 2978 3040 si
3012 2987 3227 3041 diceret
3258 3004 3271 3041 :
3300 2988 3452 3042 Bene
3485 2988 3613 3042 dico
3642 3004 3738 3041 me

2120 3074 2246 3144 jam
2277 3075 2473 3130 vicisse
2500 3076 2812 3130 secundum
2838 3076 3105 3147 quaedam
3133 3076 3422 3142 membra,
3455 3092 3583 3147 qua:
3608 3077 3738 3146 jam

2126 3162 2524 3218 tribulationes
2548 3179 2816 3236 perpessa
2841 3167 2973 3218 sunt
2987 3167 3387 3219 etconstanter
3404 3168 3737 3219 evaserunt.

2126 3250 2250 3306 Non
2274 3251 2429 3306 enim
2460 3255 2689 3306 mortua
2709 3252 2843 3305 sunt
2863 3252 2961 3306 illa
2983 3252 3248 3307 membra
3270 3269 3403 3306 mea
3428 3269 3532 3325 per
3556 3253 3743 3307 tribu-

2127 3339 2389 3405 lationes,
2423 3338 2523 3393 sed
2556 3355 2660 3411 per
2686 3339 2796 3393 hoc
2826 3338 3013 3394 vivere
3044 3340 3458 3411 perpetualiter
3481 3342 3735 3414 increpe-

2126 3430 2280 3481 runt.
2298 3427 2363 3480 Et
2392 3426 2656 3482 similiter
2682 3424 2785 3499 per
2804 3425 3137 3482 instantiam
3163 3428 3599 3484 tribulationum
3616 3447 3735 3484 non

2126 3514 2363 3581 moriar,
2408 3515 2726 3569 secundum
2776 3515 2876 3569 illa
2922 3516 3188 3571 membra
3227 3532 3356 3587 qua:
3387 3520 3518 3571 sunt
3547 3518 3739 3572 adhuc

2124 3602 2509 3674 passura;sed
2535 3620 2639 3676 per
2665 3603 2814 3673 ipsas
2843 3604 3244 3660 tribulationes
3294 3605 3500 3674 vivam,
3535 3606 3595 3661 id
3627 3610 3735 3675 est,

2124 3691 2524 3746 tribulationes
2545 3708 2727 3746 causa
2750 3692 3086 3764 eruntquod
3110 3692 3376 3748 membra
3402 3709 3532 3748 mea
3547 3694 3737 3748 adhuc
3824 3750 3831 3757 ε

2125 3796 2361 3853 passura
2391 3780 2512 3834 sine
2556 3780 2671 3834 fine
2719 3780 2930 3836 vivant.
2964 3780 3129 3845 Quod
3159 3784 3243 3835 est
3273 3781 3463 3837 dicere
3492 3800 3506 3836 :
3540 3783 3736 3854 Neque

2123 3870 2358 3924 fuerunt
2377 3867 2773 3923 tribulationes
2790 3869 3065 3923 membris
3077 3869 3222 3923 meis
3234 3870 3357 3940 jam
3377 3870 3550 3943 passis
3563 3886 3737 3925 causa

2123 3956 2328 4011 mortis
2342 3973 2527 4029 neque
2539 3973 2704 4029 passu
2712 3956 2788 4011 ris
2800 3957 2983 4011 adhuc
2996 3973 3164 4012 causa
3177 3958 3380 4012 mortis
3390 3959 3730 4014 eruntﬂors

2123 4044 2279 4100 enim
2300 4045 2611 4115 corporalis
2633 4055 2760 4117 qum
2783 4062 2888 4117 per
2904 4045 3302 4101 tribulationes
3327 4047 3551 4115 accidit,
3571 4064 3731 4103 mors

2123 4133 2368 4188 dicenda
2389 4149 2506 4188 non
2524 4134 2734 4201 est,sed
2750 4135 2877 4189 vitaz
2896 4134 3556 4207 principium.Poslhanc
3567 4137 3726 4191 enim

422 4229 508 4284 sia
536 4224 705 4281 laude
737 4223 943 4293 dignus
958 4219 1177 4275 habear
1199 4236 1211 4273 :
1232 4220 1317 4274 vel
1337 4220 1514 4289 factus
1542 4226 1616 4273 est
1645 4219 1779 4287 laus,
1811 4221 2027 4276 vellau-
2048 4225 2102 4284 D
2123 4225 2373 4277 mortem
2395 4222 2576 4277 sancti
2594 4222 2781 4277 vivere
2798 4223 3038 4278 feliciter
3056 4223 3728 4295 incipiunt.Undeetiam

425 4315 771 4383 datio,mea,
792 4311 849 4366 id
862 4312 964 4377 est,
991 4309 1111 4363 haec
1129 4307 1187 4363 in
1211 4322 1304 4361 me
1323 4305 1529 4375 effecit,
1550 4310 1612 4360 ut
1641 4322 1748 4378 ego
1780 4323 1914 4362 eum
1936 4325 2026 4364 oc-

421 4404 651 4460 casione
683 4418 827 4457 mete
856 4396 1209 4453 fortitudinis
1233 4395 1305 4450 ab
1336 4412 1405 4450 eo
1437 4394 1586 4450 datae
1620 4395 1941 4464 laudarem,
1968 4399 2027 4451 et

422 4510 528 4567 per
554 4493 706 4561 ipsas
734 4487 1191 4544 tribulationesct
1216 4484 1638 4558 susceptionem
1660 4488 1718 4539 et
1734 4485 2023 4541 fortitudi-

424 4597 560 4637 nem
592 4581 772 4652 factus
804 4581 878 4632 est
914 4578 1048 4629 mihi
1085 4576 1328 4630 tendens
1366 4591 1421 4627 in
1462 4573 1685 4628 salutem
1721 4576 2021 4629 cateruam.

425 4669 592 4736 Quod
621 4670 706 4722 est
736 4666 923 4720 dicere
957 4681 972 4719 :
1004 4665 1112 4718 Per
1137 4664 1249 4718 hoc
1279 4666 1550 4734 operatus
1592 4666 1697 4731 est,
1745 4667 1802 4716 et
1841 4662 2025 4718 adhuc

412 4760 637 4834 'jugiter
666 4754 801 4812 facit
821 4755 1066 4809 salutem
1092 4768 1287 4807 meam
1311 4755 1615 4807 aeternam.
1650 4772 1682 4805 c
1714 4752 1838 4807 Non
1868 4768 2029 4807 coro-

423 4849 656 4905 nabitur
676 4845 857 4912 enim,
889 4842 997 4897 nisi
1024 4841 1120 4914 qui
1146 4840 1405 4912 legitime
1436 4840 1736 4895 certaverit
1766 4840 1859 4907 (II
1883 4841 2024 4896 Tim.

424 4957 484 5008 ιι,
517 4940 594 5011 5).
624 4955 656 4991 s

495 5028 630 5084 Dico
661 5024 815 5098 quod
838 5021 1114 5080 fortitudo
1148 5036 1279 5076 mea
1315 5022 1399 5074 est
1436 5018 1751 5074 secundum
1792 5018 2027 5075 robusta

425 5116 693 5175 membra
721 5130 871 5170 mea.
906 5114 973 5168 Et
1002 5111 1057 5167 in
1100 5113 1326 5165 tantum
1355 5108 1414 5163 in
1460 5109 1542 5163 eis
1581 5108 1829 5164 robustis
1858 5125 2027 5163 causa

422 5203 778 5263 fortitudinis
795 5201 1071 5275 est,quod
1087 5203 1142 5253 in
1176 5196 1527 5253 tabernaculis
1552 5198 1853 5268 justorum,
1870 5196 1922 5249 id
1943 5199 2028 5252 est

422 5298 483 5353 in
509 5290 1076 5349 tabernaculantibus
1087 5288 1276 5360 justis,
1292 5287 1506 5342 scilicet
1521 5287 1578 5341 in
1600 5285 2023 5352 robustismeis,

426 5382 524 5456 qui
548 5382 687 5454 justi
715 5382 869 5447 sunt,
897 5380 954 5432 et
975 5377 1034 5433 in
1053 5374 1438 5431 tabernaculis
1456 5373 1675 5429 militiae
1707 5371 1807 5427 Dei
1835 5389 2025 5446 perse-

426 5473 713 5537 verantes,
742 5483 860 5523 non
887 5470 972 5522 est
1015 5480 1121 5522 vox
1152 5463 1437 5531 mmroris,
1465 5461 1565 5521 sed
1593 5476 1694 5518 vox
1721 5460 2027 5517 exsultatio-

2124 4311 2243 4365 dies
2267 4311 2455 4366 obitus
2473 4314 2797 4383 martyrum
2834 4313 3026 4367 natale
3048 4312 3448 4368 dicitur.Tunc
3478 4315 3638 4369 enim
3667 4316 3727 4368 in

2123 4404 2343 4455 aeterna
2372 4400 2489 4455 vita
2515 4404 2843 4456 nascuntur.
2862 4401 2971 4456 Per
2992 4402 3099 4456 hoc
3118 4404 3313 4457 autem
3346 4402 3636 4458 auditores
3654 4403 3731 4459 ad

2124 4488 2470 4560 martyrium
2515 4490 2769 4559 attrabit,
2804 4506 2936 4545 cum
2964 4490 3115 4546 dicat
3153 4491 3301 4545 hanc
3343 4492 3730 4563 temporalem

2125 4582 2524 4645 mortem,non
2543 4596 2664 4634 esse
2684 4579 3063 4646 mortem,sed
3081 4580 3425 4652 principium
3436 4581 3727 4638 vitas.Dico

2126 4666 2279 4739 quod
2294 4668 2551 4731 vivam,et
2565 4667 2697 4723 inde
2709 4668 2815 4722 hoc
2833 4669 3049 4740 poterit
3062 4684 3188 4724 com
3197 4669 3425 4741 probari
3435 4670 3592 4742 ,quia
3603 4676 3731 4742 post

2124 4755 2274 4811 banc
2297 4756 2549 4828 corporis
2563 4760 2621 4811 et
2637 4756 2847 4811 animce
2866 4758 3546 4829 separationem,narrabo
3573 4778 3730 4831 opera

2125 4842 2368 4914 Domini,
2393 4862 2508 4901 non
2545 4861 2678 4900 voce
2699 4846 2938 4918 quidem
2960 4863 3113 4919 mea,
3134 4847 3235 4902 sed
3255 4863 3425 4903 causa
3436 4864 3535 4904 ero
3551 4866 3731 4921 quare

2127 4932 2199 4987 ab
2230 4933 2354 4987 aliis
2379 4933 2780 5005 superstitibus
2804 4938 3116 4990 narrentur
3138 4940 3199 4991 et
3226 4936 3534 4992 laudentur
3553 4954 3731 5009 opera

2127 5021 2397 5077 Domini:
2432 5023 2586 5094 quod
2627 5021 2896 5094 equidem
2948 5040 3064 5079 non
3096 5028 3261 5091 esset,
3303 5025 3411 5080 nisi
3456 5025 3726 5082 viverem.

2126 5108 2269 5164 Nam
2301 5111 2514 5165 mortui
2542 5128 2661 5167 non
2693 5111 3356 5186 laudabuntﬂominum
3389 5113 3558 5184 (Psal.
3580 5132 3724 5184 cxiii,

2130 5198 2236 5269 l7).
2254 5198 2416 5262 Quod
2446 5203 2533 5254 est
2567 5200 2758 5255 dicere
2778 5217 2791 5255 :
2810 5201 2935 5271 Ipsa
2955 5217 3089 5255 mea
3116 5201 3441 5257 constantia
3468 5219 3648 5275 usque
3670 5204 3727 5260 in

2127 5286 2304 5342 finem
2320 5287 2487 5344 firma
2516 5305 2685 5345 causa
2714 5289 2823 5343 erit
2852 5304 3031 5361 quare
3056 5289 3151 5343 alii
3182 5290 3474 5346 narrando
3496 5291 3729 5347 laudent

2128 5391 2306 5450 opera
2336 5378 2590 5445 Domini,
2639 5377 2852 5432 scilicet
2888 5379 3274 5435 constantiam
3315 5384 3373 5435 et
3410 5380 3729 5463 victoriam,

2128 5470 2187 5521 et
2209 5468 2418 5523 cmtera
2447 5463 2726 5523 beneficia
2752 5481 2879 5545 quae
2910 5465 2968 5523 in
2996 5482 3093 5524 me
3123 5470 3416 5542 operatur.
