3998 6026
295 186 449 251 1233

1268 184 1635 247 EXPOSITIO
1670 190 1738 246 IN
1780 166 2113 246 esstuos.
2147 219 2216 231 —
2254 188 2449 246 PSAL.
2492 170 2669 247 cxvn

3488 204 3507 256 1
3521 187 3625 259 2a

378 322 514 376 Dico
546 334 649 373 ηοη
678 317 910 408 moria":
933 318 991 371 et
1019 331 1149 408 Vf‘Te
1164 317 1449 408 separatio
1469 317 1596 408 talis
1623 316 1842 408 animi:
1857 319 1913 369 et
1946 324 2000 383 Λ
2025 329 2280 403 ipsorum
2298 334 2744 405 repulationem,
2768 352 2885 390 non
2908 340 3187 408 quantum
3211 338 3284 395 ad
3314 340 3396 395 rei
3426 343 3627 398 verita-

305 408 569 481 eorporis
598 423 714 462 non
746 409 831 460 est
857 404 1102 460 dicenda
1122 421 1302 473 mors,
1323 405 1423 460 sed
1454 405 1774 477 castigatio.
1798 405 1911 459 Do-

304 501 486 551 minus
507 495 664 550 enim
700 510 804 566 per
851 494 1029 548 talem
1077 497 1328 548 mortem
1375 498 1434 548 et
1480 494 1913 548 tribulationem
1951 543 1954 547 .

302 587 586 654 castigavit
610 600 692 638 me
713 583 839 654 jam
871 582 1183 637 secundum
1207 582 1476 654 quasdam
1498 582 1763 637 membra
1786 599 1917 637 mea

304 690 437 746 qua!
462 675 584 745 jam
612 689 779 745 passa
809 675 961 738 sunt,
995 673 1257 740 castigans
1299 671 1476 724 etiam
1508 686 1662 725 nunc
1710 687 1912 725 secun-

303 763 447 816 dum
477 761 576 816 illa
595 760 881 825 membra,
915 776 1043 831 quae
1073 775 1222 814 nunc
1246 759 1547 831 patiuntur
1565 763 1623 813 et
1653 760 1913 814 moriun-

302 854 422 905 tur.
457 850 747 920 Castigare
778 866 897 904 non
925 848 1200 919 accipitur
1230 847 1420 915 hic,ut
1443 847 1623 919 accipi
1644 849 1913 916 solet,sed

301 939 544 1012 ponitur
573 939 854 1009 castigare
876 954 979 1009 pro
1005 953 1275 1009 purgare.
1302 936 1481 991 Morte
1496 954 1752 1009 namque
1766 954 1916 992 mar-

300 1028 441 1100 tyrii
472 1032 530 1082 et
558 1027 951 1094 tribulatione,
981 1029 1038 1080 et
1063 1028 1299 1096 peccata
1316 1041 1443 1096 qua:
1474 1024 1535 1079 in
1569 1027 1916 1097 martyribus

306 1119 443 1171 sunt
460 1116 741 1171 Dominus
760 1117 989 1187 purgat,
1004 1116 1062 1168 et
1079 1129 1278 1168 eorum
1294 1129 1536 1168 coronas
1551 1117 1913 1184 augmentat.

306 1204 632 1274 Castigavit,
663 1204 927 1276 inquam,
956 1219 1058 1268 me,
1091 1210 1140 1255 et
1170 1202 1248 1256 sic
1295 1218 1389 1256 me
1432 1202 1774 1272 castigatum
1807 1220 1915 1257 non

306 1293 535 1348 tradidit
564 1296 998 1348 mortiaeternaa.
1029 1290 1192 1355 Quod
1225 1293 1310 1345 est
1335 1291 1525 1346 dicere
1558 1309 1575 1345 :
1606 1292 1714 1345 Per
1744 1293 1911 1347 casti-

306 1383 607 1453 gationem
631 1383 807 1436 talem
839 1381 1106 1435 membra
1137 1396 1269 1435 mea
1295 1381 1419 1450 jam
1457 1396 1618 1450 passa
1651 1398 1685 1435 a
1724 1386 1911 1436 morte

309 1474 531 1525 aeterna
561 1470 845 1525 liberavit.
878 1468 1163 1532 Quoniam
1189 1484 1328 1539 ergo
1357 1468 1673 1534 tribulatio,
1707 1472 1765 1523 et
1789 1469 1910 1524 Ι]ωο

307 1559 566 1631 corporis
596 1562 653 1612 et
678 1558 887 1612 animae
918 1557 1202 1627 separatio
1234 1559 1319 1611 est
1345 1556 1488 1610 mihi
1525 1557 1824 1628 castigatio
1856 1561 1914 1611 et

2022 423 2161 476 tem.
2199 423 2377 477 Nemo
2405 423 2563 477 enim
2589 426 2780 495 potest
2800 424 2950 479 efﬁci
2982 426 3080 481 Dei
3111 427 3419 500 templum,
3443 428 3622 485 nisiin

2016 508 2131 563 ﬁde
2154 509 2360 564 Christi
2390 511 2683 577 fundatus,
2711 529 2885 584 quem
2916 512 3096 569 Judaei
3146 516 3624 588 reprobaverunt,

2017 596 2371 668 denegantes
2397 615 2530 653 eum
2570 615 2771 670 regem
2801 601 2969 655 Israel
3004 618 3122 656 esse
3154 607 3211 656 et
3236 604 3335 659 Dei
3395 605 3622 674 Filium,

2005 685 2172 754 juxta
2195 687 2332 742 illud
2356 706 2412 742 ;‹‹
2435 687 2559 743 Noli
2576 689 2823 744 scribere
2851 690 3310 760 rexJudmorum,
3348 693 3445 748 sed
3491 695 3625 766 quia

2014 770 2132 842 ipse
2164 773 2467 830 dixit:Rex
2514 793 2641 831 sum
2692 776 3022 833 Iudaeorum
3078 780 3257 851 (Joan.
3307 796 3418 848 xrx,
3451 782 3621 854 21).»

2014 858 2083 912 Et
2108 860 2392 916 iterum:«
2427 862 2755 919 Secundum
2790 867 2977 936 legem
2998 865 3168 921 debet
3197 868 3348 923 mori
3379 868 3514 940 quia
3534 869 3621 924 Fi-

2014 940 2154 995 lium
2187 942 2285 996 Dei
2317 960 2377 997 se
2406 944 2541 999 fecit
2567 943 2753 1015 (Ibid.,
2776 962 2830 1013 v,
2861 946 2935 1018 7).
2966 968 2992 995 »
3026 946 3131 1012 Qui
3176 948 3320 1019 lapis
3367 964 3471 1020 per
3514 949 3623 1016 hoc

2017 1029 2171 1100 quod
2200 1030 2308 1085 fuit
2335 1048 2367 1086 a
2397 1032 2608 1087 Judmis
2632 1034 2994 1106 reprobatus,
3013 1035 3141 1090 etin
3165 1039 3414 1091 mortem
3433 1037 3625 1103 datus,

2013 1117 2191 1184 factus
2210 1124 2285 1172 est
2315 1120 2370 1172 in
2407 1127 2565 1190 caput
2623 1121 2841 1191 anguli:
2875 1138 3005 1176 cum
3050 1122 3208 1197 prius
3263 1140 3379 1179 non
3428 1124 3626 1180 fuisset

2015 1209 2184 1275 caput
2200 1207 2418 1278 anguli,
2453 1208 2510 1263 id
2538 1212 2624 1263 est
2644 1209 2825 1265 factus
2856 1214 2941 1265 est
2958 1214 3130 1283 caput
3169 1211 3410 1283 duplicis
3434 1212 3622 1284 parie-

2013 1291 2085 1347 tis
2106 1293 2387 1362 Ecclesia‘,
2419 1295 2654 1366 parietis
2672 1297 2887 1353 scilicet
2922 1298 3180 1354 ﬁdelium
3239 1317 3307 1353 ex
3333 1299 3541 1354 Judmis
3565 1303 3624 1355 et

2010 1379 2244 1451 parietis
2271 1381 2531 1438 ﬁdelium
2562 1401 2630 1439 ex
2658 1385 2945 1456 gentibus,
2974 1386 3070 1458 qui
3100 1403 3353 1458 congrue
3379 1374 3622 1459 angulus

2013 1467 2237 1523 dicitur.
2270 1469 2426 1525 Sicut
2451 1472 2609 1526 enim
2638 1473 2948 1544 aliquando
2980 1474 3093 1528 duo
3138 1475 3385 1546 parietes
3414 1474 3624 1532 diversi

2012 1556 2071 1611 in
2104 1559 2314 1629 angulo
2346 1560 2717 1629 conveniunt,
2744 1564 2801 1616 et
2821 1578 2855 1615 a
2887 1560 3622 1634 quolibetangularilapide

306 1647 439 1702 vita:
471 1647 713 1712 occasio,
738 1646 1013 1713 concedo,
1046 1660 1079 1699 ο
1110 1649 1526 1717 persecutores,
1568 1661 1687 1700 non
1736 1645 1914 1699 refor-
1937 1636 1989 1694 B
2010 1663 2185 1718 supra
2214 1648 2421 1720 posito,
2450 1652 2507 1702 et
2553 1653 2725 1721 caput
2771 1666 2973 1705 eorum
3029 1650 3326 1718 existente,
3382 1655 3622 1724 uterque

308 1736 471 1790 mido
501 1753 514 1790 :
548 1736 770 1806 Aperite
792 1734 927 1788 mihi
942 1742 1128 1804 portas
1140 1734 1390 1805 justitiw,
1420 1733 1478 1788 id
1496 1737 1912 1806 estprmparale

308 1826 453 1881 mihi
481 1825 878 1881 tribulationes
900 1826 957 1877 et
985 1827 1235 1877 mortem
1264 1840 1390 1895 qua:
1418 1827 1588 1877 erunt
1619 1823 1759 1877 mihi
1778 1839 1911 1893 por-

318 1918 391 1968 tae
423 1931 526 1986 per
557 1931 697 1987 quas
724 1912 1015 1984 ingrediar
1045 1911 1118 1965 ad
1145 1911 1456 1982 justitiam,
1488 1911 1545 1965 id
1578 1915 1663 1965 est
1691 1911 1763 1965 ad
1788 1911 1908 1980 jus-

312 2006 439 2057 tam
461 2007 698 2057 mternre
730 2002 857 2056 vita:
886 2000 1445 2067 remunerationem,
1478 2016 1511 2053 a
1536 1999 1911 2053 similitudine

310 2090 552 2145 illorum
584 2091 679 2163 qui
714 2090 935 2161 ingredi
972 2087 1224 2161 cupienti
1256 2088 1517 2155 domum,
1551 2090 1746 2160 portas
1777 2105 1910 2160 ape-

310 2178 490 2234 riunt.
514 2179 629 2233 Hoc
648 2194 762 2233 non
780 2178 916 2232 dicit
939 2176 1296 2250 imperative,
1311 2176 1409 2230 sed
1432 2175 1911 2243 conccssive,cum

313 2266 583 2339 iniquum
604 2266 671 2320 sit
703 2267 851 2321 mala
885 2265 1051 2320 alicui
1078 2264 1342 2319 suadere.
1384 2262 1567 2327 Quam
1602 2263 1914 2339 concessio-

316 2372 456 2411 nem
475 2354 603 2409 ideo
620 2354 776 2422 facit,
795 2358 856 2408 ut
888 2353 1180 2408 auditores
1209 2352 1394 2423 magis
1414 2352 1486 2406 ad
1515 2351 1913 2406 tribulationes

316 2447 375 2498 ct
392 2447 643 2499 mortem
664 2442 982 2497 voluntarie
1001 2442 1336 2513 patiendum
1361 2440 1584 2507 invitet,
1610 2440 1911 2495 ostenden-

313 2532 387 2587 do
407 2532 561 2604 quod
580 2532 667 2586 ha:
684 2534 866 2607 portas
877 2530 1110 2602 justitim
1130 2530 1509 2600 sint.Aperitc,
1524 2529 1910 2601 inquam,por-

313 2627 417 2683 tas,
437 2623 493 2675 ct
516 2621 776 2690 ingressus
789 2621 851 2674 in
873 2634 955 2673 eas
974 2618 1374 2674 tribulationes
1396 2634 1523 2690 qua!
1547 2620 1729 2688 porta:
1755 2622 1906 2685 sunt,

312 2725 433 2763 non
460 2709 863 2775 contristabor,
884 2708 983 2763 scd
1003 2708 1286 2778 conﬁtebor
1313 2707 1566 2773 Domino,
1596 2705 1655 2761 id
1684 2709 1769 2761 est
1786 2708 1908 2761 lau-

322 2798 472 2853 dabo
495 2798 805 2853 Dominum
830 2814 986 2865 voce,
1010 2798 1276 2865 corde,et
1304 2795 1582 2868 patientia
1606 2812 1756 2851 mea.
1775 2795 1908 2850 Ideo

316 2902 451 2941 vero
471 2902 587 2941 non
607 2886 924 2942 reformido
941 2887 1043 2940 bas
1063 2889 1258 2957 portas
1279 2884 1526 2956 ingredi,
1551 2884 1645 2955 qui
1676 2884 1799 2938 hinc
1814 2900 1909 2938 ea-

316 2975 447 3029 dem
470 2978 635 3045 porta
659 2974 1041 3029 tribulationis
1066 2973 1173 3027 fuit
1192 2972 1658 3028 DominiChristi.
1686 2994 1713 3022 ‹‹
1729 2972 1908 3043 Opor-

276 3080 289 3085 ί
310 3062 420 3115 tuit
444 3061 599 3117 enim
633 3062 748 3135 pati
778 3062 1063 3117 Christum
1092 3065 1149 3115 et
1169 3077 1488 3132 resurgere,
1510 3064 1567 3114 et
1590 3060 1668 3114 ita
1693 3060 1909 3114 intrare

224 3156 230 3160 ’
310 3149 368 3203 in
401 3151 645 3220 gloriam
677 3150 1024 3221 suamv(Luc.
1054 3167 1196 3216 XXIV,
1230 3150 1340 3218 26).
1372 3170 1401 3199 ››
1428 3150 1494 3203 Et
1524 3148 1657 3220 quia
1678 3149 1908 3203 Domini

310 3238 438 3305 fuit,
460 3239 595 3310 justi
608 3239 932 3312 quicunque
953 3239 1228 3292 intrabunt
1248 3240 1303 3291 in
1331 3255 1445 3291 eam
1469 3254 1536 3291 ex
1549 3236 1906 3305 necessitate,

309 3327 397 3381 vel
420 3327 539 3398 ipsa
568 3328 921 3398 experientia
947 3326 1247 3398 passionis,
1280 3328 1364 3381 vel
1397 3327 1601 3380 saltem
1638 3329 1769 3379 voto
1804 3342 1905 3397 pa-

311 3414 489 3469 tiendi
519 3415 564 3469 si
595 3416 931 3487 oportuerit.
955 3416 1151 3471 Nullus
1180 3415 1339 3470 enim
1381 3415 1538 3470 nullo
1593 3414 1769 3469 modo
1815 3414 1904 3469 in-

303 3507 463 3559 trans
489 3505 818 3559 salvabitur.
852 3504 1008 3560 Sicut
1030 3504 1101 3559 de
1132 3503 1463 3559 beatissimo
1489 3501 1729 3559 Martin
1761 3502 1903 3573 legi-

306 3597 423 3655 tur,
450 3593 602 3664 quod
628 3593 760 3647 licet
782 3610 914 3648 eum
941 3594 1166 3666 gladius
1182 3592 1559 3664 persecutoris
1584 3608 1700 3646 non
1717 3591 1906 3645 abstu-

303 3680 658 3753 lit,palmam
690 3683 887 3737 tamen
920 3681 1181 3753 martyrii
1205 3698 1321 3736 non
1345 3680 1556 3737 amisit.
1582 3679 1728 3734 Vota
1744 3679 1900 3733 enim

2011 1737 2444 1806 complestitur;
2474 1737 2552 1792 ita
2568 1737 2648 1793 illi
2667 1737 2779 1793 duo
2797 1738 3066 1809 parietes,
3086 1740 3333 1794 Ecclesia
3361 1740 3625 1794 videlicet

2011 1840 2077 1876 ex
2098 1823 2328 1891 Judmis,
2357 1829 2415 1879 et
2444 1826 2690 1881 Ecclesia
2720 1843 2783 1881 ex
2807 1824 3112 1897 gentibus,
3158 1844 3286 1899 quas
3315 1828 3473 1899 prius
3494 1845 3620 1884 om-

2012 1911 2151 1965 nino
2181 1912 2416 1967 diversae
2447 1913 2679 1969 fuerant
2715 1916 2788 1969 ab
2832 1915 3100 1982 invicem,
3152 1916 3210 1970 in
3241 1916 3372 1971 ﬁdei
3401 1917 3620 1971 unitate

2012 2005 2406 2055 convenerunt
2431 2003 2673 2057 subdita:
2713 2002 2934 2058 Christo
2997 2004 3258 2074 angulari
3307 2004 3621 2077 lapidi,qui

2013 2091 2183 2159 caput
2209 2090 2503 2162 utriusque
2528 2090 2716 2145 existit
2745 2094 2804 2146 et
2843 2094 3149 2164 utramque
3205 2108 3307 2147 suo
3338 2093 3621 2164 regimine

2013 2177 2432 2248 complectitur,
2456 2180 2622 2249 juxta
2666 2179 2805 2234 illud
2825 2181 3081 2252 Apostoli
3112 2197 3125 2236 :
3151 2203 3179 2230 «
3216 2182 3337 2253 Ipse
3399 2184 3483 2237 est
3511 2198 3621 2255 pax

2011 2268 2210 2319 nostra
2237 2266 2332 2337 qui
2361 2267 2497 2321 fecit
2525 2270 2766 2339 utraque
2783 2285 2962 2323 unum
2990 2268 3210 2339 (Ep/(cs.
3245 2286 3306 2336 ιι,
3333 2268 3441 2341 l2),
3465 2291 3493 2320 »
3509 2274 3618 2325 etc.

2012 2353 2151 2407 lllud
2184 2358 2380 2409 autem
2411 2355 2567 2426 quod
2592 2355 2662 2411 de
2681 2357 2942 2428 angulari
2962 2357 3152 2427 lapide
3176 2358 3620 2431 Judmiﬂngunt,

2010 2441 2225 2496 scilicet
2258 2442 2315 2495 in
2356 2443 2558 2515 templi
2583 2443 2908 2499 Salomonis
2932 2445 3334 2513 aediﬁcatione,
3366 2446 3619 2519 lapidem

2012 2547 2191 2584 unum
2214 2530 2386 2587 fuisse
2441 2532 2514 2586 ab
2554 2531 2974 2587 aedificantibus
3010 2534 3410 2605 reprobatum,
3465 2538 3522 2589 et
3545 2536 3620 2590 ad

2011 2619 2281 2674 ultimum
2310 2619 2369 2674 in
2385 2620 2597 2692 angulo
2620 2621 2791 2676 fuisse
2804 2620 3076 2693 positum,
3113 2622 3354 2678 omnino
3384 2623 3617 2678 falsitati

2009 2707 2234 2762 videtur
2254 2707 2547 2775 accedere,
2579 2725 2712 2763 cum
2744 2709 2802 2762 in
2822 2709 3059 2764 historia
3078 2709 3237 2764 nulla
3266 2710 3509 2781 legatur.

2081 2795 2408 2849 Notandum
2425 2799 2639 2867 autem,
2664 2796 2821 2869 quod
2847 2797 2944 2851 tali
2971 2814 3183 2869 genere
3209 2797 3514 2853 locutionis
3528 2798 3620 2854 hic

1940 2912 1987 2972 α
2010 2900 2204 2937 versus
2233 2883 2305 2937 sit
2330 2900 2364 2938 a
2391 2885 2679 2956 PrOphcla
2731 2886 3103 2957 compositus.
3156 2886 3299 2941 Cum
3331 2886 3487 2942 enim
3514 2902 3618 2958 po-

2010 2972 2513 3042 suissetzlapidem
2595 2990 2752 3045 quem
2815 2973 3223 3043 reprobaverunt
3277 2974 3617 3043 aediﬁcantes,

2011 3063 2068 3113 et
2096 3060 2411 3114 secundum
2442 3060 2596 3114 hunc
2639 3060 2910 3116 ordinem
2962 3078 3138 3135 quem
3168 3062 3505 3134 incmperat,
3536 3064 3607 3118 de

2008 3146 2223 3201 buisset
2235 3147 2468 3215 addere,
2490 3147 2755 3203 fecerunt
2777 3148 2834 3202 in
2848 3154 3019 3222 caput
3040 3150 3235 3221 anguli
3257 3167 3272 3219 ;
3296 3151 3404 3205 hoc
3417 3150 3619 3205 ordine

2010 3233 2265 3301 dimisso,
2299 3235 2410 3290 alio
2438 3252 2651 3307 genere
2682 3236 2986 3292 locutionis
3024 3254 3249 3293 versum
3280 3237 3484 3307 ﬁnivit,
3515 3240 3616 3294 ad-

2009 3322 2150 3378 dens
2180 3324 2266 3377 hic
2280 3324 2458 3393 factus
2485 3330 2558 3377 est
2591 3327 2646 3379 in
2671 3331 2833 3395 caput
2855 3325 3059 3395 anguli.
3093 3328 3156 3380 In
3186 3327 3295 3381 hoc
3316 3329 3511 3382 autem
3534 3344 3620 3382 re-

2006 3414 2201 3466 movet
2228 3413 2358 3479 hoc,
2392 3413 2549 3484 quod
2578 3413 2729 3468 male
2755 3417 2947 3485 posset
2977 3414 3160 3486 quivis
3202 3414 3448 3486 opinari,
3477 3415 3620 3470 scili-

2004 3502 2095 3553 cet
2118 3500 2144 3553 J
2152 3499 2343 3554 udaeos
2356 3501 2461 3554 hac
2483 3500 2812 3556 intentione
2843 3502 3069 3572 lapidem
3082 3502 3233 3557 hunc
3258 3504 3615 3574 reprobassc,

2005 3591 2067 3641 ut
2094 3587 2261 3643 fleret
2282 3590 2337 3641 in
2366 3596 2526 3658 caput
2557 3588 2765 3659 anguli.
2799 3588 2856 3643 Si
2877 3589 3035 3644 enim
3079 3606 3148 3644 ca
3186 3590 3508 3646 intentione
3560 3595 3619 3645 et

2003 3676 2115 3730 hoc
2145 3676 2381 3731 consilio
2412 3676 2702 3743 fecissent,
2748 3677 3038 3749 Propheta
3088 3678 3258 3748 plane
3290 3677 3569 3750 posuisset
3600 3696 3614 3733 :

305 3772 528 3840 martyr
552 3769 781 3825 exstitit.
806 3769 959 3823 Facit
979 3773 1175 3824 autem
1205 3769 1614 3842 apostropham
1634 3767 1706 3822 ad
1721 3769 1901 3821 Deum
2000 3763 2255 3835 Lapidem
2306 3781 2460 3837 quem
2516 3765 2926 3835 reprobaverunt
2979 3764 3313 3832 mdi/icantes,
3357 3765 3621 3821 fecerunt

306 3874 370 3912 ex
403 3858 584 3912 nimia
613 3857 937 3925 affectione,
970 3857 1049 3913 sic
1084 3875 1097 3912 :
1131 3855 1452 3926 Conﬁtebor,
1491 3855 1751 3927 inquam,
1788 3854 1900 3908 Do-

305 3947 467 4014 mina,
502 3948 559 3999 et
604 3945 809 4007 merito
856 3945 1143 4019 conﬁtebor
1186 3945 1301 4013 tibi,
1342 3944 1607 4012 Domine,
1649 3946 1903 4015 quoniam

307 4033 684 4098 exaudislime,
719 4038 781 4088 ut
808 4034 1081 4090 liberarcs
1116 4050 1209 4088 me
1244 4032 1314 4087 de
1355 4031 1619 4087 interiori
1668 4032 1902 4087 tribula-

305 4121 464 4175 tione
496 4121 788 4183 vitiorum,
810 4129 858 4175 et
884 4123 1063 4194 factus
1087 4139 1137 4176 es
1166 4121 1301 4175 mihi
1324 4124 1377 4175 in
1418 4122 1641 4175 salutem
1673 4120 1902 4188 cedens,

2004 3869 2058 3906 in
2078 3857 2234 3921 caput
2255 3852 2469 3921 anguli:
2497 3851 2597 3906 sed
2618 3868 2750 3906 cum
2784 3852 2892 3906 hoc
2922 3852 3124 3907 ordine
3170 3851 3405 3907 dimisso
3453 3853 3620 3908 aliter

2006 3940 2163 4009 dicit,
2196 3941 2411 3995 scilicet
2450 3940 2542 3997 hic
2582 3941 2762 4011 factus
2791 3948 2866 3995 est
2895 3943 2951 3994 in
2999 3948 3158 4012 caput
3203 3940 3408 4010 anguli,
3446 3943 3618 4014 plane

2008 4029 2176 4083 docet
2200 4047 2319 4084 non
2371 4046 2574 4085 eorum
2619 4030 2721 4084 sed
2768 4030 3001 4084 alterius
3048 4030 3284 4085 consilio
3315 4047 3450 4085 eum
3499 4047 3620 4085 esse

2008 4117 2225 4172 factum
2247 4119 2678 4191 caputaguli.
2734 4121 2781 4173 Α
2800 4135 2915 4192 quo
2969 4134 3108 4191 ergo
3138 4115 3222 4173 sit
3254 4118 3431 4188 factus
3458 4126 3620 4190 caput

310 4206 366 4262 id
393 4213 479 4263 est
502 4209 558 4264 in
592 4227 825 4265 causam
857 4192 1072 4278 salutis,
1326 4213 1384 4264 et
1423 4210 1535 4277 hic,
1564 4208 1776 4264 scilicet
1806 4226 1910 4281 per
1930 4192 1983 4251 D
2006 4208 2212 4275 anguli,
2245 4211 2304 4262 et
2333 4208 2492 4279 cujus
2510 4207 2883 4280 dispositione
2908 4208 2989 4263 ita
3016 4208 3356 4279 reprobatus
3390 4209 3485 4276 sit,
3516 4224 3618 4262 ne-

308 4301 670 4369 peccatorum
699 4299 1098 4354 remissionem
1132 4302 1190 4352 et
1209 4295 1709 4368 justiticationeni,
1751 4302 1809 4352 et
1848 4299 1905 4352 in

307 4386 498 4441 futuro
530 4387 765 4441 daturus
790 4390 1071 4442 aeternam
1104 4386 1547 4443 beatitudinem.

379 4477 446 4529 Et
474 4492 578 4547 per
603 4475 710 4531 hoc
740 4477 917 4546 [actus
942 4494 992 4530 es
1012 4477 1149 4530 milii
1175 4478 1230 4529 in
1254 4491 1484 4529 causam
1517 4474 1746 4529 salutis:
1776 4475 1908 4546 quia

312 4562 531 4633 lapidem
581 4564 871 4618 Christum
912 4581 1067 4635 quem
1108 4564 1518 4635 reprobarerunt
1565 4562 1905 4631 mdiﬁcantes,

308 4652 390 4705 hic
418 4651 596 4723 factus
624 4657 698 4707 est
730 4654 783 4705 in
811 4660 972 4723 caput
1001 4654 1204 4722 anguli.
1233 4652 1397 4717 Quod
1425 4654 1510 4705 est
1535 4650 1724 4705 dicere
1760 4668 1771 4704 :
1801 4653 1909 4705 Per

308 4740 778 4811 reprobationem
806 4741 1030 4808 Christi,
1056 4740 1371 4795 firmissimi
1404 4739 1631 4811 lapidis,
1675 4755 1770 4792 me
1802 4739 1908 4793 sal-

310 4828 597 4898 vasti,sine
625 4845 738 4900 quo
756 4828 1140 4884 fundamento
1155 4846 1328 4883 nemo
1343 4831 1602 4901 potestse
1629 4829 1746 4882 Deo
1768 4831 1911 4881 tem-

310 4918 467 4988 plum
483 4933 589 4988 per
618 4919 853 4972 virtutes
871 4921 927 4972 et
949 4935 1125 4991 opera
1141 4919 1296 4973 bona
1315 4917 1621 4972 mdiﬁcare.
1639 4938 1666 4966 ‹‹
1686 4916 1909 4970 Funda-

310 5009 571 5060 mentum
594 5006 753 5061 enim
778 5007 932 5061 aliud
961 5023 1135 5061 nemo
1154 5010 1342 5079 potest
1357 5022 1594 5078 ponere,
1621 5008 1831 5075 praeter
1853 5005 1908 5058 id

312 5093 461 5165 quod
486 5093 736 5164 positum
756 5099 861 5162 est,
882 5095 1037 5167 quod
1052 5098 1137 5149 est
1151 5096 1405 5148 Christus
1427 5094 1485 5161 (Ῑ
1502 5093 1727 5161 Cor.m,
1751 5096 1853 5161 11).
1880 5117 1906 5141 ››

312 5181 471 5248 Quem
486 5182 720 5255 lapidem
739 5184 861 5237 sine
883 5200 996 5256 quo
1016 5200 1190 5238 nemo
1211 5200 1267 5237 se
1282 5186 1473 5254 potest
1493 5184 1607 5237 Deo
1627 5183 1908 5253 templum

311 5270 614 5339 aediﬁcare,
648 5272 1060 5343 reprobaverunt
1100 5271 1443 5341 aediﬁcantes,
1484 5270 1539 5325 id
1573 5274 1658 5325 est
1680 5286 1909 5341 spreve-

309 5363 441 5415 runt
467 5361 646 5416 Judaai
673 5361 1026 5417 mdifieantes
1057 5378 1115 5416 se
1150 5361 1435 5433 templum
1462 5359 1559 5415 Dei
1594 5376 1700 5432 per
1730 5359 1903 5414 tradi-

312 5447 494 5513 tiones
523 5466 684 5525 suas;
712 5451 1031 5527 aediﬁcantes
1061 5450 1212 5520 dico,
1259 5450 1474 5521 scilicet
1504 5451 1789 5529 quantum
1830 5448 1903 5505 ad

2006 4313 2117 4368 que
2144 4296 2302 4351 enim
2332 4297 2441 4351 fuit
2470 4297 2683 4368 absque
2710 4312 2924 4367 magno
2947 4296 3204 4361 consilio,
3246 4294 3396 4367 quod
3421 4311 3622 4366 repro-

2007 4385 2319 4452 balusfuit,
2378 4385 2762 4451 demonstrat,
2821 4383 3088 4438 addendo
3132 4382 3403 4440 sicwico
3462 4384 3618 4455 quod

2009 4472 2233 4543 lapidem
2260 4473 2688 4542 reprobaverunt,
2732 4478 2782 4526 et
2807 4472 2890 4524 hic
2912 4472 3091 4540 factus
3144 4476 3217 4526 est
3241 4473 3296 4524 in
3322 4479 3483 4543 caput
3516 4488 3615 4528 an-

2005 4561 2137 4630 guli.
2164 4561 2277 4615 Hac
2308 4562 2499 4613 autem
2541 4563 2726 4613 totum
2759 4562 2817 4613 et
2846 4559 2999 4631 quod
3055 4560 3394 4633 reprobatus
3422 4564 3528 4630 est,
3561 4565 3619 4616 et

2008 4648 2163 4720 quod
2194 4649 2253 4702 in
2284 4651 2455 4719 caput
2484 4647 2679 4719 anguli
2732 4648 2913 4703 factus
2937 4651 3041 4717 est,
3069 4667 3102 4703 a
3130 4650 3380 4704 Domimo
3406 4651 3615 4721 factum

2007 4744 2102 4805 est,
2122 4736 2177 4791 id
2194 4739 2278 4791 est
2300 4735 2554 4806 adisposi
2564 4738 2717 4791 tione
2741 4737 2840 4792 Dei
2856 4738 3079 4793 occulta
3097 4739 3465 4809 contingit,et
3480 4755 3614 4794 cum

2009 4826 2080 4879 sit
2108 4826 2259 4897 apud
2278 4842 2381 4879 nos
2404 4824 2691 4880 ineffabile
2717 4826 3236 4897 etincognoscibile
3253 4842 3509 4899 quanam
3534 4843 3619 4881 ra~

2009 4913 2165 4968 tione
2210 4913 2534 4985 contigerit,
2579 4922 2653 4969 est
2686 4915 2928 4969 mirabile
2956 4917 3011 4967 in
3035 4914 3199 4968 oculis
3215 4914 3360 4968 meis
3384 4914 3623 4971 interio-

2010 5004 2166 5058 ribus
2190 5020 2203 5057 :
2225 5004 2284 5057 in
2316 5003 2491 5058 oculis
2519 5003 2729 5058 mentis
2757 5003 3003 5071 scilicet,
3036 5002 3191 5074 quod
3255 5005 3341 5057 est
3378 5002 3566 5058 dicere
3602 5020 3616 5059 :

2013 5093 2089 5147 De
2120 5093 2228 5147 hoc
2258 5091 2432 5146 nimis
2456 5091 2838 5158 admiramur,
2872 5106 3049 5161 quare
3076 5090 3358 5147 Dominus
3388 5091 3619 5147 hocdis-

2010 5180 2283 5253 posuerit,
2333 5184 2394 5235 ut
2438 5180 2767 5235 Judworum
2804 5180 3048 5250 populus
3103 5180 3262 5252 prius
3305 5180 3449 5236 adeo
3508 5180 3618 5252 ipsi

2008 5271 2233 5338 charus,
2252 5270 2310 5323 in
2334 5272 2559 5323 tantum
2581 5282 2982 5335 excaecaretur,
3005 5271 3066 5322 ut
3095 5268 3385 5324 Christum
3414 5284 3613 5323 verum

2007 5358 2283 5432 lapidem,
2308 5356 2379 5411 de
2396 5373 2508 5429 quo
2551 5360 2637 5410 tot
2661 5373 2694 5410 a
2724 5355 3019 5429 prophetis
3077 5357 3400 5425 audierant,
3422 5373 3618 5431 repro-

2012 5446 2377 5520 barent,etin
2400 5449 2650 5505 mortem
2665 5444 2955 5521 darent,et
2979 5445 3057 5501 sic
3076 5446 3196 5525 ipse
3216 5450 3389 5524 caput
3418 5447 3615 5531 anguli
