3998 6026
478 252 498 318 l
515 249 614 319 23:5

1078 259 1137 318 s.
1179 232 1523 318 BRUNONIS
1563 242 2198 319 CARTHUSIANDRUE
2233 250 2701 318 INSTITUTORIS
2742 250 2895 318 op‘p.
2938 244 3174 319 PARSI

3641 246 3789 321 ηδε

466 388 807 444 efﬁceretur.
847 386 977 443 Dico
1002 388 1157 461 quod
1180 387 1434 460 lapidem
1459 386 1914 460 reprobavcrunt
1934 404 2064 441 eum
2104 389 2158 448 A
2182 386 2502 441 nuntiando
2531 386 2812 443 beneﬁcia
2836 386 3247 443 misericordiae
3279 386 3533 454 Domini,
3566 404 3697 459 qnzr
3724 388 3785 441 in

465 477 522 531 in
539 480 789 533 mortem
816 477 1025 533 dando.
1045 475 1181 529 Haec
1202 480 1394 530 autem
1417 476 1526 529 dies
1540 476 1594 529 in
1612 493 1726 547 qua
1746 476 1865 546 ipse
1879 492 2073 547 repro-

465 566 632 621 batus
661 567 720 621 in
745 570 997 622 mortem
1027 565 1191 620 datus
1221 568 1329 632 est,
1361 567 1447 618 est
1494 580 1692 618 revera
1751 550 1871 618 dies
1917 581 2073 635 quam

462 658 592 726 fecit
621 657 909 712 Dominus:
935 671 1050 710 non
1068 654 1218 726 quod
1236 654 1375 708 alios
1401 652 1520 707 dies
1547 669 1750 707 omnes
1788 669 1904 706 non
1924 654 2072 707 fece-

464 749 572 809 ret,
607 744 702 798 sed
732 745 969 814 propter
1002 743 1175 814 ipsius
1203 741 1315 795 diei
1345 740 1688 811 dignitatem
1742 742 1799 795 in
1846 757 1958 812 qua
1983 758 2071 795 re-

461 832 681 902 dempti
697 846 1023 901 sumus,per
1043 829 1505 885 antonomasiam
1526 828 1896 883 diciturhanc
1917 829 2071 883 diem

454 920 679 975 fecisse.
714 919 782 973 Et
813 919 1089 990 quoniam
1117 918 1260 972 adeo
1294 917 1471 987 digna
1502 918 1719 971 esthmc
1749 917 1890 984 dies,
1905 917 2071 970 crsu!-

461 1015 626 1061 temus
655 1008 714 1062 in
741 1021 1006 1079 corpore,
1040 1010 1096 1060 et
1125 1006 1367 1058 laetemur
1610 1008 1665 1058 in
1693 1005 1889 1059 anima
1923 1008 1978 1059 in
2009 1022 2069 1059 ea

456 1097 569 1164 die,
600 1096 656 1151 id
689 1100 775 1151 est
801 1096 858 1150 in
894 1094 1221 1150 imitatione
1249 1094 1371 1165 ejus
1399 1094 1532 1161 diei,
1557 1094 1790 1160 scilicet,
1832 1097 1892 1148 et
1937 1099 2068 1149 voto

457 1184 689 1246 animm,
721 1187 777 1239 et
803 1185 1161 1238 exsultanter
1200 1182 1474 1253 patiendo
1508 1199 1613 1254 pro
1646 1181 1892 1248 Christo,
1912 1182 1956 1235 si
1976 1199 2071 1237 ne-

440 1284 610 1326 ‘cesse
639 1271 812 1326 fuerit
841 1271 898 1325 in
934 1287 1177 1342 corpore
1204 1270 1527 1341 passionem
1563 1286 1738 1342 quam
1776 1269 1838 1324 in
1867 1286 1935 1323 ea
1977 1269 2070 1324 die

440 1375 563 1432 'pro
586 1360 752 1415 nobis
783 1358 1069 1424 sustinuit,
1091 1362 1262 1429 prout
1292 1358 1458 1412 nobis
1471 1358 1737 1429 possibile
1759 1361 1865 1423 est,
1880 1357 2069 1411 imite-

457 1465 609 1503 mur.
642 1448 739 1502 Vel
760 1447 838 1501 sic
855 1447 925 1501 de
960 1446 1051 1500 die
1091 1446 1526 1500 resurrectionis
1551 1445 1661 1517 legi
1694 1449 1907 1515 potest:
1934 1446 2068 1500 Dico

460 1536 618 1607 quod
646 1536 921 1604 factus‘est
945 1535 999 1585 in
1029 1539 1189 1602 caput
1218 1533 1425 1601 anguli,
1457 1532 1634 1585 ethoc
1663 1530 1950 1601 contingit
1966 1546 2072 1601 per

444 1622 703 1691 ’gloriam
730 1620 1184 1675 resurrectionis.
1214 1619 1353 1673 Hec
1370 1619 1546 1689 igitur
1577 1619 1687 1672 dies
1742 1619 1799 1673 in
1833 1636 1946 1690 qua
1987 1635 2071 1673 re-

2177 475 2340 530 nobis
2370 476 2718 546 martyribus
2747 480 3048 547 apparent.
3083 475 3485 539 Benediximus,
3507 475 3783 547 inquam,

2174 564 2478 618 existentes
2506 564 2571 617 de
2586 564 2740 617 domo
2760 564 3000 631 Domini,
3032 564 3089 618 id
3119 567 3205 618 est
3235 564 3305 617 de
3339 564 3555 618 familia
3577 565 3782 619 Domi-

2174 652 2230 705 ni
2258 669 2271 718 ;
2296 652 2539 723 ideoque
2568 652 2725 723 digni
2754 670 2950 707 sumus
2981 655 3042 706 ut
3083 651 3250 707 nobis
3284 652 3679 724 acquiescatis.
3714 654 3783 706 Et

2173 742 2279 796 hoc
2304 759 2417 796 non
2452 759 2485 795 a
2515 743 2682 795 nobis
2714 742 3019 796 habuimus
3039 741 3194 813 quod
3225 742 3367 795 vobis
3397 742 3779 806 benedirinms,

2170 830 2270 885 sed
2300 847 2333 883 a
2359 832 2475 885 Deo
2507 831 2775 885 Domino.
2802 830 2947 883 Deus
2973 829 3129 884 enim
3166 830 3263 901 qui
3294 830 3474 884 etiam
3513 830 3783 883 Dominus

2170 918 2434 973 omnium
2457 922 2564 985 est,
2599 934 2719 973 non
2749 918 2935 972 solum
2962 919 3083 972 haec
3122 918 3291 972 nobis
3334 918 3641 983 intimavit,
3674 917 3779 971 sed

2169 1012 2238 1071 et,
2273 1004 2328 1060 id
2355 1008 2441 1059 est
2466 1006 2667 1072 etiam,
2694 1005 2869 1058 illuxit
2899 1005 3068 1071 nobis,
3096 1004 3156 1059 id
3186 1008 3273 1059 est
3306 1006 3449 1060 luxit
3484 1005 3539 1059 in
3573 1009 3776 1059 mente

2170 1096 2367 1147 nostra
2390 1110 2493 1165 per
2522 1092 3008 1147 illuminationem
3033 1093 3380 1165 cognitionis
3409 1093 3515 1160 sui,
3549 1097 3603 1148 et
3644 1093 3776 1147 illu-

2170 1181 2447 1235 cescendo
2471 1181 2638 1235 nobis
2658 1181 2781 1235 haec
2801 1181 3032 1252 cognita
3054 1181 3208 1248 fecit,
3241 1199 3368 1253 quae
3395 1182 3539 1236 tabis
3572 1181 3781 1235 benedi-

2167 1270 2364 1331 ximus,
2413 1271 2470 1323 et
2510 1271 2675 1323 tanto
2718 1269 2905 1339 magis
2946 1268 3111 1323 nobis
3152 1268 3628 1324 consentiendum
3658 1272 3774 1323 est.

2170 1355 2567 1424 Benediximus,
2600 1357 2861 1428 inquam,
2886 1356 3152 1428 ideoque,
3177 1358 3534 1424 oauditores,
3562 1357 3776 1411 admo-

2171 1444 2390 1498 nitione
2418 1448 2613 1499 nostra
2638 1444 2827 1511 exciti,
2860 1447 3165 1500 constituite
3201 1445 3337 1499 diem
3374 1446 3678 1505 solemnem,
3712 1444 3777 1498 id

2170 1535 2254 1586 est
2278 1532 2523 1587 ﬁrmiter
2547 1533 2778 1587 statuite
2796 1533 2972 1587 vitam
2995 1537 3242 1591 vestram
3270 1533 3516 1588 similem
3546 1533 3654 1588 dici
3674 1550 3776 1587 so-

2170 1620 2347 1674 lemni
2369 1638 2382 1688 ;
2408 1623 2471 1674 ut
2497 1620 2642 1674 sicut
2666 1620 2720 1674 in
2742 1620 2835 1675 die
2861 1621 3107 1675 solemni
3128 1622 3199 1676 ab
3216 1621 3773 1693 omniserviliopere

459 1726 701 1782 surgens
714 1711 891 1781 [actus
920 1717 993 1761 est
1019 1711 1072 1761 in
1098 1713 1257 1779 caput
1286 1708 1491 1776 anguli,
1522 1712 1606 1762 est
1656 1708 1775 1761 dies
1805 1726 1962 1779 quam
1992 1708 2069 1777 fe-
2097 1700 2149 1759 Β
2168 1709 2415 1773 cessatis,
2437 1709 2518 1762 ita
2547 1724 2651 1779 per
2682 1712 2863 1764 totam
2886 1709 3059 1765 vitam
3091 1714 3335 1764 vestram
3357 1710 3430 1764 ab
3452 1710 3610 1764 omni
3632 1726 3777 1779 pec-

461 1802 533 1851 cit
557 1799 837 1853 Dominus.

532 1888 647 1942 Iloc
679 1891 872 1942 autem
894 1887 951 1941 in
983 1886 1089 1940 hac
1121 1885 1427 1953 sententia,
1461 1888 1523 1940 ut
1539 1886 1667 1956 jam
1699 1885 1754 1939 in
1786 1885 2065 1956 superiori

464 1982 766 2049 acceptum
798 1982 902 2043 est,
932 1993 1034 2049 per
1063 1977 1527 2031 antonomasiam
1561 1975 1856 2046 accipitur.
1918 1975 2066 2044 Ergo

457 2060 592 2131 quia
613 2059 722 2112 dies
749 2059 859 2111 hac
876 2057 1021 2111 adeo
1042 2057 1293 2127 gloriosa
1338 2060 1443 2120 est,
1473 2054 1785 2109 exsultemus
1839 2055 1898 2107 in
1940 2070 2070 2107 cor-

462 2163 602 2218 pore
632 2146 781 2200 bene
812 2145 1130 2217 operando,
1166 2151 1215 2196 et
1242 2144 1482 2198 lmtemur
1506 2143 1565 2196 in
1593 2143 1792 2197 anima
1816 2142 1970 2196 bona
1983 2141 2067 2196 af-

461 2235 709 2290 fectione
736 2237 792 2287 in
811 2249 870 2288 ea
900 2233 1012 2300 die,
1044 2232 1103 2287 id
1130 2236 1215 2286 cst
1236 2231 1291 2286 in
1316 2231 1776 2286 consideratione
1790 2230 1913 2299 ejus
1933 2229 2065 2283 diei.

461 2323 627 2388 Quod
657 2326 743 2377 est
771 2321 995 2376 dicere:
1021 2320 1148 2375 Sive
1163 2321 1282 2374 dies
1313 2321 1408 2374 illa
1427 2336 1678 2391 praesens
1694 2320 1784 2386 sit,
1800 2319 1914 2373 sive
1928 2335 2068 2387 non,

463 2411 597 2483 quia
611 2416 661 2465 ta
671 2410 986 2467 meunobis
1000 2412 1228 2463 tantum
1242 2408 1585 2463 beneﬁcium
1606 2408 1663 2462 in
1682 2424 1750 2462 ea
1762 2407 2068 2477 contingit,

461 2498 1354 2554 iueaconsiderationelmtemur
1382 2496 1441 2549 in
1457 2496 1655 2550 anima
1694 2495 2067 2551 bonaaﬂ‘ecti-

464 2590 662 2653 one,et
672 2588 1020 2640 exsultemus
1038 2587 1093 2640 in
1109 2602 1349 2657 corpore
1361 2587 1515 2640 bona
1527 2585 1885 2655 operatione.
1908 2584 2071 2639 Lade-

460 2693 605 2743 mur,
623 2675 882 2746 inquam,
896 2682 945 2727 et
960 2674 1270 2728 exsultcmus
1292 2675 1679 2746 unusquisque
1695 2674 1773 2728 ita
1783 2674 2027 2729 dicendo
2052 2691 2065 2729 :

464 2764 771 2818 0-Domine
798 2762 1001 2815 salvum
1030 2779 1111 2814 mc
1133 2762 1311 2832 [oc,et
1325 2762 1418 2816 hic
1432 2765 1666 2832 peccata
1693 2763 2066 2831 remittendo,

461 2857 519 2907 et
548 2852 606 2905 in
647 2852 840 2905 futuro
854 2854 1132 2904 internum
1157 2850 1575 2905 beatitudinem
1596 2851 2014 2922 Iargiendo.Et.
2039 2868 2070 2905 0

459 2940 692 2996 Domine
724 2938 847 2991 bene
860 2954 1191 3009 prosperare,
1224 2938 1284 2991 id
1323 2942 1426 3007 est,
1458 2939 1547 2994 fac
1574 2940 1740 2994 nobis
1770 2941 1974 2995 cedere
1996 2941 2070 2995 ad

461 3028 676 3083 bonam
699 3027 759 3081 in
790 3027 983 3081 futuro
1012 3025 1476 3098 prosperitatem,
1500 3028 1700 3082 omnia
1730 3044 1857 3099 quin
1902 3030 2069 3083 nobis

460 3116 554 3170 hic
574 3114 863 3178 accidunt,
890 3119 1010 3169 tam
1061 3131 1338 3188 prospera
1380 3131 1555 3187 quam
1591 3116 1845 3172 adversa.
1905 3119 2070 3173 Juxta

462 3204 600 3258 illud
613 3203 895 3273 Apostoli:
921 3227 947 3253 ‹‹
972 3203 1196 3257 Scimus
1208 3203 1487 3274 quoniam
1499 3204 1870 3275 diligentibus
1888 3208 2069 3261 Deum

464 3292 663 3345 omnia
682 3294 1067 3361 cooperantur
1088 3290 1145 3343 in
1176 3291 1397 3345 bonum
1444 3290 1715 3360 (Rom.m,
1763 3295 1874 3363 28).
1899 3294 2069 3348 »Βίου

461 3379 775 3435 trsultemus
786 3386 835 3431 et
852 3379 1091 3431 lmtemur
1112 3380 1165 3430 in
1183 3394 1241 3431 ea
1271 3378 1385 3444 die,
1410 3379 1563 3448 quod
1585 3380 1857 3450 equidem
1882 3380 2070 3436 facere

466 3468 761 3521 debemus.
792 3465 934 3518 Nam
960 3465 1017 3518 in
1053 3482 1121 3518 ea
1153 3464 1245 3517 die
1279 3465 1574 3518 benedictus
1599 3469 1707 3533 est,
1731 3466 1789 3521 id
1820 3471 2070 3524 estexal-

463 3558 615 3609 tatus
645 3568 749 3624 per
772 3552 1019 3624 gloriam
1075 3552 1512 3607 resurrectionis
1540 3554 1812 3623 Christus,
1836 3559 1932 3628 qui
1952 3575 2072 3611 ven-

464 3651 613 3696 turus
637 3649 711 3697 est
736 3642 791 3694 in
817 3643 1031 3695 nomine
1074 3640 1315 3708 Domini,
1334 3641 1408 3695 .id
1437 3646 1521 3696 est
1552 3643 1609 3696 in
1646 3644 1926 3699 honorem
1958 3647 2069 3700 Do-

468 3732 609 3787 mini
635 3730 852 3799 Patris;
878 3730 1039 3800 juxta
1074 3728 1242 3783 illud:
1271 3730 1435 3800 «Ego
1458 3746 1573 3784 non
1602 3748 1797 3802 quaero
1824 3733 2069 3803 gloriam

464 3834 679 3885 meam,
708 3818 809 3871 sed
839 3818 959 3888 ejus
983 3817 1080 3888 qui
1110 3816 1267 3871 misit
1280 3833 1373 3871 me
1397 3818 1577 3871 Patris
1603 3818 1789 3889 (Joan.
1812 3825 2015 3891 vm,5).
2041 3842 2069 3870 ››

463 3909 530 3962 Et
560 3908 692 3963 alibi
715 3924 776 3960 :«
808 3906 925 3976 Ego
949 3905 1073 3959 veni
1107 3906 1163 3958 in
1198 3906 1435 3960 nomine
1494 3907 1676 3960 Patris
1724 3908 1861 3975 mei,
1898 3931 1926 3957 ››
1958 3913 2066 3963 etc.

464 3996 854 4072 (Jonn.v,lr3.)_
909 3995 969 4047 In
1054 3994 1184 4048 aliis
1265 3995 1704 4050 translatoribus
1779 3997 2066 4053 habetur:

469 4109 498 4135 ι(
532 4084 868 4139 Benedictus
887 4081 985 4153 qui
1016 4082 1173 4135 venit
1197 4082 1255 4135 in
1289 4084 1526 4137 nomine
1563 4086 1811 4153 Domini,
1848 4108 1875 4135 ››
1909 4088 2068 4141 Unde

464 4172 750 4243 colligitur
774 4169 972 4241 quiasi
1031 4170 1273 4237 dicatur,
1334 4171 1667 4227 benedictus
1719 4175 1815 4245 qui
1869 4179 2068 4230 ventu-

2168 1799 2427 1851 catorum
2447 1797 2715 1851 servitute
2738 1798 2983 1853 cessetis.
3011 1796 3347 1863 Constituite,
3369 1798 3780 1869 inquam,per—

2168 1884 2420 1939 sistendo
2475 1884 2549 1939 ad
2600 1886 2883 1940 honorem
2937 1886 3032 1941 Dei
3063 1888 3117 1938 in
3165 1886 3454 1953 condensis,
3492 1886 3547 1939 id
3592 1887 3776 1940 estin

2166 1972 2580 2045 multiplicibus
2600 1974 2894 2029 sacriﬁciis
2924 1974 3201 2029 virtutum
3230 1978 3290 2027 et
3320 1975 3605 2029 bonorum
3633 1990 3782 2043 ope-

2166 2079 2297 2117 rum
2325 2067 2383 2117 et
2412 2063 2611 2117 tandiu
2644 2066 2941 2117 constituite
2969 2063 3109 2117 diem
3150 2063 3428 2116 solemnem
3454 2065 3509 2115 in
3536 2062 3777 2117 conden-

2165 2152 2256 2217 sis,
2288 2150 2474 2204 donec
2504 2150 2850 2222 pertingatis
2873 2167 3031 2221 usque
3072 2150 3142 2203 at!
3169 2168 3337 2205 comm
3369 2151 3573 2217 altaris,
3596 2149 3650 2202 id
3687 2154 3781 2203 est

2170 2254 2347 2309 usque
2371 2238 2441 2292 ad
2470 2240 2983 2309 contemplandam
3001 2238 3360 2293 divinitatem
3387 2238 3612 2304 Christi,
3639 2254 3780 2308 qua:

2170 2344 2273 2398 per
2303 2344 2481 2383 cornu
2514 2328 2788 2399 accipitur
2830 2332 3068 2399 propter
3111 2328 3196 2382 sui
3224 2327 3660 2390 sublimitatem,
3704 2343 3779 2381 eo

2171 2417 2325 2488 quod
2353 2433 2532 2470 cornu
2561 2416 2619 2470 in
2650 2417 2831 2471 altum
2875 2419 3198 2484 excrescat;
3232 2432 3299 2469 ac
3328 2415 3373 2470 si
3408 2414 3592 2469 dicat:
3621 2415 3779 2468 Tan-

2171 2503 2267 2557 diu
2298 2504 2354 2557 in
2388 2502 2693 2557 condensis
2724 2502 3034 2573 persistitc,
3058 2502 3244 2556 donec
3265 2502 3529 2557 infuturo
3548 2518 3776 2556 merea-

2169 2590 2316 2645 mini
2348 2591 2680 2661 pertingere
2705 2591 2776 2644 ad
2797 2590 3311 2661 contemplandam
3327 2589 3578 2661 perfecte
3606 2589 3780 2643 subli-

2170 2679 2433 2732 mitatem
2449 2678 2762 2733 divinitatis
2779 2678 3006 2747 Christi,
3023 2678 3177 2750 quod
3190 2678 3369 2733 altare
3382 2682 3647 2732 nostrum
3666 2681 3773 2745 est,

2168 2786 2339 2840 super
2368 2768 2522 2840 quod
2546 2770 2661 2823 Deo
2683 2768 2959 2823 sacriﬁcia
2985 2783 3215 2823 morum
3239 2770 3296 2821 et
3325 2783 3567 2838 operum
3587 2768 3775 2822 bono-

2170 2875 2300 2912 rum
2328 2858 2660 2926 otl'erimus;
2686 2857 2769 2911 vel
2801 2874 2975 2929 usque
3020 2856 3092 2911 ad
3137 2873 3315 2911 cornu
3347 2856 3564 2923 altaris,
3597 2856 3655 2910 id
3687 2862 3775 2911 est

2170 2964 2348 3019 usque
2383 2946 2455 3001 ad
2486 2946 2900 3000 sublimitatem
2954 2945 3186 3012 mentis,
3247 2944 3304 2999 id
3343 2948 3426 2998 est
3473 2960 3653 3015 usque
3698 2944 3775 2998 ad

2169 3034 2681 3104 contemplandam
2697 3032 3084 3100 divinitatem,
3109 3048 3236 3103 quin
3250 3034 3337 3085 est
3353 3047 3537 3086 cornu
3558 3033 3774 3085 mentis

2169 3122 2227 3177 id
2253 3126 2340 3177 est
2377 3122 2657 3178 excedens
2709 3122 2769 3175 in
3022 3120 3106 3175 sui
3152 3120 3503 3191 sublimitate
3558 3121 3777 3174 mentis

2170 3210 2961 3282 nostrm,contemplationem
2979 3208 3396 3263 asimilitudine
3409 3209 3778 3279 cornu,quod

2170 3299 2228 3353 in
2258 3299 2514 3353 cornutis
2545 3298 2894 3352 animalibus
2916 3301 3103 3352 totum
3136 3314 3342 3369 corpus
3387 3296 3681 3351 tendendo
3714 3296 3776 3349 in

2176 3388 2357 3441 altum
2390 3387 2633 3441 excedit.
2659 3387 2813 3441 Meus
2839 3390 3033 3441 autem
3060 3386 3238 3440 altare
3272 3385 3497 3451 dicitur,
3526 3401 3594 3439 eo
3615 3384 3780 3456 quod

2173 3478 2231 3531 in
2255 3480 2452 3531 mente
2479 3478 2597 3532 Deo
2624 3477 2964 3547 frequenter
2982 3476 3260 3530 sacriﬁcia
3287 3475 3562 3530 virtutum
3576 3479 3635 3530 et
3653 3492 3779 3530 mo-

2170 3582 2301 3620 rum
2320 3566 2606 3620 bonorum
2624 3565 2766 3619 sicut
2784 3565 2839 3619 in
2856 3564 3021 3619 altari
3048 3564 3366 3620 offerimus.
3392 3565 3609 3620 Dicitur
3627 3582 3778 3636 quo-

2172 3670 2282 3725 que
2315 3653 2583 3707 divinitas
2610 3669 2814 3719 cornu,
2849 3651 2906 3706 id
2938 3655 3024 3707 est
3049 3652 3221 3707 firma
3259 3652 3517 3707 defensio
3554 3653 3783 3709 meritis

2171 3744 2375 3795 contra
2404 3740 2705 3796 diabolum
2739 3744 2798 3794 et
2822 3740 2974 3807 vitia,
3008 3739 3156 3795 sicut
3184 3757 3365 3795 cornu
3393 3741 3479 3793 est
3511 3739 3778 3795 defensio

2170 3828 2396 3882 cornuti
2423 3828 2713 3884 animalis.
2750 3828 3159 3882 Exhortatione
3179 3828 3253 3882 ad
3274 3828 3567 3883 auditores
3597 3829 3779 3895 facta,

2172 3921 2233 3971 ut
2259 3917 2446 3988 magis
2467 3916 2572 3988 ipsi
2589 3918 2882 3972 auditores
2895 3917 2966 3971 ad
2989 3916 3382 3971 conﬁtendum
3397 3917 3778 3973 Deoinciteno

2169 4010 2284 4074 tur,
2316 4006 2607 4077 promittit
2632 4009 2952 4077 martyrum
2980 4004 3259 4073 collectio,
3294 4021 3421 4076 quin
3445 4006 3534 4060 hic
3548 4006 3693 4077 agit,
3716 4024 3779 4062 se

2168 4097 2561 4149 cont'essuram
2579 4096 2694 4149 Deo
2730 4098 2787 4148 ct
2805 4111 2940 4148 eum
2964 4094 3457 4161 exaltaturam,sic
3484 4113 3500 4147 :
3529 4095 3648 4149 Dixi
3679 4114 3781 4151 au-

2169 4183 2471 4249 ditoribus,
2502 4184 2826 4251 constituite,
2879 4186 3013 4250 etc.,
3052 4183 3333 4254 quidquid
3374 4183 3479 4255 ipsi
3533 4185 3778 4254 faciant,

462 4279 559 4318 rus
584 4263 689 4325 est,
722 4259 1005 4329 quantum
1048 4256 1123 4310 ad
1151 4258 1495 4329 prophetam
1548 4260 1795 4329 positum
1826 4266 1931 4331 est,
1972 4266 2068 4335 qui

2170 4272 2311 4326 Deus
2339 4287 2485 4324 meus
2512 4288 2564 4325 es
2592 4278 2671 4337 tu,
2704 4270 2761 4325 id
2792 4274 2880 4325 est
2910 4275 3137 4326 creator
3164 4288 3345 4341 meus,
3376 4274 3620 4347 ideoque
3642 4295 3777 4332 con-

463 4354 594 4406 ante
621 4347 930 4403 adventum
963 4344 1168 4400 Christi
1198 4345 1325 4412 fuit,
1350 4363 1465 4401 non
1488 4352 1769 4419 quantum
1796 4353 1868 4407 ad
1916 4371 2069 4409 mar-

463 4444 636 4510 tyres,
670 4435 765 4508 qui
795 4435 886 4489 hic
918 4433 1073 4504 loqui
1130 4432 1501 4501 inducuntur,
1542 4436 1641 4506 qni
1690 4443 1819 4509 post
1866 4441 2069 4498 Christi

461 4528 706 4582 adventu
726 4524 977 4578 fuerunt.
1011 4523 1205 4577 Potest
1231 4539 1459 4594 quoque
1490 4524 1560 4578 de
1588 4528 1839 4583 secundo
1868 4530 2072 4588 Christi

461 4616 709 4670 adventu
732 4611 810 4665 sic
839 4612 950 4681 legi
998 4628 1011 4666 :
1050 4611 1367 4666 Benedictus
1391 4616 1476 4666 est
1508 4615 1561 4666 in
1592 4618 1802 4670 nomine
1828 4618 2069 4694 Domini,

461 4703 654 4768 idest,
683 4700 961 4753 exaltatus
1003 4702 1107 4751 est.
1143 4700 1273 4753 Ideo
1321 4700 1457 4770 quia
1485 4702 1701 4758 studuit
1742 4703 1801 4759 iu
1848 4707 2070 4764 bonore

462 4788 691 4847 Domini
708 4787 884 4860 patris
900 4787 995 4840 ille
1012 4786 1107 4858 qui
1126 4790 1397 4842 venturus
1408 4793 1493 4843 cst
1507 4789 1561 4843 in
1580 4791 1772 4848 futuro
1788 4798 2070 4853 mundum

458 4878 829 4952 iudicaturus,
862 4874 1116 4931 Christus
1142 4874 1373 4930 scilicet.

535 4965 828 5022 Enarratis
840 4964 1134 5019 beneﬁciis
1156 4964 1564 5022 misericordite-
1576 4970 1827 5040 Domini,
1854 4974 2071 5031 faciunt

461 5059 766 5127 martyres,
818 5053 917 5126 qui
988 5052 1082 5108 hic
1138 5054 1471 5124 loquuntur,
1532 5062 1944 5131 apostropham
1998 5064 2071 5119 ad

461 5144 772 5209 auditores,
802 5146 866 5196 ut.
907 5140 1062 5196 dicta
1113 5158 1214 5195 sua
1265 5144 1704 5215 commendent,
1750 5153 1808 5203 et
1851 5167 1951 5206 eos
1998 5153 2070 5207 ad

457 5231 805 5291 imitandum
832 5247 889 5285 se
918 5230 978 5284 in
1013 5230 1110 5286 Dei
1146 5230 1376 5285 Iaudem
1407 5234 1720 5291 attrahant.
1746 5238 1874 5294 Haec
1894 5240 2069 5311 igitur

460 5320 811 5395 apostropha
841 5319 915 5374 ad
947 5317 1148 5374 omnia
1175 5319 1502 5391 supradicta
1532 5324 1780 5395 respicit,
1811 5330 1868 5381 et
1887 5330 1964 5383 sic
1990 5332 2066 5385 le-

458 5409 908 5482 gitur:diximus
989 5406 1325 5477 exsultantis,
1405 5414 1515 5467 etc.
1548 5412 1637 5477 Et,
1667 5430 1700 5469 o
1749 5415 2059 5489 auditores,

458 5498 810 5561 bcmdirimus
830 5497 995 5571 vobis,
1021 5496 1079 5553 id
1108 5500 1194 5554 est
1221 5497 1371 5556 bene
1385 5501 1743 5569 narravimus
1757 5504 1934 5579 vobis,
1955 5522 2060 5568 an.

2169 4360 2354 4429 [itebor
2384 4359 2616 4414 laudem
2643 4376 2744 4415 ore
2772 4376 2784 4414 :
2817 4360 2981 4425 Deus,
3015 4360 3275 4431 inquam,
3304 4379 3446 4416 meus
3463 4381 3517 4418 es
3534 4373 3617 4431 tu,
3638 4367 3777 4424 ideo

2176 4449 2331 4521 quod
2352 4449 2593 4503 exaltabo
2615 4456 2662 4502 te
2682 4464 2855 4521 opere
2880 4453 2938 4503 et
2958 4450 3298 4516 devotione;
3330 4453 3487 4524 quod
3511 4460 3597 4510 est
3623 4456 3783 4513 dice-

2172 4554 2235 4591 re
2260 4553 2273 4591 :
2299 4536 2604 4606 Conﬁtebor
2652 4538 2767 4605 tibi,
2825 4544 2874 4591 et
2923 4538 3161 4592 exaltabo
3219 4546 3295 4603 te;
3347 4540 3595 4614 ideoque
3626 4545 3780 4601 Deus

2172 4643 2316 4679 meus
2341 4643 2391 4679 es
2423 4633 2502 4693 tu,
2544 4625 2832 4697 conﬁtebor
2870 4626 2985 4695 tibi,
3038 4628 3299 4699 inquam,
3332 4628 3485 4697 ideo,
3516 4636 3779 4702 quoniam

2171 4713 2434 4767 exaudiin
2458 4732 2541 4767 me
2577 4732 2593 4777 ;
2634 4721 2683 4768 et
2710 4716 2891 4784 factus
2919 4733 2970 4769 es
2994 4717 3131 4769 mihi
3156 4719 3211 4769 in
3242 4717 3464 4772 salutem
3493 4737 3511 4775 :
3543 4722 3676 4790 hoc,
3716 4730 3782 4779 ut

2171 4802 2433 4874 superius
2464 4803 2791 4873 exponitur,
2811 4804 2881 4858 ad
2901 4803 3160 4858 dandum
3183 4808 3512 4877 exemplum
3540 4813 3779 4869 confes-

2171 4891 2350 4945 sionis
2382 4891 2711 4961 repetitum.
2748 4890 3071 4964 Con/itebor,
3104 4893 3363 4966 inquam,
3397 4899 3455 4951 et
3485 4898 3615 4954 ideo
3650 4918 3779 4974 vos,

2172 4979 2482 5046 auditores,
2498 4980 2762 5050 exemplo
2776 4981 2889 5035 mei
2900 4981 3246 5053 ,con/itemini
3255 4984 3779 5058 Βονηίηοθυοκίωη

2174 5068 2353 5133 bonus,
2377 5070 2629 5140 quoniam
2674 5072 2729 5122 in
2762 5070 3013 5126 saeculum
3067 5073 3429 5127 misericordia
3482 5079 3617 5147 ejus,
3662 5081 3781 5139 hoc

2170 5160 2234 5211 ut
2269 5157 2526 5228 superius
2565 5159 2893 5229 exponitur,
2935 5158 3066 5215 ideo
3098 5163 3431 5234 repetitum,
3472 5170 3534 5220 ut
3566 5168 3709 5225 sicut
3743 5194 3779 5232 θ,

2167 5244 2338 5300 laude
2368 5246 2601 5318 incmpit
2624 5248 2932 5320 psalmum,
2968 5251 3026 5302 ta
3046 5249 3105 5303 in
3136 5250 3304 5305 laude
3336 5252 3518 5309 ﬁniat.

2625 5337 2692 5390 IN
2726 5336 3047 5397 PSAIMUM
3086 5338 3304 5395 CXVIII.

2199 5423 2762 5482 Psalmuscentesimi
2776 5416 3515 5505 decimioctavi.Etsi,juxta
3528 5433 3765 5494 beatum

2159 5513 2789 5591 Ainhrosium,Atteluia
2810 5515 3470 5589 intiluletur,secundum
3492 5523 3765 5589 Hebraeos
