3966 6034
166 262 304 327 1257

1096 252 1454 325 exrosl'rlo
1492 258 1561 324 IN
1598 264 1935 326 rsamos.
1972 297 2042 309 —
2075 264 2272 323 esu.
2329 262 2531 324 cxvm

3338 272 3473 330 i238

158 400 379 450 tamem
399 395 618 450 nullum
632 395 806 451 habet
830 394 1225 450 titulum.tluic
1246 411 1459 467 nempe
1476 411 1771 467 praepone-
1794 398 1849 456 Α
1868 410 1999 448 cum
2030 392 2379 449 intellectum
2411 393 2762 465 pervenitur,
2795 398 2857 451 ut
2887 394 2956 450 de
2987 393 3263 451 creaturis
3285 395 3477 464 singu-

159 502 224 539 re
248 485 475 539 titulum
495 501 611 539 non
627 483 1292 548 fuituecessarium,cum
1313 484 1624 556 diligenter
1638 500 1771 540 con-

160 573 542 628 siderantibus
563 573 685 643 ejus
700 572 946 628 intentio
969 573 1359 639 denotetur,et
1378 573 1772 644 negotium,ex

158 660 492 732 primordiis
508 663 566 715 et
587 678 829 717 numero
852 661 1324 717 versuum.'l‘otus
1336 661 1492 716 enim
1516 661 1771 732 psalmus

159 749 267 804 iste
289 749 440 821 apud
459 749 726 805 Hebraeos
747 767 848 821 per
863 751 1139 806 clausulas
1150 752 1493 805 octonorum
1505 765 1769 804 versuum

161 838 434 909 digestas,
466 854 570 911 per
598 838 956 910 singularum
998 840 1380 894 clausularum
1407 854 1619 905 versus,
1652 838 1767 893 sin-

157 927 326 998 gulos
375 927 693 981 secundum
743 927 1008 982 ordinem
1039 927 1330 999 alphabeti
1385 926 1665 993 Hebraici,
1711 926 1768 981 in

157 1013 445 1086 principio
478 1015 819 1072 eorumdem
846 1032 1110 1071 versuum
1142 1015 1606 1082 conseribitur,ut
1622 1014 1771 1069 vide-

158 1103 297 1158 licet
326 1106 456 1158 octo
478 1119 673 1157 versus
725 1102 928 1174 primas
961 1103 1224 1159 clausulae
1256 1119 1458 1158 omnes
1491 1102 1769 1173 incipiant

156 1207 265 1263 per
288 1190 461 1263 Aleph
487 1192 772 1259 litteram;
806 1196 933 1247 octo
988 1208 1123 1247 vero
1177 1191 1440 1246 secundae
1466 1207 1570 1262 per
1600 1189 1767 1256 Beth;

159 1284 293 1335 octo
324 1296 553 1352 quoque
585 1280 770 1335 tertias
833 1296 937 1351 per
968 1279 1198 1347 G/u'mel,
1254 1284 1312 1334 et
1360 1279 1437 1333 sic
1468 1279 1524 1333 in
1552 1279 1770 1334 czeteris

155 1369 426 1423 clausulis
453 1385 656 1423 omnes
687 1384 886 1423 earum
934 1368 1125 1423 octoni
1166 1384 1359 1422 versus
1385 1383 1488 1437 per
1519 1367 1771 1439 singulas

157 1458 382 1512 litteras
412 1456 667 1511 llebraici
690 1456 981 1528 alphabeti
1000 1472 1106 1529 per
1118 1456 1382 1511 ordinem
1407 1454 1774 1510 habeantini-

158 1545 329 1599 tium.
361 1544 667 1612 Car-terum,
718 1544 993 1615 quoniam
1042 1544 1151 1599 hoc
1182 1544 1383 1598 Latina
1411 1544 1621 1599 locutio
1654 1559 1771 1598 non

160 1632 400 1704 patitur,
432 1636 495 1687 ut
513 1632 781 1687 videlicet
808 1632 1002 1687 octoni
1030 1649 1223 1687 versus
1240 1632 1604 1703 singularum
1623 1632 1775 1686 elau-

1869 483 1936 535 lis
1963 497 2090 553 qua:
2115 483 2188 536 sit
2216 497 2415 536 earum
2443 486 2669 550 natura,
2721 486 2780 538 et
2810 483 2947 555 quid
2979 500 3221 556 quaeque
3259 484 3474 555 signiﬁ-

1871 574 2024 637 cent,
2058 574 2117 626 et
2148 570 2216 626 de
2242 570 2532 626 sacrificiis
2561 589 2792 644 quoque
2820 572 2963 644 legis
2987 573 3194 627 veteris
3208 575 3266 627 et
3279 575 3475 630 obser-

1868 658 2074 714 vantiis
2100 660 2445 728 carnalibus,
2479 677 2592 732 qua
2621 661 2869 728 ratione,
2902 664 2960 716 et
2984 678 3097 733 quo
3138 662 3411 734 mysterio
3442 679 3478 718 a

1871 748 2118 804 Domino
2141 748 2451 805 constituta
2478 749 2714 817 fuerint,
2746 750 3068 805 intellectus
3084 750 3353 823 mysticus
3378 752 3478 807 ha-

1869 836 2093 892 beatur.
2120 837 2206 891 Ab
2236 836 2566 908 hujusmodi
2597 842 2791 893 autem
2838 837 3131 893 intellectu
3158 838 3230 893 ad
3261 838 3475 893 theori-

1868 940 2018 993 eam,
2049 925 2108 979 id
2138 928 2224 980 est
2244 926 2318 982 ad
2343 926 2516 981 vitam
2534 928 3064 998 contemplativam,
3083 927 3147 981 ﬁt
3164 943 3198 981 a
3219 925 3479 982 fidelibus

1868 1030 2151 1081 ascensus,
2185 1018 2249 1069 ut
2292 1015 2417 1087 jam
2454 1015 2718 1071 videlicet
2746 1016 2905 1071 omni
2938 1033 3074 1072 cura
3118 1017 3478 1072 saecularium

1869 1102 2155 1157 bonorum
2207 1103 2553 1174 posthabita,
2582 1104 2702 1159 sola
2732 1104 2888 1161 bona
2932 1104 3180 1160 coelestia
3215 1108 3476 1160 contem-

1868 1189 2128 1262 plentur;
2161 1190 2241 1245 eis
2274 1194 2500 1246 tantum
2556 1192 2740 1246 inesse
2769 1192 3119 1258 desiderent,
3153 1208 3222 1247 ea
3264 1192 3477 1247 solum-

1869 1278 2045 1333 modo
2075 1282 2195 1333 tota
2218 1278 2519 1334 affectione
2553 1280 2978 1352 concupiscant.
3013 1284 3057 1333 A
3084 1279 3337 1335 theoriea
3353 1281 3477 1351 qui-

1872 1366 2005 1419 dem
2034 1366 2106 1421 ad
2136 1366 2404 1438 perfectas
2435 1367 2807 1422 beatitudinis
2837 1368 3208 1439 adeptionem
3243 1368 3481 1422 tandem

1872 1457 2001 1524 post
2064 1454 2252 1509 carnis
2290 1455 2703 1512 resolutionem
2763 1458 3070 1529 attingere.
3102 1456 3258 1511 Licet
3286 1460 3482 1512 autem

1870 1541 2065 1597 idiotas
2086 1542 2317 1614 plurimi
2342 1559 2445 1616 per
2473 1544 2656 1598 solam
2676 1545 3093 1612 moralitatem,
3110 1544 3233 1599 sine
3252 1543 3485 1617 physica

1874 1629 2114 1702 mystico
2145 1631 2461 1700 intellectu,
2491 1635 2548 1687 et
2562 1632 2684 1688 sine
2713 1632 2971 1687 theorica
2988 1633 3309 1701 salventur;
3355 1634 3482 1687 nul-

159 1722 417 1776 sularum
438 1721 753 1775 secundum
772 1720 1374 1776 ordinemlitterarum
1393 1720 1579 1775 Latini
1601 1721 1773 1790 alpha
1799 1729 1849 1789 Β
1874 1717 1957 1773 lus
2016 1722 2214 1773 tamen
2245 1719 2458 1791 absque
2508 1720 2596 1774 his
2627 1720 2849 1776 duobus
2880 1736 3261 1793 uquequaque
3293 1721 3481 1790 perfe-

161 1809 283 1865 beli
314 1809 629 1881 incipiant;
686 1825 801 1864 non
853 1808 1009 1863 enim
1051 1808 1254 1879 primm
1285 1810 1549 1863 clausula:
1580 1825 1771 1863 versus

163 1900 318 1965 octo,
351 1913 553 1952 omnes
582 1913 686 1969 per
712 1915 744 1950 a
772 1900 1008 1967 possunt
1046 1896 1329 1967 incipere;
1366 1913 1472 1951 nec
1500 1895 1766 1952 secundas

160 1987 428 2041 clausulae
460 2003 653 2040 versus
677 1989 804 2041 octo
850 2003 952 2058 per
980 1986 1029 2052 Ιι,
1064 1990 1120 2040 et
1141 1985 1198 2040 in
1232 1986 1451 2040 ueteris
1482 1986 1764 2051 similiter,

159 2074 298 2146 quia
326 2090 440 2129 non
463 2075 638 2129 habet
658 2074 931 2129 Latinitas
964 2090 1124 2129 voces
1160 2090 1443 2146 congruas
1463 2074 1535 2129 ad
1557 2075 1664 2129 hoc
1681 2091 1767 2127 se-

159 2164 416 2217 cundum
446 2162 988 2235 interpretationem
1014 2178 1216 2218 vocum
1254 2163 1679 2230 Hebraicarum,
1711 2162 1768 2216 in

159 2251 446 2324 principio
478 2268 743 2307 versuum
785 2252 955 2322 hujus
996 2252 1202 2324 psalmi
1233 2252 1571 2323 positarum,
1617 2251 1771 2324 apud

163 2339 399 2395 Latinos
428 2344 562 2394 ante
592 2340 846 2411 singulas
874 2341 1154 2395 clausulas
1182 2340 1420 2395 nomina
1445 2339 1769 2394 litterarum

162 2426 426 2482 llebraici
454 2428 743 2499 alphabeti
775 2428 1090 2482 secundum
1128 2428 1390 2484 ordinem
1422 2427 1769 2495 scribuntur,

166 2518 230 2569 ut
241 2513 505 2569 videlicet
521 2518 652 2568 ante
670 2515 981 2569 clausulam
997 2516 1243 2587 primam
1267 2516 1621 2583 scribatur,A
1635 2515 1769 2587 (epla,

165 2619 295 2673 quas
323 2618 423 2657 vox
450 2619 661 2658 nomen
687 2607 773 2656 est
788 2602 1208 2674 primaslitterze
1222 2604 1617 2667 Hebraeorum,
1638 2608 1772 2659 ante

162 2691 478 2745 secundum
499 2690 928 2764 veroBetlc,qum
951 2708 1166 2747 nomen
1181 2696 1264 2746 est
1284 2693 1490 2747 litterae
1509 2694 1774 2748 secunda:

168 2782 228 2833 et
254 2778 332 2833 sic
361 2783 495 2833 ante
521 2782 756 2834 caeteras
787 2781 1065 2834 clausulas
1088 2784 1429 2835 cmtcrarum
1451 2781 1775 2836 litterarum

167 2866 575 2922 Hebraiearum
608 2867 848 2923 nomina
879 2882 984 2939 per
1014 2867 1277 2922 ordinem
1300 2868 1774 2923 scribantur.Non

163 2953 295 3009 ideo
327 2957 524 3009 tamen
553 2958 615 3009 ut
644 2971 808 3010 voces
838 2955 957 3010 istae
986 2956 1193 3010 harum
1245 2956 1626 3011 clausularum
1662 2956 1777 3011 sint

165 3042 340 3110 tituli,
364 3043 469 3098 sed
492 3047 554 3097 ut
571 3043 739 3098 nobis
764 3043 994 3115 signum
1024 3045 1157 3112 sint,
1188 3047 1470 3116 quatenus
1488 3045 1640 3116 apud
1668 3045 1774 3099 lle-

169 3131 357 3186 brasos
385 3131 745 3203 singularum
780 3133 1163 3187 clausularum
1193 3149 1384 3188 versus
1420 3134 1611 3189 octoni
1634 3150 1774 3189 asu-

166 3218 441 3291 pradictis
470 3219 749 3291 incipiant
773 3220 996 3276 litteris.
1015 3223 1075 3275 In
1098 3221 1206 3276 hoc
1232 3224 1425 3275 autem
1455 3222 1773 3289 octonario,

167 3323 414 3361 numero
446 3324 733 3375 versuum,
787 3311 844 3362 et
893 3308 950 3362 in
1000 3308 1438 3380 praescriptione
1470 3309 1645 3364 totius
1676 3312 1779 3364 He-

158 3395 338 3451 braici
371 3396 681 3468 alphabeti,
714 3397 921 3469 psalmi
947 3398 1120 3453 totius
1142 3398 1685 3467 intentioinnuitur,
1721 3402 1779 3453 et

164 3485 488 3555 negotium.

232 3574 292 3627 In
324 3573 431 3629 hoc
462 3577 683 3646 psalmo
711 3574 1022 3630 intendunt
1046 3574 1239 3630 fideles
1262 3575 1775 3648 perfecti,quorum

157 3661 253 3718 hic
283 3678 386 3717 vox
432 3667 536 3731 est,
572 3663 854 3717 instruere
902 3663 1178 3730 minores,
1216 3664 1462 3734 qualiter
1490 3665 1563 3719 ad
1592 3665 1773 3720 beati-

162 3749 427 3805 tudinem
458 3768 653 3806 veram
686 3751 906 3823 possint
935 3750 1239 3822 attingere.
1274 3750 1409 3816 Quze
1441 3752 1652 3807 idcirco
1673 3769 1778 3824 per

162 3855 472 3894 numerum
506 3840 866 3894 octonarium
902 3838 1262 3911 intelligitur,
1295 3841 1430 3911 quia
1487 3841 1545 3894 in
1576 3845 1775 3896 octava

164 3926 278 3993 die,
301 3927 512 3983 scilicet
538 3928 596 3982 in
625 3927 956 3998 diejudicii,
978 3944 1105 3998 quae
1130 3928 1387 3999 sequitur
1407 3931 1533 3999 post
1553 3933 1772 3999 septem

164 4013 285 4069 dies
313 4016 482 4087 hujus
510 4017 637 4070 vitae
668 4015 952 4070 salvandis
982 4014 1231 4071 dabitur.
1276 4017 1383 4070 Per
1411 4014 1772 4072 octonarium

165 4119 394 4175 quoque
411 4120 719 4159 numerum
737 4108 864 4159 octo
881 4121 1096 4175 genera
1108 4103 1480 4160 beatitudinis
1490 4104 1604 4159 acci
1610 4105 1775 4177 piun-

168 4194 282 4252 tur,
336 4208 463 4263 quae
497 4194 759 4248 fidelibus
786 4210 820 4247 a
850 4196 965 4248 Deo
997 4194 1228 4261 dantur,
1263 4194 1333 4249 de
1359 4194 1564 4267 quibus
1589 4195 1770 4266 adipi-

1873 1810 1996 1860 ctus
2029 1806 2336 1862 invenitur.
2369 1808 2463 1862 Est
2493 1812 2687 1862 autem
2714 1809 2884 1879 hujus
2918 1808 3123 1881 psalmi
3152 1808 3482 1880 principalis

1875 1895 2143 1963 intentio,
2172 1898 2234 1950 ut
2262 1895 2524 1966 perfecti,
2555 1913 2801 1969 quorum
2824 1898 2916 1951 hic
2948 1913 3051 1952 vox
3084 1900 3189 1965 est,
3224 1897 3482 1951 minores

1871 1982 2155 2037 instruant
2179 2001 2282 2055 per
2313 1984 2704 2039 moralitatem
2732 1985 2801 2040 ad
2838 2002 3030 2040 veram
3060 1984 3483 2040 beatitudinem

1869 2072 2198 2127 ascendere.

1942 2159 2011 2214 Et
2049 2159 2325 2230 quoniam
2356 2160 2512 2232 prius
2543 2161 2616 2216 ad
2645 2160 2990 2217 moralitatis
3018 2160 3480 2230 instructionem,

1874 2246 2083 2301 dehinc
2097 2249 2169 2302 ad
2188 2249 2338 2303 beati
2349 2248 2608 2304 tudinem
2622 2252 2743 2305 tota
2753 2250 3151 2321 principaliter
3161 2251 3329 2323 hujus
3340 2251 3485 2323 psal-

1873 2335 1952 2389 mi
1987 2339 2207 2407 spectet
2229 2336 2754 2405 intcntio,denotat
2771 2338 3061 2410 alphabeti
3092 2339 3352 2394 Hebraici
3379 2354 3485 2411 per

1874 2424 2126 2496 singulas
2155 2426 2435 2481 clausulas
2477 2426 2741 2498 digestio,
2794 2442 2900 2481 nec
2931 2427 2989 2481 id
3018 2427 3254 2500 quidem
3279 2428 3481 2484 incon-

1875 2528 2038 2582 grue.
2073 2513 2215 2568 Nam
2237 2513 2380 2568 sicut
2397 2514 2687 2587 alphabeti
2708 2515 2970 2569 doctrina
2999 2515 3190 2587 pueris
3210 2520 3297 2571 est
3325 2517 3481 2571 rudi-

1876 2604 2163 2670 mentum,
2196 2605 2253 2656 et
2275 2601 2446 2656 totius
2476 2602 2754 2658 doctrinae
2782 2603 3043 2658 litteratis
3060 2604 3382 2673 exordium,
3402 2605 3485 2661 ita

1874 2706 2103 2762 quoque
2130 2690 2368 2745 moralis
2395 2690 2693 2746 instructio
2742 2690 2931 2747 idiotis
2957 2695 3044 2746 est
3073 2693 3145 2747 ad
3176 2694 3483 2750 beatitudi-

1875 2794 2011 2832 nem
2054 2778 2320 2833 veniendi
2372 2779 2533 2851 quasi
2591 2778 2884 2851 quoddam
2946 2778 3395 2836 fundamentum
3426 2785 3485 2836 et

1877 2865 2245 2938 principium.
2286 2866 2592 2937 Negotium
2626 2870 2822 2921 autem
2843 2869 2929 2921 est
2958 2867 3086 2936 hoc,
3116 2869 3271 2941 quod
3296 2869 3367 2924 de
3395 2870 3485 2924 his

1877 2971 2004 3026 quae
2059 2955 2131 3009 ad
2189 2955 2579 3010 moralitatem
2635 2959 2694 3010 et
2722 2955 3139 3011 beatitudinem
3189 2958 3486 3029 pertinent

1804 3014 1851 3073 Ο
1877 3014 2315 3098 multiformiter
2344 3046 2546 3115 agunt,
2578 3044 2639 3097 ut
2659 3044 2961 3113 apparebit
2996 3042 3053 3097 in
3080 3014 3207 3116 ipsd
3233 3047 3477 3116 psalmo.

1874 3130 2042 3185 Aliud
2072 3130 2351 3185 nimirum
2401 3134 2487 3186 est
2514 3129 2585 3186 de
2634 3130 2725 3185 his
2762 3146 2954 3202 agere,
2986 3132 3140 3187 aliud
3188 3136 3381 3189 autem
3408 3136 3485 3191 ad

1877 3217 2280 3273 instruendum
2312 3235 2415 3290 per
2442 3219 2550 3273 hoc
2580 3218 2868 3274 auditores
2898 3219 3219 3277 intendere.
3262 3221 3404 3287 Quia
3434 3224 3479 3281 si

1878 3307 2148 3379 quaedam
2174 3308 2344 3377 hujus
2370 3307 2574 3379 psalmi
2608 3308 2679 3363 ad
2710 3308 3029 3380 physicam,
3054 3310 3320 3381 quaedam
3344 3328 3478 3366 vero

1877 3397 2169 3467 pertinere
2195 3396 2504 3453 videantur
2532 3397 2603 3453 ad
2631 3397 2972 3466 theoricam,
3006 3403 3128 3455 tota
3164 3403 3384 3467 tamen,
3418 3406 3483 3456 ut

1868 3485 1994 3555 jam
2028 3485 2293 3553 diximus,
2326 3486 2571 3541 intentio
2597 3486 2926 3557 principalis
2955 3490 3012 3542 et
3037 3489 3335 3561 negotium
3360 3506 3486 3562 spe-

1878 3576 1995 3628 ctat
2023 3574 2097 3628 ad
2126 3574 2395 3629 ethicam.
2434 3574 2575 3629 Cum
2603 3574 2778 3646 igitur
2801 3575 2922 3628 hinc
2948 3577 3482 3632 communisinten-

1877 3661 1956 3716 tio
2019 3678 2124 3733 per
2152 3665 2341 3717 totum
2393 3664 2681 3733 psalmum
2712 3663 3012 3729 habeatur,
3044 3662 3103 3717 in
3136 3681 3482 3738 unaquaque

1877 3751 2128 3804 clausula
2159 3750 2350 3821 aliquo
2370 3750 2546 3805 modo
2583 3766 2703 3805 esse
2731 3751 3234 3820 privataintentio;
3266 3754 3352 3807 vel
3386 3770 3483 3807 ne-

1875 3838 2095 3908 gotium
2122 3854 2225 3910 per
2255 3838 2759 3909 interpretationes
2780 3839 3135 3910 singularum
3154 3840 3480 3897 litterarum

1873 3924 2279 3980 Hebraicarum
2324 3943 2450 3998 qua:
2503 3926 2849 3997 praescriptas
2907 3930 3040 3980 sunt
3079 3928 3478 3999 perpenditur,

1876 4014 2030 4085 quod
2048 4014 2105 4069 in
2129 4015 2857 4086 unaquaque'clausulaper
2872 4015 3137 4070 ordinem
3160 4023 3481 4089 exponetur

1874 4104 1941 4157 Et
1970 4103 2157 4174 primo
2188 4102 2419 4175 quidem
2443 4103 2513 4158 de
2545 4102 2735 4174 prima
2764 4104 3016 4159 clausula
3040 4106 3332 4175 agendum
3366 4112 3472 4177 est,

1870 4191 1957 4245 cui
1986 4190 2314 4246 inscribitur
2339 4190 2710 4264 in-prineipio
2732 4190 2928 4262 Alepli,
2954 4207 3081 4264 quae
3112 4192 3352 4248 doctrina
3386 4196 3473 4250 in-

171 4278 394 4331 scendis
419 4279 476 4333 in
507 4280 616 4333 hoc
644 4282 865 4351 psalmo
894 4282 1191 4337 instructio
1224 4282 1589 4351 continetur;
1621 4300 1769 4355 qum,
1796 4302 1847 4361 Ῑ)
1868 4283 2241 4352 terpretatur.
2261 4280 2406 4335 Cum
2430 4283 2625 4335 autem
2658 4284 2811 4336 totus
2839 4282 3091 4351 psalmus
3122 4282 3225 4336 iste
3256 4287 3473 4355 spectet

168 4367 298 4422 licet
327 4370 455 4422 octo
487 4368 620 4434 sint,
668 4372 732 4422 ut
762 4369 818 4422 in
853 4369 1158 4440 Evangelio
1192 4370 1468 4425 Dominus
1498 4372 1768 4442 ostendit,

165 4473 296 4511 cum
329 4456 493 4511 dicit:
529 4479 557 4505 «
588 4456 739 4511 Beati
759 4473 1040 4529 pauperes
1068 4455 1288 4528 spiritu.
1322 4456 1541 4529 (Mattll.
1575 4476 1628 4526 v,
1658 4461 1768 4529 3),»

166 4548 296 4612 etc.,
330 4548 525 4600 tamen
559 4560 762 4600 omnes
803 4544 876 4599 ad
908 4544 1061 4599 idem
1106 4548 1385 4615 spectant.
1440 4546 1564 4600 Una
1610 4547 1767 4602 enim

167 4634 460 4690 beatitudo
492 4636 626 4688 sunt
655 4650 858 4689 omnes
897 4633 1039 4688 istm.
1083 4634 1156 4688 Ut
1204 4633 1376 4703 igitur
1404 4634 1507 4689 has
1564 4650 1769 4690 omnes

166 4722 238 4776 ad
264 4722 417 4778 idem
473 4727 728 4794 spectare
761 4721 1155 4793 designentur,
1190 4724 1382 4778 octoni
1412 4722 1623 4796 quique
1651 4723 1766 4777 sin-

166 4811 431 4882 gularum
488 4812 872 4867 clausularum
929 4827 1124 4865 versus
1174 4812 1247 4867 ab
1305 4811 1510 4867 eadem
1576 4812 1767 4867 littera

166 4898 506 4971 principium
555 4900 769 4955 habere
807 4899 1092 4956 videntur.
1150 4898 1294 4954 Cum
1354 4899 1426 4953 sit
1478 4898 1652 4970 igitur
1706 4899 1763 4954 in

167 4987 273 5042 hoc
338 4988 559 5059 psalmo
628 4987 872 5042 intentio
930 4986 1212 5041 instruere
1278 4985 1532 5042 minores

170 5074 240 5131 ad
265 5075 679 5131 beatitudinem
735 5075 1162 5145 attingendam,
1192 5078 1345 5131 totus
1375 5075 1447 5130 ad
1480 5076 1590 5133 hoc
1619 5093 1766 5148 pras-

169 5163 329 5235 cipue
360 5165 578 5234 spectat
609 5167 671 5218 ut
700 5179 801 5217 eos
843 5162 916 5216 ad
960 5163 1067 5217 hoc
1113 5163 1493 5219 obtinendum
1524 5165 1769 5220 instruat

168 5266 269 5326 per
317 5250 749 5319 moralitatcm;
804 5266 931 5322 quae
958 5250 1237 5307 nimirum
1267 5251 1562 5307 moralitas
1601 5253 1769 5309 bonas

172 5340 292 5397 vitae
318 5342 402 5394 est
426 5337 655 5393 initium
703 5342 762 5393 et
790 5338 951 5410 quasi
982 5338 1447 5394 fundamentum.
1480 5340 1543 5394 ln
1569 5341 1771 5412 primis

172 5428 322 5485 enim
354 5427 649 5484 moralitas
679 5426 996 5482 necessario
1028 5425 1290 5495 habetur,
1317 5426 1440 5482 sine
1456 5444 1569 5501 qua
1595 5445 1768 5488 nemo

172 5518 484 5583 salvaturat
503 5515 831 5575 moralitate
863 5531 998 5572 vero
1023 5530 1130 5588 per
1140 5515 1539 5592 physicum,ad
1566 5519 1765 5595 mysti-

665 5615 902 5674 Pamoa.
934 5612 1089 5675 CLII.

1869 4368 1942 4422 ad
1969 4386 2199 4425 morum
2225 4372 2283 4423 et
2314 4368 2686 4432 beatitudinis
2733 4369 3080 4436 doctrinam,
3114 4373 3178 4423 ut
3214 4372 3472 4442 superius

1869 4460 1954 4511 est
1985 4460 2301 4520 ostensum,
2328 4458 2507 4529 quaeri
2532 4459 2720 4528 potest
2748 4472 2851 4509 cur
2880 4457 3071 4526 potius
3102 4456 3233 4515 huic
3264 4459 3468 4530 prima:

1867 4545 2131 4599 clausulae
2157 4544 2329 4615 Aleph
2357 4544 2853 4615 inscribatur,qua3
2871 4543 3111 4598 doctrina
3130 4544 3471 4620 interpreta-

1865 4632 2008 4686 tur?
2055 4631 2136 4686 Ad
2175 4632 2331 4704 quod
2386 4632 2466 4686 sic
2494 4631 2876 4702 repondetur:
2914 4631 3059 4697 Quia
3090 4633 3304 4691 ideirco
3333 4637 3466 4693 huic

1865 4718 2129 4773 clausula:
2162 4720 2351 4774 littera
2377 4718 2504 4774 talis
2534 4718 2861 4774 inscribitur
2886 4723 2947 4775 ut
2977 4735 3081 4791 per
3123 4721 3229 4777 hoc
3261 4723 3470 4780 innua-

1865 4810 1959 4862 tur
2003 4808 2277 4879 quoniam
2316 4808 2440 4863 haec
2477 4808 2728 4863 clausula
2780 4808 2971 4881 prima
3034 4813 3121 4865 est
3172 4812 3467 4883 quoddam

1866 4897 2118 4966 schema,
2142 4897 2200 4952 id
2220 4900 2302 4953 est
2328 4897 2512 4953 brevis
2528 4898 2870 4966 narratio,in
2890 4915 3003 4971 qua
3025 4899 3276 4955 breviter
3291 4901 3470 4957 conti-

1865 4989 2037 5040 netur
2071 5002 2319 5054 summa,
2354 4986 2505 5042 unde
2541 4986 2598 5041 in
2631 4987 2901 5042 omnibus
2927 4988 3295 5058 sequentibus
3313 4991 3469 5046 clau-

1867 5075 2002 5131 sulis
2031 5074 2103 5130 sit
2130 5079 2375 5131 acturus.
2393 5076 2454 5131 In
2485 5077 2592 5131 hac
2606 5076 2762 5130 enim
2788 5076 3041 5130 clausula
3070 5078 3225 5149 quod
3255 5078 3326 5135 de
3341 5097 3467 5138 mo-

1867 5180 1997 5219 rum
2046 5167 2105 5220 et
2129 5163 2499 5219 beatitudinis
2532 5164 2795 5219 doctrina
2826 5180 2930 5237 per
2960 5168 3147 5221 totum
3181 5168 3471 5239 psalmum

1868 5253 1939 5307 sit
1972 5257 2218 5321 acturus,
2274 5270 2400 5325 quas
2455 5252 2913 5308 antonomastice
2941 5251 3205 5312 doctrina
3240 5257 3470 5334 dicitur,

1867 5340 2118 5397 breviter
2146 5341 2333 5395 innuit
2358 5356 2487 5395 cum
2517 5340 2595 5395 sic
2622 5339 2888 5413 exponit:

1938 5429 2095 5486 Beati
2122 5428 2460 5484 irnrnaculati
2486 5432 2541 5483 in
2567 5431 2674 5497 via,
2702 5432 2797 5502 qui
2823 5427 3103 5490 ambulant
3148 5436 3203 5487 in
3236 5434 3344 5506 lege
3377 5434 3483 5493 Do.

1867 5518 2034 5591 mini;
2061 5534 2126 5579 ac
2155 5518 2199 5576 si
2229 5517 2419 5578 dicat:
2456 5517 2501 5576 Ο
2532 5516 2749 5591 ﬁdeles,
2789 5518 2956 5577 multi
2988 5524 3226 5579 terrena
3252 5524 3490 5609 sapiens

3124 5622 3201 5693 ω
