3966 6034
508 246 641 304 tibi)

1106 234 1166 294 s.
1186 211 1536 294 'BRUNONIS
1575 203 2205 292 CARTHUSIANORUM
2241 227 2708 288 INSTITUTORIS
2747 229 2902 305 opp.
2943 228 3142 288 PARS.
3179 228 3204 286 ι

3673 236 3807 293 12ὓύ

505 367 590 419 tes
644 361 814 417 falsas
864 357 1158 415 doctrinas
1213 356 1353 412 dant
1381 355 1452 411 ad
1481 353 1900 411 beatitudinem
1931 353 2102 407 attin-
2128 351 2184 412 Α
2209 355 2429 424 quirent
2457 369 2608 423 eum;
2640 353 2746 408 hoc
2778 355 2839 408 ut
2870 352 3126 423 superius
3169 351 3228 406 in
3283 350 3473 424 prima
3529 356 3811 409 sententia

508 453 783 525 gendum.
819 451 1102 504 Caeterum
1137 445 1412 520 quidquid
1436 443 1540 515 ipsi
1569 443 1782 511 dicant,
1815 445 1923 497 hoc
1953 441 2112 496 vobis

509 541 880 597 manifestum
911 536 1002 604 sit,
1034 539 1092 590 et
1112 538 1323 601 ratum,
1356 533 1490 605 quia
1518 549 1716 587 revera
1745 531 1899 586 beati
1940 533 2112 585 erunt

509 627 842 684 immaculati
879 627 933 680 in
979 627 1065 678 via
1095 623 1416 689 existentes,
1463 620 1675 676 scilicet
1703 619 1785 674 illi
1809 617 2111 674 beatitudi-

511 735 647 774 nem
677 731 875 771 veram
934 712 1224 783 attingent
1255 710 1350 782 qui
1382 726 1486 781 per
1514 709 1688 764 tidem
1715 707 2018 762 existentes
2046 709 2107 762 in

485 809 618 878 _via,
649 805 708 861 id
736 803 904 860 estin
943 801 1165 856 Christo
1193 799 1289 870 qui
1321 803 1408 852 est
1449 799 1538 854 via
1566 797 1639 851 ad
1671 795 2105 862 beatitudinem,

507 893 845 952 immaculati
866 892 1020 956 sunt,
1056 888 1114 942 id
1140 891 1225 942 est
1261 888 1617 951 innocentes,
1650 886 1804 939 nulla
1835 883 2106 938 crimina-

509 984 576 1042 lis
604 979 818 1054 peccati
851 978 1074 1032 macula
1103 975 1418 1030 sordentes.
1449 973 1733 1037 Quoniam
1765 975 1958 1026 autem
1992 988 2106 1026 non

509 1070 719 1126 sufficit
748 1067 1034 1122 abstinere
1062 1081 1093 1118 a
1122 1064 1295 1129 malo,
1331 1063 1434 1117 nisi
1460 1063 1557 1116 ttat
1584 1061 1737 1134 quod
1761 1064 1980 1114 rectum
2003 1063 2108 1126 est,

510 1161 709 1217 addit:
756 1155 1119 1220 Immaculati,
1161 1153 1420 1225 inquam,
1476 1151 1570 1224 qui
1595 1150 1874 1204 ambulant
1912 1150 1974 1204 in
2004 1149 2112 1218 lege

507 1249 748 1314 Domini,
780 1245 991 1300 scilicet
1049 1241 1145 1314 qui
1175 1245 1296 1296 tota
1344 1243 1633 1296 voluntate
1678 1237 1848 1312 positi
1880 1237 1935 1292 in
1983 1239 2110 1308 lege

509 1339 932 1411 prmccptorum
988 1329 1219 1387 Domini
1265 1330 1568 1397 ambulant,
1629 1329 1686 1382 id
1743 1331 1827 1382 est
1874 1342 2112 1398 promo-

508 1429 720 1482 ventur
749 1423 806 1478 in
839 1423 946 1476 hac
975 1421 1104 1490 lege
1130 1419 1446 1473 secundum
1491 1416 1979 1490 perseverantiam
2029 1432 2115 1470 ns-

509 1531 619 1588 que
649 1513 708 1568 in
735 1511 935 1577 finem,
985 1508 1058 1563 ad
1089 1506 1522 1562 similitudinem
1557 1506 1705 1560 illius
1753 1504 1848 1576 qui
1899 1503 1972 1558 ad
2005 1503 2114 1558 hoc

508 1601 770 1657 ambulat
796 1601 857 1652 ut
887 1596 1078 1668 aliquo
1131 1595 1448 1668 perveniat,
1480 1598 1536 1648 el
1567 1593 1641 1648 ibi
1680 1592 1952 1665 quiescat.
2003 1591 2113 1644 No-

2209 441 2534 512 exponitur.

2280 529 2424 592 Quia
2444 528 2664 584 dixerat
2682 529 2880 584 beatos
2904 546 3023 583 esse
3045 531 3140 600 qui
3165 527 3440 584 ambulant
3463 531 3519 584 in
3541 530 3650 600 lege
3699 530 3810 584 Do-

2208 617 2361 679 mini,
2391 621 2577 686 posset
2599 617 2800 688 aliquis
2832 619 2980 672 male
3008 617 3331 690 intelligens
3362 617 3578 674 inferre
3604 637 3617 674 :
3664 620 3809 690 Ergo

2209 703 2254 758 si
2282 705 2607 776 quicunque
2640 705 2941 760 ambulans
2971 705 3030 760 in
3069 707 3198 778 lege
3252 706 3664 762 mandatorum
3699 709 3810 762 Do-

2209 793 2353 847 mini
2379 797 2463 847 est
2487 794 2704 860 beatus,
2727 795 2901 848 etiam
2928 796 3026 866 qui
3049 803 3337 866 aperantur
3366 798 3735 868 iniquitatem,
3762 797 3804 850 si

2210 881 2279 935 ad
2313 881 2518 936 horam
2552 881 2610 936 in
2655 883 2954 953 praeceptis
3010 883 3241 938 Domini
3301 885 3622 951 ambulent,
3681 890 3810 940 sunt

2209 969 2400 1024 beati?
2429 970 2584 1040 quod
2614 970 2690 1025 sic
2720 974 3014 1026 removet:
3049 969 3226 1040 Beati,
3261 973 3521 1044 inquam,
3557 976 3653 1044 qui
3693 992 3808 1027 aan-

2214 1057 2394 1110 bulant
2417 1061 2470 1110 in
2500 1059 2608 1127 tege
2623 1058 2874 1125 Domini;
2908 1063 3242 1129 operatores
3274 1065 3466 1114 autem
3497 1061 3810 1133 iniquitatis

2213 1162 2325 1199 non
2360 1151 2531 1200 erunt
2559 1147 2730 1201 beati.
2763 1146 2888 1201 Non
2910 1151 3048 1200 enim
3096 1151 3192 1218 qui
3217 1156 3503 1219 operantur
3552 1153 3810 1222 iniquita—

2210 1240 2314 1289 tem
2344 1235 2726 1302 criminalcm,
2747 1238 2802 1289 in
2824 1239 2920 1289 viis
2936 1238 3146 1306 ejusam
3156 1237 3487 1305 bulaverunt,
3512 1239 3571 1294 id
3591 1243 3678 1294 est
3696 1258 3808 1295 non

2210 1323 2458 1395 permoti
2490 1328 2623 1378 sunt
2653 1324 2710 1378 in
2765 1325 3068 1396 prmceptis
3099 1326 3240 1397 ejus,
3289 1343 3418 1398 qua:
3442 1327 3547 1382 via:
3575 1331 3710 1382 sunt
3739 1329 3810 1383 ad

2211 1410 2652 1471 beatitudinem.
2684 1411 2808 1466 Non
2837 1411 2972 1467 dicit
2996 1413 3091 1484 qui
3121 1415 3340 1484 operati
3375 1418 3508 1468 sunt
3539 1415 3810 1488 iniquita-

2215 1503 2332 1554 tem
2361 1504 2418 1554 et
2447 1501 2834 1574 resipuerunt,
2879 1503 2976 1556 sed
3006 1503 3104 1574 qui
3158 1508 3592 1573 perseveranter
3635 1524 3810 1578 usque

2214 1587 2276 1642 in
2307 1592 2558 1643 mortem
2590 1597 2894 1660 operantur.
2921 1590 3185 1662 Congrue
3217 1592 3494 1647 nimirum
3519 1593 3810 1666 dicilope-

508 1689 753 1745 tandum
789 1687 965 1760 quod,
997 1702 1125 1740 cum
1159 1683 1414 1756 posuerit
1437 1681 1791 1747 immaculati,
1841 1697 1958 1734 non
1985 1695 2116 1749 sup-
2136 1673 2186 1734 B
2212 1680 2432 1731 ratores
2488 1677 2804 1749 iniquitatis
2835 1697 2952 1733 non
2981 1680 3306 1736 ambulasse
3338 1681 3396 1736 in
3428 1682 3530 1738 viis
3561 1684 3811 1738 Domini.

504 1777 670 1850 ponit
721 1779 776 1830 in
825 1777 913 1829 via
959 1773 1031 1828 ad
1091 1770 1501 1836 differentiam,
1535 1769 1636 1823 sed
1666 1769 1738 1823 ad
1778 1769 1885 1824 hoc
1919 1771 1979 1820 ut
2009 1767 2111 1820 do-

511 1869 658 1932 ceat,
691 1865 848 1936 quod
898 1862 1088 1917 nullus
1115 1876 1247 1913 vere
1295 1858 1699 1912 immaculatus
1746 1873 1866 1910 esse
1896 1858 2110 1936 pgtisb

509 1953 617 2009 nisi
645 1953 859 2026 positus
889 1951 963 2006 sit
1011 1953 1066 2004 in
1123 1951 1230 2002 ria.
1288 1947 1428 2000 Ecce
1459 1947 1514 2000 in
1549 1947 1655 2000 hoc
1699 1961 1861 1999 versu

508 2046 698 2097 actum
734 2045 819 2095 est
849 2039 920 2094 de
974 2053 1203 2093 morum
1246 2035 1642 2100 instructione,
1688 2050 1792 2105 per
1835 2047 2010 2104 quam
2041 2030 2114 2083 ad

513 2129 934 2186 beatitudinem
963 2125 1316 2198 pervenitur.
1349 2123 1631 2177 Cmterum
1661 2121 1796 2194 quia
1831 2121 2018 2174 nullus
2042 2117 2114 2171 ad

507 2217 922 2274 beatitudinem
943 2215 1192 2286 perfecte
1211 2213 1502 2284 persolam
1526 2209 1913 2265 moralitatem
1930 2208 2118 2278 potest

509 2307 818 2378 attingere,
849 2305 922 2359 ad
953 2301 1324 2358 scrutandum
1349 2299 1676 2354 testimonia
1696 2298 1958 2353 divinaet
1987 2312 2119 2350 eon-

495 2395 958 2468 temptationem
985 2390 1235 2457 instruit,
1265 2406 1398 2443 cum
1444 2388 1520 2442 sic.
1543 2387 1729 2442 addit:
1765 2385 1924 2440 Beati
1949 2387 2120 2440 erunt

495 2483 600 2555 ⁸ἱΠί
623 2484 783 2554 quiin
811 2483 900 2535 via
931 2477 1268 2534 immaculati
1293 2475 1620 2542 existentes,
1651 2474 1709 2528 in
1765 2475 1874 2541 lege
1897 2471 2123 2525 Domini

508 2570 893 2632 ambulantes,
913 2584 1029 2622 non
1057 2570 1189 2622 sunt
1211 2564 1435 2620 desides
1454 2564 1526 2619 ad
1540 2561 1950 2634 inquirendum
1969 2560 2122 2615 testi-

512 2659 716 2716 monia
774 2657 918 2728 ejus,
978 2655 1077 2710 sed
1107 2657 1420 2708 scrutantur
1444 2654 1742 2707 testimonia
1770 2649 1902 2720 ejus,
1937 2649 1994 2702 id
2037 2651 2122 2702 est

494 2726 818 2820 diligenter
845 2745 1142 2818 inquirunt
1155 2746 1218 2797 ut
1238 2741 1474 2813 mystice
1497 2739 1822 2811 intelligant
1834 2741 2122 2811 prmcepta

510 2837 654 2908 ejus,
686 2851 813 2907 qua:
843 2834 1086 2889 obscura
1113 2834 1264 2886 sunt.
1299 2832 1357 2884 et
1403 2846 1508 2901 per
1536 2828 1840 2901 parabolas
1883 2830 1941 2881 et
1985 2824 2123 2879 teni-

2215 1764 2358 1819 Cum
2390 1765 2546 1819 enim
2577 1766 2648 1818 ad
2681 1767 2884 1820 horam
2905 1769 3052 1822 bene
3073 1769 3592 1838 operatisunt,non
3616 1775 3814 1825 tamen

2215 1855 2270 1906 in
2306 1855 2400 1905 riis
2429 1856 2545 1924 ejus
2565 1855 2990 1910 ambulaverunt.
3021 1855 3150 1911 Non
3175 1859 3314 1910 enim
3346 1859 3400 1910 in
3422 1861 3518 1912 viis
3546 1861 3667 1928 ejus
3689 1877 3814 1914 am-

2216 1942 2413 1996 bulare
2445 1943 2732 2005 dicuntur,
2766 1944 2872 1998 nisi
2900 1945 2995 2015 qui
3025 1962 3157 2000 cum
3191 1949 3618 2016 perseverantia
3641 1966 3817 2020 usque

2215 2030 2272 2082 in
2306 2029 2482 2083 tinem
2520 2032 2666 2085 bene
2698 2036 3032 2102 aperantur,
3093 2051 3225 2088 eum
3287 2042 3588 2091 removeat
3633 2039 3708 2092 ab
3739 2039 3820 2091 eis

2217 2117 2511 2172 ambulare
2539 2119 2594 2173 in
2630 2119 2728 2174 viis
2755 2121 3002 2188 Domini,
3026 2123 3180 2193 quod
3212 2140 3382 2178 causa
3411 2129 3498 2178 est
3519 2125 3824 2180 beatitudi-

2217 2205 2326 2272 nis,
2373 2209 2600 2261 constat
2629 2211 2686 2262 et
2717 2209 2786 2264 de
2819 2209 3144 2264 remotione
3189 2211 3580 2266 beatitudinis.
3615 2212 3822 2268 Osten-

2219 2293 2303 2347 dit
2328 2299 2519 2350 autem
2549 2295 2704 2366 quod
2735 2313 2850 2350 non
2883 2298 3304 2353 ambulaverint
3333 2300 3390 2354 in
3410 2301 3536 2371 lege
3567 2302 3824 2370 Domini,

2219 2399 2349 2436 cum
2397 2384 2474 2437 sic
2502 2383 2688 2437 addit:
2749 2385 2891 2439 Vere
2937 2403 3041 2439 non
3089 2387 3497 2442 ambulaverunt
3551 2398 3826 2460 operante:

2219 2472 2552 2542 iniquitatem
2569 2473 2623 2524 in
2655 2474 2750 2526 riis
2779 2473 2906 2540 tuis,
2941 2473 3206 2542 Domine,
3235 2476 3368 2546 quia
3399 2493 3516 2531 non
3545 2479 3826 2532 custodie-

2218 2565 2360 2614 runt
2389 2563 2546 2615 nimis
2577 2561 2831 2616 mandata
2864 2569 2974 2630 tua,
3006 2567 3063 2618 et
3121 2565 3308 2619 nullus
3337 2565 3397 2619 in
3429 2566 3530 2621 viis
3557 2567 3671 2620 tuis
3699 2584 3823 2621 am-

2220 2647 2380 2702 bulat
2409 2649 2514 2703 nisi
2550 2649 2647 2720 qui
2673 2651 2830 2704 nimis
2859 2651 3105 2706 custodit
3135 2653 3388 2707 mandata
3419 2661 3534 2708 tua.
3565 2655 3649 2708 Tu
3669 2656 3823 2710 enim

2219 2737 2309 2790 cui
2335 2737 2724 2793 obediendnm
2757 2743 2860 2806 est,
2894 2740 2988 2811 qui
3032 2741 3170 2795 nihil
3225 2743 3485 2814 praecipis
3515 2744 3624 2798 nisi
3671 2743 3826 2816 quod

2213 2824 2436 2896 justum
2471 2829 2576 2892 est,
2604 2827 2699 2898 qui
2735 2843 2852 2882 non
2884 2827 3219 2883 obedientes
3242 2829 3342 2883 tibi
3363 2831 3518 2901 jusle
3544 2831 3823 2886 damnare

505 2928 710 2998 gmata
737 2923 908 2990 data;
958 2938 1085 2994 quae
1135 2918 1469 2974 testimonia
1517 2917 1806 2982 dicuntur,
1840 2932 1908 2970 eo
1965 2911 2120 2985 quod
2151 2947 2198 3007 Ο
2220 2917 2402 2984 potes,
2435 2914 2704 2968 mandasti
2725 2915 2978 2970 mandata
3001 2923 3114 2982 tua,
3146 2933 3273 2988 quae
3305 2922 3438 2972 sunt
3465 2918 3569 2973 vim
3589 2919 3664 2973 ad
3691 2920 3825 2974 bea-

509 3011 936 3086 complentibus
951 3010 1152 3076 vitam,
1169 3024 1286 3062 non
1309 3006 1730 3079 complentibus
1749 3009 1944 3059 autem
1970 3020 2122 3058 mor-

513 3105 632 3156 tem
648 3101 803 3172 juste
851 3094 1248 3152 damnationis
1277 3094 1677 3148 testificantur.
1711 3090 1963 3147 Scrutari
2003 3089 2123 3162 qui-

517 3190 649 3246 dem
683 3185 1030 3242 testimonia
1051 3183 1259 3240 attinet
1289 3182 1364 3236 ad
1392 3181 1700 3252 mysticum
1733 3184 1788 3234 et
1823 3179 2123 3251 physicum

516 3277 896 3332 intellectum.
943 3273 1122 3340 Beati,
1152 3273 1416 3345 inquam,
1445 3272 1541 3341 qui
1557 3275 1862 3323 scrutantur
1892 3270 2122 3321 testimo-

513 3368 607 3420 nia
639 3364 772 3434 ejus,
812 3365 870 3417 et
927 3380 962 3416 a
999 3360 1466 3416 testimoniorum
1516 3360 1863 3412 scrutatione
1905 3355 1978 3410 ad
2015 3355 2125 3410 hoc

518 3451 836 3507 ascendunt
865 3448 1021 3521 quod
1049 3449 1333 3520 exquirunt
1358 3464 1478 3501 eum
1512 3443 1992 3518 contemplationi
2023 3460 2117 3497 va-

519 3539 728 3606 cando,
759 3543 816 3594 ct
836 3538 934 3592 hoc
965 3539 1022 3593 in
1051 3543 1157 3590 toto
1182 3536 1356 3598 corde,
1380 3534 1440 3589 id
1465 3538 1552 3590 est
1574 3533 1632 3588 in
1672 3535 1795 3588 tota
1820 3531 2124 3586 affectione

501 3611 731 3696 'cordis,
763 3627 972 3682 scilicet
990 3623 1110 3698 qui,
1127 3625 1288 3679 omni
1311 3623 1672 3679 smcnlarium
1687 3621 1975 3676 bonorum
1991 3635 2128 3674 cura

523 3715 870 3790 posthabita,
901 3713 1006 3770 soli
1037 3714 1154 3768 Deo
1178 3729 1281 3784 per
1309 3709 1858 3782 contemplationem
1879 3708 2126 3774 inhiant,

523 3822 643 3860 eum
667 3805 852 3859 solum
876 3805 996 3857 toto
1021 3801 1208 3857 cordis
1229 3801 1436 3856 atlectu
1448 3801 1802 3871 exquiruntet
1831 3798 2126 3868 ex0ptant.

527 3892 626 3946 Vel
643 3894 932 3964 exquirunt
981 3907 1123 3952 eum,
1152 3889 1209 3943 id
1231 3891 1316 3942 est
1339 3887 1460 3958 ejus
1483 3885 1864 3941 secretissima
1894 3899 2126 3951 arcana,

525 3983 580 4033 in
595 3987 700 4032 toto
725 3977 899 4046 corde,
932 3977 1172 4038 scilicet,
1196 3975 1507 4047 exquirunt
1527 3974 1584 4028 in
1602 3979 1722 4030 tota
1745 3973 1932 4027 cordis
1963 3971 2129 4026 atl‘ec-

525 4067 682 4122 tione
715 4067 935 4120 occulta
963 4067 1183 4118 secreta
1210 4063 1524 4118 divinitatis
1552 4063 1694 4133 ejus.
1727 4062 1821 4115 Vel
1843 4063 1920 4116 sic
1938 4078 2130 4117 versus

524 4155 629 4210 iste
659 4153 867 4223 legitur
897 4155 957 4205 ut
987 4150 1394 4205 determinatio
1416 4150 1506 4204 hic
1527 4147 1902 4222 sitquomodo
1932 4148 2005 4204 ad
2023 4151 2130 4204 hoc

2221 3002 2550 3069 titudinem,
2580 3003 2910 3058 castodottiri
2938 3006 3114 3070 nimis,
3141 3005 3199 3060 id
3229 3009 3314 3060 est
3345 3007 3618 3074 multum,
3670 3008 3829 3062 vide-

2221 3090 2353 3144 licet
2380 3108 2509 3145 cum
2543 3091 2842 3162 diligentia
2867 3094 2924 3145 et
2953 3094 3400 3163 perseverantia,
3434 3111 3548 3149 non
3578 3111 3714 3150 cum
3731 3113 3828 3150 ne-

2223 3180 2520 3251 gligentia.
2543 3200 2573 3232 ‹‹
2603 3179 2930 3234 Matedictus
2957 3182 3114 3235 enim
3137 3182 3314 3237 homo
3347 3183 3443 3254 qui
3468 3183 3832 3256 feceritIopus

2225 3268 2456 3325 Domini
2496 3269 2862 3339 negligenter
2882 3269 3018 3340 (Jer.
3056 3286 3244 3338 XLVI”,
3275 3273 3380 3336 l0).
3412 3271 3704 3336 Quoniam
3733 3290 3833 3328 an-

2226 3361 2346 3411 tem
2377 3356 2637 3410 ﬁdelium
2669 3357 2952 3424 collectio,
2985 3373 3111 3428 quae
3134 3358 3224 3412 hic
3251 3359 3394 3430 agit,
3423 3360 3674 3414 arduum
3708 3377 3832 3415 esse

2224 3445 2495 3499 humana:
2518 3443 2811 3515 fragilitati
2842 3447 3138 3515 cognoscit
3169 3446 3448 3502 mandata
3479 3448 3714 3503 Domini
3739 3465 3838 3502 cu-

2226 3532 2441 3588 stodire
2472 3534 2654 3600 nimis,
2691 3535 2819 3588 orat
2847 3538 2906 3588 et
2948 3537 3112 3606 optat
3144 3537 3206 3588 ut
3241 3534 3315 3589 ad
3345 3551 3414 3590 ea
3455 3536 3843 3592 custodienda

2227 3626 2327 3678 rite
2357 3623 2480 3694 ejus
2505 3640 2538 3678 a
2563 3623 2809 3678 Domino
2825 3623 3150 3694 dirigantur,
3179 3629 3236 3679 et
3276 3641 3380 3696 per
3404 3625 3513 3680 hoc
3537 3626 3843 3682 auditores

2228 3728 2394 3766 orare
2425 3711 2759 3767 similiteret
2787 3715 2988 3782 optare
3011 3713 3262 3781 instruit,
3285 3713 3542 3769 cnmhoc
3563 3715 3726 3770 idem
3760 3716 3844 3769 eis

2229 3799 2474 3854 arduum
2534 3800 2728 3866 fuerit,
2767 3800 2878 3854 hoc
2909 3817 3048 3870 ergo
3082 3801 3160 3856 sic
3198 3801 3364 3856 dicit:
3423 3801 3528 3871 Tu,
3590 3803 3840 3874 inquam

2228 3888 2497 3942 mandasti
2545 3887 2801 3941 mandata
2862 3895 2953 3942 tua
3008 3890 3265 3944 custodiri
3321 3891 3500 3944 nimis.
3776 3893 3840 3945 Et

2229 3976 2382 4048 quia,
2412 3976 2828 4042 Dominc,eum
2862 3977 2971 4031 hoc
3001 3977 3245 4032 arduum
3270 3978 3361 4044 sit,
3395 3978 3468 4032 ad
3495 3979 3604 4032 hoc
3621 3995 3730 4050 per
3747 3995 3840 4034 me

2228 4060 2506 4134 fragilitas
2532 4079 2664 4118 mea
2686 4065 2949 4119 sufﬁcere
2969 4065 3692 4139 nequit,opto,Domine,et
3709 4083 3836 4122 ora.

2307 4153 2525 4206 Utinam
2553 4155 2656 4208 viae
2675 4152 2884 4219 mew,id
2909 4157 2994 4206 est
3015 4153 3483 4224 alfectiones,per
3508 4171 3656 4226 quas
3681 4157 3840 4226 cogi-

525 4242 749 4314 aliquis,
782 4245 846 4295 ut
876 4240 1280 4294 immaculatus
1295 4239 1386 4305 sit,
1419 4237 1612 4292 valeat
1631 4237 1899 4293 devenire
1918 4255 1930 4292 :
1950 4239 2128 4306 Beati,
2157 4219 2208 4278 Ῑ)
2233 4239 2408 4295 tando
2441 4239 2669 4294 animus
2691 4257 2850 4295 more
2877 4240 3101 4294 viarum
3129 4241 3367 4308 incedit,
3405 4259 3538 4314 quae
3571 4243 3677 4298 via:
3717 4261 3838 4299 non

522 4332 786 4404 inquam,
818 4327 1166 4384 immaculati.
1197 4327 1268 4382 Ut
1287 4330 1504 4392 autem,
1537 4342 1570 4381 o
1597 4325 1908 4388 auditores,
1940 4329 2130 4380 imma-

525 4420 694 4475 culati
719 4419 859 4486 sitis,
887 4414 1226 4472 scrutamini
1279 4417 1579 4470 testimonia
1631 4415 1762 4484 ejus,
1796 4417 1855 4468 et
1891 4415 1970 4468 sic
2001 4432 2132 4470 eum

525 4497 764 4562 demum
814 4509 869 4560 in
897 4513 1003 4560 trto
1025 4503 1180 4559 corde
1207 4503 1506 4576 exquirite.
1543 4500 1704 4556 Beati
1749 4503 1907 4557 enim
1943 4508 2132 4572 erunt,

522 4584 619 4670 qui
646 4601 708 4651 ut
758 4594 1097 4651 immaculati
1119 4593 1252 4660 sint,
1292 4599 1600 4648 scrutantur
1646 4593 1945 4646 testimonia
1999 4593 2132 4661 ejus,

527 4685 585 4741 id
619 4687 704 4740 est
735 4683 1040 4754 diligenter
1069 4682 1126 4736 in
1168 4681 1394 4736 ratione
1435 4697 1537 4734 sua
1568 4679 1934 4735 considerant
1963 4682 2134 4734 testes

526 4773 734 4846 ejus,id
768 4775 853 4827 est
869 4771 1106 4842 angelos
1123 4769 1218 4840 qui
1240 4768 1502 4823 ﬁdelibus
1517 4768 1589 4822 ad
1611 4784 1708 4824 eos
1727 4767 2134 4823 custodiendos

525 4881 560 4920 a
587 4865 702 4919 Deo
731 4859 987 4932 deputati
1020 4861 1188 4925 sunt;
1247 4856 1342 4928 qui
1397 4856 1570 4911 etiam
1606 4856 1868 4912 omnium
1902 4860 2132 4911 actuum

521 4937 731 5008 eorum
761 4952 881 5004 tam
906 4947 1196 5003 bonorum
1220 4961 1393 5016 quam
1419 4945 1706 5000 malorum
1753 4947 1923 5000 testes
1954 4945 2010 4998 in
2043 4945 2133 5000 die

515 5040 722 5113 judicii
743 5041 938 5104 erunt,
967 5035 1072 5092 nisi
1103 5034 1330 5091 illorum
1347 5050 1473 5105 quae
1505 5049 1609 5104 per
1635 5033 2032 5106 paenitentiam
2050 5051 2135 5087 re-

523 5119 852 5188 inittentur.
895 5125 1059 5190 Quod
1089 5128 1175 5178 est
1228 5123 1450 5178 dicere:
1503 5122 1587 5176 llli
1618 5121 1770 5177 beati
1805 5126 1994 5189 erunt,
2036 5122 2133 5194 qui

524 5235 659 5278 cum
696 5233 730 5272 a
771 5211 1238 5288 suggestionibus
1265 5211 1475 5267 illicitis
1503 5215 1844 5282 urgeantur,
1879 5213 2132 5266 cmlestes

519 5307 756 5382 spiritus
779 5308 952 5361 testes
981 5307 1212 5360 actuum
1245 5318 1483 5357 suorum
1506 5301 1730 5356 futuros
1754 5318 1874 5355 esse
1895 5317 2012 5356 non
2034 5302 2133 5356 du-

517 5397 792 5459 bitantes,
844 5409 913 5448 ea
941 5390 1285 5448 occasionea
1313 5390 1478 5445 malis
1507 5389 1778 5460 operibus
1799 5388 2136 5446 desistentes

517 5472 878 5571 immaculati
911 5496 1032 5538 esse
1063 5481 1351 5558 satagunt.
1405 5478 1472 5534 Et
1500 5475 1593 5536 hic
1642 5479 1696 5532 in
1729 5483 1834 5534 toto
1865 5477 2017 5534 corde
2045 5497 2133 5534 ex.

2233 4331 2366 4381 sunt
2389 4327 2645 4394 directtc,
2670 4327 2770 4382 sed
2801 4327 2872 4382 ad
2898 4329 3194 4384 saecularia
3229 4345 3430 4401 pronas
3461 4335 3519 4384 et
3550 4331 3840 4400 distortae,

2232 4416 2537 4486 dirigantur
2567 4433 2599 4470 a
2629 4420 2702 4482 te,
2737 4416 2794 4470 id
2827 4420 2915 4471 est
2952 4417 3180 4472 directa-
3207 4419 3351 4472 ﬁant
3389 4423 3446 4473 et
3485 4419 3558 4473 ad
3586 4420 3844 4476 ccelestia

2235 4505 2681 4560 considerantes.
2715 4505 2834 4572 Vel,
2856 4505 3250 4576 dirigantur,id
3279 4510 3363 4562 est
3385 4514 3848 4578 promoveantur

2236 4593 2306 4648 de
2339 4595 2492 4649 bono
2519 4594 2577 4648 in
2595 4594 2836 4660 'mclius,
2859 4597 2917 4648 et
2955 4595 3062 4648 hoc
3083 4595 3155 4649 arl
3179 4595 3546 4652 custodienda:
3568 4598 3848 4668 iustiﬁca-

2235 4683 2401 4736 tiones
2431 4689 2568 4743 luas,
2601 4681 2657 4736 id
2697 4685 2782 4736 est
2811 4681 3013 4738 adhoc
3041 4683 3464 4754 dirigantur,ut
3491 4686 3716 4756 possim
3747 4705 3846 4743 cu-

2233 4770 2525 4835 stodire,id
2544 4774 2768 4824 estcum
2795 4771 3221 4842 perseverantia
3245 4773 3538 4844 complere
3561 4776 3850 4831 mandata

2235 4863 2351 4926 tua,
2385 4875 2510 4930 qua:
2535 4857 2973 4929 justificationes
2999 4859 3286 4928 dicuntur,
3318 4877 3386 4916 eo
3437 4862 3596 4933 quod
3656 4879 3848 4920 causae

2233 4946 2348 5000 sint
2376 4963 2554 5017 quare
2585 4964 2786 5002 eorum
2813 4948 3624 5020 completoresjustiticentur.
3652 4953 3851 5009 lnnui-

2233 5037 2326 5088 tur
2355 5039 2548 5090 autem
2581 5052 2646 5089 ex
2678 5053 2841 5090 versu
2870 5036 3157 5108 sequenti,
3184 5037 3338 5108 quod
3371 5037 3468 5092 hic
3499 5039 3841 5113 intelligen-

2233 5122 2370 5177 dum
2385 5128 2468 5176 est
2485 5123 2758 5194 quoniam
2779 5123 2868 5177 hic
2896 5124 2966 5178 de
2981 5125 3237 5180 custodia
3250 5125 3516 5180 omnium
3540 5129 3852 5185 mandato-

2233 5229 2364 5269 rum
2397 5213 2514 5268 vult
2545 5213 2806 5286 intelligi.
2831 5213 3179 5284 Diri'gantur,
3213 5214 3474 5286 inquam,
3502 5218 3602 5271 viae
3621 5235 3760 5274 mea.-
3783 5221 3855 5275 ad

2233 5300 2596 5356 custodiendas
2625 5318 2803 5356 omnes
2821 5303 3240 5372 justi/icationes
3264 5311 3404 5362 tuas.
3441 5304 3611 5368 Quod
3641 5307 3686 5360 si
3723 5307 3852 5363 fue-

2233 5390 2310 5446 rit
2363 5393 2424 5443 ut
2451 5389 2796 5461 dirigantur,
2831 5398 2956 5446 tunc
2984 5407 3093 5446 non
3123 5391 3448 5461 oon/under,
3510 5393 3568 5448 id
3601 5399 3691 5451 est
3727 5413 3852 5453 non

2235 5479 2590 5552 erubescam,
2623 5478 2722 5536 sel
2753 5480 3018 5561 lietabor,
3043 5496 3165 5540 cum
3179 5496 3486 5558 perspexero
3516 5498 3613 5542 me
3636 5499 3777 5543 e:se
3799 5488 3860 5560 in
