3966 6034
536 234 569 295 .l
580 230 684 296 R63

1146 226 1209 294 s.
1248 219 1594 294 BaUNom's
1633 212 2264 293 manummanum
2302 225 2767 294 msrrruroms
2807 235 2963 293 OPP.
3003 234 3181 293 psus
3212 218 3241 291 ἰ

3720 238 3854 294 126i

535 374 747 431 peccem
773 353 880 413 tibi
898 373 913 427 ;
934 353 1045 413 hoc
1059 359 1253 413 autem
1282 355 1435 430 quod
1447 356 1795 414 abscondere
1821 355 1980 429 potui
2002 355 2145 411 mihi
2168 364 2224 423 Α
2248 355 2383 411 dam
2408 356 2667 429 superius
2683 356 2867 429 posita
2886 354 3350 428 ponuntur,nihil
3381 353 3545 411 obest
3570 356 3855 428 quoniam

547 462 667 502 non
701 445 943 513 ascribo,
970 445 1069 500 sed
1107 443 1211 500 tibi
1240 462 1255 515 ;
1289 444 1421 501 inde
1453 463 1704 519 namque
1756 445 2049 500 benedictus
2067 462 2137 514 es,

544 536 800 603 Domine,
828 534 887 590 id
916 538 1003 590 est
1027 535 1304 589 exaltatus
1336 537 1394 589 et
1417 535 1785 607 gloriﬁcatus.

616 622 905 688 Quoniam
935 626 1128 677 autem
1145 638 1263 677 non
1294 622 1502 677 sufﬁcit
1528 623 1599 678 ab
1629 621 1880 694 indignis
1904 622 2141 677 abscon-

548 714 685 769 dere
715 711 943 784 eloquia
972 711 1226 779 Domini,
1284 711 1391 767 nisi
1445 712 1623 767 etiam
1668 712 1872 767 eadem
1916 711 2146 783 eloquia

544 800 777 857 Domini
802 800 1252 873 pronuntientur
1270 800 1381 855 illis
1410 800 1506 872 qui
1526 801 1595 856 ad
1629 801 1983 856 audiendum
2014 803 2147 855 sunt

540 889 763 957 idonei,
804 893 1107 961 peccatum
1154 888 1309 943 enim
1342 892 1427 944 est
1456 889 1630 945 servis
1673 890 1903 945 Domini
1931 889 2147 944 cibaria

545 977 741 1033 debita
760 977 1071 1047 denegare,
1096 976 1345 1031 ostendit
1369 994 1428 1031 se
1442 980 1708 1050 paratum
1736 978 1903 1032 fuisse
1925 977 1997 1032 ad
2020 992 2147 1048 pro-

544 1062 933 1120 nuntiandum
965 1063 1089 1133 ipsa
1115 1066 1404 1134 praecepta
1435 1064 1664 1119 Domini
1694 1064 1938 1130 idoneis,
1970 1068 2035 1119 ut
2072 1064 2146 1118 ad

544 1151 654 1207 hoc
683 1150 841 1205 idem
864 1150 1130 1221 exemplo
1160 1166 1263 1204 suo
1295 1150 1548 1204 instruat
1568 1151 1877 1207 auditores.
1912 1152 2025 1205 Hoc
2044 1167 2143 1205 au-

542 1242 664 1294 tem
692 1239 768 1293 sic
801 1238 974 1292 dicit:
1005 1239 1128 1291 Non
1163 1238 1347 1293 solum
1386 1240 1460 1293 ab
1492 1239 1744 1310 indignis
1764 1239 2015 1293 abscondi
2046 1239 2146 1292 elo-

541 1329 670 1400 quia
700 1334 816 1394 tua,
845 1326 1115 1394 Domine,
1137 1326 1238 1380 sed
1276 1326 1453 1381 etiam
1473 1328 1628 1398 quod
1652 1329 1875 1398 justum
1908 1332 1991 1381 est
2012 1344 2141 1399 pro—

540 1416 792 1469 nuntiavi
818 1413 1041 1468 idoneis
1059 1412 1272 1483 judicia
1287 1416 1393 1467 oris
1414 1417 1511 1480 tui,
1534 1414 1834 1469 existentia
1862 1417 2065 1486 parata
2089 1418 2145 1469 in

545 1503 696 1560 labiis
722 1504 870 1569 meis,
904 1501 1119 1556 scilicet
1148 1502 1442 1556 enuntiavi
1496 1503 1799 1574 capacibus
1853 1507 2146 1575 praecepta

532 1594 667 1658 tua,
688 1605 818 1661 quas
842 1593 905 1643 tu
937 1588 1163 1660 judicas
1191 1605 1311 1645 esse
1341 1590 1687 1662 complenda
1712 1608 1726 1659 ;
1759 1607 1886 1663 quae
1916 1607 2146 1664 semper

2246 445 2358 500 alia
2371 445 2690 501 intentione
2705 444 3323 512 dicuntur,intentione
3334 444 3597 499 videlicet
3608 445 3859 499 retribu-

2244 533 2416 588 tionis
2444 551 2457 601 ;
2493 534 2563 589 de
2589 550 2703 606 qua
2728 550 2863 588 vero
2895 532 3276 588 retributione
3289 535 3437 599 oret,
3465 532 3524 587 in
3546 533 3670 605 ipsa
3696 533 3853 588 clau-

2244 623 2367 677 sula
2394 624 2573 693 patet,
2597 639 2728 677 cum
2760 622 2838 676 sic
2864 622 3001 676 dicit
3031 638 3043 675 :

2314 709 2576 765 Retribue
2601 727 2748 763 servo
2780 716 2889 776 tuo,
2908 714 3015 763 etc.
3053 709 3196 764 Cum
3219 725 3447 764 servum
3465 709 3627 777 dicit,
3652 712 3714 765 et
3739 727 3854 765 me-

2245 797 2419 851 ritum
2454 800 2560 863 est,
2593 802 2652 852 et
2680 797 2986 868 praetentio
3009 797 3352 852 humilitatis
3384 814 3487 865 ;ac
3519 798 3563 852 si
3595 798 3848 853 diceret:

2246 874 3025 958 Quandoquidem,Domine,
3050 886 3172 956 jam
3201 902 3394 941 mores
3418 902 3578 941 meos
3605 886 3851 951 correxi,

2245 975 2321 1039 et,
2348 976 2411 1028 ut
2439 974 2494 1028 in
2553 973 2835 1046 superiori
2895 974 3148 1028 clausula
3196 974 3413 1029 dictum
3444 978 3550 1041 est,
3578 982 3629 1029 et
3657 978 3715 1028 in
3749 982 3852 1029 toto

2244 1061 2399 1116 corde
2418 1078 2531 1116 meo
2566 1064 2841 1133 exquisivi,
2874 1064 2932 1116 et
2960 1061 3167 1133 eloquia
3191 1070 3280 1116 tua
3329 1062 3581 1117 abscondi
3632 1070 3682 1117 et
3729 1080 3853 1133 pro-

2243 1152 2512 1217 nuntiavi,
2545 1154 2602 1204 et
2623 1152 2678 1203 in
2708 1152 2793 1203 via
2826 1152 3249 1205 testimoniorum
3293 1157 3505 1204 tuorum
3560 1150 3851 1207 delectatus

2242 1253 2379 1303 sum,
2424 1239 2650 1292 retribue
2674 1255 2778 1310 pro
2833 1238 2919 1293 his
2946 1254 3092 1292 servo
3151 1245 3261 1305 tuo,
3300 1223 3489 1305 id‘est,
3531 1239 3605 1294 da
3628 1240 3847 1310 justam

2245 1325 2687 1381 retributionem
2747 1326 2912 1393 mihi,
2953 1326 3043 1380 cui
3095 1326 3414 1381 retribuere
3469 1326 3666 1395 debes,
3719 1344 3850 1382 cum

2247 1413 2355 1467 sim
2393 1431 2585 1469 servus
2614 1418 2765 1482 tuus,
2788 1414 2848 1468 in
2879 1415 3037 1469 nullo
3067 1415 3354 1469 resultans
3381 1418 3441 1469 et
3479 1416 3538 1469 in
3571 1417 3845 1471 omnibus

2245 1502 2543 1557 humiliter
2570 1502 2869 1557 obediens.
2916 1501 3279 1558 Determinat
3309 1505 3502 1557 autem
3531 1503 3601 1558 de
3623 1521 3742 1575 qua
3772 1521 3854 1558 re-

2245 1590 2559 1646 tributione
2591 1594 2738 1657 oret,
2797 1608 2929 1645 cum
2975 1591 3137 1645 addit
3169 1608 3183 1645 :
3221 1591 3447 1659 Viviﬁca
3477 1608 3579 1653 me,
3637 1591 3853 1647 scilicet

545 1680 748 1748 parata
774 1680 909 1731 sunt
932 1676 990 1730 in
1022 1677 1189 1732 labiis
1237 1678 1399 1745 meis,
1432 1683 1495 1733 ut
1543 1679 1996 1752 quotiescunque
2020 1680 2142 1735 ido-
2167 1682 2218 1743 Β
2246 1678 2397 1734 hanc
2436 1678 2879 1734 retributionem
2942 1678 3086 1734 mihi
3134 1678 3312 1733 facias
3360 1682 3423 1733 ut
3460 1695 3554 1734 me
3586 1679 3852 1737 viviﬂces.

545 1780 721 1820 neum
753 1765 861 1820 erit
880 1780 949 1820 ea
968 1765 1279 1837 propalari,
1300 1769 1727 1838 propalenteur.
1743 1770 1967 1824 Etbene
1986 1768 2143 1837 dicit,

535 1853 747 1923 judicia
771 1856 882 1909 oris
904 1852 1027 1922 Dei,
1056 1857 1121 1908 ut
1143 1855 1409 1910 ostendat
1426 1872 1485 1911 se
1495 1857 1712 1928 judicia
1733 1858 2144 1931 illaprOpalare

542 1943 813 2012 paratum
843 1957 984 2009 esse,
1019 1957 1146 2013 quae
1177 1944 1327 1997 Deus
1345 1960 1443 1999 ore
1469 1946 1756 2000 revelavit.
1782 1946 1879 2001 Vel
1910 1946 2144 2017 proprio

545 2044 667 2093 ore,
700 2030 841 2084 dum
870 2029 928 2084 in
962 2032 1118 2084 terra
1158 2035 1611 2100 conversaretur,
1640 2035 1727 2087 vel
1759 2050 1857 2089 ore
1898 2035 2144 2107 prophe-

538 2121 760 2185 tarum,
792 2116 882 2171 vel
910 2118 1327 2189 apostolorum,
1370 2119 1487 2173 sive
1518 2121 1905 2189 quorumlibet
1949 2122 2145 2177 docto-

541 2137 760 2185 ιειινιιω,
792 2137 882 2171 vel
910 2137 1327 2189 apostolorum,
1370 2137 1487 2173 sive
1560 2137 1905 2176 uorumunet
1949 2137 2145 2177 uocto-

541 2219 699 2271 rum,
717 2204 873 2277 quod
905 2221 970 2260 os
995 2204 1096 2260 Dei
1128 2206 1356 2275 dicitur,
1606 2225 1676 2263 eo
1693 2209 1849 2280 quod
1877 2225 1982 2280 per
2010 2210 2147 2264 illud

543 2308 608 2347 os
637 2292 878 2363 Spiritus
909 2296 1137 2347 sanctus
1161 2293 1234 2348 sit
1260 2294 1500 2349 locutus.
1535 2294 1679 2350 Sunt
1708 2299 1863 2351 enim
1883 2298 2147 2369 quaedam

543 2382 770 2435 occulta
797 2384 857 2435 et
886 2395 1100 2435 arcana
1154 2381 1252 2435 Dei
1274 2382 1510 2453 judicia,
1557 2400 1685 2455 qua:
1729 2387 1877 2440 Deus
1928 2386 2147 2440 nemini

544 2468 805 2524 ﬁdelium
825 2469 1113 2536 revelavit,
1133 2469 1378 2542 ideoque
1402 2471 1509 2543 ipsi
1531 2489 1646 2527 non
1669 2479 1906 2546 possunt
1928 2476 2052 2530 aliis
2081 2492 2150 2531 ea

543 2555 942 2630 pronuntiare.
986 2556 1372 2627 Pronuntiavi,
1431 2559 1693 2632 inquam,
1726 2563 1983 2617 mandata
2009 2572 2101 2618 tua
2129 2582 2143 2634 ;

538 2650 601 2702 et
632 2647 742 2702 hoc
767 2663 887 2703 non
913 2646 1147 2715 invitus,
1180 2648 1280 2703 sed
1302 2651 1360 2703 in
1398 2652 1484 2704 via
1508 2651 1881 2707 mandatorum
1913 2660 2145 2723 tuorum,

538 2734 765 2791 idoneis
783 2735 1238 2808 pronuntianda,
1265 2736 1551 2794 delectatus
1578 2756 1715 2810 sum,
1741 2743 1877 2796 sicut
1897 2744 1951 2796 in
1976 2746 2147 2797 omni-

541 2823 635 2879 bus
672 2824 879 2888 divitiis
929 2823 1317 2880 smeularibus.
1376 2826 1539 2891 Quod
1574 2832 1673 2884 est
1725 2829 1914 2886 dicere
1947 2847 1962 2887 :
1994 2831 2150 2887 Sicut

537 2911 745 2984 aliquis
771 2911 1091 2967 delectatur
1119 2911 1176 2966 in
1210 2912 1480 2970 habendo
1534 2931 1740 2971 omnes
1793 2918 2018 2975 divitias
2047 2936 2147 2975 sae.-

535 3002 780 3069 culares,
810 3000 890 3055 ita
924 3014 1157 3073 quoque
1189 3000 1502 3058 delectatus
1519 3019 1648 3060 sum
1664 3005 1722 3060 in
1743 3007 2142 3064 annuntiando

537 3087 666 3143 aliis
692 3086 1052 3156 testimonia,
1086 3086 1145 3142 id
1174 3090 1261 3143 est
1291 3090 1571 3146 mandata
1620 3096 1722 3147 tua
1745 3109 1873 3166 quas
1905 3099 2038 3150 sunt
2058 3096 2148 3152 via

544 3176 621 3231 ad
648 3174 1094 3237 beatitudinem,
1125 3176 1213 3230 vel
1240 3176 1321 3231 sic
1360 3193 1553 3233 versus
1607 3179 1712 3235 iste
1757 3184 2152 3253 superioribus

535 3262 935 3334 conjungitur,
958 3266 1233 3317 uttamen
1252 3265 1539 3321 sententia
1562 3268 1679 3323 non
1703 3274 1977 3327 mutetur.
1994 3273 2145 3329 Dixi:

533 3350 599 3405 In
625 3349 779 3403 corde
805 3366 920 3403 meo
949 3352 1209 3421 exquisivi
1233 3358 1284 3405 te
1329 3354 1679 3424 complendo
1706 3364 1999 3432 praecepta
2026 3364 2144 3417 tua.

536 3435 678 3501 Quae
709 3434 989 3491 nimirum
1052 3453 1169 3493 non
1218 3437 1432 3495 invitus
1468 3445 1772 3516 complevi,
1806 3448 1906 3503 sed
1952 3451 2016 3504 in
2060 3454 2148 3506 via

536 3527 957 3582 testimoniorum
987 3533 1202 3582 tuorum
1228 3530 1520 3601 completa
1541 3531 1827 3591 delectatus
1853 3554 1991 3606 sum,
2013 3541 2149 3594 sicut

534 3617 593 3669 in
616 3614 861 3668 omnibus
884 3613 1085 3670 divitiis
1105 3616 1475 3674 saecularibus
1498 3621 1721 3694 adeptis
1747 3627 2033 3681 saecularis
2063 3627 2148 3682 vir

536 3703 779 3776 quilibet
810 3702 1213 3760 delectaretur.
1266 3704 1571 3764 Delectatus
1611 3727 1750 3780 sum,
1795 3713 2055 3787 inquam,
2084 3716 2142 3771 in

535 3790 806 3848 exercitio
835 3792 1247 3848 mandatorum
1268 3797 1524 3853 tuorum.
1542 3798 1702 3854 Unde
1719 3817 1838 3856 non
1856 3802 2143 3872 deliciam;

535 3879 639 3935 sed
676 3879 862 3935 adhuc
884 3882 941 3933 in
967 3880 1239 3936 mandatis
1262 3884 1365 3936 tuis
1419 3887 1782 3957 complendis
1822 3892 2098 3946 exercebar
2128 3910 2141 3948 :

536 3968 597 4020 et
625 3968 688 4019 ut
718 3966 976 4036 plenarie
1005 3983 1274 4023 exercear
1300 3971 1561 4026 contuitu
1582 3973 1824 4030 rationis
1844 3994 2011 4046 meae,
2028 3997 2147 4033 con-

534 4053 772 4108 siderabo
801 4056 914 4107 vias
936 4061 1071 4122 tuas,
1107 4055 1167 4111 id
1207 4060 1294 4112 est
1322 4061 1652 4131 exemplum
1685 4064 1824 4119 mihi
1858 4084 2080 4123 sumam
2112 4086 2147 4124 a

536 4140 750 4195 sanctis
781 4141 1069 4210 Patribus,
1099 4159 1243 4214 quos
1272 4148 1334 4200 tu
1364 4147 1527 4202 nobis
1547 4153 1894 4223 proposuisti
1919 4156 2053 4225 vias,
2086 4158 2144 4212 id

538 4230 627 4284 est
646 4230 946 4302 exemplar
970 4208 1249 4287 mandata
1267 4236 1367 4289 tua
1393 4208 1686 4305 patrandi.
1712 4208 2147 4314 Exerceboi°,,in:
2169 4208 2220 4267 D

538 4334 736 4392 quam,
768 4321 825 4372 in
855 4319 1126 4374 mandatis
1157 4323 1281 4389 tuis,
1324 4325 1382 4377 et
1414 4339 1531 4378 non
1566 4327 1785 4385 temere
1823 4335 1882 4387 et
1912 4333 2143 4406 imprae-

537 4406 853 4474 meditate;
887 4407 987 4463 sed
1000 4409 1055 4460 in
1070 4408 1547 4479 justtﬁcationibus
1574 4416 1767 4485 tuis,id
1790 4422 1875 4473 est
1896 4420 1951 4475 in
1984 4439 2143 4479 exer-

536 4492 673 4548 citio
699 4494 1178 4564 justiﬁcationum
1195 4500 2143 4578 tuarum,meditabor,scilicet,cum

537 4596 771 4637 summa
791 4582 1169 4640 meditatione
1191 4589 1249 4640 et
1266 4588 1487 4644 ratione
1510 4595 1887 4651 exerceborin
1908 4602 2148 4656 manda-

539 4668 617 4725 tis
635 4670 890 4725 Domini.
922 4672 1105 4727 Aliter
1128 4675 1287 4729 enim
1317 4676 1742 4738 infructuosum
1772 4690 1939 4754 esset,
1980 4694 2039 4745 ct
2067 4691 2145 4747 sic
2186 4702 2193 4705 '

536 4758 998 4831 meditaborquod
1015 4777 1120 4815 non
1132 4762 1415 4821 obliviscar
1438 4768 1553 4822 ullo
1571 4773 1834 4843 tempore
1854 4776 1980 4831 vitae
1999 4795 2144 4835 mete

535 4863 797 4903 sermones
821 4854 956 4916 tuos,
1000 4846 1060 4904 id
1091 4854 1176 4904 est
1214 4858 1503 4925 praecepta
1531 4859 1647 4925 tua,
1693 4862 1795 4916 sed
1826 4862 2052 4921 habebo
2084 4867 2141 4923 in

537 4939 762 4992 teterna
777 4936 1084 4992 memoria.
1119 4960 1147 4987 «
1178 4938 1284 5003 Qui
1314 4942 1474 4997 enim
1496 4954 1944 5016 perseveraverit
1966 4971 2145 5026 usque

536 5025 599 5080 in
620 5024 823 5091 ﬁnem,
854 5025 947 5081 hic
976 5027 1170 5081 salvus
1200 5028 1311 5082 erit
1350 5029 1577 5092 (Matth.
1599 5051 1655 5102 x,
1686 5038 1833 5109 22).»

609 5113 1143 5205 GulusLLretributio
1157 5116 1591 5191 interpretatur.
1610 5126 1717 5181 Per
1728 5128 1951 5186 Gbimel
1980 5148 2142 5205 ergo,

534 5218 667 5277 quae
699 5201 956 5257 versibus
977 5203 1166 5259 tertias
1199 5206 1466 5264 clausulae
1498 5210 1851 5283 inscribitur,
1885 5201 2144 5277 ﬁdelium

536 5290 951 5381 collectionem
993 5292 1065 5347 de
1101 5294 1484 5352 retributione
1542 5299 1633 5355 hic
1663 5319 1831 5359 orare
1862 5306 2143 5381 innuitur,

534 5377 958 5454 praetendendo
972 5381 1184 5455 merita
1204 5400 1307 5439 sua
1339 5403 1354 5453 ;
1376 5387 1536 5459 quod
1556 5388 1688 5445 ideo
1708 5377 2150 5455 facitutaudito;

528 5482 627 5558 res
641 5465 1043 5558 instruat,cum
1054 5470 1129 5525 ad
1141 5486 1371 5547 morum
1389 5478 1805 5537 correctionem
1825 5485 2145 5558 pertigerit,

2247 1766 2371 1820 Non
2402 1766 2533 1821 ideo
2565 1770 2692 1822 orat
2722 1766 2993 1821 viviﬁcari
3034 1783 3094 1820 se
3136 1766 3291 1837 quod
3331 1770 3591 1821 mortuus
3621 1768 3717 1833 sit,
3752 1769 3851 1821 sed

2247 1870 2378 1909 cum
2403 1855 2529 1925 jam
2558 1854 2866 1909 viviﬁcatus
2888 1855 2980 1921 sit,
3014 1854 3295 1909 intensius
3320 1854 3589 1910 viviﬁcari
3615 1857 3852 1927 expetit.

2246 1943 2440 1997 lnnuit
2470 1946 2665 1997 autem
2698 1943 2769 1997 de
2800 1960 2914 2014 qua
2970 1942 3350 1997 viviﬁcatione
3391 1947 3518 1997 oret
3547 1961 3652 2015 per
3681 1938 3853 1999 effce-

2248 2035 2397 2098 tum,
2428 2048 2559 2085 cum
2588 2031 2817 2085 subdit:
2853 2035 2912 2084 et
2941 2031 3052 2085 hoc
3082 2030 3259 2086 modo
3302 2048 3385 2085 me
3411 2033 3641 2100 vivi/ica,
3673 2042 3737 2086 ut
3772 2036 3849 2087 vi-

2249 2119 2505 2183 viﬁcatus
2530 2118 2825 2174 custodiam
2852 2135 3113 2175 sermones
3156 2126 3291 2185 tuos,
3319 2120 3530 2188 vivi/ica
3559 2137 3664 2182 me,
3696 2121 3856 2175 vide-

2248 2207 2385 2262 licet
2416 2206 2657 2262 interius
2693 2208 2753 2262 in
2799 2207 3104 2261 virtutibus
3148 2207 3459 2273 iutensius,
3516 2213 3575 2264 ut
3597 2225 3707 2279 per
3750 2210 3859 2264 hoc

2250 2295 2527 2350 mandata
2556 2299 2651 2349 tua
2666 2294 2987 2349 custodiam
3006 2295 3357 2365 diligentius.
3385 2296 3509 2351 Non
3539 2298 3731 2352 solum
3757 2315 3858 2352 oro

2249 2389 2313 2439 ut
2340 2384 2504 2438 mein
2525 2384 2722 2439 anima
2745 2383 2987 2439 vivifices
3013 2384 3083 2438 ad
3106 2385 3545 2439 custodiendum
3578 2386 3858 2441 mandata

2248 2476 2370 2540 tua,
2402 2472 2501 2527 sed
2523 2472 2705 2527 etiam
2736 2489 2862 2540 oro,
2894 2472 3061 2529 revela
3092 2473 3267 2527 oculos
3292 2491 3431 2527 meos
3452 2474 3781 2542 interiores,
3803 2475 3854 2527 id

2249 2565 2334 2616 est
2352 2561 2546 2616 oculos
2562 2561 2833 2627 rationis;
2854 2561 3016 2633 quasi
3032 2561 3248 2616 diceret
3273 2579 3286 2617 :
3319 2563 3462 2617 Cum
3472 2562 3601 2633 jam
3616 2564 3855 2617 rationis

2249 2666 2401 2705 mea:
2438 2651 2631 2705 oculos
2665 2654 2897 2722 apertos
2921 2653 2978 2705 et
3022 2652 3304 2706 revelatos
3332 2651 3856 2720 fecisti,removen-

2249 2740 2323 2794 do
2384 2756 2451 2793 ex
2526 2739 2661 2811 ipsis
2715 2740 3094 2811 caliginosum
3148 2740 3411 2802 velamen
3482 2740 3852 2811 ignorantiic,

2253 2828 2670 2900 quasso,magis
2702 2831 2760 2883 et
2787 2827 2973 2899 magis
3002 2829 3193 2884 revela
3223 2845 3329 2901 per
3365 2829 3851 2885 illuminationem

2252 2916 2461 2988 gratiae
2488 2916 2625 2971 istos
2678 2918 2870 2971 oculos
2926 2934 3109 2985 meos,
3160 2916 3521 2988 amputanda
3574 2917 3852 2990 quidquid

2255 3004 2599 3076 ignorantia:
2629 3008 2808 3061 restat
2835 3022 2849 3073 ;
2881 3005 3097 3061 dictum
3123 3008 3210 3060 est
3234 3023 3270 3060 a
3299 3005 3689 3061 similitudine
3725 3023 3853 3061 ocu-

2250 3094 2461 3160 lorum,
2490 3094 2609 3164 qui,
2632 3094 2790 3166 prius
2817 3094 3103 3150 velamine
3131 3094 3391 3165 caliginis
3408 3095 3606 3166 operti
3637 3098 3695 3149 et
3730 3096 3855 3150 obs-

2251 3181 2744 3251 curati,amedico
2767 3198 2872 3255 per
2890 3182 3352 3254 amputationem
3384 3182 3560 3253 ipsius
3598 3183 3859 3255 caliginis

2250 3271 2483 3327 revelati
2513 3274 2571 3324 et
2600 3272 2958 3342 perspicaces
2983 3271 3333 3327 efﬁciuntur.
3348 3271 3571 3339 Revela,
3592 3271 3857 3344 inquam,

2257 3360 2431 3415 oculos
2454 3377 2617 3428 meos,
2639 3368 2689 3414 et
2714 3360 2892 3416 oculis
2920 3360 3185 3416 revelatis
3222 3359 3564 3414 considerabo
3587 3361 3861 3432 quaedam

2246 3448 2517 3503 mirabilia
2542 3448 2607 3504 de
2636 3449 2744 3519 lege
2777 3456 2890 3517 tua,
2924 3461 3074 3507 nova
3099 3452 3157 3503 et
3174 3452 3390 3515 vetera,
3431 3448 3533 3503 illa
3594 3448 3865 3504 videlicet

2249 3537 2488 3607 mystica
2519 3540 2577 3592 et
2606 3554 2818 3592 arcana
2855 3554 2983 3609 qua:
3040 3537 3100 3591 in
3132 3539 3375 3608 utraque
3415 3537 3547 3607 lege
3589 3538 3692 3591 tua
3725 3553 3862 3592 con-

2246 3624 2549 3694 tinentur;
2603 3630 2660 3681 et
2707 3630 2945 3697 propter
3001 3625 3407 3681 obscuritatem
3453 3624 3540 3679 sui
3574 3629 3714 3679 sunt
3746 3642 3857 3681 non

2244 3711 2703 3784 intelligentibus
2732 3713 3044 3781 mirabilia,
3081 3713 3436 3780 considerabo,
3467 3713 3525 3768 id
3547 3697 3860 3784 est

2247 3800 2905 3874 diligenterintclligam
2935 3805 2993 3856 et
3013 3802 3498 3857 animadvertam.
3535 3800 3707 3865 Quod
3740 3803 3858 3873 qui-

2246 3891 2381 3945 dem
2412 3892 2600 3946 facere
2628 3909 2745 3946 non
2760 3907 3008 3963 possem,
3036 3891 3141 3945 nisi
3160 3891 3355 3945 oculos
3382 3890 3685 3945 haberem.
3720 3891 3854 3945 Dico

2246 3978 2615 4051 revela,quod
2653 3980 2895 4050 dignum
2955 3983 3061 4047 est,
3094 3996 3210 4035 non
3264 3978 3422 4033 enim
3470 3979 3653 4033 civem
3686 3979 3855 4048 hujus

2246 4068 2449 4123 mundi
2480 4085 2574 4123 me
2605 4069 2868 4132 exhibeo,
2901 4068 3002 4123 sed
3019 4069 3188 4125 incola
3214 4085 3307 4137 ego
3327 4084 3444 4121 sum
3470 4070 3526 4121 in
3552 4068 3659 4122 hac
3690 4075 3853 4131 terra,

2246 4156 2458 4211 scilicet
2488 4157 2547 4211 in
2579 4157 2686 4211 hac
2717 4160 2874 4213 terra
2926 4173 3274 4212 conversans
3331 4159 3541 4229 reputo
3564 4172 3660 4209 me
3694 4157 3852 4210 inco-

2246 4246 2363 4299 lam
2391 4249 2449 4300 et
2469 4246 2866 4317 peregrinum,
2900 4246 3150 4301 tendens
3202 4244 3361 4300 omni
3420 4244 3726 4300 affectione
3784 4245 3854 4299 ad

2246 4334 2602 4390 Hierusalem
2627 4337 2912 4390 caelestem
2941 4336 3103 4407 cujus
3128 4335 3267 4389 civis
3294 4351 3444 4390 sum.
3479 4334 3644 4389 Unde
3667 4336 3853 4406 Apos-

2245 4424 2398 4478 tolus
2429 4440 2442 4479 :
2481 4446 2507 4473 «
2534 4424 2661 4478 Non
2716 4424 2995 4479 habemus
3035 4425 3126 4478 hic
3156 4427 3491 4478 manentem
3518 4422 3848 4489 civitatem,

2246 4513 2346 4568 sed
2375 4513 2629 4569 futuram
2663 4513 3008 4585 inquirimus
3032 4513 3222 4580 (Hebr.
3253 4529 3369 4567 xm.
3402 4514 3511 4583 14).
3543 4534 3571 4561 ››
3610 4513 3676 4567 Et
3708 4513 3852 4585 quia

2246 4601 2419 4655 incola
2449 4619 2588 4670 sum,
2609 4620 2713 4657 non
2738 4601 3023 4657 abscondas
3048 4620 3081 4656 a
3110 4618 3212 4668 me,
3245 4600 3304 4654 id
3341 4604 3426 4654 est
3451 4617 3486 4655 a
3515 4617 3650 4655 meo
3676 4601 3856 4656 intel-

2246 4691 2418 4751 lectu,
2450 4691 2706 4745 mandata
2738 4696 2829 4743 tua
2848 4695 3068 4745 secreta
3097 4692 3155 4744 et
3180 4688 3451 4760 mystica,
3483 4688 3581 4743 sed
3606 4704 3677 4743 ea
3713 4689 3858 4744 mihi

2245 4778 2575 4833 manifesta.
2610 4780 2724 4834 lloc
2755 4782 2949 4834 autem
2976 4778 3419 4851 aequipollentcr
3452 4779 3728 4846 superius
3747 4793 3850 4848 po-

2247 4866 2379 4934 suit,
2401 4867 2498 4921 ubi
2520 4867 2662 4922 dixit
2686 4884 2698 4922 :
2726 4866 2921 4921 Revela
2943 4866 3116 4921 oculos
3144 4882 3302 4932 meos,
3345 4864 3447 4919 sed
3473 4864 3691 4936 repetit
3728 4864 3855 4919 ideo

2247 4955 2525 5026 quoniam
2554 4959 2903 5028 apposuerat
2942 4954 3217 5009 meritum
3250 4952 3604 5026 impetrandi
3637 4954 3857 5008 scilicet

2246 5043 2416 5097 incola
2442 5062 2535 5113 ego
2591 5062 2710 5100 sum
2752 5047 3001 5111 interra,
3064 5043 3226 5099 addit
3291 5046 3485 5097 autem
3547 5042 3856 5107 meritum,

2246 5149 2424 5205 quare
2450 5134 2728 5205 impetret
2758 5152 2791 5189 a
2819 5133 3067 5189 Domino
3110 5131 3406 5199 viviﬁcari,
3447 5130 3527 5184 sic
3556 5146 3569 5185 :
3620 5130 3858 5199 Viviﬁcn

2245 5240 2352 5291 me,
2400 5240 2527 5293 ore,
2586 5224 2659 5279 ad
2717 5223 2825 5279 hoc
2872 5227 2933 5278 ut
2977 5221 3270 5277 custodiam
3326 5236 3589 5275 sermones
3619 5224 3767 5275 tuos.
3797 5220 3861 5274 Et

2248 5312 2490 5384 dignum
2527 5313 2763 5385 quidem
2821 5315 2926 5368 cst.
2977 5310 3263 5376 Quoniam
3306 5310 3607 5379 concupivit
3661 5310 3856 5364 auium

2246 5418 2364 5455 mea
2392 5401 2688 5456 desiderare
2700 5401 3113 5472 justiﬁcationes
3144 5407 3283 5466 tuas,
3315 5398 3377 5453 id
3407 5401 3493 5452 est
3514 5396 3669 5452 volui
3702 5412 3861 5453 com-

2246 5491 2405 5563 plere
2436 5494 2728 5564 prmcepta
2781 5494 2882 5544 tua
2911 5505 3044 5544 cum
3091 5487 3374 5565 desiderio
3407 5504 3421 5556 ;
3463 5490 3521 5541 et
3579 5485 3708 5542 lucc
3739 5503 3857 5565 non

536 5552 613 5637 με
645 5552 750 5611 hac
781 5554 986 5617 eadem
1009 5558 1388 5623 retributione
1410 5552 2152 5655 orare.Siauteiuhicwquse§
2246 5552 2325 5635 ad
2356 5552 2587 5645 horam,
2626 5552 2736 5637 sed
2766 5580 2822 5637 in
2852 5581 3001 5637 omni
3040 5564 3269 5651 tempore
3306 5552 3436 5634 vita:
3467 5589 3640 5634 meae.
3674 5560 3859 5661 Majas
