3998 6026
165 395 187 460 1
200 401 304 461 265

1112 384 1467 462 Εχροδιτιο
1499 399 1570 460 lN
1606 394 1941 459 PSALMOS.
1977 428 2051 447 -
2084 397 2287 462 PSAL.
2328 398 2530 460 cxvm

3335 401 3472 475 me

169 523 410 597 quidem
433 523 519 584 est
539 520 888 593 desiderare,
914 538 1089 598 quam
1110 522 1534 596 concupiscere.
1558 520 1778 580 Deside-
1799 526 1854 590 Α
1881 520 2017 580 data
2044 524 2363 599 perficiam.
2412 525 2577 595 Quod
2607 524 2692 583 est
2716 523 2904 584 dicere
2937 543 2949 584 :
2978 525 3067 586 Ad
3094 526 3203 589 hoc
3232 526 3387 587 nitor
3415 530 3477 586 et

164 612 319 670 rium
332 613 487 670 enim
505 613 735 689 proprie
756 612 999 670 dicimus
1016 613 1256 669 nimiam
1273 612 1768 681 voluntatem.Ap-

164 704 335 774 ponit
353 720 580 777 quoque
610 703 846 775 periculi
871 704 1289 769 necessitatem,
1310 718 1487 774 quare
1520 716 1775 755 necessa-

165 791 320 849 rium
346 793 418 848 sit
439 809 572 847 eum
596 793 666 847 de
689 791 1068 848 viviﬁcatione
1091 807 1279 852 orare,
1303 790 1382 845 sic
1409 806 1421 844 :
1455 789 1569 844 Oro
1592 791 1653 842 ut
1679 802 1774 841 me

166 881 436 949 viviﬁces,
461 885 519 937 et
542 898 772 937 necesse
794 884 880 936 est
903 881 1011 936 hoc
1044 897 1137 934 me
1160 895 1347 945 orare,
1371 894 1443 932 ne
1470 878 1516 932 si
1542 892 1659 932 non
1693 875 1771 930 vi-

167 970 425 1026 viﬁcatus
454 969 617 1025 fuero
667 973 725 1024 et
761 986 1055 1024 sermones
1088 971 1215 1023 tuos
1254 984 1371 1021 non
1427 964 1771 1032 custodiero,

169 1059 437 1127 damner,
470 1059 543 1113 ad
577 1057 1015 1113 similitudinem
1047 1056 1427 1127 superborum
1455 1050 1773 1125 primitivo—

171 1164 304 1203 rum
335 1150 393 1203 et
416 1150 785 1214 cmterorum,
817 1164 851 1202 a
900 1145 1189 1201 mandatis
1226 1144 1339 1198 tuis
1370 1141 1544 1198 modo
1601 1138 1773 1195 decli-

173 1236 466 1302 nantium,
499 1234 596 1307 qui
625 1252 658 1289 a
688 1238 744 1289 te
767 1235 920 1306 juste
946 1232 1385 1288 maledicentur.

247 1324 546 1396 Increpasti
564 1323 722 1378 enim
750 1324 888 1378 olim
927 1321 1189 1394 superbos,
1226 1318 1547 1393 primitivos
1569 1317 1775 1383 Adam,

176 1413 395 1469 scilicet
425 1417 484 1468 et
531 1414 727 1479 Evam,
760 1429 827 1466 eo
875 1411 1031 1484 quod
1060 1408 1454 1482 superbientzs
1485 1409 1686 1462 contra
1725 1407 1781 1459 te

178 1519 477 1558 sermones
500 1505 626 1558 tuos
657 1518 774 1557 non
800 1500 1213 1555 custodierunt.
1240 1497 1530 1567 Increpasti
1548 1494 1783 1568 quidem

180 1608 279 1646 eos
297 1607 402 1662 per
420 1590 636 1661 justam
668 1588 1131 1653 damnationem,
1160 1603 1289 1641 cum
1308 1602 1405 1640 eos
1427 1584 1497 1639 de
1519 1581 1783 1654 paradiso

179 1678 464 1752 expulisti,
490 1683 547 1734 et
574 1680 846 1735 mortales
867 1694 931 1732 ac
959 1676 1253 1750 passibiles
1278 1673 1480 1729 fecisti.
1500 1673 1623 1726 Non
1655 1673 1783 1725 tan-

178 1768 483 1823 tummodo
517 1784 650 1823 vero
692 1766 938 1838 superbos
984 1765 1112 1820 illos
1141 1762 1442 1834 incrcpasti,
1478 1760 1579 1815 sed
1610 1758 1785 1813 etiam

1874 617 2253 675 meditatione
2266 622 2325 674 et
2352 618 2588 675 consilio
2607 620 2670 674 ut
2697 620 2985 691 praecepta
2999 620 3101 674 tua
3120 619 3470 689 compleam.
3501 669 3512 681 .

1873 707 2121 779 Ideoque
2138 707 2344 780 dignus
2362 723 2489 762 sum
2507 706 2901 774 viviﬁcatione;
2931 706 3115 776 majus
3133 706 3369 778 quidem
3385 709 3472 765 est

1874 795 2181 863 consiliari,
2195 812 2370 868 quam
2391 794 2729 867 simpliciter
2752 793 3041 850 meditari.
3057 794 3185 851 Sive
3194 795 3472 867 principes

1875 885 2011 941 dicit
2032 884 2377 957 principales
2401 884 2721 951 haereticos,
2742 883 2841 956 qui
2869 883 3066 939 ﬁdeles
3095 883 3373 938 devocare
3392 882 3476 937 nis

1874 976 2074 1029 tuntur
2086 972 2427 1029 omnimodo
2438 989 2472 1027 a
2483 972 2775 1044 proposito
2788 971 3104 1028 sanctitatis
3114 986 3320 1025 eorum
3348 971 3479 1026 Pos~

1875 1067 2008 1118 sunt
2027 1066 2222 1119 autem
2244 1063 2302 1118 hi
2321 1062 2434 1118 duo
2450 1078 2642 1118 versus
2662 1061 2952 1118 novissimi
2979 1059 3146 1116 aliter
3165 1057 3476 1130 superiori-.-

1878 1153 1983 1211 bus
2014 1151 2309 1224 conjungi,
2344 1154 2406 1207 ut
2433 1149 2719 1207 sententia
2742 1166 2859 1205 non
2892 1151 3166 1214 mutetur,
3185 1146 3265 1202 sic
3292 1163 3307 1202 :
3340 1146 3477 1202 Dico

1878 1242 2085 1312 tiu/era
2111 1258 2194 1296 me
2234 1238 2579 1314 opprobrium‘
2594 1244 2643 1293 et
2673 1242 3050 1307 contemptum.
3084 1236 3153 1289 Et
3181 1234 3311 1291 ideo
3352 1249 3479 1300 oro,

1881 1330 2016 1402 quia
2038 1329 2327 1401 peccando
2359 1326 2734 1400 opprobrium
2759 1328 2818 1380 et
2859 1326 3263 1397 contemptum
3286 1322 3478 1378 incur-

1881 1436 2010 1474 rere
2041 1420 2260 1474 metuo.
2293 1418 2504 1471 Etecce
2530 1431 2707 1487 quare
2729 1413 3107 1469 metuendum
3130 1413 3216 1466 est
3242 1427 3256 1467 :
3286 1410 3482 1469 etenim

1874 1509 2141 1580 principes
2163 1505 2503 1572 terreni,vel
2521 1501 2799 1568 haeretici,
2823 1517 2943 1557 non
2975 1499 3151 1556 modo
3182 1496 3487 1555 sederein~

1884 1596 2123 1668 cipiunt,
2142 1595 2243 1651 sed
2265 1595 2393 1665 jam
2425 1592 2523 1647 diu
2542 1590 2804 1657 sederunt,
2826 1591 2961 1656 etc.,
2994 1591 3053 1641 et
3081 1586 3212 1642 ideo
3241 1584 3486 1658 dignum

1886 1688 1971 1739 est
2002 1688 2064 1739 ut
2085 1684 2309 1739 auferas
2339 1700 2371 1736 a
2400 1698 2482 1736 me
2508 1678 2855 1752 approbrium
2880 1684 2932 1733 et
2952 1680 3333 1747 contemptum,
3359 1689 3486 1729 nam

1887 1781 1936 1828 et
1965 1774 2263 1829 testimonia
2293 1778 2407 1837 tua,
2435 1772 2545 1824 etc.

182 1856 453 1912 maledicti
472 1859 606 1910 sunt
635 1855 725 1909 hic
752 1837 785 1909 a
833 1858 908 1920 te,
941 1870 1045 1926 per
1067 1853 1283 1924 justam
1315 1847 1787 1906 exsecrationem.

1962 1865 2204 1929 Danum,
2233 1862 2389 1916 timor
2433 1858 2863 1928 interpretatur.
2897 1854 3059 1911 Unde
3102 1869 3206 1925 per
3262 1851 3489 1921 Deleth,

183 1948 243 2000 et
262 1944 322 2000 in
341 1944 535 2000 futuro
551 1941 841 1998 maledicti
862 1943 1031 1997 erunt
1052 1957 1155 2011 per
1167 1941 1446 1994 mternam
1470 1934 1811 2007 damnatio:

181 2050 320 2091 nem
343 2033 743 2104 illiomnesqui
762 2032 1197 2103 perseveranter
1228 2027 1492 2083 declinant
1509 2044 1540 2079 a
1566 2023 1790 2079 manda-

182 2124 251 2177 tis
274 2123 398 2188 tuis,
427 2121 640 2176 scilicet
664 2120 760 2192 qui
788 2119 1127 2174 recedentes
1144 2134 1178 2171 a
1208 2115 1561 2171 sublimitate
1582 2129 1794 2185 praece-

182 2213 419 2282 ptorum
436 2212 665 2264 tuorum
680 2207 971 2263 declinant
986 2206 1057 2261 ad
1075 2205 1228 2260 mala
1240 2219 1570 2276 opera,quae
1592 2201 1795 2256 infima

182 2301 337 2352 sunt.
365 2298 444 2352 Ne
471 2313 609 2370 ergo
647 2313 778 2351 cum
810 2295 891 2349 eis
929 2310 1038 2365 ego
1070 2292 1335 2363 increper
1366 2293 1425 2345 et
1457 2288 1791 2355 maledicar,

181 2386 339 2456 aufer
359 2403 392 2439 a
423 2403 523 2453 me,
548 2401 651 2457 per
672 2383 1094 2439 immissionem
1125 2381 1347 2454 gratiae,
1380 2378 1715 2450 opprobrium
1746 2381 1796 2430 et

182 2480 559 2546 contemptum,
579 2473 792 2528 scilicet
811 2475 870 2527 et
894 2472 1178 2541 majorem
1198 2467 1504 2524 infamiam
1527 2468 1584 2520 et
1606 2465 1793 2519 mino-

187 2579 351 2631 rem;
376 2565 531 2636 quod
571 2565 656 2617 est
683 2561 871 2616 dicere
900 2577 912 2614 :
947 2560 1025 2614 Ne
1058 2575 1151 2613 me
1182 2556 1484 2629 permittas
1509 2556 1620 2608 tale
1657 2551 1797 2624 quid

185 2667 469 2726 magnum
497 2667 689 2722 agere,
718 2666 824 2722 pro
851 2665 964 2720 qua
984 2663 1047 2701 re
1073 2646 1150 2700 sic
1168 2645 1289 2700 vilis
1304 2646 1442 2700 ﬁam
1464 2646 1520 2698 et
1541 2640 1792 2708 infamis,

186 2745 253 2799 ut
289 2741 418 2797 aliis
446 2739 709 2795 ﬁdelibus
738 2737 872 2791 inde
894 2734 1271 2807 opprobrium
1298 2733 1427 2789 sim.
1456 2732 1568 2786 Nec
1595 2730 1793 2797 etiam,

189 2830 345 2904 quod
391 2828 583 2884 minus
624 2829 730 2894 est,
767 2824 1069 2897 permittas
1100 2840 1193 2877 me
1220 2823 1333 2877 tale
1379 2819 1518 2893 quid
1542 2816 1792 2890 operari,

189 2918 345 2974 unde
373 2922 431 2973 et
454 2916 498 2972 si
527 2932 641 2970 non
656 2915 766 2970 sim
785 2911 1184 2985 opprobrium,
1200 2914 1403 2965 tamen
1419 2911 1792 2963 contemnar:

191 3006 381 3078 majus
393 3004 549 3059 enim
569 3006 654 3058 est
674 3001 1053 3074 opprobrium
1075 3016 1194 3054 esse
1217 3014 1392 3070 quam
1408 2993 1799 3051 contemni.Et

192 3095 324 3151 ideo
355 3095 511 3164 aufer
536 3112 568 3147 α
608 3110 689 3147 me
720 3091 1055 3163 opprobrium
1082 3092 1533 3158 ekeontemptum,
1565 3085 1691 3156 quia
1722 3089 1796 3135 te-

191 3185 440 3242 stimonia
459 3189 553 3236 tua
579 3181 862 3253 exquisivi,
892 3178 951 3233 id
979 3179 1065 3233 est
1095 3194 1161 3233 ex
1189 3174 1457 3232 omnibus
1475 3172 1599 3227 aliis
1627 3171 1798 3226 rebus

191 3271 559 3331 solummodo
588 3269 866 3324 mandata
897 3269 993 3321 tua
1012 3265 1180 3337 elegi,
1214 3268 1272 3319 et
1295 3266 1413 3319 tota
1442 3260 1629 3316 cordis
1660 3258 1796 3315 alfe-

1892 1966 2020 2022 quas
2045 1950 2100 2004 in
2123 1947 2406 2021 principio
2423 1961 2691 2002 versuum
2708 1944 2805 2015 buj
2814 1962 2877 1999 us
2901 1943 3165 1999 clausulae
3188 1939 3374 2012 posita
3388 1940 3494 2006 est,

1895 2039 2063 2093 datur
2093 2035 2337 2107 intelligi
2368 2034 2502 2107 quia
2529 2034 2589 2089 in
2638 2034 2744 2089 hac
2793 2032 3045 2087 clausula
3078 2030 3206 2085 erat
3235 2026 3497 2087 ﬁdelium

1893 2125 2152 2181 collectio
2179 2124 2467 2191 vivificari,
2492 2121 2633 2177 utin
2654 2119 2934 2192 superiori
2965 2119 3238 2186 clausula,
3258 2114 3360 2171 sed
3383 2113 3500 2171 alia

1895 2231 2083 2281 causa,
2118 2213 2331 2269 scilicet
2360 2211 2620 2267 contuitu
2649 2209 2875 2265 timoris
2903 2206 3143 2281 periculi
3162 2207 3290 2277 jam
3320 2201 3495 2259 evasi.

1891 2303 2080 2359 Timet
2116 2301 2271 2356 enim
2302 2298 2638 2355 mortificari
2670 2297 2729 2353 in
2761 2295 2979 2364 anima,
3006 2297 3070 2350 ut
3091 2294 3216 2365 jam
3251 2290 3500 2347 mortiﬁ-

1892 2395 2023 2446 cata
2048 2390 2177 2456 fuit,
2195 2389 2336 2443 dum
2361 2388 2483 2459 ejus
2499 2389 2681 2442 anima
2699 2386 3007 2457 pavimento
3034 2381 3263 2437 adhc-sit
3284 2381 3343 2435 et
3359 2378 3501 2435 dum

1894 2480 2223 2535 dormitavit.
2240 2475 2518 2548 Adjungit
2537 2478 2736 2530 autem
2755 2488 2954 2529 causas
2966 2482 3144 2543 quare
3167 2468 3377 2524 debeat
3390 2468 3500 2525 hoc

1894 2567 2053 2639 quod
2075 2570 2203 2622 orat
2222 2564 2481 2636 adipisci.
2516 2565 2625 2619 Per
2638 2564 2749 2619 hoc
2773 2563 2971 2617 autem
2995 2556 3229 2615 instruit
3256 2571 3378 2619 eos,
3403 2552 3501 2625 qui

1894 2656 1955 2711 in
1987 2654 2086 2711 tali
2106 2654 2360 2726 periculo
2386 2654 2521 2708 sunt
2537 2653 2597 2705 et
2612 2649 2711 2723 qui
2733 2649 2860 2720 jam
2888 2647 3212 2713 evaserunt,
3235 2641 3501 2712 exemplo

1897 2760 1999 2800 suo
2026 2759 2225 2810 orare;
2255 2742 2441 2814 ipsum
2468 2756 2603 2795 vero
2635 2737 2956 2810 periculum
2978 2733 3139 2805 cujus
3166 2731 3380 2787 timore
3409 2728 3503 2787 hic

1898 2835 2046 2898 orat,
2076 2830 2137 2885 in
2168 2829 2448 2902 principio
2471 2827 2737 2883 clausulas
2762 2825 3021 2890 denotat,
3047 2837 3179 2877 cum
3207 2819 3346 2874 dicit
3378 2834 3393 2873 :

1968 2920 2218 2974 Adhaesit
2234 2920 2565 2990 pavimento,
2596 2918 2731 2983 etc.;
2763 2930 2829 2970 ac
2872 2912 2918 2968 si
2949 2912 3103 2968 dicat
3132 2926 3146 2966 :
3176 2906 3369 2970 Oravi,
3398 2906 3504 2965 Do-

1898 3007 2080 3076 mine,
2105 3006 2382 3078 superius,
2415 3010 2478 3060 ut
2508 3021 2602 3060 me
2654 3003 2969 3058 vivificares
3002 3016 3071 3055 ex
3098 2995 3501 3054 retributione.

1902 3096 2014 3152 Oro
2042 3094 2602 3168 quoqueistudidem
2621 3091 2734 3147 alia
2754 3089 3074 3156 occasione,
3094 3084 3358 3143 videlicet
3375 3083 3505 3137 rivi»-

1896 3185 2003 3254 ﬁca
2026 3202 2124 3239 me.
2149 3183 2393 3255 Exponit
2408 3185 2602 3237 autem
2617 3181 2690 3237 de
2706 3196 2820 3253 qua
2832 3175 3376 3238 vivificationeoret,
3401 3170 3501 3225 ad-

1900 3273 2090 3328 dendo
2121 3273 2200 3328 sic
2234 3289 2247 3327 :
2285 3269 2514 3343 Vici/ica
2544 3286 2644 3335 me,
2677 3268 2939 3342 inquam,
2972 3262 3348 3329 vivificatiouc
3385 3258 3501 3314 exiv

193 3360 385 3417 ctione
415 3357 665 3431 quaesivi.
697 3356 863 3410 Aliud
912 3333 1131 3410 autem'
1148 3352 1467 3426 periculum
1512 3347 1792 3419 adjungit,

1897 3365 2085 3417 stente
2114 3361 2399 3417 secundum
2438 3360 2656 3416 verbum
2697 3364 2879 3422 tuum;
2916 3355 3070 3428 quod
3116 3355 3203 3409 est
3253 3350 3444 3407 dicere
3483 3361 3499 3402 :

193 3466 372 3522 quare
394 3446 781 3503 necessarium
805 3444 877 3499 sit
899 3460 1065 3498 orare
1089 3447 1150 3498 ut
1170 3441 1481 3496 vivificetur
1506 3438 1579 3493 ad
1608 3439 1798 3491 custo-

193 3537 473 3593 diendum
487 3551 783 3591 sermones
802 3531 1162 3597 Domini,sic:
1182 3531 1414 3585 Necesse
1434 3527 1668 3600 quidem
1691 3526 1796 3593 est,

194 3627 461 3687 Domine,
477 3641 644 3680 orare
673 3640 765 3676 me
791 3625 851 3676 ut
876 3620 1145 3686 vivifiecr,
1168 3622 1226 3673 et
1252 3618 1329 3671 sic
1351 3614 1669 3670 custodiam
1687 3628 1799 3667 ser-

194 3730 401 3771 mones
440 3716 587 3774 tuos,
628 3728 699 3765 ne
726 3710 798 3765 ab
831 3709 964 3780 ipsis
995 3705 1517 3763 dcticiam.Etenim
1549 3700 1798 3775 perversi

185 3804 453 3874 principes
496 3798 706 3856 terreni
732 3798 975 3852 sederunt
1024 3802 1073 3850 et
1098 3796 1375 3850 adversum
1406 3810 1487 3847 me
1517 3790 1797 3863 loqueban-

197 3900 303 3957 tur,
346 3892 404 3945 et
433 3889 618 3944 adhuc
654 3888 988 3958 loquuntur,
1016 3884 1075 3939 id
1105 3887 1189 3938 est
1214 3882 1466 3937 sedendo
1498 3880 1800 3935 adversum

195 3996 290 4035 me
316 3976 490 4034 locuti
507 3979 661 4043 sunt,
695 3974 926 4040 scilicet,
964 3989 1094 4027 cum
1121 3988 1287 4026 mora
1316 3973 1375 4025 et
1403 3968 1589 4024 studio
1630 3964 1801 4021 locuti

194 4069 331 4123 sunt
351 4067 462 4121 tale
479 4064 617 4137 quid
634 4063 788 4135 quod
808 4065 955 4117 esset
974 4059 1329 4116 contrarium
1359 4056 1523 4123 mihi,
1543 4053 1803 4109 videlicet

196 4159 259 4211 ut
283 4171 386 4227 per
400 4154 587 4210 minas
604 4155 661 4206 et
678 4150 986 4206 blanditias
1005 4165 1134 4204 suas
1151 4147 1498 4204 devocarent
1521 4160 1614 4198 me
1646 4160 1679 4197 a
1703 4158 1799 4195 cu-

196 4242 386 4298 stodia
402 4241 813 4299 mandatorum
832 4242 1090 4304 tuorum,
1110 4236 1206 4309 qui
1230 4236 1490 4292 videlicet
1516 4231 1801 4307 principes

195 4330 480 4387 terribiles
495 4332 647 4396 sunt,
663 4344 730 4383 eo
753 4327 905 4399 quod
924 4324 1247 4398 potentiam
1262 4320 1796 4393 habeantcogendi.

1908 3450 2135 3522 Viviﬁca
2153 3468 2233 3506 me
2263 3449 2505 3507 interius
2534 3447 2591 3502 in
2624 3446 2842 3514 anima,
2877 3450 2938 3500 ut
2966 3444 3156 3499 vivam
3183 3439 3502 3497 secundum

1898 3540 2055 3611 quod
2086 3543 2148 3594 tu
2193 3538 2476 3611 praecipis,
2527 3539 2721 3591 sancte
2764 3532 3030 3591 videlicet
3057 3533 3116 3587 et
3137 3530 3321 3603 justo;
3354 3527 3504 3581 hanc

1899 3628 2092 3681 autem
2134 3625 2573 3682 viviticationem
2627 3626 2892 3695 exspecto
2923 3638 2993 3676 eo
3051 3616 3333 3683 contuitu,
3367 3612 3506 3685 quia

1898 3714 2099 3781 timeo,
2117 3716 2179 3769 ut
2194 3731 2390 3768 rursus
2422 3713 2713 3768 incurram
2735 3711 3009 3784 pericula,
3031 3724 3159 3780 quae
3171 3706 3295 3777 jam
3329 3698 3500 3767 evasi,

1900 3802 2113 3857 scilicet
2130 3807 2191 3858 ut
2211 3803 2505 3859 adhaereat
2524 3803 2707 3857 anima
2739 3818 2856 3854 mea
2884 3799 3225 3870 pauimento;
3257 3793 3344 3846 vel
3368 3789 3503 3844 dore

1900 3890 2204 3962 miterpra:
2233 3891 2423 3956 taedio;
2452 3889 2607 3962 quod
2658 3892 2854 3945 tamen
2897 3886 3086 3943 minus
3124 3884 3227 3938 est.
3257 3877 3504 3935 Adhaesit

1900 3980 1992 4035 eui
2002 3997 2057 4034 m
2078 3984 2257 4034 anima
2272 3998 2385 4034 mea
2387 3977 2781 4050 pavimento,id
2794 3979 2880 4032 est
2889 3973 3069 4041 carni,
3085 3966 3500 4027 consentiendo

1901 4068 2290 4124 voluntatibus
2319 4068 2471 4139 ejus;
2496 4067 2584 4122 vel
2613 4064 2877 4134 terrenis,
2903 4058 3304 4134 amplectenda
3327 4072 3397 4114 ea
3419 4072 3504 4111 se-

1901 4157 2049 4212 cund
2060 4175 2155 4212 um
2180 4154 2978 4213 atl‘ectionem.Pavimentum
2992 4150 3205 4208 animae
3217 4161 3354 4203 caro
3368 4142 3503 4201 dici-

1901 4248 1994 4300 tur
2009 4261 2113 4316 per
2125 4244 2585 4302 similitudinem.
2602 4242 2760 4298 Sicut
2774 4240 2932 4296 enim
2955 4238 3352 4312 pavimentum
3368 4230 3501 4287 inﬂ-

1901 4350 2063 4389 mum
2088 4338 2196 4401 est,
2231 4337 2289 4389 et
2317 4332 2392 4389 ad
2444 4334 2553 4388 hoc
2578 4332 2644 4386 fit
2681 4333 2745 4385 ut
2775 4346 2878 4402 per
2907 4327 3048 4382 illud
3078 4326 3181 4380 fiat
3207 4320 3500 4398 transitus,

196 4421 342 4476 Cum
369 4418 505 4474 dicit
552 4418 820 4483 sederunt,
850 4414 1039 4469 innuit
1067 4413 1222 4484 quod
1256 4414 1688 4484 perseverantes
1738 4408 1798 4464 in
1820 4402 1872 4462 D
1901 4438 2019 4477 non
2045 4426 2108 4477 ut
2131 4422 2213 4478 ίιιί
2235 4422 2600 4478 εάιιωτθαιω-
2623 4436 2636 4487 ;
2669 4418 2749 4473 ita
2768 4432 2901 4471 caro
2923 4415 2997 4469 ad
3011 4414 3121 4469 hoc
3139 4410 3350 4467 animm
3370 4422 3503 4463 con-

196 4507 571 4565 devocatione
614 4507 945 4561 sanctorum
985 4501 1341 4557 exstiterunt.
1374 4499 1675 4568 Principes,
1707 4497 1796 4551 in-

193 4594 652 4670 quam,sedendo
672 4592 950 4648 adversum
993 4607 1075 4644 me
1100 4588 1468 4660 loquebantur,
1490 4603 1667 4640 servus
1697 4602 1795 4639 au-

194 4692 301 4739 tem
330 4690 471 4750 tuus,
505 4699 613 4754 ego
643 4680 926 4746 videlicet,
950 4695 1053 4750 pro
1085 4677 1165 4731 eis
1195 4693 1315 4732 non
1342 4674 1664 4740 deﬁciebat,
1698 4672 1797 4728 sed

190 4772 530 4828 exercebatur
545 4772 601 4823 in
609 4767 1084 4841 justiﬁcationibus
1114 4767 1217 4819 tuis
1244 4762 1625 4835 complendis.
1652 4760 1798 4817 Cum

192 4860 333 4915 dicit
357 4877 416 4915 se
446 4856 759 4914 exercuisse
787 4856 844 4910 in
876 4852 1163 4909 mandatis
1185 4852 1309 4919 Dei,
1342 4850 1616 4906 meritum
1647 4866 1794 4920 pric-

193 4948 400 5005 tendit.
426 4948 567 5003 Cum
596 4962 727 5001 vero
755 4943 892 4999 dicit
908 4959 1010 5014 per
1032 4941 1259 4997 tertiam
1292 4954 1633 5011 personam:
1667 4936 1795 4992 Scr-

192 5055 289 5093 vus
339 5043 459 5091 tuus
511 5034 866 5094 exercebatur,
896 5029 1283 5085 humilitatem
1328 5026 1610 5094 ostendit;
1642 5025 1797 5097 quod

194 5142 315 5181 non
347 5126 562 5179 faceret
598 5122 643 5178 si
676 5122 931 5176 diceret:
965 5135 1073 5189 ego
1122 5117 1448 5178 exercebar,
1484 5114 1799 5170 Preetendit

193 5230 425 5287 quoque
451 5211 746 5278 meritum,
773 5224 949 5281 quare
980 5205 1247 5260 vivificari
1272 5205 1481 5260 debeat
1506 5203 1578 5257 ad
1608 5204 1796 5256 custo-

156 5300 171 5309 ’
194 5302 476 5357 diendum
493 5316 790 5355 sermones
803 5295 1059 5362 Domini,
1084 5311 1215 5349 cum
1238 5293 1430 5349 addit:
1458 5291 1590 5345 ideo
1625 5308 1705 5345 me
1727 5292 1799 5344 vi-

194 5390 357 5460 viﬁca
374 5389 448 5443 ad
460 5386 897 5443 custodiendum
908 5400 1166 5439 sermones
1182 5390 1327 5446 tuos;
1353 5396 1487 5436 nam
1504 5382 1561 5434 ct
1573 5378 1798 5434 medita-

197 5481 272 5535 tio
286 5495 399 5533 mea
410 5477 796 5532 esttestimonia
816 5479 928 5541 tua,
947 5472 1004 5528 id
1016 5477 1124 5536 est,
1139 5470 1391 5526 meditor
1402 5470 1688 5539 praecepta
1703 5470 1802 5522 tua

199 5563 606 5637 complerc.Et
633 5562 917 5618 consilium
941 5577 1114 5615 meum
1136 5555 1640 5631 estjusti/icationes
1671 5561 1798 5623 tum,

198 5674 262 5730 id
284 5673 369 5728 est
393 5669 695 5731 consilium
944 5666 1151 5735 habeo,
1172 5664 1464 5737 quomodo
1486 5661 1608 5734 ipsa
1637 5676 1801 5715 man-

1890 4509 2098 4579 juncta
2141 4514 2404 4577 est,cum
2458 4508 2531 4562 sit
2574 4504 2865 4562 inferioris
2914 4504 3157 4566 naturai,
3189 4501 3254 4553 ut
3292 4495 3364 4552 ab
3392 4495 3501 4550 hac

1898 4597 2367 4669 peregrinatione
2390 4597 2645 4652 transeat
2664 4593 2788 4664 ipsa
2808 4590 3007 4646 anima
3022 4588 3094 4644 ad
3120 4585 3370 4660 patriam
3384 4599 3498 4638 cne-

1897 4686 2097 4740 lestem
2111 4686 2258 4740 bene
2272 4683 2590 4755 operando,
2612 4698 2717 4753 per
2736 4679 2926 4736 carnis
2937 4676 3193 4734 officium
3204 4717 3218 4743 ,
3231 4673 3320 4730 cui
3337 4668 3501 4729 carni

1898 4775 2034 4828 tunc
2055 4773 2332 4838 adhaeret,
2355 4788 2485 4826 cum
2512 4770 2571 4824 in
2599 4770 2894 4840 voluptate
2914 4784 3014 4822 seu
3033 4763 3284 4820 venitate
3314 4756 3499 4833 quali-

1898 4863 1996 4918 bet
2019 4862 2096 4916 illi
2119 4860 2483 4917 consentiens
2505 4861 2607 4915 est.
2626 4857 2752 4914 Sive
2766 4857 3165 4929 pavimentum
3182 4852 3338 4906 bona
3358 4860 3501 4919 prce-

1897 4950 2080 5007 sentia
2105 4950 2392 5017 dicuntur,
2416 4964 2484 5003 eo
2507 4948 2664 5021 quod
2690 4964 2721 5002 a
2744 4948 2860 5002 Deo
2888 4946 3083 5000 creata
3110 4942 3245 4997 sunt
3269 4936 3341 4995 ad
3371 4950 3497 4990 cor-

1898 5039 2053 5112 poris
2077 5038 2574 5104 sustentationem,
2590 5052 2708 5091 non
2726 5035 2800 5090 ad
2818 5030 3123 5104 voluptatis
3142 5024 3501 5100 superﬂuita-

1898 5131 2038 5195 tem;
2056 5129 2114 5181 et
2133 5125 2271 5198 quia
2287 5125 2563 5180 inferiora
2591 5120 2909 5178 suntbonis
2941 5115 3282 5182 cmlestibus,
3306 5115 3366 5168 et.
3392 5126 3499 5184 pro

1897 5219 2013 5272 Deo
2043 5217 2176 5270 sunt
2206 5212 2615 5278 conculcanda,
2645 5210 2791 5265 sicut
2808 5206 3206 5280 pavimentum
3231 5201 3386 5274 quod
3416 5199 3502 5254 in-

1898 5305 2075 5359 ferius
2103 5306 2190 5358 est
2218 5302 2279 5358 in
2311 5304 2561 5367 domo,a
2578 5296 3008 5354 transeuntibus
3034 5292 3425 5357 conculcatur,
3445 5290 3504 5344 et

1901 5393 1973 5447 ad
1998 5392 2107 5446 hoc
2138 5391 2202 5445 fit
2244 5394 2307 5445 ut
2335 5407 2403 5445 ex
2431 5405 2500 5445 eo
2531 5389 2894 5443 transeuntes
2921 5382 3335 5447 sustentantur,
3369 5377 3505 5452 quia

1902 5480 2125 5537 dixerat
2139 5477 2397 5532 animam
2421 5491 2590 5532 suam
2604 5473 2935 5549 pavimento
2949 5469 3275 5536 adhaesisse,
3288 5484 3362 5524 ne
3377 5481 3508 5540 prov

1906 5573 2037 5642 pter
2060 5567 2209 5624 hanc
2236 5564 2625 5620 adhzesionem
2657 5562 2946 5619 videretur
2968 5559 3241 5632 indignus
3259 5554 3505 5612 viviﬁca-

1906 5658 2088 5724 tione,
2105 5655 2350 5727 dignum
2367 5654 2473 5711 hac
2489 5669 2553 5708 re
2570 5669 2628 5709 se
2651 5668 2771 5708 esse
2791 5648 3063 5719 ostendit,
3084 5663 3215 5703 cum
3234 5643 3509 5714 sicaddit,
