3966 6034
521 382 660 459 tm

1125 387 1185 454 Β.
1230 386 1575 454 BRUNONIS
1612 380 2244 452 CARTHUSIANORUM
2281 380 2748 448 INSTITUTORIS
2786 380 2944 448 OPP.
2985 384 3163 447 PARS
3198 386 3219 447 l

3692 384 3842 446 I268

522 514 760 594 Vici/tea
772 535 876 593 me,
895 519 1372 596 inquam,etvere
1388 519 1631 594 dignum
1652 521 1757 586 est,
1774 519 1906 575 licet
1925 518 2122 574 anima
2146 534 2203 594 Α
2228 515 2532 591 eligerem,
2560 532 2666 574 non
2686 532 2801 573 sum
2826 516 3022 574 oblitus
3035 516 3245 589 judicia
3277 521 3391 570 tua.
3428 512 3595 581 Quod
3622 515 3715 570 est
3745 512 3840 569 di-

518 627 655 673 mea
665 612 997 686 pavimento
1010 610 1491 679 adhmserit,male
1504 609 1943 682 operando.Ego
1961 607 2117 663 enim

521 701 596 759 de
615 703 724 758 hac
744 702 1073 759 adhtesione
1099 701 1403 774 pcenitens,
1428 702 1541 754 vias
1560 716 1719 765 meas,
1739 698 1797 753 id
1825 699 1910 754 est
1940 697 2122 752 malas

519 791 910 863 operationes,
931 808 1057 863 quae
1076 791 1175 845 vim
1192 806 1336 844 mete
1354 789 1583 843 fuerant
1597 804 1713 843 non
1732 790 1845 841 tua:
1859 802 1959 857 per
1979 801 2120 857 quas

514 878 890 947 incesseram,
914 881 1192 935 enuntiari
1208 878 1333 945 tibi,
1364 894 1468 948 per
1494 876 1914 932 confessionem
1947 891 2120 928 orans

515 968 845 1035 humiliter,
868 972 931 1023 ut
956 985 1053 1024 eas
1074 968 1427 1032 remitteres,
1445 971 1496 1020 et
1524 965 1791 1020 exaudisti
1817 982 1900 1018 me
1926 962 2120 1017 remit-

512 1057 712 1112 tendo.
743 1057 1027 1122 Quoniam
1055 1072 1194 1128 ergo
1224 1055 1339 1110 vias
1364 1071 1524 1109 meas
1552 1051 1883 1108 annuntiavi
1910 1050 2031 1112 tibi,
2063 1053 2121 1105 et

513 1143 625 1202 hoc
654 1145 1021 1211 beneficium,
1060 1148 1123 1199 ut
1144 1160 1237 1199 me
1289 1143 1610 1207 exaudires,
1636 1142 1775 1196 mihi
1806 1139 2115 1204 contulisti,

512 1233 641 1289 doce
666 1250 749 1288 me
796 1233 982 1306 magis
1029 1236 1088 1288 et
1134 1233 1318 1305 magis
1335 1230 1746 1303 justi/icationes
1777 1237 1911 1296 tuas,
1946 1228 2003 1282 id
2032 1230 2118 1282 est

513 1325 803 1394 praecepta
836 1325 931 1378 tua
959 1339 1063 1394 per
1075 1339 1202 1395 quae
1230 1322 1518 1393 completa
1539 1319 1835 1392 justificer,
1853 1317 2113 1389 qumjam

510 1425 578 1465 ex
606 1414 769 1480 parte
793 1411 1067 1479 docuisti;
1093 1414 1151 1466 et
1176 1427 1293 1466 non
1319 1410 1506 1464 solum
1520 1424 1621 1463 oro
1638 1409 1701 1462 ut
1726 1407 1932 1462 doceas
1954 1404 2116 1475 justi-

504 1499 932 1565 ﬁcatinnes,sed
947 1500 1123 1554 etiam
1144 1501 1283 1553 viam
1301 1498 1757 1569 justiﬁeationum
1787 1502 2002 1549 tuarum
2030 1496 2111 1547 in-

503 1594 651 1641 strue
676 1605 779 1650 me,
798 1586 856 1642 id
896 1590 982 1643 est
1011 1588 1197 1659 ipsum
1230 1586 1495 1640 ordinem
1528 1586 1971 1655 praeceptorum,
1999 1598 2112 1654 quo

509 1673 774 1731 videlicet
795 1676 997 1731 ordine
1015 1675 1258 1730 debeam
1278 1674 1426 1728 bene
1444 1672 1692 1744 operari,
1708 1669 2111 1743 scilicetquali-

510 1764 600 1817 ter
619 1764 1048 1819 ascendendum
1079 1762 1154 1817 sit
1184 1763 1254 1818 de
1285 1763 1492 1817 virtute
1536 1761 1591 1816 in
1625 1761 1916 1827 virtutem,
1950 1777 2020 1815 ne
2054 1759 2108 1813 in

2222 622 2351 663 cere
2382 625 2395 662 :
2425 609 2486 663 In
2537 607 2825 664 memoria
2852 607 3029 663 habui
3059 606 3305 680 qualiter
3334 605 3391 661 in
3438 604 3633 661 futuro
3667 604 3836 676 justo

2214 697 2435 770 judicio
2486 698 2766 767 eligentes
2795 698 2943 753 hanc
2970 698 3124 752 viam
3166 694 3543 762 beatificabis,
3570 710 3691 750 non
3726 693 3834 748 eli-

2221 788 2421 858 gentes
2452 788 2644 840 autem
2671 786 2824 857 justo
2847 784 3087 856 judicio,
3121 784 3443 842 damnabis.
3480 784 3603 838 Non
3637 783 3833 838 solum

2222 877 2417 929 autem
2449 875 2589 928 viam
2623 874 3002 929 mandatorum
3036 879 3271 941 tuorum,
3300 889 3427 945 quae
3454 876 3541 927 est
3558 871 3649 925 via
3676 871 3831 926 veri-

2220 963 2372 1031 tatis,
2396 964 2547 1035 elegi,
2564 965 2879 1020 secundum
2902 964 3280 1028 voluntatem,
3297 961 3395 1016 sed
3415 960 3588 1015 etiam
3603 959 3830 1023 all/cesi,

2221 1051 2487 1117 Domine,
2513 1054 2822 1106 testimoniis
2846 1053 2968 1119 tuis,
2990 1051 3049 1106 id
3069 1053 3157 1105 est
3183 1049 3471 1104 mandatis
3491 1048 3603 1103 tuis
3619 1064 3830 1102 secun-

2221 1141 2358 1195 dum
2380 1141 2803 1214 operationem.
2831 1141 2897 1194 Et
2919 1158 3035 1196 non
3059 1139 3131 1195 ad
3149 1139 3356 1194 horam
3374 1139 3645 1211 operatus
3661 1154 3791 1191 sum
3810 1153 3824 1199 ;

2216 1228 2317 1283 sed
2336 1231 2479 1284 viam
2506 1228 2882 1284 mandatorum
2925 1234 3133 1283 tuorum
3165 1229 3403 1294 cucurri,
3436 1225 3497 1280 id
3518 1228 3623 1291 est,
3654 1242 3825 1279 man-

2217 1316 2351 1371 data
2383 1320 2482 1373 tua
2507 1335 2634 1390 quae.
2658 1316 2750 1373 via
2776 1322 2908 1373 sunt
2933 1317 3006 1372 ad
3029 1333 3224 1371 veram
3246 1314 3664 1370 beatitudinem
3688 1330 3827 1384 ope-

2214 1409 2370 1461 ratus
2383 1423 2507 1461 sum
2525 1409 2814 1462 voluntate
2826 1410 3147 1479 spontanea
3160 1408 3354 1460 etcum
3373 1402 3823 1475 perseverantia.

2217 1493 2381 1558 Quod
2414 1512 2519 1566 per
2547 1512 2773 1550 cursum
2808 1496 3145 1561 denotatur;
3176 1493 3284 1548 hoc
3312 1494 3507 1546 autem
3535 1491 3690 1564 quod
3731 1509 3825 1545 cu-

2217 1584 2390 1650 curri,
2417 1602 2533 1639 non
2576 1594 2640 1639 ex
2673 1601 2767 1639 me
2797 1583 2996 1650 habui,
3026 1582 3127 1643 sed
3168 1600 3234 1636 ex
3268 1584 3342 1636 te.
3378 1578 3618 1634 Cucurri
3656 1579 3820 1633 enim

2213 1688 2331 1725 cum
2361 1673 2467 1727 hoc
2499 1672 2605 1726 fuit
2632 1672 2788 1744 quod
2815 1674 2873 1727 tu
2905 1662 3144 1725 dilatasti
3164 1687 3255 1726 cor
3284 1685 3476 1733 meum,
3511 1667 3570 1722 id
3601 1670 3685 1721 est
3712 1668 3822 1721 hoc

2215 1761 2372 1832 quod
2404 1764 2463 1816 tu
2489 1779 2578 1815 cor
2606 1777 2783 1817 meum
2826 1761 2883 1816 in
2916 1760 3197 1815 charitate
3222 1759 3479 1823 dilatasti,
3513 1773 3685 1811 causa
3714 1756 3823 1810 fuit

508 1851 793 1923 principio
827 1851 936 1907 sim
969 1851 1247 1916 intensus,
1281 1835 1482 1923 476
1505 1853 1562 1905 et
1588 1851 1644 1905 in
1679 1851 1797 1903 fine
1824 1849 2109 1903 remissus.
2140 1848 2191 1907 B
2215 1865 2390 1919 quare
2421 1851 2797 1906 cucurrerim.
2823 1850 2981 1905 Unde
3030 1851 3273 1921 Prosper
3302 1863 3315 1901 :
3351 1868 3378 1895 «
3410 1847 3581 1899 Arcta
3611 1844 3703 1899 via
3737 1849 3826 1899 est

509 1937 686 2006 Ordo,
702 1938 792 1994 via
816 1955 918 2011 per
937 1938 1377 1994 similitudinem
1397 1938 1625 2004 dicitur,
1645 1955 1712 1993 eo
1727 1938 1879 2010 quod
1894 1937 1989 2009 qui
2013 1953 2114 2007 per

506 2027 775 2082 ordinem
795 2027 1031 2094 incedit,
1050 2030 1204 2082 recte
1229 2031 1344 2089 eat,
1362 2026 1504 2081 sicut
1533 2026 1627 2081 ille
1660 2029 1813 2081 recte
1831 2025 1874 2079 it
1893 2025 1989 2097 qui
2012 2039 2116 2096 per

506 2115 660 2171 viam
687 2115 923 2171 incedit.
958 2115 1016 2170 Si
1048 2132 1182 2171 vero
1209 2115 1474 2171 ordinem
1506 2115 1782 2181 dimittat,
1799 2114 2116 2185 distorque-

515 2204 629 2270 tur,
658 2205 730 2259 ad
764 2204 1005 2259 modum
1038 2203 1269 2259 viatoris
1296 2203 1446 2258 viam
1467 2207 1683 2258 rectam
1715 2200 2112 2274 relinquentis.

585 2291 721 2347 Dico
764 2294 962 2347 instrue
1007 2309 1090 2346 me
1136 2294 1301 2359 viam,
1329 2295 1379 2347 et
1406 2290 1717 2347 instructus
1762 2290 2032 2345 exercebar
2060 2291 2115 2343 in

510 2379 847 2435 mirabilibus
864 2383 988 2447 tuis,
1008 2381 1066 2435 id
1088 2384 1171 2435 est
1191 2380 1428 2435 scientia
1448 2382 1505 2435 et
1525 2380 1863 2451 operatione
1885 2395 2116 2433 exerce-

510 2467 619 2523 bor
631 2468 687 2521 in
703 2467 1003 2540 praeceptis
1014 2468 1275 2539 tuis,quae
1290 2468 1574 2523 mirabilia
1586 2467 1945 2532 dicuntur,eo
1959 2467 2113 2539 quod

512 2556 895 2625 completores
918 2572 1047 2610 suos
1066 2555 1360 2611 mirabiles
1374 2555 1431 2609 in
1446 2556 1745 2611 sanctitate
1763 2555 2114 2610 faciunt.Per

508 2642 620 2697 hoc
638 2644 834 2697 autem
865 2646 1122 2698 meretur
1137 2644 1294 2716 quod
1314 2647 1440 2699 orat
1457 2644 1711 2715 adipisci,
1725 2643 1859 2716 quia
1873 2661 1931 2698 se
1951 2661 2109 2698 exer-

510 2731 762 2786 cendum
794 2730 855 2786 in
886 2732 1176 2787 mandatis
1200 2732 1300 2788 Dei
1331 2732 1635 2805 promittit.
1660 2734 1769 2787 Per
1796 2733 1904 2787 hoc
1934 2732 2109 2786 etiam

514 2819 810 2876 auditores
840 2821 914 2875 ad
945 2821 1054 2876 hoc
1082 2820 1239 2876 idem
1264 2820 1598 2876 exercitium
1644 2819 1890 2877 instrJit.
1921 2819 2107 2888 Oravi,

516 2909 785 2975 Domine,
821 2908 1095 2964 viviﬁcari
1137 2909 1350 2964 timore
1390 2909 1752 2977 adhzesionis,
1785 2926 1959 2982 quam
1984 2909 2109 2980 jam

510 2999 687 3054 evasi.
737 2999 850 3055 Oro
881 3014 1132 3071 quoque,
1174 3000 1429 3069 conﬁrma
1473 3017 1558 3053 me
1600 3001 1655 3053 in
1706 3001 1871 3054 verbis
1899 3002 2023 3066 tuis,
2055 3001 2112 3054 et

2214 1954 2341 2009 quas
2373 1938 2525 1993 ducit
2557 1939 2630 1993 ad
2678 1938 2877 1998 vitam.
2911 1941 2969 1993 et
3010 1940 3208 1992 tamen
3261 1951 3375 1990 non
3428 1934 3683 1988 curritur
3721 1950 3826 2005 per

2215 2023 2421 2097 ipsam,
2444 2026 2550 2080 nisi
2566 2026 2802 2082 dilatato
2824 2026 3019 2081 corde.
3041 2047 3068 2073 »
3108 2023 3265 2089 Cum,
3283 2022 3510 2093 signum
3528 2026 3824 2076 estcausa:

2215 2116 2301 2169 vel
2324 2115 2620 2187 temporis.
2645 2117 2753 2171 Per
2769 2118 2876 2172 hoc
2894 2118 3087 2170 autem
3109 2114 3207 2169 dat
3218 2110 3573 2167 auditoribus
3591 2110 3827 2165 humili-

2216 2202 2348 2256 tatis
2367 2205 2723 2276 exemplum,
2745 2207 2807 2259 ut
2833 2204 2912 2258 nil
2942 2203 3069 2270 sibi,
3101 2203 3200 2257 sed
3229 2199 3428 2256 omnia
3457 2199 3708 2255 Domino
3742 2216 3827 2254 as-

2214 2290 2458 2347 cribant.

2286 2378 2386 2447 Ile,
2421 2383 2533 2434 viro
2587 2382 2673 2436 vel
2726 2388 2805 2436 est
2849 2380 3290 2453 interpretatur.
3335 2379 3477 2434 Cum
3530 2376 3711 2450 igitur
3736 2374 3827 2431 He

2213 2467 2467 2523 versibus
2480 2468 2695 2540 quintae
2712 2470 2977 2525 clausulae
2992 2466 3671 2536 inscribitur,ostenditur
3682 2481 3823 2537 quo-

2211 2555 2370 2611 niam
2395 2556 2463 2612 de
2489 2574 2557 2613 eo
2575 2558 2671 2630 qui
2704 2575 2840 2613 vere
2859 2561 2945 2613 est
2969 2563 3027 2613 et
3046 2559 3198 2624 vivit,
3233 2557 3303 2612 de
3331 2556 3554 2611 Christo
3580 2554 3817 2615 scilicet,

2209 2643 2302 2698 hic
2329 2644 2574 2701 intentio
2601 2647 2865 2702 habetur.
2899 2647 3005 2711 Qui
3028 2647 3099 2702 de
3130 2646 3312 2718 seipso
3336 2646 3581 2700 testatur
3606 2660 3621 2697 :
3642 2666 3669 2692 «
3700 2643 3817 2713 Ego

2209 2748 2337 2786 sum
2370 2732 2467 2804 qui
2498 2737 2622 2788 sum
2647 2733 2846 2807 (Exod.
2872 2752 2954 2803 ιιι,
2982 2735 3089 2807 llr).
3122 2756 3150 2783 ››
3185 2737 3252 2789 Et
3273 2733 3406 2789 alibi
3433 2750 3446 2787 :
3478 2752 3509 2785 (κ
3540 2732 3657 2803 Ego
3689 2746 3813 2785 sum

2211 2820 2323 2887 via,
2358 2822 2585 2890 veritas,
2617 2826 2675 2878 et
2699 2824 2813 2878 vita
2845 2824 3029 2895 (Joan.
3060 2841 3170 2891 XIV,
3200 2825 3271 2889 6).
3307 2845 3334 2871 ››
3367 2823 3435 2876 Et
3462 2822 3768 2894 Apostolus
3797 2836 3811 2873 :

2216 2930 2243 2958 «
2269 2909 2416 2965 Mors
2432 2910 2511 2965 illi
2535 2913 2684 2966 ultra
2702 2928 2816 2967 non
2842 2911 3254 2967 dominabitur.
3271 2911 3435 2977 Quod
3451 2913 3647 2964 autem
3660 2908 3811 2975 vivit,

2211 2998 2346 3053 vivit
2378 3000 2522 3055 Deo'
2548 2996 2730 3071 (Rom.
2758 3019 2834 3067 vi,
2860 3005 2913 3069 9,
2954 3005 3066 3067 10).
3102 3023 3130 3051 ››
3165 3001 3302 3056 Orat
3325 3002 3518 3055 autem
3548 2998 3641 3053 hic
3674 2998 3814 3052 fide-

509 3086 703 3157 magis
728 3089 789 3142 et
818 3087 1005 3160 magis
1035 3104 1129 3142 me
1150 3088 1459 3143 confirmes
1484 3087 1541 3142 in
1569 3086 1868 3159 pra-.ceptis
1900 3086 2029 3153 tuis,
2052 3087 2113 3139 ut
2141 3121 2188 3179 Ο
2213 3085 2356 3141 lium
2377 3089 2638 3143 collectio
2657 3090 2785 3153 hoc,
2807 3092 2867 3142 ut
2888 3088 3163 3144 Dominus
3180 3091 3347 3144 Pater
3372 3091 3549 3159 ponat
3574 3087 3681 3142 sibi
3716 3088 3819 3141 Do-

510 3192 580 3230 ea
604 3176 957 3246 compleam.
988 3177 1105 3232 Hoc
1136 3179 1330 3231 autem
1371 3175 1523 3231 idem
1556 3179 1642 3230 est
1670 3175 1823 3247 quod
1855 3174 2114 3246 superius

511 3262 653 3318 dixit
681 3280 694 3317 :
737 3263 963 3336 Viviﬁca
984 3282 1083 3331 me,
1111 3264 1210 3319 sed
1237 3268 1474 3335 propter
1495 3264 1666 3319 aliam
1680 3280 1909 3318 causam
1933 3280 2112 3335 appo-

512 3350 688 3405 situm
717 3352 1031 3422 repetitum
1060 3356 1165 3407 est.
1190 3352 1464 3423 Con/trina
1496 3370 1595 3420 me,
1628 3353 1889 3425 inquam,
1921 3356 1979 3407 et
2006 3354 2115 3408 hoc

512 3455 616 3494 oro
641 3439 777 3513 quia
796 3439 974 3495 timeo
998 3440 1337 3507 dormitare,
1360 3444 1422 3495 ut
1442 3441 1569 3512 jam
1608 3441 1915 3497 demutavit
1932 3444 2113 3495 anima

508 3545 627 3582 mea
640 3546 759 3599 prae
776 3527 1184 3595 tas-dio,scilicet
1205 3528 1623 3600 aliquantulum
1645 3529 1826 3601 tepuit
1851 3533 1909 3584 et
1925 3529 2115 3583 minus

511 3614 731 3671 fervida
761 3616 868 3672 fuit
898 3617 970 3672 ad
1002 3618 1220 3673 bonum
1246 3634 1409 3689 opus,
1435 3635 1502 3673 eo
1530 3619 1679 3690 quod
1698 3617 1868 3673 taedio
1890 3617 1991 3689 ipsi
2012 3617 2117 3672 fuit

501 3704 772 3776 jejunare
800 3708 858 3760 et
896 3704 1154 3778 vigilare,
1187 3709 1244 3760 et
1274 3706 1386 3761 alia
1419 3706 1568 3762 bona
1597 3723 1788 3778 agere.
1823 3705 2001 3760 Minus
2030 3709 2116 3760 est

512 3792 832 3848 dormitare
858 3812 1033 3866 quam
1053 3795 1369 3850 adherere.
1395 3794 1560 3849 Oravi
1590 3797 1653 3848 ut
1675 3811 1766 3849 me
1783 3794 2110 3849 conﬁrmes.

511 3881 624 3936 Oro
649 3899 900 3956 quoque,
921 3900 1104 3938 amove
1120 3902 1152 3937 a
1178 3900 1260 3938 me
1279 3900 1384 3962 per
1407 3882 1654 3956 gratiam
1687 3886 1845 3938 tuam
1875 3899 1990 3962 non
2021 3899 2110 3936 so-

508 3970 811 4026 lummodo
830 3960 1329 4043 iniquitatem,sed
1348 3979 1395 4026 et
1427 3974 1569 4025 viam
1596 3960 1915 4044 iniquitatis,
1940 3970 1996 4025 id
2028 3974 2114 4024 est

507 4058 990 4114 consuetudinem
1008 4059 1182 4131 ipsius
1202 4059 1539 4131 iniquitatis,
1557 4076 1685 4131 qua:
1697 4062 1965 4115 remanet
1986 4061 2114 4130 post

509 4144 1230 4218 iniquitatem,sicutviatri
1240 4151 1293 4201 ta
1310 4148 1708 4218 posteuntium
1723 4146 2110 4219 frequentiam

510 4232 606 4287 diu
633 4235 831 4289 restat.
861 4235 928 4289 Et
954 4235 1279 4290 amovendo
1319 4236 1472 4291 viam
1499 4236 1743 4290 miserere
1770 4237 1877 4289 mei
1902 4235 1966 4289 de
2002 4235 2111 4304 tege

509 4328 626 4385 tua,
653 4320 709 4376 id
754 4324 839 4377 est
866 4322 1183 4378 secundum
1213 4324 1402 4395 legem
1450 4326 1633 4390 tuam,
1663 4323 1879 4378 scilicet
1906 4340 2107 4378 secun-

2215 3174 2333 3227 min
2344 3192 2439 3251 um
2457 3177 2648 3232 Jesum
2674 3176 2989 3245 Christum,
3004 3177 3101 3250 qui
3120 3194 3247 3232 vere
3270 3176 3403 3231 vivit
3421 3177 3479 3231 et
3499 3178 3607 3237 est,
3627 3176 3815 3246 legem

2214 3265 2273 3317 et
2330 3264 2796 3320 moderationem
2854 3265 2980 3333 viae,
3012 3282 3141 3339 quae
3195 3265 3449 3338 inccepit,
3480 3263 3697 3319 scilicet
3726 3264 3820 3318 det

2217 3350 2321 3405 sibi
2352 3353 2510 3425 sequi
2546 3355 2859 3409 Dominum
2888 3357 3103 3421 Jesum,
3132 3356 3228 3428 qui
3261 3356 3369 3410 dux
3399 3354 3473 3408 sit
3503 3356 3559 3407 et
3590 3352 3821 3423 adjutor

2216 3439 2358 3510 ejus,
2393 3444 2788 3517 pcrqueﬁm_a_d
2814 3460 3015 3498 verum
3044 3461 3163 3498 esse
3186 3443 3497 3517 pertingat.
3521 3443 3592 3496 Ut
3623 3443 3819 3495 autem

2215 3528 2338 3600 ejus
2355 3529 2561 3584 ducatu
2808 3534 2865 3587 et
2883 3532 3091 3587 auxilio
3119 3515 3267 3586 viam
3292 3532 3438 3586 hanc
3452 3546 3823 3602 perseveran-

2218 3620 2305 3671 ter
2321 3618 2498 3688 possit
2513 3618 2802 3685 incedere,
2823 3624 2949 3675 orat
2962 3637 3190 3692 quoque
3205 3620 3561 3674 intellectum
3578 3618 3652 3672 ad
3663 3636 3819 3673 scru-

2215 3706 2457 3760 tandum
2476 3709 2666 3779 legem
2694 3710 2947 3764 veterem
2972 3708 3073 3763 sibi
3091 3708 3368 3775 dari,sine
3388 3708 3547 3780 cujus
3561 3708 3821 3763 custodia

2214 3793 2568 3865 impossibile
2602 3799 2686 3850 est
2715 3813 2909 3851 veram
2942 3797 3360 3852 beatitudinem
3390 3796 3648 3869 adipisci.
3686 3797 3819 3852 Orat

2213 3881 2447 3954 insuper
2472 3883 2527 3938 in
2562 3884 2769 3939 semita
2796 3886 3206 3941 mandatorum
3236 3902 3395 3941 novae
3426 3885 3569 3956 legis
3590 3885 3815 3945 deduci,

2213 3973 2270 4025 et
2288 3988 2388 4025 cor
2417 3972 2474 4026 in
2502 3973 2836 4028 testimonia
2856 3973 2979 4044 ejus
3002 3973 3285 4038 inclinari,
3306 3978 3361 4030 et
3383 3975 3583 4030 oculos
3614 3991 3648 4028 a
3670 3974 3817 4028 vani-

2211 4059 2328 4113 tate
2352 4060 2549 4127 averti,
2566 4063 2621 4115 et
2640 4062 2936 4133 eloquium
2952 4061 3182 4117 Domini
3199 4061 3304 4117 sibi
3326 4050 3519 4127 statui,
3534 4064 3594 4116 et
3611 4078 3812 4135 oppro-

2209 4146 2399 4202 brium
2425 4148 2547 4219 ejus
2560 4150 2872 4221 amputari;
2890 4153 2947 4204 et
2960 4150 3120 4205 addit
3140 4167 3336 4204 causas
3356 4166 3458 4205 cur
3476 4150 3587 4205 hoc
3606 4150 3809 4205 debeat

2210 4234 2594 4307 adipisci.Hoc
2610 4240 2804 4292 autem
2837 4254 2907 4291 ea
2930 4236 3254 4292 intentione
3274 4237 3410 4291 facit
3430 4241 3493 4291 ut
3522 4237 3810 4291 auditores

2208 4321 2454 4378 instruat
2480 4323 2552 4379 ad
2576 4325 2685 4379 hoc
2708 4325 2862 4380 idem
2888 4341 3086 4380 verum
3121 4342 3241 4381 esse
3261 4327 3593 4392 tendere,et
3610 4325 3684 4379 ad
3706 4325 3808 4378 hoc

509 4409 649 4465 dum
678 4409 1099 4467 institutionem
1131 4414 1311 4479 tuam,
1330 4411 1388 4467 id
1413 4414 1498 4467 est
1517 4428 1649 4467 cum
1682 4412 1895 4467 habeas
1919 4413 2107 4481 legem
2130 4396 2183 4456 D
2210 4414 2630 4483 assequendum
2658 4414 2946 4469 Christum
2976 4414 3180 4469 ducem
3203 4418 3260 4468 et
3287 4414 3615 4484 adjutorem
3638 4429 3809 4484 expc-

510 4499 805 4566 medendi,
836 4501 1071 4555 medere
1094 4499 1234 4555 mihi
1266 4517 1331 4556 ex
1360 4500 1775 4568 misericordia,
1802 4503 1973 4572 prout
2004 4516 2108 4572 op-

508 4591 828 4658 portunum
850 4590 978 4657 erit,
997 4589 1299 4644 inferendo
1312 4590 1493 4661 justas
1524 4589 1922 4645 tribulationes
1947 4592 2004 4643 et
2028 4588 2110 4643 in-

508 4675 832 4732 firmitates.
865 4678 912 4731 Α
971 4677 1348 4733 similitudine
1406 4676 1635 4745 medici,
1681 4679 1779 4750 qui
1833 4678 2104 4745 secando,

502 4764 748 4832 urendo,
780 4767 837 4820 et
867 4764 1007 4820 alias
1025 4765 1659 4821 anxietatesinferendo
1692 4765 1990 4821 infirmum
2015 4783 2104 4820 sa-

504 4855 625 4908 nat.
648 4852 783 4917 Oro,
813 4870 999 4909 amove
1024 4871 1057 4909 a
1085 4872 1169 4909 me
1196 4857 1338 4909 viam
1361 4856 1675 4927 iniquitatis.
1705 4854 1817 4910 Oro
1844 4854 2102 4926 insuper,

502 4942 616 4996 noli
636 4957 720 4998 me
738 4943 1082 5014 confundere,
1097 4942 1156 4997 in
1178 4946 1263 4997 est
1286 4943 1679 4998 subtrahendo
1706 4942 1954 5015 gratiam
1983 4942 2102 4999 noli

498 5030 618 5102 pati
650 5048 748 5086 me
779 5031 1073 5098 confundi,
1124 5030 1444 5087 deﬁciendo
1476 5048 1510 5086 a
1538 5031 1629 5085 via
1683 5031 1956 5087 veritatis.
1989 5031 2102 5085 Nec

499 5120 743 5191 dignum
767 5122 851 5174 est
870 5119 1006 5192 quia
1034 5121 1179 5174 aiam
1203 5121 1440 5176 veritatis
1468 5120 1619 5189 elegi,
1648 5118 1708 5173 id
1742 5122 1828 5175 est
1853 5119 2000 5191 elegi
2033 5137 2100 5174 ex

492 5206 761 5264 omnibus
772 5207 1078 5264 aliisrebus
1088 5208 1538 5281 completionem
1552 5207 1961 5262 mandatorum
1980 5211 2101 5262 tuo-

494 5313 648 5365 rum,
679 5313 808 5369 quaa
836 5296 927 5352 via
965 5297 1151 5351 estad
1191 5296 1517 5361 veritatem,
1545 5295 1603 5349 id
1659 5299 1745 5350 est
1782 5296 1855 5350 ad
1898 5312 2095 5351 veram

493 5385 933 5441 beatitudinem.
957 5387 1025 5440 Et
1055 5384 1132 5441 sic
1157 5386 1289 5456 elegi
1306 5389 1449 5440 viam
1475 5384 1855 5439 mandatorum
1885 5392 2096 5440 tuorum

494 5472 652 5544 quod
692 5490 800 5529 non
827 5489 946 5530 sum
993 5473 1187 5547 aliquo
1216 5476 1482 5547 tempore
1510 5473 1705 5528 oblitus
1725 5472 1937 5544 judicia
1978 5479 2090 5541 tua,

489 5559 552 5612 id
572 5563 656 5616 est
682 5563 962 5619 mandata
980 5566 1099 5630 tua,
1128 5576 1256 5636 quae
1280 5562 1628 5635 complenda
1646 5578 1766 5618 esse
1781 5579 1814 5617 a
1829 5561 2091 5619 ﬁdelibus

483 5643 729 5715 judicas.
761 5650 863 5704 Vel
888 5648 986 5717 sic,
1018 5653 1082 5706 ut
1111 5651 1262 5708 viam
1293 5648 1554 5709 veritatis
1602 5650 1787 5726 magis
1817 5653 1875 5707 et
1904 5651 2091 5723 magis

2212 4500 2352 4567 tere,
2379 4505 2435 4555 et
2479 4503 2600 4557 haec
2634 4503 2837 4558 eadem
2870 4519 2997 4573 quae
3030 4506 3156 4557 orat
3190 4504 3452 4572 exemplo
3482 4519 3585 4557 suo
3618 4518 3803 4556 orare.

2280 4589 2471 4660 Legem
2501 4608 2639 4662 pone
2668 4591 2824 4657 mihi,
2853 4593 3101 4658 Domine,
3124 4594 3232 4645 etc.
3274 4591 3353 4644 Ac
3378 4590 3423 4644 si
3454 4590 3609 4644 dicat
3636 4607 3648 4644 :
3686 4588 3806 4643 Dixi

2208 4678 2361 4752 quod
2392 4682 2536 4732 viam
2566 4680 2805 4733 veritatis
2823 4678 2976 4748 elegi,
2996 4684 3045 4732 et
3063 4680 3305 4742 cucurri;
3336 4681 3397 4732 ut
3426 4680 3624 4732 autem
3656 4677 3805 4730 hanc

2206 4767 2356 4822 viam
2390 4784 2617 4821 curram
2650 4766 3064 4834 indesinenter,
3096 4783 3129 4822 ο
3185 4766 3423 4822 Domine
3454 4768 3644 4831 Pater,
3670 4783 3805 4835 pone

2205 4856 2339 4909 mihi
2382 4858 2527 4909 uiam
2560 4855 3013 4927 justiﬁcationum
3060 4861 3293 4922 tuarum,
3346 4855 3533 4926 legem
3586 4852 3800 4917 viandi,

2202 4942 2417 4998 scilicet
2437 4943 2749 4998 Dominum
2777 4942 3086 5008 Christum,
3116 4942 3213 5015 qui
3240 4945 3327 4998 est
3354 4944 3445 4997 via
3457 4942 3805 5012 justi/iratio-

2201 5048 2331 5085 num
2353 5037 2590 5096 tuarum,
2616 5030 2673 5086 id
2696 5034 2780 5086 est
2800 5030 2896 5103 qui
2925 5034 3010 5086 est
3035 5031 3121 5085 via
3152 5047 3255 5102 per
3275 5047 3447 5104 quem
3470 5029 3702 5084 venitur
3730 5029 3800 5082 ad

2193 5119 2635 5190 justiﬁcationes
2664 5123 2810 5183 tuas,
2840 5119 3105 5174 videlicet
3134 5136 3238 5190 per
3266 5136 3443 5192 quam
3475 5118 3677 5173 fideles
3713 5134 3801 5170 ve-

2198 5206 2366 5262 niunt
2391 5208 2465 5262 ad
2491 5207 2857 5263 remissiones
2878 5210 3281 5279 peccatorum;
3306 5210 3512 5275 statue,
3534 5206 3796 5280 inquam,

2197 5296 2341 5351 mihi
2364 5298 2553 5368 legem
2581 5295 2792 5363 viandi,
2819 5296 2892 5350 da
2919 5312 3049 5350 eum
3081 5296 3224 5351 mihi
3244 5295 3706 5357 moderatorem,
3740 5296 3798 5347 ut

2195 5402 2299 5458 per
2324 5401 2457 5439 eum
2479 5384 2706 5450 ducem,
2730 5384 3057 5456 adjutorem
3082 5387 3140 5439 et
3157 5383 3586 5440 moderatorem
3606 5382 3680 5437 ad
3714 5398 3798 5436 ve-

2195 5490 2323 5529 rum
2356 5489 2479 5529 esse
2506 5472 2767 5539 tendam,
2791 5489 2825 5526 a
2850 5471 3227 5527 similitudine
3250 5471 3483 5527 viatoris
3503 5470 3795 5543 qui,bono

2198 5563 2341 5619 duce
2376 5562 2578 5628 fretus,
2611 5561 2681 5616 ad
2715 5564 2935 5616 metam
2978 5560 3256 5634 pertingit
3286 5560 3509 5616 itineris
3534 5558 3791 5643 inempti.

2196 5653 2407 5723 Legem
2439 5667 2543 5724 pro
2598 5651 3000 5706 moderatioue
3030 5650 3213 5722 ponit,
3256 5664 3324 5704 eo
3384 5648 3540 5720 quod
3598 5648 3690 5704 lex
3722 5649 3791 5703 ad
