3966 6034
202 340 363 411 1269

1186 357 1542 420 exrosmo
1579 363 1646 420 1N
1686 362 2021 425 PSALXOS.
2055 397 2125 412 -
2154 352 2331 428 PSAL
2368 370 2575 429 cxvm

3397 377 3533 442 l270

221 474 685 578 moderationem
740 476 1209 578 plebissubdiue
1241 482 1375 541 data
1401 485 1489 542 sit.
1529 487 1662 557 Oro,
1684 506 1824 560 pone
1851 494 1900 555 Α
1928 507 1961 548 a
1986 492 2269 550 memoria
2293 511 2424 550 mea
2452 495 2692 565 excidat,
2743 497 2800 551 et
2841 492 2919 552 sic
2956 500 3253 572 nunquam
3303 502 3374 560 ab
3412 504 3534 578 ejus

222 565 372 621 viam
401 568 537 621 mihi
562 566 763 638 legem;
793 571 850 624 et
876 568 1050 625 etiam
1080 576 1216 643 opto
1253 576 1310 627 et
1339 591 1441 629 oro
1470 583 1531 629 ut
1550 580 1823 649 exquiram

218 671 336 708 eam
381 672 602 726 semper,
632 656 689 711 id
720 659 805 711 est
836 675 902 712 ex
934 660 1202 714 omnibus
1232 662 1354 716 aliis
1380 664 1549 718 rebus
1596 683 1827 738 semper

219 758 349 796 eam
364 759 619 813 quzeram
636 745 918 817 praecipue
933 747 1145 803 imitari
1160 750 1318 805 omni
1332 751 1635 807 affectione
1663 754 1827 818 Quod

218 830 528 885 estdicere:
554 833 638 887 Da
665 833 804 887 mibi
830 834 1193 890 affectionem
1221 855 1351 893 eam
1377 857 1608 911 semper
1639 842 1829 914 exqui-

214 919 404 973 rendi.
440 920 511 973 Ut
565 923 758 976 autem
821 940 1049 995 semper
1096 943 1226 980 eam
1282 928 1493 999 legem,
1539 929 1826 985 Christum

213 1006 448 1074 scilicet,
480 1010 786 1080 exquiram,
814 1011 883 1065 da
914 1014 1053 1067 mihi
1080 1015 1415 1083 intellectum,
1452 1017 1508 1071 id
1536 1020 1619 1071 est
1636 1018 1747 1072 vim
1771 1020 1828 1071 et

212 1093 551 1151 facultatem
584 1097 942 1169 intelligendi
972 1119 984 1168 ;
1014 1108 1063 1154 et
1088 1102 1164 1156 sic
1191 1105 1475 1158 scrutabor
1495 1106 1655 1175 legem
1677 1111 1826 1161 tuam

216 1187 494 1251 veterem,
551 1186 706 1257 quod
754 1187 1017 1243 videlicet
1071 1190 1396 1261 signiﬁcent
1425 1194 1662 1264 mystica
1705 1195 1825 1266 ejus

216 1276 525 1344 prmcepta,
556 1290 670 1329 non
698 1278 983 1348 repellens
1013 1294 1165 1340 eam,
1183 1279 1325 1334 sicut
1345 1282 1822 1339 Maniclimi.«.\'on

217 1360 376 1415 enim
407 1361 560 1415 venit
590 1363 1037 1420 Dominuslesus
1053 1368 1270 1422 solvere
1292 1371 1621 1441 lcgem,sed
1638 1373 1821 1427 adim-

216 1450 376 1521 plere
407 1448 627 1521 (Matt/i.
666 1469 720 1518 v,
748 1455 888 1519 17).»
920 1453 997 1507 Et
1025 1455 1181 1509 illam
1238 1457 1543 1530 diligenter
1566 1465 1824 1516 scrutans

215 1539 507 1593 custodiam
535 1556 652 1594 non
711 1542 955 1596 exterius
981 1559 1082 1614 per
1111 1546 1368 1600 carnales
1412 1546 1820 1616 observantiae,

216 1628 316 1682 sed
350 1630 587 1697 mystice
611 1632 669 1685 et
702 1632 1001 1687 moraliter
1024 1633 1281 1701 interius,
1306 1637 1361 1689 in
1393 1643 1496 1689 toto
1513 1638 1667 1691 corde
1688 1656 1819 1705 meo,

214 1715 272 1770 id
304 1720 389 1771 est
410 1717 466 1772 in
493 1719 613 1772 tota
642 1718 944 1776 affectione
977 1722 1164 1777 cordis
1197 1723 1335 1778 mei.
1367 1724 1491 1779 Non
1510 1727 1694 1781 solum
1722 1745 1823 1781 au-

1928 582 2310 653 completione
2342 585 2633 641 desistam.
2666 586 2879 650 Statue,
2920 586 3179 660 inquam,
3210 591 3355 647 mihi
3383 611 3530 651 servo

1929 675 2017 724 tuo
2046 671 2311 743 eloquium
2340 680 2519 741 tuum;
2580 677 2637 728 et
2664 675 2793 743 hoc,
2823 677 2879 728 in
2911 677 3105 731 timore
3135 684 3222 733 tuo
3252 684 3406 737 casto
3434 699 3531 740 me

1924 758 2243 814 fundendo.
2275 761 2437 824 Quod
2460 762 2749 816 estdicere
2775 764 2911 817 :Fac
2934 781 3025 818 mc
3052 764 3109 819 in
3136 767 3350 822 timore
3374 773 3527 827 casto

1926 846 2231 901 fundatum
2266 866 2407 915 esse,
2441 852 2498 902 ct
2526 850 2602 904 sic
2634 852 2925 923 eloquium
2958 854 3195 909 tuumin
3210 872 3302 909 me
3330 858 3531 913 stabile

1926 935 2032 987 erit
2055 938 2111 988 et
2140 936 2557 991 ﬁrmum.Nam
2584 960 2611 987 ‹‹
2636 938 2862 993 initium
2888 940 3182 1010 sapientiae
3211 942 3389 998 timor
3420 947 3529 1001 Do-

1926 1022 2069 1077 mini
2099 1024 2113 1077 l
2145 1024 2295 1080 Psat.
2312 1042 2396 1090 cx,
2430 1029 2573 1097 10).»
2597 1028 2668 1081 Ut
2699 1030 2893 1081 autem
2927 1028 2985 1082 in
3018 1046 3111 1084 me
3129 1048 3233 1102 per
3254 1031 3530 1089 timorem

1925 1112 2207 1165 statuatur
2218 1113 2512 1184 eloquium
2538 1118 2718 1181 tuum,
2739 1122 2957 1187 amputa
2970 1118 3527 1191 perindulgentiam,

1925 1214 1959 1252 a
1981 1216 2094 1264 me,
2117 1205 2462 1273 opproprium
2494 1222 2689 1266 meum,
2719 1205 2776 1259 id
2807 1208 2909 1274 est,
2943 1207 3106 1261 aufer
3157 1225 3191 1262 a
3219 1225 3314 1262 me
3355 1225 3531 1264 omne

1923 1291 2249 1357 peccatum,
2287 1291 2441 1360 quod
2489 1308 2658 1346 causa
2711 1296 2795 1347 est
2825 1295 3140 1365 opprobrii.
3177 1296 3530 1367 Oppi-obrium

1925 1375 2050 1430 dico
2096 1377 2235 1448 quod
2278 1381 2571 1450 suspicatus
2617 1396 2774 1447 sum;
2807 1398 2873 1435 ac
2902 1381 2948 1436 si
2992 1382 3183 1437 dicat:
3217 1384 3341 1438 Non
3399 1402 3528 1440 sum

1925 1468 2112 1518 certus
2142 1482 2213 1519 an
2249 1466 2302 1520 in
2338 1483 2431 1521 me
2453 1467 2523 1521 sit
2546 1469 2943 1539 opprobrium,
2966 1470 3065 1524 sed
3087 1471 3364 1542 quoniam
3388 1471 3529 1530 illud

1924 1550 1981 1605 iu
2016 1568 2109 1606 me
2161 1569 2279 1608 esse
2309 1555 2625 1625 suspicatus
2652 1573 2801 1618 sum,
2852 1574 2975 1625 oro,
3009 1565 3247 1629 amputa.
3280 1560 3393 1613 Per
3421 1560 3530 1615 hoc

1924 1643 2117 1693 autem
2170 1642 2295 1696 illos
2350 1642 2446 1714 qui
2477 1643 2581 1698 sibi
2612 1644 2822 1699 conscii
2847 1647 3064 1716 peccati
3095 1649 3247 1713 sunt,
3279 1649 3528 1705 multum

1924 1742 2090 1781 orare
2143 1728 2366 1792 invitat,
2398 1747 2527 1784 cum
2586 1731 2705 1803 ipse
2745 1732 2843 1803 qui
2885 1733 2991 1788 sibi
3021 1735 3278 1789 conscius
3307 1738 3527 1808 peccati

212 1808 333 1893 tem
373 1821 474 1893 oro
507 1809 568 1860 ut
597 1806 698 1861 des
744 1808 900 1893 _mil_1_i
943 1808 1298 1865 intellectum
1346 1812 1417 1866 ad
1448 1815 1821 1872 scrutandum
1848 1810 1897 1867 B
1922 1832 2037 1869 non
2066 1818 2173 1883 est,
2207 1818 2284 1872 sic
2311 1821 2509 1873 tamen
2538 1823 2683 1878 orat.
2719 1822 2881 1877 Unde
2936 1824 3239 1893 Apostolus
3272 1806 3347 1878 εἶ(
3377 1825 3526 1880 Nihil

211 1884 402 1954 legem
437 1887 629 1953 tuam;
665 1887 763 1941 sed
814 1886 988 1942 etiam
1044 1906 1167 1955 oro,
1202 1907 1305 1962 per
1335 1892 1582 1962 gratiam
1637 1896 1818 1961 tuam,

211 1972 381 2027 deduc
410 1990 509 2040 me,
562 1973 616 2028 id
649 1976 734 2028 est
786 1975 970 2047 dirige
1022 1980 1079 2032 et
1102 1994 1467 2048 perseverare
1500 1998 1595 2035 me
1649 1983 1737 2036 fac
1766 1984 1831 2041 in_

211 2063 398 2114 semita
424 2061 800 2119 mandatorum
829 2070 1061 2129 tuorum,
1083 2065 1141 2119 id
1171 2066 1325 2121 estin
1341 2068 1630 2123 mandatis
1657 2086 1818 2124 novas

214 2148 510 2221 legis,quaa
528 2149 797 2205 dicuntur
811 2154 1268 2208 antonomastice
1282 2156 1558 2211 mandata
1586 2162 1821 2230 propter

214 2237 299 2291 sui
330 2237 693 2309 dignitatem,
720 2239 917 2312 etquae
948 2241 1216 2296 dicuntur
1233 2243 1439 2298 semita
1471 2249 1705 2316 propter
1735 2248 1819 2301 sui

214 2326 582 2394 arduitatem,
608 2344 675 2383 eo
689 2329 841 2400 quod
859 2330 1051 2402 paucis
1072 2332 1405 2386 communia
1422 2333 1553 2400 sint,
1589 2335 1661 2389 ad
1693 2352 1815 2390 mo-

212 2414 352 2470 dum
383 2416 602 2471 semitm
628 2434 731 2488 per
754 2435 929 2489 quam
959 2420 1122 2490 pauci
1152 2421 1513 2491 gradiuntur.
1550 2423 1714 2487 Quod
1734 2428 1820 2478 est

212 2502 434 2557 dicere:
478 2505 582 2558 Fac
618 2521 706 2558 me
738 2506 1019 2561 directum
1052 2511 1109 2562 et
1137 2513 1602 2581 perseverantem
1636 2511 1692 2566 in
1725 2513 1833 2567 ar?

212 2589 340 2645 duis
367 2593 667 2664 prmceptis
698 2610 857 2649 novre
892 2596 1049 2667 legis.
1095 2597 1230 2661 Quae
1268 2602 1399 2653 sunt
1428 2600 1548 2654 haec
1577 2616 1589 2655 :
1623 2600 1817 2656 Inimi-

212 2695 345 2734 cum
390 2680 646 2753 diligere,
701 2686 759 2736 et
789 2683 987 2738 omnia
1040 2700 1144 2756 pro
1196 2688 1312 2741 Deo
1358 2690 1725 2760 postponere,
1759 2693 1817 2744 et

212 2771 420 2823 castera
439 2769 790 2841 bujusmodi.
809 2772 942 2827 Ideo
968 2789 1102 2827 vero
1126 2773 1370 2845 dignum
1398 2778 1483 2829 est
1515 2779 1577 2829 ut
1602 2794 1683 2830 me
1716 2778 1814 2832 de-

211 2855 387 2911 ducas
416 2860 470 2911 in
512 2860 700 2913 semita
747 2860 1121 2915 mandatorum
1180 2868 1410 2928 tuorum,
1470 2866 1596 2935 quia
1642 2866 1817 2935 ipsam

210 2945 394 3013 volui;
447 2949 505 3001 et
542 2948 698 3017 quod
726 2948 863 3003 boni
905 2949 1110 3020 aliquis
1139 2950 1287 3004 bene
1330 2951 1467 3018 vult,
1493 2952 1703 3023 dignus
1735 2956 1819 3008 est

208 3034 465 3106 adipisci.
496 3035 685 3093 Deduc
714 3056 815 3104 me,
850 3038 1109 3111 inquam,
1143 3042 1197 3092 in
1216 3042 1420 3094 semita.
1454 3040 1594 3095 Cum
1622 3045 1815 3097 autem

208 3122 287 3177 sic
318 3123 596 3180 deductus
618 3142 738 3192 ero,
768 3143 885 3180 non
918 3127 1050 3181 inde
1074 3144 1165 3182 me
1185 3128 1477 3200 superbire
1495 3130 1814 3200 permittas,

215 3210 314 3265 sed
346 3212 567 3279 inclina,
601 3212 659 3266 id
692 3216 776 3268 est
804 3214 1045 3269 humilia
1088 3215 1190 3271 tibi
1232 3234 1322 3270 cor
1346 3235 1543 3284 meum,
1576 3221 1634 3272 et
1662 3220 1816 3274 nullo

212 3298 389 3353 modo
424 3298 727 3355 insolescat
755 3318 768 3368 ;
802 3318 895 3356 cor
919 3319 1093 3357 meum
1125 3304 1271 3371 dico,
1306 3304 1611 3360 intendens
1633 3308 1687 3359 in
1718 3313 1815 3360 tes-

212 3388 445 3443 timonia
475 3396 591 3455 tua,
644 3389 699 3445 id
726 3395 810 3445 est
842 3391 899 3446 in
932 3392 1215 3464 promissa
1246 3396 1361 3461 tua,
1395 3402 1444 3448 et
1473 3411 1579 3450 non
1609 3398 1663 3448 in
1694 3413 1818 3449 ava-

207 3476 416 3542 ritiam,
432 3478 643 3532 scilicet
663 3479 1024 3535 humiliatum
1052 3482 1141 3535 fac
1165 3498 1263 3536 cor
1276 3499 1469 3537 meum
1485 3486 1542 3537 et
1564 3499 1819 3553 perseve-

205 3581 340 3619 rans
370 3565 429 3620 iu
456 3567 745 3622 mandatis
794 3569 924 3635 tuis,
986 3588 1103 3625 non
1154 3574 1415 3641 respectu
1449 3572 1721 3633 avaritia»,
1756 3576 1817 3627 ut

206 3653 425 3724 aliquid
448 3656 746 3710 terrenum
780 3656 912 3712 inde
936 3659 1145 3712 lucrari
1175 3658 1496 3725 intendam,
1521 3660 1663 3715 sicut
1688 3661 1817 3732 qui-

206 3739 342 3795 dam
368 3741 703 3813 bypocritze,
746 3746 844 3800 sed
871 3762 1039 3799 causa
1067 3745 1435 3800 nanciscendi
1461 3747 1810 3814 testimonia,

205 3831 325 3895 tua,
359 3827 417 3883 id
446 3833 532 3885 est
556 3832 838 3902 promissa
867 3836 984 3899 tua,
1013 3836 1071 3888 et
1097 3832 1186 3887 hic
1208 3836 1266 3888 et
1295 3834 1354 3887 in
1380 3836 1571 3889 futuro
1604 3852 1729 3907 qua:
1756 3836 1812 3890 in

207 3916 515 3988 Evangelio
548 3921 793 3986 testaris,
844 3921 1039 3976 dicens
1068 3938 1081 3975 :
1111 3943 1139 3972 «
1166 3922 1253 3976 Ad
1279 3938 1411 3977 eum
1441 3922 1734 3978 veniemus
1758 3928 1817 3979 et

207 4005 573 4062 mansionem
605 4008 756 4079 apud
789 4025 923 4063 eum
954 4009 1231 4065 faciemus
1276 4010 1465 4077 (Joan.
1495 4028 1603 4075 xxv,
1624 4013 1708 4082 23)
1735 4052 1747 4065 .
1786 4033 1812 4059 η

208 4094 349 4149 Ecce
390 4095 695 4164 promissio
736 4098 807 4152 de
841 4099 1147 4169 praesenti;
1197 4099 1267 4154 de
1297 4100 1622 4156 futurorum
1681 4117 1814 4155 vero

209 4181 590 4252 promissione
621 4185 700 4239 sic
732 4184 904 4240 dicit:
962 4210 989 4236 ‹‹
1017 4187 1120 4252 Qui
1154 4189 1599 4259 perseveraverit
1636 4207 1813 4261 usque

210 4268 271 4323 in
303 4268 502 4334 ﬁnem,
533 4271 624 4324 hic
656 4273 838 4326 salvus
868 4273 976 4329 erit
1005 4273 1290 4343 (Matth.x,
1326 4281 1433 4341 22;
1465 4295 1610 4345 xxrv,
1649 4278 1756 4349 l3).
1786 4301 1811 4327 ››

1921 1903 2062 1957 mihi
2097 1906 2353 1960 conscius
2376 1924 2523 1973 sum,
2553 1909 2652 1962 sed
2684 1926 2805 1965 non
2832 1909 2890 1963 in
2914 1911 3373 1980 hocjustiﬁcatus
3399 1930 3523 1968 sum

1920 1990 2110 2066 (tCor,
2142 2011 2213 2057 ιν,
2242 1994 2318 2062 4).
2358 2016 2384 2043 ››
2414 1995 2546 2050 Dico
2573 2004 2812 2066 amputa,
2864 2001 2968 2052 etc.
3010 1999 3137 2053 Haec
3169 2002 3359 2054 autem
3394 2000 3523 2055 ideo

1921 2077 2045 2129 oro,
2076 2063 2209 2117 licet
2240 2066 2456 2136 peccati
2493 2063 2753 2122 conscius
2797 2085 2912 2123 non
2949 2086 3095 2134 sum,
3124 2073 3219 2142 qui
3240 2070 3354 2125 scio
3387 2071 3526 2143 quod

1911 2150 2120 2220 judicia
2151 2158 2241 2205 tua
2262 2154 2508 2223 jucunda
2539 2158 2691 2217 sunt,
2742 2155 2799 2210 id
2825 2160 2908 2211 est
2934 2157 3120 2212 dulcia
3133 2161 3190 2213 et
3215 2157 3523 2213 delectabi-

1919 2238 2016 2305 lia,
2045 2241 2200 2311 quod
2215 2241 2715 2314 videliectjudicas
2742 2245 3031 2318 indulgeri
3073 2246 3479 2301 conﬁtentibus
3507 2263 3522 2313 ;

1919 2344 2037 2383 non
2063 2344 2266 2399 aspera
2284 2335 2417 2385 sunt
2436 2336 2499 2385 ut
2507 2332 2726 2403 judicia
2745 2334 3070 2402 hominum,
3095 2334 3190 2406 qui
3211 2335 3281 2389 de
3297 2336 3524 2389 reatum

1918 2432 2084 2471 suum
2103 2419 2509 2475 conﬁtentibus
2537 2421 2877 2493 supplicium
2894 2423 3260 2477 sumemdum
3285 2439 3407 2479 esse
3431 2422 3526 2478 de-

1918 2508 2184 2563 cernunt.
2229 2506 2395 2562 Oravi
2428 2511 2494 2563 ut
2523 2512 2785 2581 amputes
2807 2510 3202 2581 opprobrium.
3232 2510 3344 2566 Oro
3375 2511 3527 2565 insu-

1917 2610 2041 2666 per,
2057 2595 2273 2663 civi/ica
2290 2591 2391 2662 me,
2418 2596 2476 2651 id
2492 2600 2600 2665 est,
2628 2597 2716 2652 fac
2739 2614 2834 2653 me
2859 2597 2920 2651 in
2948 2597 3145 2652 anima
3178 2597 3525 2653 viviﬁcatum

1915 2696 2022 2752 per
2050 2683 2497 2754 completionem
2515 2685 2959 2753 mandatorum;
2988 2689 3045 2740 et
3068 2685 3175 2740 hoc
3188 2686 3276 2740 fac
3289 2687 3346 2739 in
3369 2688 3527 2757 aqui-

1920 2776 2025 2823 tate
2051 2777 2167 2837 tua,
2201 2770 2259 2825 id
2286 2774 2371 2825 est
2394 2773 2710 2827 secundum
2750 2773 2906 2844 quod
2946 2772 3295 2844 tequitastua
3327 2772 3520 2845 exigit.

1916 2858 2056 2912 Ecce
2085 2859 2240 2913 enim
2297 2861 2595 2930 concupiui,
2627 2860 2687 2915 id
2716 2863 2803 2914 est
2832 2861 2994 2914 valde
3025 2860 3229 2932 cupivi,
3261 2860 3521 2915 mandata

1920 2954 2012 3001 tua
2037 2947 2350 3018 complere,
2383 2950 2440 3001 et
2490 2947 2597 3002 hoc
2626 2946 2726 3001 tibi
2788 2951 2873 3002 est
2900 2963 3032 3014 ecce,
3079 2947 3138 3002 id
3158 2951 3244 3002 est
3273 2964 3527 3020 presens

1919 3038 1977 3089 et
2002 3034 2397 3100 manifestum,
2421 3035 2690 3105 Ideoque,
2716 3035 2850 3106 quia
2862 3037 3154 3107 concupiui,
3179 3036 3529 3108 asquitastua

1919 3122 2095 3193 exigit
2136 3125 2197 3177 ut
2221 3139 2315 3177 me
2348 3125 2586 3195 propter
2614 3124 2723 3178 hoc
2752 3123 3014 3191 viviﬁccs,
3070 3140 3199 3179 cum
3226 3124 3301 3179 sis
3332 3141 3527 3199 mquus

1914 3212 2112 3283 judex.

1989 3300 2124 3366 VAL',
2157 3298 2673 3373 interpretatur-vel
2704 3301 2790 3356 ille
2810 3303 2899 3357 vel
2922 3303 3009 3358 itte
3029 3308 3121 3356 est.
3156 3301 3522 3357 Convenien-
3570 3360 3575 3369 ,

1921 3391 2006 3443 ter
2035 3406 2174 3459 ergo
2215 3389 2332 3443 Vau
2365 3406 2628 3446 versuum
2658 3394 2828 3447 sextae
2879 3392 3142 3447 clausula:
3177 3389 3526 3463 principium

1918 3478 2022 3541 est,
2056 3480 2119 3530 ut
2148 3494 2214 3530 ex
2240 3478 2347 3531 hoc
2378 3482 2653 3549 appareat
2712 3483 2994 3550 quatenus
3023 3479 3113 3534 hic
3145 3479 3215 3534 de
3249 3479 3396 3533 illius
3425 3477 3524 3533 ad-

1916 3568 2088 3619 ventu
2124 3565 2195 3618 sit
2230 3565 2412 3620 oratio
2445 3573 2488 3620 a'
2507 3567 2788 3633 ﬁdelibus,
2817 3567 2913 3638 qui
2940 3584 3069 3621 vere
3095 3569 3180 3621 est
3210 3564 3527 3621 misericor-

1917 3652 2011 3707 dia
2043 3652 2244 3717 Patris,
2278 3655 2335 3708 et
2355 3653 2497 3720 Filii,
2530 3657 2587 3708 et
2624 3655 2858 3709 salvatio
2897 3654 3154 3709 ﬁdelium
3202 3654 3273 3708 de
3312 3653 3525 3725 Spiritu

1916 3745 2113 3796 sancto
2145 3741 2379 3795 scilicet.
2414 3741 2629 3797 Dicitur
2654 3741 2811 3796 enim
2839 3742 3080 3813 Spiritus
3105 3744 3333 3795 sanctus
3355 3741 3522 3795 mise-

1912 3829 2161 3884 ricordia
2193 3830 2376 3884 Patris
2404 3833 2462 3883 et
2491 3830 2635 3898 Filii,
2687 3847 2755 3885 eo
2783 3831 2938 3902 quod
2968 3829 3091 3901 ejus
3143 3829 3525 3883 illustratione

1915 3919 2084 3973 Pater
2097 3922 2154 3972 et
2184 3918 2356 3972 Filius
2371 3918 2835 3973 misericorditer
2852 3919 3096 3973 salutem
3114 3916 3372 3972 ﬁdelium
3395 3933 3527 3987 ope-

1913 4008 2134 4061 rantur.
2168 4008 2247 4061 De
2270 4006 2378 4060 hoc
2401 4005 2612 4078 Spiritu
2640 4008 2835 4061 sancto
2862 4006 2953 4061 hic
2984 4004 3243 4061 collectio
3266 4004 3524 4060 ﬁdelium

1915 4100 2060 4163 orat,
2091 4098 2151 4150 ut
2176 4095 2234 4149 in
2267 4098 2528 4149 mentem
2550 4112 2713 4149 suam
2745 4095 3068 4166 specialiter
3108 4093 3320 4160 veniat,
3343 4098 3401 4149 et
3418 4094 3525 4149 sibi

1914 4185 2244 4241 facundiam
2273 4184 2524 4239 scientize
2554 4187 2610 4239 et
2631 4183 2843 4256 eloquii
2861 4184 3092 4249 tribuat,
3116 4185 3177 4237 ut
3199 4181 3525 4237 inﬁdelibus

1914 4275 2019 4331 sibi
2052 4271 2535 4346 exprobrantibus
2552 4272 2977 4328 rationabiliter
2992 4270 3358 4341 respondeat.
3389 4269 3527 4324 Orat

284 4356 417 4422 Oro,
449 4358 673 4413 inclina:
706 4376 807 4413 oro
829 4378 1082 4433 quoque,
1105 4370 1281 4417 averte
1307 4364 1485 4418 oculos
1503 4381 1642 4419 meos
1666 4365 1813 4419 inte-
1838 4367 1891 4425 D
1915 4379 2142 4435 quoque
2173 4379 2246 4416 ne
2278 4361 2348 4416 ab
2380 4361 2608 4433 eloquio
2641 4360 2763 4426 Dei,
2788 4363 2847 4413 et
2884 4376 2917 4413 a
2960 4358 3101 4428 legis
3129 4356 3386 4412 custodia
3417 4373 3522 4411 un-

211 4444 412 4511 riores,
429 4462 494 4499 ne
510 4446 721 4500 videant
744 4451 1051 4515 vanitatem,
1078 4449 1243 4504 idest
1265 4454 1455 4504 averte
1486 4451 1817 4506 affectiones

210 4532 397 4589 cordis
428 4534 563 4603 mei,
583 4551 654 4589 ne
685 4535 941 4607 cogitent
966 4537 1301 4603 vanitatem,
1347 4537 1559 4591 scilicet
1580 4555 1651 4591 ne
1668 4539 1817 4592 bene

210 4637 418 4693 operer
445 4639 613 4677 causa
627 4640 785 4677 vanae
805 4624 1003 4693 gloria:
1030 4628 1088 4679 et
1110 4624 1315 4697 favoris
1330 4624 1587 4678 humani.
1614 4625 1816 4679 Videre

210 4725 314 4779 pro
346 4709 600 4781 cogitare
654 4711 819 4782 ponit
876 4728 944 4766 co
977 4712 1129 4783 quod
1160 4728 1259 4766 cor
1310 4714 1465 4766 nullo
1498 4712 1608 4767 alio
1642 4713 1815 4767 modo

210 4797 547 4867 videtquam
569 4799 896 4869 cogitando.
921 4800 1032 4855 Oro
1056 4800 1308 4871 insuper,
1333 4801 1541 4868 viviﬁca
1566 4804 1716 4854 mem
1730 4803 1815 4855 via

213 4892 323 4949 tua,
343 4883 401 4937 id
425 4888 509 4938 est
530 4885 617 4939 fac
634 4903 727 4941 me
747 4887 1065 4959 intelligere
1085 4888 1525 4943 viviﬁcationem
1540 4905 1816 4961 magnam

211 4986 332 5025 esse
359 4970 679 5062 hoc
705 4975 859 5046 quod
890 4974 1095 5046 aliquis
1113 4976 1274 5030 estin
1291 4976 1379 5031 via
1401 4977 1815 5032 mandatorum

212 5072 466 5121 tuorum.
502 5063 667 5126 Quod
696 5067 779 5117 est
810 5063 1034 5117 dicere:
1065 5064 1333 5135 Utmagis
1364 5064 1420 5118 in
1443 5065 1534 5119 via
1561 5069 1660 5119 tua
1685 5082 1814 5136 per-

209 5155 429 5221 sistam,
464 5154 550 5207 fac
576 5168 670 5206 me
698 5150 873 5206 oculis
905 5152 1116 5205 mentis
1145 5168 1374 5222 semper
1404 5152 1619 5220 videre,
1654 5153 1815 5209 illum

211 5244 430 5298 vultum
481 5238 877 5293 viviﬁcationis
912 5239 1036 5309 jam
1094 5239 1306 5293 habere
1339 5239 1435 5311 qui
1468 5239 1528 5294 in
1584 5241 1690 5294 hac
1732 5241 1819 5295 via

211 5329 481 5405 persistit.
516 5328 639 5382 Non
671 5328 857 5381 solum
898 5330 1092 5381 autem
1125 5343 1227 5383 oro
1255 5326 1457 5381 deduci
1498 5331 1556 5380 in
1580 5332 1818 5383 semitam

212 5419 591 5477 mandatorum
603 5424 837 5481 tuorum,
854 5415 951 5470 sed
977 5432 1079 5471 oro
1099 5432 1347 5487 quoque,
1362 5424 1536 5471 statue
1555 5417 1821 5487 eloquium

217 5518 368 5564 tuum
391 5523 539 5562 servo
560 5512 671 5568 tuo,
696 5504 755 5559 id
789 5508 874 5558 est
910 5504 1074 5573 mihi,
1110 5504 1243 5577 quia
1271 5521 1460 5561 servus
1510 5510 1639 5561 tuus
1668 5522 1818 5574 sum,

216 5599 494 5654 statutum
509 5599 566 5651 et
577 5593 809 5649 ﬁrmum
823 5593 911 5647 fac
927 5595 1280 5666 praeceptum
1296 5597 1561 5659 tuum,ne
1577 5611 1836 5667 unquam

1917 4466 2091 4519 quam
2122 4449 2366 4504 deﬁciat.
2391 4448 2671 4519 Adjungit
2699 4448 2931 4517 insuper
2951 4461 3146 4499 causas
3162 4460 3263 4498 cur
3292 4445 3399 4499 hoc
3431 4444 3525 4498 de-

1915 4536 2047 4589 beat
2073 4537 2335 4591 obtinere
2367 4537 2521 4608 quod
2554 4538 2699 4590 orat.
2734 4536 2842 4589 Per
2870 4534 2978 4587 hoc
3008 4536 3202 4587 autem
3235 4531 3524 4588 auditores

1917 4622 2145 4676 instruit
2172 4640 2274 4693 per
2287 4625 2408 4678 haec
2434 4624 2639 4678 eadem
2663 4638 2850 4677 orare.
2872 4620 3016 4685 Quia
3030 4637 3161 4676 vero
3181 4620 3251 4675 de
3274 4636 3524 4690 persona

1918 4710 2160 4781 Spiritus
2190 4712 2369 4766 sancti
2392 4711 2463 4765 sit
2487 4711 2577 4765 hic
2610 4710 2818 4778 oratio,
2868 4726 2973 4783 per
3003 4709 3120 4763 vim
3176 4709 3521 4777 interpreta-

1917 4798 2091 4853 tionis
2116 4800 2284 4870 hujus
2312 4800 2518 4854 litterae
2542 4799 2869 4857 denotatur.
2906 4801 3049 4854 Cum
3103 4798 3261 4852 enim
3291 4797 3522 4850 Patrem

1918 4888 1988 4942 de
2021 4887 2159 4943 Filio
2214 4888 2470 4959 superius
2500 4887 2766 4954 oraverit,
2814 4891 2875 4942 ut
2900 4889 3047 4941 esset
3102 4885 3154 4939 ei
3202 4885 3312 4951 lex,
3346 4887 3405 4938 et
3432 4883 3523 4938 hic

1925 4977 2045 5030 Vau
2096 4975 2468 5043 inscribatur;
2510 4992 2636 5047 quae.
2683 4978 2740 5029 et
2764 4975 2850 5029 ille
2901 4974 3333 5045 interpretatur,
3367 4970 3523 5035 idem

1917 5066 2065 5119 valet
2091 5082 2155 5119 ac
2172 5064 2229 5141 _si
2261 5067 2456 5136 aperte
2489 5064 2776 5118 diceretur
2801 5079 2813 5117 :
2843 5061 3028 5128 Oravi,
3052 5060 3297 5115 Domine
3333 5060 3520 5127 Pater,

1918 5156 1981 5207 ut
2012 5152 2235 5219 Filium,
2260 5152 2356 5224 qui
2384 5152 2475 5205 via
2504 5149 3109 5221 estjustiﬁcalionum,
3141 5147 3284 5202 mihi
3330 5148 3521 5219 legem

1920 5258 2119 5313 ponas.
2155 5241 2267 5296 Oro
2299 5244 2359 5294 ut
2385 5240 2468 5293 ille
2492 5238 2693 5293 tertius
2725 5238 2782 5292 in
2810 5255 3079 5310 persona,
3114 5236 3199 5290 ille
3219 5236 3519 5307 gloriosus,

1920 5329 2006 5383 itte
2031 5327 2384 5400 magniﬁcus,
2414 5326 2655 5399 Spiritus
2680 5328 2910 5381 sanctus
2933 5326 3165 5391 sellicet,
3189 5323 3263 5377 ad
3288 5341 3383 5379 me
3404 5341 3527 5396 spe-

1921 5417 2140 5472 cialiter
2164 5416 2446 5471 mittatur.
2464 5415 2809 5487 Plerumque
2826 5429 3041 5486 nempe
3061 5420 3193 5467 c'um
3216 5411 3305 5465 ille
3327 5412 3405 5466 sic
3427 5416 3529 5470 ab-

1923 5507 2105 5562 solute
2138 5503 2389 5577 ponitur,
2418 5501 2631 5574 aliquid
2665 5517 2953 5575 magnum
2989 5504 3045 5557 et
3074 5498 3324 5554 notabile
3355 5500 3534 5558 deno-

1929 5597 2100 5649 tatur.
2136 5590 2195 5647 Si
2233 5608 2367 5649 vero
2398 5592 2567 5647 aliam
2607 5591 2778 5664 hujus
2810 5588 2970 5643 vocis
3000 5587 3546 5658 interpretationem
