4016 6030
484 320 615 388 1271
1087 323 1147 386 S.
1189 324 1534 386 BRUNONIS
1573 318 2207 386 CARTHUSIANORUM
2244 317 2712 381 INSTITUTORIS
2751 318 2906 380 OPP.
2947 315 3125 379 PARS
3674 315 3817 375 ηιξ

477 444 877 522 inspiciamus,
911 442 1471 520 intentionemhujus
1495 448 1759 503 clausulae
1784 461 2088 521 cognosce-
2107 456 2163 518 Α
2252 440 2340 496 Ne
2369 442 2606 513 auferas,
2661 441 2924 516 inquam,
2976 457 3370 516 usquequaque,
3432 438 3491 497 id
3546 441 3639 497 est
3695 437 3819 494 ullo

480 552 631 594 mus.
647 535 789 593 Cum
808 534 988 603 enim,
1003 538 1066 591 ut
1082 535 1299 592 dictum
1323 540 1427 603 est,
1451 536 1570 591 Vau
1597 537 1681 590 ille
1699 543 1773 590 est
1800 536 2091 608 interpre-
2190 532 2387 599 modo,
2406 532 2520 587 ulla
2539 532 2822 588 anxietate
2840 532 3301 601 tribulationum,
3318 530 3430 587 ulla
3456 530 3817 602 deceptione

483 628 658 694 tetur,
689 626 809 680 vult
846 626 955 680 hoc
984 623 1146 680 innui
1164 625 1320 697 quod
1347 624 1440 681 ille
1470 642 1599 679 vere
1619 631 1692 679 est
1712 627 1769 679 et
1798 625 1871 680 ad
1891 641 2090 680 verum
2122 638 2133 645 ‘
2190 619 2517 676 verborum.
2539 620 2703 686 Quod
2718 624 2802 677 est
2830 620 3051 677 dicere:
3085 620 3209 676 Non
3230 621 3418 676 solum
3444 636 3549 676 oro
3582 620 3815 675 habere

487 730 608 770 esse
622 714 748 786 jam
768 712 985 768 accedit
1005 713 1065 768 in
1093 729 1267 785 quem
1313 712 1559 784 Spiritus
1605 716 1848 780 sanctus,
1878 714 1949 768 de
1978 729 2091 785 quo

484 800 580 858 hic
607 817 731 871 ora,
769 799 1090 872 specialiter
1114 801 1363 856 advenit.
1398 801 1559 855 Unde
1591 801 1865 856 nimirum
1894 804 2095 873 patens

489 891 577 944 est
607 887 763 962 quod
798 905 867 943 ea
917 887 1239 944 intentione
1271 888 1364 947 hic
1412 889 1482 943 de
1521 889 1769 944 adventu
1796 889 1917 960 ejus
1946 893 2092 957 orat,

489 979 556 1032 ut
584 975 875 1032 auditores
900 976 1022 1046 ejus
1042 976 1112 1031 de
1133 976 1379 1031 adventu
1405 992 1570 1031 orare
1602 976 1863 1042 instruat,
1891 981 1952 1032 ut
1976 994 2095 1032 esse

491 1063 731 1136 possint.
756 1065 851 1121 Est
867 1068 1059 1120 autem
1078 1064 1453 1137 mquipollens
1478 1082 1541 1119 ac
1570 1065 1613 1119 si
1629 1065 1708 1119 sic
1728 1066 1895 1136 plane
1923 1064 2094 1121 dicat:

496 1152 977 1226 Quandoquidem
1009 1154 1101 1208 ille
1129 1160 1202 1208 est
1231 1171 1450 1221 revera,
1474 1154 1529 1209 in
1562 1170 1674 1227 quo
1708 1155 1948 1227 Spiritus
1967 1172 2095 1209 san-

496 1244 618 1297 ctus
647 1243 753 1310 est,
804 1242 875 1299 de
914 1241 1037 1314 ejus
1068 1243 1315 1299 adventu
1372 1260 1473 1299 vos
1527 1260 1693 1299 orare
1736 1243 2099 1301 utilissimum

497 1332 602 1387 est.

571 1419 639 1474 Et
649 1419 843 1476 veniat
859 1436 1149 1491 superme,
1164 1422 1272 1476 etc.
1298 1421 1449 1476 Istud
1468 1427 1517 1475 et
1529 1424 1747 1493 spectat
1767 1421 1838 1476 ad
1853 1420 1959 1476 alia
1975 1437 2103 1493 qua:

499 1507 687 1581 posita
703 1510 834 1563 sunt
851 1508 910 1563 in
929 1509 1300 1580 sequentiubi
1315 1509 1468 1564 dicit:
1485 1515 1532 1565 et
1557 1510 1894 1581 respondebo,
1909 1511 2106 1575 etc.,et

729 1598 964 1667 auferas,
1007 1576 1155 1663 est.;
1203 1605 1251 1652 et
1282 1599 1593 1664 custodiam,
1632 1576 1743 1653 etc.
1794 1600 1885 1653 Est
1911 1603 2105 1653 autem

502 1685 617 1741 tale
647 1702 712 1740 ac
737 1685 782 1740 si
816 1686 1030 1741 diceret
1062 1702 1075 1740 :
1137 1686 1323 1754 Oravi,
1356 1687 1599 1743 Domine
1640 1689 1827 1751 Pater,
1857 1689 1917 1742 ut
1946 1687 2106 1743 Chri-

2193 707 2252 762 in
2280 709 2451 764 corde
2479 710 2717 765 verbum
2748 708 3118 765 confessionis
3140 707 3245 775 tui,
3265 708 3364 764 sed
3390 708 3572 763 etiam
3604 724 3721 764 oro
3754 712 3816 762 ut

2196 799 2354 853 nulla
2382 816 2553 854 causa
2580 799 2755 871 possit
2805 799 2877 854 ab
2908 797 3121 870 iniquis
3151 797 3362 852 auferri
3395 798 3467 853 ab
3504 813 3631 863 ore,
3658 796 3811 868 quin

2198 886 2299 941 tibi
2329 904 2559 961 semper
2616 888 2914 957 conﬁtear,
2946 886 3006 943 id
3056 891 3141 942 est
3178 889 3235 942 te
3273 887 3643 943 annuntiem.
3676 887 3814 941 Non

2197 976 2352 1031 enim
2369 977 2577 1032 sufficit
2598 977 2811 1032 habere
2823 977 3063 1032 verbum
3078 977 3187 1032 hoc
3209 976 3268 1032 in
3287 975 3482 1042 corde,
3498 976 3609 1031 nisi
3628 976 3816 1031 etiam

2196 1064 2269 1119 sit
2289 1064 2345 1123 in
2378 1082 2498 1122 ore.
2530 1066 2674 1120 Nam
2694 1086 2723 1118 ει
2739 1065 3141 1139 quierubuerit
3159 1081 3274 1120 me.
3296 1087 3324 1113 ››
3349 1063 3486 1120 dicit
3502 1064 3816 1127 Dominus,

2200 1173 2231 1205 ι
2253 1169 2446 1208 coram
2468 1154 2821 1217 hominibus,
2845 1154 3180 1209 erubescam
3224 1156 3283 1209 et
3305 1169 3412 1224 ego
3444 1169 3581 1208 eum
3606 1168 3816 1208 coram

2204 1243 2371 1297 Patre
2403 1259 2534 1298 meo
2567 1242 2722 1315 (Luc.
2752 1260 2827 1310 ix,
2854 1245 2921 1298 26
2951 1243 2992 1313 ).
3018 1263 3044 1291 ››
3080 1243 3147 1296 Et
3173 1243 3478 1314 Apostolus
3510 1258 3523 1295 :
3561 1265 3591 1292 α
3626 1240 3819 1295 Qirde

2204 1331 2455 1387 creditur
2496 1333 2569 1387 ad
2615 1332 2921 1404 justitiam,
2949 1348 3049 1386 ore
3097 1334 3291 1386 autem
3327 1330 3611 1387 confessio
3645 1330 3713 1384 ﬁt
3745 1329 3818 1383 ad

2206 1420 2448 1476 salutem
2481 1418 2658 1493 (Rom.
2694 1438 2746 1487 ις,
2779 1420 2920 1493 10).»
2956 1422 3151 1475 Posset
3174 1418 3285 1473 dici
3320 1434 3333 1472 :
3369 1418 3555 1482 Quare
3588 1434 3728 1473 oras
3762 1418 3821 1469 ut

2207 1524 2324 1562 non
2356 1510 2649 1563 auferatur
2696 1509 2934 1564 verbum
2983 1507 3054 1563 de
3110 1524 3210 1562 ore
3259 1510 3379 1572 tuo,
3412 1522 3543 1562 cum
3576 1508 3824 1577 propter

2209 1597 2442 1651 verbum
2479 1596 2608 1662 hoc,
2640 1596 2745 1651 nisi
2792 1597 3046 1651 ablatum
3077 1593 3269 1661 fuerit,
3310 1593 3383 1647 sis
3415 1592 3824 1648 tribulationes

2210 1700 2493 1755 passurus.
2521 1684 2606 1737 Ad
2638 1684 2745 1739 hoc
2773 1700 2912 1756 ergo
2933 1683 3010 1739 sic
3049 1682 3363 1755 respondet
3393 1700 3407 1736 :
3454 1681 3586 1735 [deo
3619 1696 3823 1752 quaeso

484 1772 677 1841 ‘stum,
696 1773 893 1845 quiest
915 1774 1001 1829 via
1006 1773 1509 1845 justiﬁcationum,
1536 1778 1721 1848 legem
1743 1776 1881 1831 mihi
1902 1793 2104 1847 ponas,
2133 1786 2184 1845 Β
2212 1790 2285 1827 ne
2307 1771 2602 1827 auferatur
2621 1772 2879 1831 verbum.
2904 1774 3140 1842 prOpter
3162 1768 3578 1833 tribulationes,
3608 1770 3739 1840 quia
3770 1770 3825 1821 in

502 1863 563 1916 et
582 1861 680 1916 des
709 1860 850 1916 mihi
873 1860 1252 1929 intellectum,
1294 1866 1400 1918 etc.
1445 1863 1568 1919 Dixi
1594 1864 1769 1920 etiam
1802 1866 1955 1937 quod
1985 1883 2107 1919 con-

505 1966 602 2020 cup
612 1951 687 2004 ivi
715 1950 972 2005 mandata
996 1956 1118 2017 tua;
1151 1951 1308 2023 quod
1324 1951 1426 2007 tibi
1455 1954 1557 2020 est,
1579 1970 1710 2008 ecce.
1731 1954 1843 2009 Oro
1857 1971 2107 2025 quoque,

505 2036 773 2105 Domine,
795 2054 924 2093 cum
955 2037 1065 2093 hoc
1092 2038 1185 2105 sit,
1220 2040 1377 2111 quod
1407 2042 1684 2112 concupiui
1706 2041 1963 2096 mandata
1992 2050 2105 2108 tua,

505 2128 787 2196 quatenus
813 2131 863 2191 et
891 2128 1068 2181 veniat
1093 2128 1450 2181 misericordia
1495 2134 1609 2195 tua,
1659 2129 1717 2184 id
1753 2132 1838 2183 est
1868 2130 2111 2202 Spiritus

505 2215 754 2276 sanctus,
807 2230 964 2285 super
987 2231 1088 2281 me,
1148 2213 1206 2268 id
1254 2217 1340 2270 est
1389 2214 1449 2269 in
1475 2216 1833 2287 superiorem
1880 2220 2109 2289 partem

503 2316 725 2368 meam,
756 2301 972 2357 scilicet
991 2301 1050 2357 in
1082 2301 1367 2371 animam,
1395 2307 1454 2358 et
1488 2304 1722 2360 salutare
1752 2310 1902 2361 tuum
1930 2307 2112 2362 veniat

506 2406 662 2460 super
684 2405 786 2457 me,
814 2389 874 2444 id
927 2393 1012 2444 est
1040 2389 1284 2462 Spiritus
1334 2393 1561 2447 sanctus
1615 2393 1713 2464 qui
1764 2397 1849 2448 est
1876 2394 2109 2449 salvatio

504 2475 786 2543 fidelium,
819 2476 975 2548 quod
997 2480 1082 2531 est
1108 2493 1172 2531 ac
1195 2478 1240 2532 si
1266 2477 1445 2534 dicat:
1475 2479 1733 2535 Salutare
1766 2483 1949 2549 tuum,
1984 2482 2109 2554 Spi-

505 2563 652 2619 ritus
677 2566 906 2618 sanctus
935 2563 1170 2636 scilicet,
1198 2568 1380 2620 veniat
1406 2583 1562 2638 super
1596 2586 1698 2636 me,
1722 2572 1783 2623 et
1808 2570 1915 2624 hoc
1941 2568 2013 2624 sit
2043 2587 2110 2625 ex

503 2650 900 2707 misericordia
928 2654 1026 2708 tua
1050 2655 1107 2708 et
1122 2653 1353 2709 salutari
1383 2657 1503 2710 tuo.
1538 2656 1896 2712 Determinat
1915 2661 2110 2714 autem

505 2740 755 2812 qualiter
784 2743 932 2809 oret,
964 2746 1025 2796 ut
1053 2744 1228 2798 veniat
1245 2743 1305 2798 in
1327 2760 1457 2799 eum
1468 2747 1629 2812 ,‘cum
1657 2745 2113 2803 additsecundum

504 2829 771 2903 eloquium
800 2836 971 2885 tuum.
990 2830 1157 2895 Quod
1180 2834 1266 2887 est
1294 2848 1359 2887 ac
1376 2832 1419 2887 si
1441 2833 1621 2889 dicat:
1644 2835 1756 2891 Oro
1771 2839 1832 2891 ut
1850 2839 2023 2891 veniat
2053 2836 2113 2892 in

505 2934 603 2973 me
629 2918 862 2973 salutare
886 2924 1058 2986 tuum,
1106 2922 1164 2973 et
1192 2920 1302 2975 hoc
1330 2922 1618 2977 secundum
1647 2924 1910 2996 eloquium
1940 2932 2111 2992 tuum,

2200 1859 2428 1932 judiciis
2448 1862 2552 1915 tuis
2575 1862 2937 1932 supersperavi
2951 1858 3374 1926 remissionem,
3396 1857 3452 1913 id
3472 1860 3555 1913 est
3577 1860 3828 1929 pr0pter

2210 1949 2607 2005 tribulationes
2622 1966 2749 2021 quas
2760 1947 2981 2019 judicia
2999 1951 3098 2002 tua
3126 1946 3415 2014 dicuntur,
3437 1964 3505 2002 co
3535 1946 3693 2017 quad
3723 1962 3828 2000 eas

2203 2037 2427 2109 judicas
2452 2055 2572 2093 esse
2592 2054 2696 2108 pro
2722 2039 2776 2092 te
2806 2035 3126 2108 patiendus,
3142 2035 3361 2107 speravi
3389 2034 3826 2090 remuneratio-

2209 2144 2369 2181 nem.
2400 2128 2468 2181 Et
2484 2128 2631 2181 bene
2663 2126 2820 2192 dicit,
2845 2142 3029 2196 super;
3059 2141 3124 2179 ac
3153 2123 3198 2178 si
3230 2123 3401 2179 dicat:
3436 2123 3582 2180 Cum
3613 2139 3686 2176 ex
3715 2139 3828 2176 au-

2212 2214 2578 2270 nuntiatione
2604 2213 2762 2268 verbi
2791 2213 2869 2268 tui
2893 2211 3241 2284 spcraverim
3255 2211 3825 2277 remunerationem,

2210 2306 2451 2375 propter
2502 2302 2872 2359 tolerantiam
2903 2301 3158 2373 ipsarum
3195 2300 3664 2364 tribulationum,
3693 2300 3829 2370 plus

2212 2392 2431 2463 speravi
2446 2390 3002 2457 remunerationem,
3018 2389 3152 2461 quia
3164 2389 3206 2443 si
3223 2388 3561 2460 simpliciter
3574 2388 3826 2442 verbum

2212 2479 2642 2547 aununtiarem,
2662 2482 2719 2535 et
2748 2495 2853 2552 pro
2883 2494 2950 2533 eo
2981 2493 3096 2532 non
3128 2480 3379 2548 paterer.
3403 2476 3497 2531 Vel
3526 2476 3639 2530 sic:
3679 2474 3825 2542 Quia

2211 2568 2273 2624 in
2291 2568 2514 2639 judiciis
2541 2570 2663 2634 tuis,
2695 2567 2754 2622 id
2784 2569 2868 2622 est
2898 2565 2955 2620 in
2979 2564 3345 2620 tolerantiam
3378 2564 3819 2620 tribulationum

2211 2658 2589 2728 supersperavi,
2616 2655 2673 2711 id
2701 2658 2785 2710 est
2814 2654 3097 2725 majorem
3129 2652 3663 2708 remunerationem
3693 2669 3823 2724 spe-

2214 2745 2520 2816 raviquam
2546 2744 2619 2799 sit
2647 2743 2770 2815 ipsa
2802 2741 3243 2797 tribulationum
3269 2740 3544 2796 anxietas.
3577 2741 3827 2813 Ideoque

2216 2850 2341 2902 oro,
2366 2852 2429 2888 ne
2455 2833 2672 2903 auferas
2690 2831 2929 2886 verbum.
2952 2830 3113 2884 Unde
3135 2828 3439 2900 Apostolus
3463 2846 3476 2882 :
3499 2852 3526 2879 ι(
3552 2828 3825 2884 Existimo

2217 2929 2371 3000 quod
2395 2947 2512 2984 non
2546 2930 2676 2983 sunt
2697 2926 3002 2996 condigna:
3029 2925 3325 2997 passiones
3345 2925 3519 2996 hujus
3547 2924 3827 2997 temporis

504 3005 566 3062 id
596 3008 683 3062 est
706 3008 1021 3063 secundum
1054 3008 1167 3063 hoc
1199 3025 1300 3064 oro
1333 3011 1396 3065 ut
1426 3009 1483 3065 in
1512 3028 1607 3066 me
1638 3012 1850 3079 veniat,
1879 3016 1942 3068 ut
1970 3014 2113 3070 mihi
2139 3009 2187 3069 C
2221 3018 2295 3072 ad
2323 3018 2576 3074 futuram
2596 3016 2841 3089 gloriam
2863 3014 3352 3087 quaerevelabitur
3372 3015 3429 3070 in
3454 3015 3622 3070 nobis
3646 3015 3825 3084 (Rom.

506 3096 606 3151 det
652 3095 946 3168 eloquium
990 3098 1154 3153 tuum
1204 3097 1419 3154 scilicet
1444 3099 1696 3155 scientiae
1724 3105 1783 3156 et
1826 3102 2112 3158 facundia:

506 3184 664 3256 quod
694 3202 760 3240 ex
787 3189 843 3241 te
875 3189 978 3242 est.
1013 3187 1109 3241 Est
1147 3189 1340 3243 autem
1384 3189 1493 3243 hoc
1521 3190 1913 3262 esquipollens,
1952 3192 2111 3264 quasi

507 3272 586 3327 sic
616 3277 897 3345 poneret:
930 3276 1014 3329 Da
1059 3275 1202 3330 mihi
1262 3275 1537 3348 Spiritum
1566 3282 1849 3346 sanctum,
1882 3281 1978 3352 qui
2019 3298 2113 3337 me

409 3416 412 3420 ,
508 3359 745 3416 scientia
776 3363 836 3416 et
865 3361 1134 3417 facundia
1164 3364 1472 3420 illnminet.
1508 3366 1609 3436 Et,
1639 3366 1685 3421 si
1708 3368 1939 3423 salutare
1965 3377 2114 3423 tuum

508 3448 566 3500 in
590 3464 672 3501 me
701 3449 897 3517 veniat,
932 3448 1029 3521 qui
1077 3466 1171 3504 me
1220 3451 1531 3508 fecundum
1584 3453 1775 3522 faciat,
1806 3457 2115 3528 respondebo

508 3534 744 3601 verbum,
775 3536 835 3591 id
864 3540 950 3592 est
985 3538 1390 3595 rationabilem
1421 3558 1751 3598 sermonem
1792 3544 2116 3601 inﬁdelibus

509 3626 571 3678 et
600 3624 885 3681 hmreticis
926 3628 1357 3699 exprobrantibus
1407 3632 1561 3699 mihi,
1593 3631 1806 3686 scilicet
1844 3634 1939 3705 qui
1973 3634 2115 3691 mihi

511 3716 750 3784 propter
778 3713 1174 3787 integritatem
1206 3715 1341 3772 ﬁdei
1391 3721 1451 3774 et
1478 3718 1607 3774 vita:
1629 3736 1774 3776 mete
1824 3722 2036 3793 probra
2060 3724 2119 3777 et

512 3799 767 3857 convicia
806 3802 1095 3874 ingerunt.
1129 3804 1381 3862 Verbum
1424 3823 1679 3877 congrue
1712 3808 2116 3865 rationabilem

513 3905 844 3946 sermonem
864 3891 1022 3946 dicit.
1057 3893 1321 3964 Loquelaa
1334 3910 1586 3967 namque
1610 3896 2013 3953 haereticorum
2030 3900 2117 3955 vel

514 3979 860 4035 ceterorum
890 3980 1235 4050 infidelium,
1266 4000 1398 4038 cum
1432 3983 1572 4039 nihil
1601 3983 1718 4039 sint
1744 3984 1851 4040 nisi
1880 3990 2118 4042 ventosa

513 4067 841 4135 garrulitas,
900 4070 1077 4125 verba
1136 4070 1380 4126 dicenda
1435 4089 1553 4127 non
1584 4076 1735 4141 sunt,
1768 4074 1868 4128 sed
1915 4077 2116 4130 ventus

515 4151 723 4210 inanis.
756 4155 1017 4213 Ostendit
1072 4161 1266 4214 autem
1297 4177 1472 4231 quare
1502 4164 1804 4232 tantopere
1835 4165 1961 4219 oret
2009 4162 2116 4218 sibi

515 4240 641 4298 dari
662 4242 958 4316 eloquium
984 4244 1108 4314 Dei,
1128 4262 1256 4300 cum
1283 4246 1360 4301 sic
1379 4246 1541 4302 addit
1560 4249 1801 4305 :Idcirco
1815 4253 2114 4323 tantopere

513 4346 680 4402 rogo,
706 4332 972 4400 Domine,
1017 4335 1081 4389 ut
1106 4336 1281 4391 veniat
1312 4336 1367 4389 in
1393 4352 1476 4390 me
1501 4336 1734 4393 salutare
1763 4345 1932 4407 tuum,
1962 4341 2118 4412 quod
2139 4323 2190 4382 D

515 4418 660 4474 mihi
693 4421 792 4476 det
819 4422 1136 4495 eloquium,
1157 4425 1285 4496 quia
1311 4426 1519 4495 speravi
1555 4427 1611 4479 in
1639 4428 1964 4482 semaonibus
1990 4431 2113 4495 tuis,

515 4504 578 4561 id
607 4509 696 4562 est
724 4509 822 4581 qui
844 4527 1120 4583 magnam
1143 4528 1305 4583 spem
1327 4515 1385 4568 et
1411 4513 1822 4570 conﬁdentiam
1841 4516 2036 4584 habui,
2061 4519 2121 4573 et

518 4593 705 4650 adhuc
733 4596 919 4654 habeo
955 4599 1016 4653 in
1055 4601 1416 4657 sermonibus
1446 4602 1585 4670 tuis;
1614 4603 1712 4675 qui
1741 4603 1786 4659 si
1816 4605 1957 4660 mihi
1985 4606 2122 4661 den-

516 4685 630 4751 tur,
659 4683 1080 4742 rationabiliter
1120 4690 1472 4759 respondere
1495 4694 1698 4762 potero
1722 4694 2117 4765 exprobranti-

516 4770 661 4841 bus;
685 4772 775 4828 vel
811 4771 926 4828 sic:
981 4773 1334 4845 Respondebo,
1376 4777 1638 4849 inquam,
1688 4780 1897 4837 verbum
1940 4800 2118 4855 expro-

520 4857 796 4916 brantibus
833 4861 1119 4919 hazreticis
1161 4866 1219 4918 et
1267 4863 1612 4922 infidelibus.
1648 4867 2118 4940 Exprobrantibus

516 4946 667 5018 dico,
698 4947 827 5005 idco
862 4952 990 5022 quia
1032 4953 1244 5023 speravi
1282 4954 1338 5005 in
1382 4956 1706 5010 sermonibus
1760 4960 1882 5026 tuis,
1924 4958 1983 5014 id
2011 4963 2117 5023 est,

515 5035 650 5107 quia
678 5053 841 5109 spem
890 5042 1107 5094 certam
1133 5039 1318 5096 habeo
1344 5039 1404 5097 in
1435 5043 1729 5113 promissis
1753 5045 1885 5113 tuis,
1919 5063 2115 5119 exspe-

510 5124 720 5180 ctando
752 5125 907 5181 bona
935 5129 1154 5183 aeterna
1185 5145 1313 5200 quae
1361 5131 1691 5201 promisisti.
1736 5133 1848 5189 Oro
1881 5136 1942 5189 ut
1972 5135 2113 5191 mihi

512 5211 680 5267 detur
708 5228 812 5285 per
841 5213 1153 5272 adventum
1184 5217 1363 5273 sancti
1416 5216 1656 5290 Spiritus
1707 5221 2021 5293 eloquium,
2053 5228 2116 5279 ut

509 5300 750 5356 verbum
775 5302 1158 5375 respondeam
1181 5306 1676 5377 exprobrantibus,
1708 5306 1784 5364 Et
1805 5312 2111 5382 postquam

507 5386 618 5444 hoc
643 5389 883 5445 verbum
901 5390 973 5445 ad
1005 5392 1475 5464 respondendum
1502 5394 1747 5464 habebo,
1776 5413 1901 5462 oro,
1922 5415 1989 5455 ne
2011 5418 2109 5456 au-

504 5477 671 5543 feras,
702 5477 760 5533 id
786 5482 872 5534 est
898 5495 972 5534 ne
993 5480 1294 5552 permittas
1313 5483 1546 5551 auferri,
1573 5484 1637 5539 de
1662 5503 1751 5542 ore
1767 5504 1879 5543 meo
1894 5489 2113 5546 verbum

502 5566 768 5634 veritatis,
795 5566 856 5622 id
879 5570 964 5623 est
988 5584 1189 5625 verum
1221 5570 1470 5627 Verbum
1497 5574 1867 5632 confessionis
1892 5578 1992 5634 tui.
2043 5636 2046 5639 Α

2211 3131 2328 3181 vni,
2365 3113 2471 3184 l8).
2504 3132 2535 3166 ››
2567 3113 2707 3169 Orat
2733 3116 2951 3179 autem,
2999 3129 3073 3167 ne
3124 3112 3423 3168 inimicum
3457 3113 3590 3168 odio
3616 3113 3823 3167 habeat

2213 3202 2463 3275 aliquem
2492 3201 2550 3256 in
2591 3201 3081 3267 tribulationibus,
3114 3204 3352 3275 propter
3377 3201 3821 3275 tribulationes;

2215 3274 2325 3347 sed,
2346 3290 2600 3362 plenarie
2617 3291 2865 3345 retineat
2891 3290 2945 3344 in
2978 3289 3111 3361 ipsis
3138 3274 3604 3346 tribulationibus
3622 3274 3825 3360 480

2215 3378 2583 3434 dilectionem
2614 3378 2713 3434 Dei
2745 3383 2804 3433 et
2823 3378 3089 3450 proximi.
3114 3379 3298 3442 Quam
3330 3379 3697 3435 dilectionem
3723 3395 3825 3450 per

2216 3467 2683 3523 antonomasiam
2709 3467 3188 3538 legemivocat,eo
3202 3467 3355 3539 quod
3377 3466 3436 3521 in
3458 3468 3563 3522 hac
3586 3470 3707 3521 tota
3738 3467 3823 3521 lex

2217 3556 2434 3626 pendet
2462 3559 2520 3611 et
2540 3557 2858 3628 prophetas.
2894 3555 2951 3610 Si
2982 3555 3137 3611 enim
3166 3556 3273 3611 hac
3297 3558 3426 3627 lege
3453 3558 3695 3621 careret,
3736 3555 3819 3609 in-

2218 3644 2433 3699 utiliter
2450 3644 2849 3700 tribulationes
2865 3643 3192 3709 sustineret,
3207 3644 3369 3715 juxta
3382 3644 3524 3699 illud
3542 3643 3815 3716 Apostoli:

2218 3749 2249 3782 «
2277 3730 2334 3785 Si
2370 3731 2658 3787 tradidero
2688 3747 2894 3803 corpus
2922 3747 3121 3785 meum
3156 3730 3234 3785 ita
3264 3734 3326 3785 ut
3351 3731 3613 3798 ardeam,
3645 3731 3819 3785 chari-

2218 3820 2398 3874 tatem
2413 3821 2605 3874 autem
2627 3836 2744 3874 non
2762 3819 3032 3886 habeam,
3060 3818 3205 3875 nihil
3225 3819 3365 3874 mihi
3390 3817 3812 3890 prodestUCor.

2218 3923 2336 3973 xui,
2371 3910 2489 3974 3).»
2516 3908 2630 3962 Hoc
2652 3910 2846 3963 autem
2866 3906 2942 3961 sic
2966 3905 3123 3963 dicit:
3143 3906 3255 3961 Oro
3283 3923 3345 3959 ne
3361 3907 3581 3976 auferas
3606 3906 3815 3960 verbum

2217 4011 2417 4049 verum
2443 3995 2507 4049 de
2527 4012 2615 4050 ore
2631 4011 2765 4057 meo,
2797 4000 2846 4048 et
2873 4010 2976 4049 oro
3003 3993 3178 4049 etiam
3202 3997 3265 4047 ut
3283 3993 3341 4048 in
3358 3992 3815 4049 tribulationibus

2219 4099 2333 4138 non
2365 4082 2629 4137 deliciam
2668 4100 2702 4137 a
2727 4082 3025 4148 charitate,
3057 4081 3159 4136 sed
3189 4081 3479 4137 custodiam
3506 4098 3705 4152 semper
3732 4081 3812 4134 in-

2218 4169 2489 4225 violatam
2511 4171 2675 4241 legem
2690 4177 2860 4226 tuam.
2888 4168 3436 4240 Determinatquam
3456 4169 3660 4240 legem,
3688 4182 3815 4221 cum

2219 4257 2407 4314 addit:
2437 4258 2631 4328 Legem
2655 4258 2781 4314 dico
2808 4258 3146 4313 duraturam
3171 4257 3230 4312 in
3257 4258 3529 4312 swculum
3556 4255 3733 4310 istud:
3762 4259 3817 4311 et

2217 4347 2273 4399 in
2297 4346 2550 4402 saxulum
2568 4346 2762 4413 saaculi,
2787 4346 2845 4402 id
2863 4349 2949 4402 est
2972 4346 3031 4400 in
3044 4345 3303 4400 futurum
3324 4346 3616 4411 saeculum,
3645 4343 3816 4399 chari-

2218 4439 2399 4491 tatem
2418 4435 2699 4502 videlicet,
2718 4452 2847 4506 quas
2862 4449 3165 4507 nunquam
3177 4434 3388 4490 excidit
3407 4434 3462 4505 (Ι
3481 4433 3609 4488 Cor.
3622 4434 3813 4503 xm,8),

2218 4540 2325 4579 nec
2351 4522 2411 4578 in
2435 4523 2544 4579 hoc
2571 4524 2776 4578 saeculo
2807 4540 2994 4595 neque
3019 4523 3076 4579 in
3108 4524 3323 4578 futuro.

2292 4610 2565 4667 Oratione
2576 4611 2728 4665 facta
2738 4626 2936 4665 causas
2948 4610 3234 4682 adjungit,
3254 4609 3461 4682 quibus
3472 4610 3713 4680 dignum
3732 4615 3815 4666 est

2219 4714 2347 4769 quas
2375 4702 2502 4753 orat
2518 4697 2761 4769 assequi,
2781 4687 2913 4753 cum
2941 4697 3103 4753 dicit:
3129 4698 3207 4752 Et
3230 4697 3593 4759 ambulabam,
3615 4702 3722 4753 etc.
3751 4700 3815 4754 Et

2220 4786 2370 4843 istud
2391 4786 2464 4842 ad
2489 4786 2601 4841 alia
2630 4790 2688 4842 et
2715 4786 3015 4858 sequentia
3032 4787 3299 4852 refertur,
3332 4802 3397 4840 ac
3424 4787 3470 4841 si
3493 4786 3675 4842 dicat:
3702 4787 3809 4843 Oro

2221 4877 2282 4930 ut
2309 4875 2601 4930 custodiam
2629 4874 2691 4929 in
2737 4874 3205 4930 tribulationibus
3255 4874 3417 4944 legem
3453 4880 3622 4943 want,
3650 4875 3706 4931 id
3734 4878 3813 4930 est

2218 4961 2584 5019 charitatem.
2618 4963 2687 5016 Et
2718 4962 2961 5033 dignum
3015 4965 3119 5030 est,
3170 4965 3233 5016 ut
3280 4962 3402 5017 haec
3432 4964 3489 5016 te
3542 4962 3808 5018 habeam.

2218 5050 2363 5106 Nam
2384 5066 2515 5105 cum
2547 5053 2681 5106 ante
2708 5050 2765 5105 id
2782 5054 3011 5121 tempus
3037 5051 3098 5105 in
3128 5049 3596 5106 tribulationibus
3611 5068 3809 5119 essem,

2216 5143 2273 5194 et
2288 5142 2340 5200 te
2371 5138 2441 5194 de
2459 5137 2717 5194 custodia
2734 5138 2876 5211 legis
2896 5139 3065 5209 hujus
3084 5153 3335 5205 orarem,
3344 5138 3466 5209 jam
3483 5140 3813 5211 proutpote-

2215 5244 2365 5293 ram,
2393 5226 2788 5282 custodiebam
2811 5226 2994 5298 ipsam
3041 5226 3231 5297 legem
3263 5225 3576 5293 charitatis,
3607 5226 3812 5285 scilicet

2213 5314 2549 5370 ambulabam
2573 5314 2637 5370 in
2661 5314 2965 5379 latitudine,
2998 5313 3057 5368 id
3082 5317 3168 5368 est
3196 5313 3579 5386 promovebat
3606 5317 3665 5369 et
3686 5331 3812 5386 per-

2212 5403 2547 5460 severabam
2569 5401 2629 5457 in
2656 5401 3035 5475 amplitudine
3053 5402 3365 5467 charitatis,
3397 5418 3537 5473 erga
3557 5403 3735 5459 Deum
3753 5406 3810 5459 et

2213 5490 2826 5564 proximum.ldeoque
2848 5490 3002 5564 quia,
3033 5494 3206 5562 prout
3235 5490 3415 5562 potui,
3464 5506 3597 5545 eam
3629 5494 3807 5547 custo-

2216 5580 2352 5647 divi,
2382 5580 2569 5636 merui
2590 5582 2650 5636 ut
2668 5596 2762 5635 me
2783 5581 2909 5652 plus
2938 5594 3066 5635 eam
3096 5578 3271 5633 facias
3297 5578 3603 5635 custodire.
3629 5581 3811 5652 Auget
