3966 6034
339 335 474 398 1273

1272 290 1643 399 Εχροδηιό
1665 329 1735 398 tu
1775 337 2108 399 PSALMOS.
2143 368 2215 384 —
2251 333 2446 400 PSAL.
2488 336 2689 398 CXVII!

3485 337 3621 397 i275

336 459 529 517 adhuc
545 458 988 529 meritum,cum
1008 458 1087 519 sic
1102 459 1293 520 addit:
1317 463 1384 518 Et
1403 461 1540 518 inde
1558 459 1937 535 contingebat
1962 486 2018 548 Α
2039 462 2141 518 tuis
2173 478 2190 516 :
2220 462 2451 536 etquod
2479 459 2648 519 levavi
2685 477 2873 516 manus
2904 478 3047 516 meas
3074 458 3146 516 ad
3175 455 3433 516 mndata
3474 462 3565 514 tua
3585 469 3634 517 et

338 564 434 606 me
463 550 764 607 ambulare
793 551 855 605 in
879 550 1346 625 latitudine,quia
1371 550 1627 606 mandata
1644 557 1733 605 tua
1759 552 1938 623 exqui-

336 638 457 705 sivi,
482 637 540 694 id
570 641 659 694 est
688 654 754 694 ex
776 639 901 694 aliis
944 641 1118 696 rebus
1146 640 1419 696 omnibus
1448 639 1617 711 elegi.
1661 639 1939 711 Apposita

336 742 511 782 causa
539 742 641 781 cur
665 728 876 784 debeat
900 729 951 784 ei
986 746 1019 784 a
1044 728 1292 784 Domino
1324 728 1472 801 legis
1491 728 1752 783 custodia
1790 727 1936 795 dari,

339 815 581 888 apponit
605 820 838 872 causam
865 834 965 872 cur
981 818 1087 874 sibi
1103 818 1313 873 debeat
1343 817 1489 885 dari,
1519 834 1593 871 ne
1619 833 1942 890 usquequa-

339 920 453 975 que
483 904 780 961 auferatur
809 906 1047 962 verbum
1081 906 1183 963 Dei
1205 907 1275 961 de
1297 922 1397 961 ore
1414 906 1462 977 ej
1475 906 1707 976 us..ldeo
1729 905 1943 961 scilicet

341 993 624 1063 quoniam
654 994 950 1067 hucusque
983 995 1105 1051 sine
1136 995 1475 1051 confusione
1501 995 1741 1050 verbum
1760 994 1943 1048 hocin

341 1087 619 1151 conspectu
649 1098 833 1153 regum
868 1082 1093 1137 locutus
1122 1086 1230 1138 est.
1261 1083 1376 1136 Hoc
1419 1085 1615 1137 autem
1646 1080 1725 1136 sic
1759 1080 1897 1136 dicit
1924 1095 1938 1135 :

347 1167 460 1223 Oro
490 1185 556 1222 ne
575 1170 791 1240 auferas
811 1171 1027 1225 verbum
1053 1172 1117 1227 de
1131 1188 1221 1226 ore
1247 1188 1378 1237 meo,
1407 1174 1465 1226 et
1490 1172 1734 1241 dignum
1766 1173 1852 1225 est
1882 1171 1944 1224 ut

344 1272 467 1312 non
496 1257 813 1313 auferatur.
847 1259 973 1315 Non
1000 1260 1189 1317 solum
1220 1258 1378 1314 enim
1398 1259 1456 1314 in
1478 1258 1943 1315 tribulationibus

342 1344 561 1417 positus
582 1348 930 1403 ambulabam
963 1350 1019 1402 in
1042 1349 1343 1417 latitudine,
1372 1349 1472 1404 sed
1491 1356 1540 1403 et
1569 1348 1814 1422 loquebar
1833 1346 1944 1402 exi-

342 1436 497 1488 stens
518 1436 575 1489 in
600 1438 912 1491 testimoniis
934 1439 1056 1491 tuis.
1087 1436 1251 1500 Quod
1272 1441 1360 1492 est
1375 1436 1565 1492 dicere
1590 1454 1604 1491 :
1627 1437 1858 1507 Loquen
1869 1436 1943 1491 do

344 1520 416 1577 de
447 1527 522 1589 te,
550 1525 806 1580 testabar
834 1527 889 1580 te
918 1541 1119 1579 verum
1146 1528 1328 1581 Deum
1358 1542 1501 1582 esse.
1526 1526 1642 1591 Vel,
1675 1524 1943 1597 loquebar,

344 1607 402 1664 id
432 1614 518 1665 est
541 1612 963 1669 annuntiabam
990 1614 1321 1669 testimonia
1342 1616 1459 1679 tua,
1480 1614 1636 1670 idest
1658 1614 1948 1685 praecepta

344 1700 463 1765 tua,
491 1698 737 1755 existens
767 1701 916 1757 bene
941 1702 1182 1756 vivendo
1202 1702 1260 1756 in
1285 1702 1421 1775 ipsis
1452 1701 1796 1757 testimoniis
1816 1700 1942 1766 tuis,

2039 551 2313 606 exercebar
2339 552 2396 605 in
2423 553 2514 608 eis.
2545 551 2707 608 Unde
2737 549 3139 618 oro,l)omine,
3161 567 3360 607 memor
3380 556 3488 606 esto
3511 565 3632 607 ver-

2043 639 2095 694 bi
2117 641 2216 708 tui,
2250 640 2309 695 id
2346 643 2433 696 est
2451 639 2723 711 promissi
2744 639 2848 706 tui,
2869 638 3003 695 facti
3021 655 3165 694 servo
3182 645 3270 694 tuo
3285 639 3625 711 cuicunque,

2039 728 2098 783 id
2129 732 2214 783 est
2233 728 2627 800 promissionis
2658 726 3040 785 beatitudinis
3052 729 3285 784 (eterna:
3307 745 3480 800 quam
3502 743 3636 800 pro-

2041 817 2247 872 misisti
2274 817 2437 872 omni
2467 834 2629 873 servo
2670 820 2767 871 tuo
2798 819 2854 872 te
2874 816 3305 883 daturum'esse,
3334 832 3510 887 quam
3536 830 3638 870 oro

2041 905 2102 960 iu
2125 922 2219 961 me
2251 907 2563 977 compleas,
2591 922 2723 961 cum
2768 922 2877 977 ego
2908 922 3103 960 servus
3133 907 3264 960 tuus
3303 903 3433 959 sim.
3486 904 3638 960 Bene

2042 993 2180 1049 dicit
2212 1011 2224 1049 :
2255 994 2471 1050 Memor
2497 997 2642 1062 esto,
2673 1012 2788 1051 non
2821 994 2977 1067 quod
3015 993 3223 1050 oblitus
3242 992 3333 1061 sit,
3364 992 3469 1048 sed
3502 991 3637 1066 quia

2041 1099 2173 1139 cum
2204 1083 2381 1139 modo
2412 1100 2544 1139 suos
2572 1101 2691 1138 non
2722 1085 3076 1149 remuneret,
3110 1082 3334 1138 videtur
3380 1080 3641 1137 infideli—

2043 1172 2148 1226 bus
2178 1171 2269 1227 hic
2295 1188 2393 1227 eos
2416 1172 2554 1226 dare
2572 1171 2867 1227 oblivioni.
2889 1170 3149 1227 Ostendit
3165 1173 3360 1226 autem
3381 1186 3484 1225 cur
3494 1169 3639 1224 adeo

2044 1262 2175 1315 oret
2204 1259 2276 1315 de
2306 1259 2698 1330 completione
2729 1260 2909 1328 verbi,
2937 1276 3067 1315 cum
3086 1257 3247 1314 addit
3279 1274 3293 1312 :
3324 1256 3638 1313 Memoriu-

2043 1365 2241 1420 quam,
2273 1354 2378 1403 esto
2395 1348 2545 1403 verbi
2574 1349 2673 1411 tui,
2714 1352 2778 1403 ut
2806 1347 2947 1405 illud
2992 1347 3051 1405 in
3100 1365 3195 1405 me
3240 1347 3555 1417 compleas,
3578 1347 3634 1399 in

2043 1451 2147 1507 quo
2177 1452 2389 1507 nempe
2407 1454 2549 1508 spem
2568 1437 2705 1492 milii
2742 1436 2951 1504 dedisti,
2979 1435 3193 1493 scilicet
3230 1451 3334 1507 per
3358 1433 3514 1506 quod
3545 1448 3641 1488 me

2044 1528 2263 1580 certam
2293 1541 2454 1597 spem
2482 1524 2788 1597 promissae
2810 1524 3180 1580 beatitudinis
3207 1523 3423 1578 habere
3438 1520 3641 1577 fecisti.

2045 1612 2179 1668 Haec
2208 1617 2404 1669 autem
2434 1631 2563 1685 spes
2591 1631 2658 1669 ex
2684 1615 2792 1671 hoc
2818 1614 2990 1670 verbo
3029 1615 3335 1683 concepta,
3374 1609 3640 1665 consulatu

2046 1709 2121 1755 est
2150 1719 2231 1756 me
2260 1703 2548 1773 dejectum
2582 1706 2639 1756 in
2653 1703 2972 1770 harnilizate,
2995 1701 3052 1757 id
3070 1704 3155 1757 est
3169 1699 3483 1755 maximam
3501 1696 3644 1753 mihi

343 1790 409 1842 ut
434 1787 794 1845 auditoribus
821 1791 1153 1863 exemplum
1181 1791 1329 1846 tribu
1344 1807 1441 1846 am
1473 1790 1534 1845 in
1551 1789 1770 1845 eisdem
1787 1788 1943 1843 testi-
1968 1809 2020 1869 Β
2047 1790 2208 1846 dedit
2229 1790 2559 1846 salvationis
2582 1791 3062 1857 consolationem,
3106 1789 3248 1844 dum
3289 1803 3416 1843 sum
3448 1787 3508 1841 in
3537 1786 3646 1841 bac

344 1876 557 1933 moniis
583 1877 887 1945 existendi,
917 1901 945 1928 «
980 1896 1052 1933 ne
1084 1895 1214 1933 cum
1247 1878 1370 1934 aliis
1397 1878 1800 1951 praedicarem,
1823 1877 1947 1948 ipse

342 1966 628 2037 reprobus
657 1965 921 2022 efﬁcerer
948 1967 1003 2038 (Ι
1027 1966 1152 2022 Cor.
1185 1984 1260 2035 1x,
1294 1968 1406 2037 27).
1441 1988 1469 2016 η
1499 1967 1824 2039 Loquebar,
1854 1964 1942 2020 in-

343 2068 543 2124 quam,
567 2056 627 2108 et
648 2070 765 2110 non
784 2054 844 2109 in
874 2055 1233 2123 abscondito,
1258 2056 1359 2111 sed
1378 2058 1435 2110 in
1462 2062 1735 2127 compectu
1762 2071 1946 2124 regum

344 2142 715 2199 terrenorum
744 2142 1094 2206 infidelium,
1128 2143 1270 2199 mihi
1301 2148 1556 2200 mortem
1587 2142 1948 2200 comminan-

346 2231 514 2285 tium.
549 2231 618 2286 Et
646 2230 779 2286 licet
804 2248 1101 2307 pannosus
1126 2248 1310 2288 essem
1340 2238 1391 2289 et
1421 2232 1564 2299 vilis,
1612 2234 1809 2286 tamen
1840 2248 1946 2286 non

343 2318 725 2389 confundebar,
772 2320 833 2375 id
867 2324 953 2376 est
993 2338 1117 2377 non
1161 2321 1574 2376 erubescebam
1610 2319 1791 2391 loqui,
1838 2318 1946 2374 etsi

342 2409 538 2477 posset
576 2406 656 2463 ibi
708 2409 868 2464 locus
920 2426 1040 2465 esse
1089 2409 1459 2465 confusionis.
1492 2410 1561 2464 Et
1597 2408 1727 2464 ideo
1758 2408 1945 2463 adhuc

347 2493 524 2549 debes
553 2511 673 2551 non
703 2497 931 2552 auferre
965 2497 1035 2553 de
1063 2515 1165 2553 ore
1192 2514 1326 2553 meo
1357 2499 1597 2553 verbum
1637 2511 1859 2563 verum,
1888 2497 1948 2551 et

345 2598 441 2638 me
466 2583 660 2639 facere
683 2585 877 2657 legem
910 2589 1070 2641 tuam
1104 2587 1429 2655 custodire;
1461 2587 1562 2642 sed
1589 2586 1718 2643 ideo
1763 2585 1944 2641 etiam

345 2670 481 2742 quia
509 2688 627 2728 non
654 2674 839 2729 solum
873 2676 1150 2732 mandata
1173 2678 1274 2730 tua
1316 2674 1589 2747 exquisivi
1627 2675 1943 2731 secundum

344 2759 712 2829 electionem,
748 2765 805 2816 et
838 2779 957 2818 non
988 2764 1174 2819 solum
1218 2754 1499 2836 loquebar
1534 2765 1596 2819 in
1632 2766 1943 2834 conspectu

342 2863 575 2919 regum,
595 2850 696 2905 sed
714 2851 1013 2906 meditabar
1038 2853 1095 2906 in
1137 2853 1403 2907 mandatis
1429 2854 1534 2907 luis
1557 2851 1940 2922 complendis,

342 2938 544 3005 utpote
573 2954 686 3008 quae
728 2938 910 2993 dilexi.
936 2938 1101 3003 Quod
1122 2943 1208 2994 est
1227 2939 1417 2995 dicere
1440 2938 1783 2994 :Meditabar
1802 2956 1941 3010 quo-

339 3023 516 3079 modo
549 3024 829 3082 mandata
859 3028 956 3082 tua
987 3027 1370 3096 complerem,
1403 3029 1462 3080 et
1489 3027 1596 3081 hoc
1628 3041 1747 3080 non
1793 3024 1936 3080 invi-

2045 1879 2183 1934 bum
2194 1878 2396 1947 ilitate,
2411 1879 2468 1933 in
2481 1879 2588 1934 bac
2607 1879 2930 1951 dejectione
2946 1876 3314 1934 mortalitatis
3324 1880 3383 1932 et
3402 1873 3639 1948 passibi-

2047 1968 2223 2025 litatis
2242 1985 2369 2041 quae
2387 1986 2501 2023 mea
2524 1972 2629 2036 est,
2650 1968 2926 2041 quoniam
2945 1983 3053 2039 ego
3078 1967 3201 2037 ipse
3226 1966 3286 2022 in
3300 1966 3485 2021 Adam
3510 1981 3636 2039 pec-

2046 2056 2233 2112 cando
2253 2056 2395 2112 mihi
2417 2073 2548 2113 eam
2571 2056 2791 2128 paravi.
2822 2057 2889 2112 Et
2910 2055 3040 2111 ideo
3064 2054 3249 2111 adhuc
3289 2069 3416 2121 oro,
3444 2069 3644 2108 memor

2045 2151 2149 2200 esto
2178 2145 2321 2200 verbi
2339 2146 2441 2212 tui,
2472 2147 2606 2218 quia
2627 2145 2897 2218 eloquium
2921 2151 3097 2212 tuum,
3117 2143 3175 2200 id
3195 2146 3280 2199 est
3294 2141 3643 2216 promissum

2044 2236 2236 2300 tuum,
2253 2250 2372 2289 non
2387 2234 2575 2290 solum
2601 2234 2962 2289 consulatum
2988 2236 3074 2289 est
3102 2248 3218 2300 me,
3248 2230 3351 2287 sed
3371 2233 3435 2286 ut
3459 2229 3647 2301 majus

2046 2321 2185 2392 quid
2208 2321 2424 2390 dicam,
2447 2323 2735 2392 vivi/icavit
2763 2339 2864 2389 me,
2891 2320 3107 2377 scilicet
3127 2336 3257 2376 cum
3280 2320 3408 2391 jam
3434 2318 3545 2374 sim
3572 2316 3643 2372 de

2045 2409 2328 2481 promisso
2350 2412 2558 2477 certus,
2573 2426 2678 2481 pro
2692 2411 2812 2465 solo
2825 2407 3108 2480 promisso
3128 2407 3324 2464 videor
3343 2405 3490 2463 mihi
3516 2405 3645 2477 jam

2046 2496 2381 2552 viviﬁeatus.
2407 2497 2555 2562 Quid
2581 2513 2723 2569 ergo
2754 2497 2800 2552 si
2826 2494 3533 2569 quandoquepromissum
3555 2496 3645 2548 at-

2045 2584 2236 2656 tigero
2267 2585 2294 2641 ?
2325 2586 2576 2658 Ideoque
2606 2602 2732 2652 oro,
2764 2602 2964 2640 memor
2978 2590 3108 2651 esto,
3128 2587 3191 2640 ut
3211 2583 3504 2656 compleas
3520 2597 3644 2636 ver-

2043 2673 2186 2729 bum
2216 2672 2635 2745 promissionis.
2668 2673 2736 2728 Et
2767 2689 2898 2730 ecce
2941 2672 3155 2728 merita
3198 2688 3350 2739 mea,
3391 2685 3642 2743 quorum

2045 2761 2345 2816 occasione
2387 2762 2554 2816 decet
2596 2763 2654 2816 te
2684 2777 3009 2817 memorem
3045 2776 3194 2816 esse.
3226 2758 3456 2831 Superbi
3483 2756 3641 2814 enim

2040 2848 2523 2915 antonomaslicc,
2547 2848 2604 2903 id
2636 2852 2721 2904 est
2755 2849 2920 2922 impii
2950 2865 3055 2920 per
3078 2846 3408 2921 superbiam
3427 2845 3638 2918 jugum

2040 2939 2204 2992 tuum
2216 2936 2306 3007 abj
2319 2936 2572 3003 icientes,
2594 2937 2773 3009 inique
2802 2937 3031 3006 agebant
3051 2952 3445 3009 usquequaque,
3476 2933 3537 2988 id
3554 2933 3641 2987 est

2040 3024 2404 3092 omnimodo,
2438 3028 2495 3080 et
2516 3025 2575 3081 in
2602 3041 2661 3079 se
2710 3027 2767 3083 et
2797 3024 2855 3080 in
2888 3024 3150 3096 proximo
3191 3022 3473 3089 videlicet,
3518 3022 3576 3076 et
3604 3036 3639 3075 a

338 3112 456 3176 tus,
484 3112 585 3166 sed
616 3128 685 3166 ex
719 3112 1049 3181 dilectione,
1085 3093 1220 3185 quia
1248 3130 1317 3169 ea
1342 3114 1508 3168 valde
1526 3111 1717 3169 dilexi.
1733 3114 1801 3168 Et
1819 3130 1938 3169 non
1957 3093 2006 3152 Ο
2038 3115 2165 3186 lege
2186 3116 2285 3169 tua
2301 3113 2653 3185 elongando,
2669 3116 2728 3168 et
2748 3093 3205 3186 mecaaterosque
3236 3112 3434 3167 fideles
3454 3110 3527 3165 ab
3547 3125 3638 3166 ea-

337 3200 530 3255 solum
557 3202 906 3270 meditabar,
940 3203 1037 3258 sed
1067 3210 1113 3257 et
1136 3204 1308 3259 levavi
1344 3219 1534 3256 manus
1567 3219 1729 3270 meas,
1767 3201 1826 3258 id
1855 3204 1942 3257 est

339 3289 610 3357 promovi
644 3291 704 3344 et
726 3288 981 3346 intentas
1009 3291 1117 3346 feci
1145 3291 1476 3346 affectiones
1505 3307 1684 3357 meas,
1703 3291 1773 3345 ad
1791 3308 1941 3345 man-

336 3373 465 3429 data
494 3381 584 3431 tua
614 3379 965 3450 complenda
985 3381 1345 3450 Operatione,
1370 3384 1432 3436 ut
1458 3383 1593 3453 pote
1622 3397 1740 3453 qua:
1758 3380 1938 3447 dilexi,

337 3460 562 3519 scilicet
589 3481 706 3521 non
731 3466 966 3534 invitus,
985 3468 1085 3522 sed
1116 3486 1181 3523 ex
1213 3468 1520 3524 dilectione
1552 3468 1770 3524 dictum
1796 3470 1882 3523 est
1908 3486 1943 3523 a

339 3550 727 3611 similitudine
760 3554 934 3622 illius,
962 3556 1060 3628 qui
1092 3556 1165 3612 ad
1195 3557 1412 3628 aliquid
1437 3557 1799 3629 operandum
1817 3574 1941 3612 ma-

340 3655 448 3693 nus
474 3641 642 3697 levat.
661 3643 744 3697 Et
767 3643 843 3698 sic
868 3643 1046 3700 levavi
1075 3662 1263 3700 manus
1276 3646 1349 3699 ad
1376 3644 1631 3699 mandata
1658 3650 1747 3698 tua
1769 3660 1944 3715 opere

343 3731 709 3800 complenda,
761 3733 918 3804 quod
954 3734 1226 3788 exercebar
1263 3736 1321 3788 in
1348 3733 1841 3805 justi/icationibas,
1886 3732 1945 3788 id

342 3818 428 3871 est
446 3817 503 3874 in
536 3820 827 3876 mandatis
853 3820 964 3877 tuis
983 3839 1111 3893 quae
1136 3823 1524 3895 complebam.
1554 3821 1719 3885 Quod
1749 3825 1835 3876 est
1860 3821 1947 3878 di-

341 3908 645 3963 cere:Cum
662 3926 878 3982 magno
896 3910 1167 3966 exercitio
1187 3910 1546 3983 operationis
1558 3911 1838 3966 mandata
1848 3914 1947 3967 tua

341 4009 518 4065 opere
542 3999 934 4072 coqmplebam,
954 3998 1083 4055 ideo
1096 4015 1207 4072 que
1237 3999 1423 4071 majus
1436 3999 1712 4055 meritum
1730 3998 1942 4059 habeo.

411 4084 544 4140 ΖΜΝ
560 4070 662 4141 diu:
679 4094 727 4142 te
742 4088 829 4142 vel
851 4088 953 4142 huc
972 4070 1409 4159 interpretatur.
1441 4087 1587 4153 Quia
1616 4088 1944 4145 intentione

336 4186 477 4244 ergo
496 4173 754 4233 ﬁdelium
775 4176 1035 4232 collectio
1058 4181 1203 4244 oret,
1222 4176 1283 4232 in
1296 4178 1403 4233 hac
1419 4178 1676 4233 clausula
1696 4176 1946 4249 septima

334 4272 441 4327 per
468 4259 638 4330 hujus
668 4262 821 4317 vocis
850 4263 1401 4337 interpretationem
1434 4266 1765 4322 denotatur.
1799 4266 1944 4321 Cum

2041 3203 2174 3258 dem
2201 3204 2328 3274 lege
2363 3203 2641 3258 devocare
2687 3202 2883 3258 multis
2916 3201 3105 3258 modis
3139 3199 3477 3256 adnitendo.
3516 3199 3636 3270 Ego

2041 3293 2237 3348 autem
2271 3294 2467 3347 tamen
2492 3308 2602 3347 non
2631 3292 2897 3347 declinavi
2940 3309 2973 3344 a
3012 3291 3119 3360 lege
3152 3295 3269 3357 tua,
3312 3304 3515 3346 eorum
3542 3303 3637 3342 ex-

2040 3379 2472 3436 hortationibus
2494 3382 2555 3435 et
2582 3382 2867 3452 exemplo.
2897 3380 3062 3446 Quod
3104 3382 3191 3435 est
3222 3378 3414 3435 dicere
3441 3393 3455 3433 :
3488 3374 3643 3431 Licet

2041 3468 2271 3541 superbi
2299 3468 2494 3541 inique
2516 3474 2780 3541 agerent,
2808 3470 3086 3526 devocare
3113 3484 3206 3525 me
3229 3466 3537 3538 cupiendo,
3566 3467 3645 3520 ta-

2042 3573 2183 3611 men
2216 3557 2297 3612 eis
2317 3573 2436 3611 non
2458 3557 2712 3629 acquievi
2737 3561 2801 3613 ut
2819 3556 3189 3614 declinarem.
3210 3557 3279 3611 Et
3303 3554 3433 3612 ideo
3454 3553 3643 3609 adhuc

2044 3660 2243 3698 memor
2262 3649 2367 3699 esto
2389 3643 2531 3699 verbi
2562 3648 2643 3700 tui
2672 3645 3024 3716 complendi,
3057 3644 3195 3717 quia
3227 3659 3336 3718 ego
3376 3658 3494 3698 non
3523 3644 3640 3696 tra-

2046 3730 2165 3786 didi
2195 3731 2468 3787 oblivioni
2477 3732 2697 3803 judicia
2726 3737 2826 3788 tua
2849 3733 3004 3804 justa
3034 3750 3048 3801 ;
3091 3731 3192 3789 sed
3226 3730 3417 3804 potius
3441 3746 3640 3784 memor

2042 3821 2134 3889 fui
2150 3820 2497 3891 judiciorum
2524 3826 2762 3888 tuorum,
2792 3821 3045 3887 Domine,
3078 3838 3111 3874 a
3138 3819 3349 3885 saeculo,
3373 3817 3433 3873 id
3461 3819 3547 3872 est
3566 3815 3639 3872 ab

2045 3908 2214 3964 initio
2246 3908 2437 3965 saeculi
2477 3911 2925 3983 completorum.
2976 3910 3142 3976 Quod
3179 3910 3268 3965 est
3306 3907 3496 3962 dicere
3528 3921 3541 3959 :
3576 3906 3639 3960 In

2045 3997 2288 4065 perenni
2314 3998 2601 4053 memoria
2623 3997 2796 4054 habui
2819 3998 3066 4072 qualiter
3086 3997 3158 4054 ab
3180 3993 3644 4065 initiosaaculiju-

2045 4083 2144 4137 stis
2163 4084 2394 4156 judiciis
2414 4085 2524 4141 tuis
2550 4088 2779 4142 sanctos
2806 4090 2937 4143 tuos
2966 4086 3143 4142 etiam
3179 4085 3239 4141 in
3278 4084 3387 4139 hac
3406 4081 3523 4137 vita
3546 4098 3639 4138 re-

2046 4174 2459 4241 muneraveris,
2491 4175 2610 4231 Noe
2638 4173 2856 4231 scilicet
2885 4178 2944 4231 et
2961 4174 3271 4241 Abraham,
3305 4174 3364 4228 et
3405 4173 3644 4228 caeteros

2044 4260 2397 4332 bujusmodi.
2412 4261 2487 4317 Et
2508 4263 2638 4318 ideo
2662 4263 2959 4319 consolatus
2976 4280 3115 4330 sum,
3145 4262 3442 4318 conlidens
3465 4258 3641 4315 etiam

339 4344 497 4405 enim
511 4350 639 4402 oret
651 4348 722 4404 dc
733 4350 1942 4422 promissionebeatitudinis,prmtendendo
1966 4373 2018 4432 D
2046 4349 2346 4421 quiajusto
2366 4350 2584 4421 judicio
2607 4368 2702 4409 me
2739 4351 3086 4423 quandoque
3121 4348 3535 4417 remunerabis.
3574 4346 3643 4401 Et

334 4436 545 4496 merita
562 4454 685 4504 sua,
710 4455 781 4493 ea
796 4437 1130 4495 intentione
1153 4440 1309 4507 facit,
1338 4443 1403 4495 ut
1432 4440 1724 4496 auditores
1742 4441 1945 4498 invitet
2043 4436 2176 4493 ideo
2205 4438 2391 4494 adhuc
2418 4438 2662 4510 dignum
2690 4442 2777 4493 est
2802 4441 2863 4492 ut
2879 4454 3018 4509 erga
3035 4453 3129 4493 Ine
3141 4436 3457 4493 memorsis
3481 4433 3640 4492 verbi

340 4523 413 4579 ad
441 4524 1137 4594 banc,omni,intentione
1151 4528 1385 4584 etbona
1404 4528 1743 4599 operatione
1761 4529 1941 4601 suspi-
2042 4524 2149 4591 tui,
2179 4525 2479 4597 quoniam,
2502 4526 2659 4596 quod
2697 4524 3181 4596 perfectissimum
3224 4528 3329 4593 est,
3369 4524 3639 4581 inimicos

338 4628 468 4671 rare
498 4614 899 4683 etintendere,
930 4630 996 4668 ac
1019 4614 1065 4669 si
1096 4614 1251 4670 dicat
1278 4632 1292 4670 :
1322 4615 1404 4670 Tu
1434 4614 1762 4688 quicunque
1793 4617 1943 4672 bene
2045 4611 2245 4683 diligO,
2280 4616 2338 4667 et
2367 4613 2512 4668 adeo
2571 4612 2726 4684 quod
2772 4613 2993 4682 defectio
3044 4616 3212 4670 tenuit
3263 4630 3346 4669 me
3371 4631 3476 4685 pro
3500 4611 3639 4685 ipsis

340 4701 615 4771 operaris,
636 4702 748 4757 huc
768 4702 1004 4769 intende
1031 4702 1105 4757 ad
1127 4704 1281 4775 quod
1299 4702 1548 4759 intendo
1570 4704 1644 4759 ad
1660 4706 1943 4760 mter-nam
2043 4698 2294 4755 inimicis
2309 4700 2677 4771 peccatoribus
2697 4700 3088 4758 existentibus.
3123 4702 3288 4768 Quod
3301 4703 3385 4756 est
3409 4700 3634 4755 dicere:

336 4789 783 4863 beatitudinem,
815 4789 1033 4845 scilicet
1063 4791 1342 4863 quidquid
1368 4791 1506 4847 boni
1536 4791 1728 4859 facies,
1757 4792 1943 4848 inten-

334 4876 493 4931 tione
504 4877 675 4948 hujus
690 4878 1061 4933 beatitudinis
1077 4879 1166 4933 adi
1175 4879 1461 4951 piscendze
1474 4879 1790 4947 facias,non
1812 4897 1941 4953 pro-

332 4964 528 5021 favore
546 4965 874 5021 hominum.
909 4966 967 5022 Si
984 4971 1181 5023 autem
1212 4971 1486 5025 notemus
1505 4954 1638 5040 48
1658 4954 1676 5040 ι
1697 4986 1829 5024 eam
1847 4969 1935 5025 in-

335 5052 815 5126 terpretationem
847 5072 975 5126 qua:
1007 5058 1112 5121 est,
1138 5055 1241 5110 duc
1275 5063 1325 5110 te
1365 5072 1378 5110 :
1418 5056 1573 5112 idem
1603 5058 1772 5122 valet,
1800 5073 1865 5112 ac
1889 5056 1936 5114 si

333 5141 485 5196 dicat
521 5158 533 5195 :
560 5141 642 5196 Tu
668 5142 998 5215 quicunque
1029 5143 1214 5198 fidelis
1233 5144 1332 5216 qui
1354 5146 1501 5199 bene
1528 5144 1934 5217 operaris,duc

333 5232 390 5284 te
420 5228 743 5286 intentione
774 5234 872 5287 tua
898 5231 974 5287 ad
1005 5232 1136 5299 hoc,
1169 5232 1243 5286 ad
1263 5232 1420 5304 quod
1435 5233 1656 5289 orando
1676 5250 1770 5289 me
1789 5233 1934 5289 duco

333 5319 392 5373 et
402 5317 1096 5391 benejoperando,scilicet
1108 5321 1179 5376 ad
1194 5320 1933 5381 aeternambeatitudinem.

401 5404 615 5461 Memor
642 5414 747 5461 esto
772 5408 931 5473 verbi,
957 5411 1067 5464 etc.
1095 5407 1262 5473 Quasi
1291 5408 1507 5464 diceret
1534 5426 1546 5465 :
1573 5409 1716 5477 Dixi,
1740 5410 1936 5467 Domi-

334 5510 430 5561 ne,
464 5494 622 5568 quod
658 5495 1004 5552 ambulabam
1046 5499 1110 5553 in
1151 5498 1455 5562 latitudine,
1494 5505 1545 5553 et
1586 5498 1835 5571 loquebar
1875 5500 1938 5553 in

332 5583 645 5639 testimoniis
692 5587 795 5640 tuis
833 5602 846 5642 :
888 5592 939 5640 et
990 5586 1149 5658 quod
1202 5587 1498 5643 meditabar
1554 5589 1610 5642 in
1666 5586 1939 5645 mandatis

2043 4787 2232 4843 Nimia
2271 4787 2506 4845 tristitia
2562 4789 2860 4860 occupavit
2920 4807 3014 4847 me
3058 4806 3161 4862 pro
3209 4787 3457 4845 inimicis
3492 4785 3637 4841 meis

2039 4876 2454 4949 peccatoribus,
2486 4894 2614 4949 qua:
2645 4879 2808 4932 tanta
2834 4881 2920 4933 est
2951 4881 3011 4933 ut
3040 4877 3174 4933 inde
3186 4879 3337 4932 totus
3352 4875 3412 4930 in
3436 4873 3634 4930 anima

2038 4965 2332 5021 tabescam
2365 4968 2424 5020 et
2455 4965 2750 5023 deliciam.
2779 4967 3031 5039 Ideoque
3060 4963 3304 5020 defectio
3336 4962 3561 5019 dicitur.

2109 5054 2219 5109 Pro
2240 5053 2657 5125 peccatoribus,
2688 5054 2948 5128 inquam,
2973 5052 3450 5126 derelinquenlibus
3470 5051 3633 5121 legem

2041 5148 2214 5200 tuam.
2248 5143 2415 5209 Quod
2444 5146 2530 5198 est
2561 5141 2755 5199 dicere
2791 5161 2803 5199 :
2835 5143 2969 5199 Ideo
3000 5158 3106 5216 pro
3137 5140 3219 5198 eis
3246 5139 3631 5198 defectionem

2035 5232 2248 5303 patior,
2264 5231 2396 5303 quia
2417 5232 2607 5304 legem
2628 5234 2787 5287 tuam
2803 5231 3237 5308 derelinquunt,
3258 5246 3377 5287 non
3393 5228 3530 5302 quia
3539 5245 3634 5285 me

2037 5321 2493 5391 persequuntur.
2525 5319 2595 5373 Et
2622 5318 2752 5376 ideo
2792 5318 2983 5375 adhuc
3019 5333 3217 5375 memor
3238 5322 3348 5375 esto
3367 5316 3513 5372 verbi
3531 5318 3631 5387 tui,

2037 5408 2175 5481 quia
2201 5425 2318 5464 non
2356 5409 2545 5465 solum
2574 5424 2706 5464 cum
2732 5406 2948 5478 superbi
2963 5411 3143 5481 inique
3163 5405 3411 5476 agebant,
3426 5404 3635 5462 nonde-

2038 5498 2235 5553 elinavi
2254 5514 2288 5551 a
2320 5496 2432 5568 lege
2459 5501 2581 5564 tua,
2612 5496 2713 5552 sed
2739 5500 2798 5554 et
2825 5497 3119 5557 mutabiles
3150 5495 3284 5552 mihi
3306 5502 3455 5551 erant
3471 5495 3637 5567 justi-

2040 5589 2311 5658 ﬁcatioaes
2339 5594 2467 5657 tua,
2492 5586 2553 5643 id
2579 5587 2664 5641 est
2691 5585 3073 5644 delectabilia
3101 5582 3248 5640 mihi
3275 5587 3439 5640 erant
3474 5599 3645 5639 man-
