3966 6034
468 159 494 186 1

387 310 526 378 1275

991 318 1030 381 S
1096 315 1437 384 BRUNONIS
1473 320 2106 383 CARTHUSIANORUM
2138 320 2608 383 lNSTlTUTORlS
2647 324 2803 385 OPP.
2847 324 3024 386 PARS
3062 326 3083 385 Ῑ

3552 314 3698 387 ιῖῖὸ

385 441 521 501 data
540 444 638 503 tua
663 445 736 506 ad
768 446 1008 510 modum
1034 450 1123 511 rei
1165 471 1292 531 quae
1322 471 1390 515 ex
1421 454 1798 515 delectatione
1845 471 1980 512 can-
2003 457 2057 519 Α
2081 448 2207 507 aliis
2226 450 2430 525 spretis
2448 456 2506 509 et
2526 453 2747 510 tantam
2763 468 2887 509 rem
2904 453 3147 510 electam
3173 452 3364 527 aliqua
3382 452 3695 512 occasione

382 534 556 590 tatur.
592 536 756 601 Quod
800 544 886 596 est
934 541 1124 600 dicere
1166 561 1179 599 :
1229 546 1594 603 Delectabilia
1642 546 1783 602 mihi
1815 547 1981 601 erant

380 626 670 695 praecepta
701 628 818 695 tua,
847 646 975 700 quae
996 630 1153 702 justa
1182 638 1333 689 sunt.
1365 633 1688 702 Cantabiles,
1719 635 1977 707 inquam,

379 710 517 762 mihi
532 706 702 781 erant,
729 719 787 770 et
816 718 922 772 hoc
955 721 1011 773 in
1035 720 1144 775 loco
1163 725 1605 793 peregrinationis
1632 741 1780 789 mea,
1804 706 1866 777 id
1896 724 1981 776 est

383 796 441 853 in
466 800 573 857 hac
604 802 717 859 vita
745 804 805 860 in
836 823 949 879 qua
969 810 1309 881 peregrinor
1338 828 1371 865 a
1396 813 1599 884 patria,
1650 829 1776 884 quae
1814 828 1979 884 pere-

382 887 632 957 grinatio
645 911 777 950 mea
795 899 899 963 est,
924 915 1099 969 quam
1120 899 1260 954 mihi
1283 900 1401 971 ipse
1421 901 1708 972 peccando
1723 902 1779 957 in
1798 900 1980 954 Adam

381 979 599 1048 paravi.
634 982 742 1037 Per
766 984 875 1040 hoc
922 986 1193 1042 meritum
1231 992 1589 1060 augmentat,
1622 1006 1687 1045 ac
1731 990 1774 1045 si
1808 989 1985 1044 dicat.

382 1066 568 1124 Adam
595 1085 727 1126 cum
756 1088 870 1127 non
893 1075 1107 1130 essetin
1124 1077 1613 1150 peregrinatione,
1863 1095 1979 1133 non

379 1154 580 1210 habuit
605 1163 889 1231 prmcepta
924 1164 1020 1216 tua
1054 1163 1309 1234 jucunda
1339 1168 1398 1220 et
1428 1165 1806 1235 delectabilia,
1837 1164 1981 1220 mihi

380 1245 575 1298 autem
606 1244 666 1300 in
697 1249 1165 1322 peregrinatione
1206 1252 1391 1324 posito
1429 1253 1785 1308 delectabilia
1825 1257 1978 1308 sunt.

378 1330 512 1387 Ideo
541 1350 772 1409 quoque
818 1357 1016 1393 memor
1064 1347 1168 1395 esto
1222 1343 1366 1398 verbi
1408 1345 1507 1411 tui,
1550 1342 1826 1414 quoniam
1872 1360 1979 1414 ego

379 1436 581 1477 memor
606 1425 700 1493 fui
722 1435 872 1482 nocte
896 1433 1126 1485 nominis
1148 1434 1244 1499 tui,
1278 1432 1523 1499 Domine,
1552 1432 1610 1487 id
1639 1436 1723 1487 est
1750 1432 1806 1486 in
1840 1434 1981 1489 tem-

381 1525 522 1580 pore
554 1516 861 1584 nocturno,
893 1517 952 1572 in
986 1535 1099 1591 quo
1127 1519 1426 1592 estquietis
1446 1522 1691 1592 tempus,
1712 1521 1841 1576 etin
1865 1538 1978 1594 quo

384 1602 779 1675 suggestiones
811 1607 1019 1665 illicitae
1050 1609 1335 1683 preecipue
1366 1612 1553 1666 solent
1582 1608 1847 1676 suboriri,
1872 1627 1977 1664 me-

386 1706 501 1743 mor
522 1692 613 1761 fui
637 1696 863 1749 nominis
891 1699 989 1764 tui,
1019 1697 1232 1753 scilicet
1264 1701 1323 1753 ut
1349 1698 1980 1770 suggestionesillicitas

2080 541 2298 612 peccati
2320 541 2589 597 amittere
2607 542 2806 597 timeo.
2832 541 3042 598 Etideo
3073 543 3259 598 adhuc
3272 542 3395 598 doce
3418 559 3519 609 me,
3547 542 3692 616 quia

2080 645 2195 684 non
2222 631 2406 685 solum
2430 634 2486 685 te
2507 631 2837 703 portionem
2867 632 3013 701 elegi
3041 648 3054 698 ;
3087 630 3189 686 sed
3242 635 3301 686 ut
3338 635 3395 686 te
3433 632 3689 687 electum

2080 718 2447 789 adipiscerer,
2462 719 2650 774 dixiin
2671 720 2865 788 corde,
2885 719 3037 773 idest
3057 719 3494 773 statuimstodire
3516 719 3689 789 legem

2081 810 2250 874 tuam,
2284 806 2341 861 id
2369 811 2449 861 est
2478 809 2768 881 complere
2782 810 3086 879 praecepta.
3108 807 3174 860 Et
3198 824 3313 863 non
3337 809 3523 862 solum
3548 809 3689 869 hoc,

2080 895 2180 949 sed
2214 896 2390 950 etiam
2419 897 2729 968 deprecatus
2766 914 2883 951 sum
2915 899 2970 950 in
3001 903 3107 951 toto
3150 896 3302 950 corde
3338 913 3470 963 meo,
3500 896 3561 950 id
3600 900 3691 951 est

2081 981 2141 1035 in
2176 985 2299 1036 tota
2325 983 2631 1038 atfeetione
2655 983 2844 1038 cordis
2872 983 2985 1039 mei
3018 983 3254 1054 adipisci
3291 985 3487 1054 faciem
3532 990 3689 1040 tuam

2080 1069 2138 1124 in
2170 1070 2389 1138 futuro,
2425 1070 2483 1126 id
2505 1075 2590 1126 est
2618 1072 2988 1144 priesentiam
3021 1075 3078 1126 et
3122 1072 3445 1145 plenariam
3476 1072 3558 1128 tui
3587 1090 3688 1128 co-

2079 1158 2427 1229 gnitionem,
2470 1177 2597 1232 quis
2645 1163 2731 1216 est
2769 1177 3000 1216 summa
3036 1160 3352 1217 beatitudo.
3403 1162 3501 1217 Vel
3549 1162 3628 1216 sic
3670 1179 3684 1217 :

2079 1248 2406 1317 Deprecatus
2435 1267 2552 1302 sum
2580 1249 2814 1322 adipisci
2840 1251 3035 1320 faciem
3061 1254 3232 1317 tuam,
3255 1253 3311 1304 et
3347 1251 3453 1305 hoc
3483 1251 3545 1306 in
3578 1258 3691 1305 toto

2079 1336 2232 1389 corde
2260 1352 2392 1402 meo,
2427 1337 2484 1391 id
2518 1341 2603 1391 est
2632 1341 2695 1391 ut
2726 1342 2781 1392 te
2803 1340 2924 1393 toto
2952 1339 3125 1393 corde
3152 1338 3211 1392 in
3246 1339 3439 1394 futuro
3466 1355 3687 1411 cogno-

2079 1441 2261 1490 scam,
2281 1427 2337 1480 et
2358 1425 2582 1481 videam
2616 1430 2737 1481 toto
2768 1427 2941 1482 corde
2968 1426 3069 1482 tibi
3102 1427 3373 1496 intentus,
3405 1445 3526 1500 non
3559 1444 3692 1500 par-

2082 1511 2187 1566 tim
2210 1514 2577 1569 swcularibus
2607 1518 2667 1569 ut
2695 1532 2865 1569 nunc.
2899 1515 3228 1586 Deprecatus
3251 1498 3688 1588 sum,'inquam,

2080 1600 2275 1655 dicens
2302 1600 2379 1656 sic
2411 1618 2423 1656 :
2460 1602 2503 1657 Ο
2530 1603 2797 1666 Domine,
2818 1606 3058 1659 miserere
3080 1604 3272 1673 mei,id
3300 1608 3404 1671 est,
3429 1621 3495 1659 ex
3524 1604 3693 1659 mise-

2080 1688 2329 1744 ricordia
2358 1694 2456 1745 tua
2490 1691 2635 1746 mihi
2666 1692 2739 1746 da
2765 1692 2973 1747 faciem
3018 1696 3199 1759 tuam,
3249 1693 3533 1748 secundum
3585 1694 3693 1747 elo-

385 1778 1059 1850 evadcrem,memorans
1081 1788 1135 1840 ιο
1170 1786 1480 1842 Dominum
1516 1804 1634 1842 esse
1663 1789 1723 1842 et
1748 1788 1979 1843 Cmam.
2006 1771 2058 1831 Β
2080 1780 2263 1849 quium
2281 1785 2452 1845 tuum,
2487 1779 2543 1833 id
2574 1783 2660 1834 est
2689 1781 3004 1836 secundum
3054 1781 3209 1854 quod
3247 1781 3555 1855 promisisti
3582 1797 3694 1853 per

383 1881 511 1921 rem
542 1871 599 1922 et
621 1868 1390 1941 inobcdientium'ultorem,
1414 1877 1496 1931 vel
1529 1878 1583 1929 in
1608 1882 1774 1941 nocte,
1810 1875 1866 1930 id
1898 1878 1983 1931 est

383 1952 443 2007 in
478 1958 739 2028 tempore
761 1960 1138 2027 adversitatis,
1156 1963 1213 2017 in
1229 1980 1341 2035 quo
1357 1966 1545 2034 potest
1570 1981 1689 2019 esse
1707 1963 1979 2030 defectus,

386 2056 585 2100 memor
598 2045 691 2116 fui
707 2050 935 2104 nominis
962 2052 1064 2118 tui,
1084 2050 1336 2105 Domine.
1369 2051 1445 2105 Et
1469 2067 1575 2123 per
1604 2052 1711 2106 hoc
1738 2068 1853 2106 non
1881 2052 1980 2106 de-

383 2128 519 2200 feci;
554 2134 653 2189 sed
684 2138 944 2193 custodivi
967 2139 1129 2209 legem
1162 2146 1329 2207 tuam,
1364 2139 1423 2195 id
1453 2142 1537 2194 est
1557 2143 1845 2212 praecepta
1863 2142 1979 2208 tua,

381 2236 453 2275 ne
484 2237 552 2277 ea
580 2224 1036 2298 transgrederer.
1096 2228 1359 2283 Ostendit
1407 2231 1602 2284 autem
1639 2228 1711 2283 ad
1757 2229 1982 2300 pondus

378 2309 595 2379 meriti,
609 2315 667 2367 et
684 2313 756 2367 ad
774 2317 1100 2387 exemplum
1116 2316 1454 2371 humilitatis
1465 2317 1615 2371 hanc
1634 2316 1981 2372 memoriam

380 2414 439 2452 se
462 2416 579 2454 non
606 2401 869 2458 habuisse
899 2421 966 2460 ex
996 2422 1075 2473 se,
1107 2422 1239 2460 cum
1293 2406 1430 2460 dicit
1458 2422 1471 2460 :
1501 2405 1713 2459 Memor
1746 2407 1859 2476 fui,
1891 2406 1979 2460 in-

381 2502 579 2558 quam.
611 2488 748 2544 Haec
770 2494 964 2547 autem
997 2493 1280 2548 memoria
1310 2510 1426 2548 non
1457 2509 1522 2547 ex
1571 2511 1665 2548 me
1697 2494 1839 2561 fuit;
1881 2493 1982 2548 sed

381 2573 534 2643 facta
549 2583 622 2631 est
644 2579 779 2632 mihi
798 2597 831 2634 a
858 2582 932 2634 te.
962 2582 1029 2636 Et
1054 2581 1187 2636 inde
1213 2582 1363 2636 facta
1406 2583 1511 2649 est,
1557 2583 1684 2653 quia
1704 2582 1978 2651 justi/ica-

387 2665 550 2719 tiones
580 2670 701 2722 tuas
722 2670 997 2741 exquisivi,
1029 2669 1088 2724 id
1114 2672 1199 2725 est
1243 2669 1518 2725 mandata
1542 2672 1641 2723 tua
1665 2669 1982 2741 justiflcan-

379 2751 461 2808 tia
490 2769 558 2808 ex
588 2756 858 2811 omnibus
887 2758 1057 2813 rebus
1087 2758 1210 2813 aliis
1239 2760 1474 2830 quasivi,
1507 2757 1565 2813 id
1586 2760 1671 2813 est
1700 2757 1983 2829 elegi.No-

380 2841 622 2897 tandum
642 2845 797 2915 quod
810 2862 927 2900 non
940 2846 1258 2918 incongrue
1272 2846 1400 2900 huic
1405 2846 1530 2917 jam
1544 2845 1812 2918 expositas
1827 2846 1977 2901 elau~

2083 1866 2425 1937 prophetam
2442 1867 2693 1922 dicensm
2712 1868 2923 1923 Omnes
2940 1874 3285 1939 cognoscent
3300 1886 3393 1924 me
3409 1887 3443 1924 a
3458 1870 3693 1924 minore

2081 1970 2259 2025 usque
2290 1954 2361 2008 ad
2395 1957 2714 2011 maximum
2744 1957 2877 2028 (Jer.
2913 1974 3058 2023 χχχι,
3091 1957 3201 2030 34).
3252 1980 3279 2006 υ
3322 1958 3456 2013 Ideo
3497 1958 3689 2013 adhuc

2080 2041 2316 2109 det-eme,
2335 2041 2597 2114 quianon
2624 2047 2808 2099 solum
2825 2046 2992 2099 statui
3010 2045 3268 2100 custodire
3308 2046 3479 2114 legem
3509 2053 3687 2111 tuam,

2082 2131 2181 2186 sed
2225 2131 2399 2186 etiam
2456 2135 2686 2202 cogitavi
2732 2137 2845 2190 vias
2875 2151 3038 2201 meas,
3080 2134 3139 2189 id
3177 2139 3262 2189 est
3290 2152 3421 2190 cum
3452 2152 3690 2190 summa

2083 2219 2466 2276 meditatione
2488 2221 2795 2293 perquisivi
2818 2240 2945 2295 quas
2978 2224 3167 2277 essent
3198 2221 3300 2277 vite
3327 2240 3499 2290 more,
3518 2223 3578 2277 id
3597 2227 3688 2277 est

2081 2306 2183 2361 vim
2202 2307 2343 2362 mihi
2373 2309 2666 2381 utiles,pcr
2682 2328 2824 2383 quas
2860 2311 2933 2365 ad
2977 2314 3031 2365 te
3062 2310 3479 2383 pertingerem.
3506 2312 3585 2367 Et
3604 2311 3688 2365 sic

2082 2395 2318 2450 tandem
2342 2397 2414 2451 ab
2446 2398 2715 2452 omnibus
2733 2398 3047 2454 mundanis
3068 2400 3415 2470 contemptis
3452 2402 3695 2454 converti

2070 2482 2229 2552 pedes
2250 2501 2387 2538 meos
2400 2487 2455 2538 in
2470 2487 2770 2540 testimonia
2796 2486 2969 2554 tua,id
2980 2490 3065 2541 est
3086 2486 3339 2541 converti
3354 2487 3687 2542 affectiones

2080 2586 2240 2624 meas
2260 2572 2317 2626 in
2347 2578 2636 2646 praecepta
2658 2579 2774 2642 tua,
2810 2592 2936 2648 quas
2960 2575 3104 2630 mihi
3134 2575 3237 2630 via:
3273 2580 3406 2630 sunt
3443 2577 3517 2631 ad
3546 2580 3619 2643 te,
3650 2593 3686 2632 ει

2080 2658 2453 2715 similitudine
2478 2661 2629 2717 illius
2655 2663 2797 2734 quia
2815 2667 3077 2719 tortuosa
3094 2664 3185 2718 via
3213 2664 3271 2718 in
3293 2667 3512 2719 rectam
3530 2664 3684 2720 viam

2080 2747 2256 2817 pedes
2294 2749 2595 2804 convertit.
2633 2753 2740 2806 Per
2765 2752 2873 2806 hoc
2899 2755 3097 2807 autem
3126 2752 3280 2824 quod
3320 2755 3437 2808 vias
3484 2737 3683 2825 483

2078 2852 2221 2890 meas
2235 2839 2490 2907 cogitavi,
2526 2844 2754 2910 paratus
2783 2857 2899 2894 sum
2929 2841 3002 2895 ad
3031 2840 3417 2896 resistendum
3441 2842 3681 2897 viriliter

379 2930 896 2988 ευιωίηερτῑδειυτ,
914 2935 1082 3001 gain,
1120 2951 1245 3007 qua,
1284 2933 1531 3006 septima
1557 2937 1642 2989 05L
1678 2934 1737 2989 in
1775 2934 1979 2990 ordine
2078 2924 2338 2980 hostibus
2357 2930 2415 2981 et
2439 2927 2809 2984 interioribus
2835 2933 2894 2984 et
2923 2929 3323 2995 exterioribus,
3347 2938 3397 2984 et
3416 2929 3494 2985 sic
3526 2930 3683 3003 quod

379 3017 690 3088 alphabeti,
719 3023 781 3075 ut
811 3022 1073 3077 videlicet
1107 3038 1211 3094 per
1251 3039 1560 3077 numerum
1590 3022 1974 3094 septempij
2001 3048 2048 3107 Ο
2079 3029 2183 3107 non
2208 3031 2327 3067 sum
2351 3016 2590 3071 turbatus
2616 3016 2975 3088 aliquatenus
3005 3018 3078 3074 ab
3124 3018 3261 3088 ipsis
3303 3019 3581 3075 hostibus.
3613 3020 3686 3073 Et

382 3106 712 3177 deuoretur,
732 3112 888 3184 quod
907 3111 966 3166 in
990 3112 1095 3167 hac
1118 3113 1368 3168 clausula
1407 3112 1479 3167 de
1512 3112 1707 3184 quiete
1747 3116 1979 3177 ωιθωω
2009 3102 2048 3107 ’
2081 3102 2224 3157 adeo
2244 3110 2474 3173 paratus
2504 3123 2623 3159 sum
2654 3113 2711 3160 ut
2740 3108 3036 3161 custodiam
3069 3108 3323 3162 mandata
3356 3115 3469 3175 tua,
3502 3125 3680 3181 opere

376 3193 749 3254 beatitudinis
778 3204 994 3269 oratur,
1036 3216 1168 3256 cum
1218 3201 1355 3256 dicit
1395 3218 1407 3255 :
1439 3200 1649 3255 Memor
1695 3208 1820 3270 esto,
1853 3219 1979 3273 quas
2079 3192 2448 3262 θυωΡῘουίίο·
2473 3194 2697 3249 Diceret
2726 3195 2932 3267 ειιίιιιιὶε
2961 3213 2973 3249 ³
3009 3196 3156 3251 Diels
3185 3200 3238 3252 ιθ
3271 3213 3387 3252 non
3410 3213 3530 3250 (⁵⁸⁵⁸
3557 3200 3681 3251 tm"

378 3297 483 3352 per
509 3302 815 3342 numerum
840 3289 1228 3359 εθριθηωιίωη
1252 3288 1609 3360 intelligitur,
1644 3305 1711 3342 ρο
1743 3289 1897 3360 quod
1919 3288 1978 3343 in
2078 3277 2303 3333 batum.
2335 3281 2536 3335 Fuitne
2570 3283 2730 3337 locus
2756 3283 3101 3339 turbationis
3131 3284 3158 3338 ?
3184 3285 3271 3339 Ad
3303 3285 3457 3356 quod
3487 3284 3563 3338 sic
3592 3303 3685 3339 re-

381 3367 473 3422 die
500 3372 747 3444 septima
769 3374 908 3430 Deus
937 3375 1214 3448 quievisse
1240 3375 1468 3448 legitur,
1501 3379 1559 3431 et
1588 3374 1646 3430 in
1678 3376 1769 3430 die
1804 3376 1976 3448 septi-
2076 3368 2324 3437 εροηᾶθι
2352 3385 2364 3423 ε
2396 3370 2520 3424 Fuit
2543 3371 2760 3443 utique.
2794 3371 2975 3427 Funes
3000 3372 3154 3427 enim
3191 3381 3531 3444 peccaturum
3568 3374 3679 3428 cir-

372 3457 550 3513 ‘main
580 3460 705 3532 lege
740 3463 916 3517 veteri
948 3463 1107 3537 quies
1153 3464 1351 3520 haberi
1395 3463 1835 3537 praecipiebatur
1878 3482 1981 3537 per
2077 3456 2345 3527 συνηριθπὶ
2357 3464 2479 3512 sunt
2504 3477 2604 3527 me,
2634 3460 2689 3514 id
2722 3463 2807 3514 est
2836 3459 3014 3516 fortes
3045 3461 3232 3533 laquei
3266 3461 3362 3533 qui
3385 3462 3684 3517 solentho—

379 3561 555 3618 quam
590 3549 750 3621 quies
779 3554 998 3607 meum
1038 3553 1535 3625 prmignabamn.
2080 3543 2264 3598 mines
2286 3545 2357 3600 ad
2385 3551 2619 3618 peccata
2646 3550 2894 3618 trahere,
2929 3549 3505 3606 circumvallaverunt
3525 3553 3584 3605 ut
3605 3552 3683 3605 ad

361 3702 367 3709 ἡ
450 3634 802 3709 Hsrn,paoor
823 3638 1249 3713 interpretatur.
1283 3641 1418 3705 Quae
1447 3640 1723 3697 nimirum
1753 3658 1869 3696 non
1895 3642 1977 3697 iL-
2081 3635 2312 3700 1)εοοᾶιᾶ
2336 3650 2429 3689 me
2460 3636 2779 3693 traherelll-
2803 3640 2881 3693 Et
2912 3641 3127 3695 ιδῐηθη)
3177 3639 3339 3708 legem
3381 3645 3527 3693 ίιιωη
3574 3655 3681 3692 ηοη

370 3723 789 3801 δοηνθιιὶθηίθν
817 3731 1029 3785 octavos
1050 3730 1315 3785 clausulas
1366 3730 1614 3785 versibus
1646 3729 1865 3785 octonis
1892 3730 1976 3785 ins

2080 3736 2195 3774 sum
2240 3723 2451 3790 oblitus,
2480 3728 2541 3781 ut
2592 3726 2648 3780 in
2700 3730 2934 3798 peccata
2962 3727 3317 3782 detraherer.
3368 3728 3550 3781 Funes
3576 3743 3686 3798 pro

377 3811 672 3883 scribitur;
702 3815 759 3870 in
789 3834 903 3890 qua
954 3817 1211 3873 fidelium
1260 3817 1520 3874 collectio
1566 3822 1716 3885 orat,
1746 3821 1808 3873 ut
1846 3835 1977 3874 eam
2078 3807 2319 3864 fOI‘libus
2348 3812 2566 3884 laqueis
2596 3815 2779 3886 ponit,
2827 3831 2895 3869 eo
2927 3816 3082 3888 quod
3128 3833 3193 3870 ex
3246 3816 3478 3871 funibus
3506 3816 3690 3872 fortes

379 3900 527 3955 Deus
544 3902 745 3959 deceat
764 3904 1205 3975 justificationes
1234 3924 1385 3974 suas,
1408 3907 1828 3978 prastendendo
1858 3908 1979 3977 plu-
2077 3898 2267 3969 laquei
2298 3900 2461 3969 flant,
2496 3903 2569 3957 ad
2601 3904 2750 3958 feras
2781 3904 3193 3976 illaqueandas.
3216 3905 3400 3959 Funes
3424 3906 3691 3977 peccato-

375 4002 468 4042 res
487 4004 685 4045 causas
705 3991 911 4063 quibus
943 3994 1052 4049 ιιοο
1070 3998 1422 4066 “sequatur,
1462 3996 1577 4050 Hoc
1620 3998 1815 4049 autem
1846 3994 1976 4050 ideo
2077 4001 2207 4041 rum
2229 3992 2394 4044 vorat
2418 4007 2510 4046 res
2542 3990 2665 4047 illas
2695 3991 2902 4064 quibus
2929 3993 3118 4047 solent
3144 3992 3412 4074 homines
3439 3992 3511 4047 ad
3541 4008 3678 4062 pec-

378 4090 546 4130 orare
576 4077 1001 4152 denotaturper
1019 4082 1187 4149 Heth,
1212 4082 1970 4154 quaspavorinterpretatur,
2078 4077 2206 4130 Gala
2234 4078 2406 4145 trahi,
2440 4082 2501 4133 ut
2530 4097 2734 4135 aurum
2766 4083 2825 4135 et
2854 4084 3162 4152 argentum
3186 4082 3259 4137 ad
3285 4081 3605 4147 Marium],
3623 4083 3689 4136 et

377 4162 515 4232 quia
540 4180 668 4220 cum
685 4166 812 4237 jam
842 4166 902 4222 in
942 4171 1170 4224 tantum
1207 4170 1502 4242 dignitatis
1546 4171 1885 4237 ascenderit,
1921 4175 1981 4226 ut
2076 4161 2333 4220 formosa
2364 4168 2575 4223 mulier
2594 4169 2770 4224 trahit
2793 4169 2866 4224 ad
2892 4169 3224 4224 libidinem.

376 4246 435 4304 in
464 4253 852 4324 superioribus
865 4256 1127 4312 clausulis
1145 4261 1437 4314 ostensum
1466 4261 1573 4325 est,
1604 4261 1771 4329 pavet
1803 4275 1874 4313 ne
1907 4259 1978 4317 ab
2004 4317 2049 4329 _
2148 4253 2290 4309 Vere
2321 4273 2427 4310 non
2456 4274 2573 4312 sum
2612 4258 2809 4313 oblitus
2845 4259 3005 4329 legem
3038 4266 3226 4324 tuam;
3260 4258 3361 4313 sed
3410 4258 3469 4314 in
3508 4257 3683 4313 media

377 4337 486 4393 hac
516 4340 817 4398 altitudine
848 4343 1038 4417 aliquo
1062 4346 1237 4401 modo
1260 4347 1508 4414 decidat,
1536 4350 1593 4402 et
1614 4347 1784 4417 hujus
1804 4362 1976 4417 pavo-
2003 4337 2056 4376 υ
2078 4347 2246 4409 nocte,
2262 4342 2321 4398 id
2346 4348 2431 4399 est
2451 4345 2509 4400 in
2533 4346 2730 4402 medio
2756 4347 3021 4402 nocturni
3042 4346 3340 4419 temporis,
3371 4347 3428 4401 in
3452 4364 3568 4419 quo
3596 4351 3687 4401 est

378 4425 456 4480 ris
481 4428 778 4484 occasione
808 4432 1112 4504 tantopere
1143 4436 1295 4491 orat.
1326 4457 1353 4484 ‹‹
1384 4435 1588 4488 Beatus
1610 4433 1768 4488 enim
1798 4434 1976 4489 homo
2078 4429 2234 4485 locus
2260 4432 2487 4503 quietis,
2512 4435 2639 4489 etin
2655 4453 2768 4507 quo
2786 4436 3031 4490 multum
3060 4435 3682 4507 suggestionesillicitze

378 4514 476 4585 qui
506 4531 736 4590 semper
766 4523 849 4573 est
886 4520 1123 4591 pavidus
1152 4523 1341 4589 (Prov.
1367 4538 1557 4590 xxvm,
1592 4522 1699 4592 14).
1735 4544 1763 4570 »
2077 4518 2263 4575 solent
2288 4522 2553 4590 suboriri,
2590 4524 2868 4593 surgebam
2895 4524 2965 4577 ad
2997 4524 3357 4580 conﬁtendum
3386 4524 3507 4589 tibi,
3522 4522 3577 4577 id
3596 4524 3685 4576 est

447 4602 637 4658 Portio
663 4622 801 4671 mea,
818 4607 1072 4676 Domine,
1107 4613 1215 4665 etc.
1251 4611 1377 4666 llam
1410 4609 1742 4666 omniafere
1773 4611 1977 4683 quiein
2077 4606 2150 4660 ad
2172 4608 2525 4665 laudandum
2542 4614 2617 4679 te,
2637 4611 2909 4666 fundatus
2925 4628 3083 4683 super
3089 4612 3322 4682 judicza,
3346 4611 3403 4665 id
3416 4614 3685 4683 estsuper

366 4690 485 4746 hac
519 4694 767 4750 clausula
808 4697 1121 4766 habentur,
1166 4698 1491 4772 praepositas
1524 4715 1709 4754 causse
1739 4702 1871 4755 sunt
1904 4700 1977 4754 ad
2077 4703 2368 4777 praecepta
2385 4700 2786 4770 justi/icationis
2816 4709 3063 4772 tuae,per
3094 4717 3223 4772 quin
3255 4700 3517 4755 videlicet
3546 4700 3682 4753 ohe-

380 4780 702 4838 orationem
727 4802 854 4857 quae
872 4786 931 4840 in
945 4786 1059 4840 fine
1081 4786 1288 4857 psalmi
1318 4786 1507 4858 posita
1536 4789 1640 4855 est,
1672 4787 1769 4842 ubi
1793 4786 1928 4842 dicit
1960 4806 1972 4843 :
2079 4790 2308 4845 dientes
2334 4787 2435 4842 tibi
2467 4788 2768 4858 justificas.
2804 4788 2969 4852 Quod
2999 4793 3085 4843 est
3115 4788 3303 4843 dicere
3336 4806 3352 4842 :
3381 4788 3462 4842 Ne
3483 4804 3686 4859 sugge-

376 4866 520 4921 Doce
544 4886 624 4923 me
631 4871 1044 4941 justi/icatioues
1065 4880 1202 4938 tuas;
1224 4888 1351 4946 quas
1377 4874 1455 4928 sic
1476 4873 1711 4945 quidem
1741 4875 1976 4947 adapta-
2078 4878 2291 4933 stiones
2334 4875 2547 4931 illicita:
2590 4892 2685 4931 me
2727 4894 2760 4932 a
2805 4876 3097 4931 mandatis
3137 4876 3247 4930 tuis
3298 4877 3682 4941 retraherent,

378 4958 490 5013 tur.
522 4957 711 5026 Oravi,
735 4961 999 5029 Domine,
1023 4977 1223 5015 memor
1248 4966 1354 5017 esto
1390 4962 1537 5016 verbi
1580 4963 1979 5033 promissionis
2078 4966 2250 5019 media
2275 4972 2423 5019 nocte
2447 4964 2522 5018 ad
2548 4964 2992 5020 laudandum-te
3022 4965 3323 5034 surgebam,
3353 4967 3410 5019 et
3440 4964 3499 5018 in
3525 4980 3688 5018 man-

379 5047 512 5113 tum,
533 5051 595 5100 ut
614 5048 756 5103 mihi
771 5049 1117 5122 promissam
1134 5049 1553 5106 beatitudinem
1580 5054 1861 5106 aeternam
1882 5052 1978 5106 tri-
2079 5052 2225 5107 datis
2238 5052 2346 5106 tuis
2361 5051 2760 5124 persistebam.
2776 5052 2936 5107 Circa
2950 5068 3160 5122 nempe
3184 5056 3413 5106 noctem
3432 5051 3684 5106 mediam

378 5133 537 5189 buas.
561 5135 647 5191 Ad
671 5153 846 5210 quam
860 5137 1302 5208 promissionem
1322 5142 1383 5194 ut
1405 5139 1714 5212 attingam,
1734 5142 1978 5208 oro,Do-
2078 5157 2183 5212 pro
2215 5140 2408 5213 quiete
2442 5143 2502 5195 et
2534 5140 2887 5212 pinguedine
2919 5157 3094 5197 omne:
3148 5141 3434 5195 hesternas
3485 5140 3687 5195 insole-

380 5222 560 5291 mine,
582 5224 708 5279 doce
724 5242 808 5280 me
830 5226 1014 5298 magis
1048 5227 1347 5300 magisque
1381 5228 1798 5298 justi/icationes
1837 5234 1975 5295 tuas,
2079 5232 2269 5284 sceute
2287 5245 2459 5284 carne
2473 5228 3418 5301 solentsuggestionesimminere,
3440 5230 3498 5282 et
3519 5226 3685 5283 casti—

374 5310 435 5365 id
461 5314 546 5366 est
566 5316 865 5384 praecepta
892 5316 1006 5381 tua,
1037 5318 1095 5371 et
1123 5315 1439 5371 secundum
1461 5303 1786 5381 scientiam,
1813 5320 1870 5372 et
1896 5332 1980 5370 se-
2078 5320 2617 5389 tatemcaeterasque
2629 5315 2865 5372 virtutes
2878 5317 3199 5388 prrecipuas
3212 5314 3685 5387 destruere;quod

375 5400 631 5456 cundum
649 5401 1069 5473 operationem,
1102 5419 1229 5477 qua:
1245 5403 1365 5475 jam
1385 5419 1476 5458 me
1495 5402 1754 5459 docuisti.
1774 5403 1976 5462 Etideo
2060 5404 2501 5478 *prassignatum
2531 5409 2617 5460 est
2646 5404 2703 5459 in
2735 5405 2980 5477 Egypto
3006 5403 3110 5459 sub
3140 5404 3350 5475 Moyse,
3374 5403 3605 5477 quando
3622 5403 3684 5458 in

376 5485 502 5538 doce
520 5504 603 5540 me
618 5488 785 5557 juxta
822 5493 1114 5563 praecepta
1146 5493 1265 5561 tua,
1322 5490 1458 5563 quia
1504 5493 1585 5558 tu,
1640 5489 1887 5559 Domine,
1920 5509 1980 5548 es
2084 5492 2281 5549 media
2303 5495 2470 5549 nocte
2493 5492 2722 5564 £gypti
2746 5492 3139 5565 primogenita
3159 5491 3449 5547 destructa
3464 5492 3685 5547 suntah

366 5576 546 5640 portio
577 5590 715 5641 mea,
746 5576 961 5632 scilicet
987 5582 1044 5633 te
1074 5578 1259 5633 solum
1282 5582 1507 5651 partem
1519 5579 1974 5652 elegi,omnibus
2084 5580 2662 5653 angelopercutiente
2689 5579 2884 5653 (Exod.
2910 5597 2970 5648 ιι,
2996 5583 3048 5647 4,
3070 5579 3145 5652 5).
3172 5579 3327 5635 Sicut
3343 5582 3539 5635 autem
3552 5582 3687 5633 tunc
