4016 6030
370 346 505 424 l277

1310 364 1667 428 EXPOSI’l‘lO
1706 368 1773 427 1N
1811 365 2145 427 PSALMOS.
2187 396 2254 412 -ο
2298 366 2490 429 PSAL.
2535 371 2733 430 CXVIII

3530 354 3665 433 1276

358 481 578 559 Moyses
605 501 722 543 non
750 484 997 558 stertuit,
1044 505 1161 546 non
1196 489 1450 565 segniter
1478 491 1617 564 egit,
1645 491 1747 548 sed
1776 488 1974 565 agnini
1995 491 2048 551 A
2076 493 2243 565 cepta
2273 493 2392 557 tua,
2423 507 2492 549 ea
2516 491 2816 550 occasione
2847 491 2981 568 quia
3003 495 3177 566 partio
3207 512 3323 551 mea
3344 511 3422 552 es.
3448 492 3511 551 Et
3535 493 3670 573 quia

363 574 657 648 sanguinis
677 576 956 634 effusione
990 580 1266 652 populum
1305 582 1476 637 Israel
1503 582 1575 636 ab
1605 581 1811 653 angelo
1842 596 1971 653 per-

2075 581 2247 636 media
2267 589 2418 637 nocte
2431 583 2712 654 surgebam
2729 582 2799 638 ad
2819 582 3175 653 conﬁtendum
3205 584 3319 653 tibi,
3347 586 3406 640 et
3430 588 3668 657 propter

362 664 612 721 cutiente
653 664 915 722 liberavit
972 667 1171 741 (Exod.
1220 687 1317 737 xn,
1366 673 1454 738 23,
1493 670 1604 742 24),
1638 667 1742 734 ita,
1776 670 1972 725 media
2071 669 3668 743 aliascausassuperiuspositas,oroetiam,Domine,doce

360 756 527 808 nocte
553 754 1012 827 suggestionibus
1040 757 1460 829 ingruentibus,
1478 776 1594 814 non
1628 762 1713 813 est
1733 761 1965 830 torpen-

360 842 523 909 dum,
547 843 648 897 sed
680 843 1035 915 vigilandum
1070 849 1128 901 et
1158 846 1397 901 viriliter
1425 847 1738 918 agendum,
1772 849 1829 902 et
1854 846 1967 901 ﬁde

356 929 638 1002 passionis
672 930 900 999 Christi,
934 932 1030 1005 qui
1077 951 1242 988 verus
1292 935 1489 1006 Agnus
1537 937 1646 1002 est,
1678 951 1884 1006 corpus
1909 936 1967 990 et

356 1017 586 1092 spiritus
617 1020 985 1079 muniendus.
1010 1022 1106 1077 Vel
1137 1022 1216 1077 sic
1243 1041 1259 1077 :
1292 1025 1354 1078 In
1386 1031 1533 1079 nocte
1560 1024 1752 1085 media,
1793 1023 1851 1079 id
1880 1026 1966 1079 est

356 1104 415 1161 in
437 1107 779 1163 adversitate
801 1109 1127 1177 manifesta,
1152 1110 1210 1164 in
1239 1129 1354 1184 qua
1380 1111 1615 1167 videbar
1639 1112 1960 1183 depressus,

353 1196 635 1265 surgebam
666 1197 736 1250 ad
756 1198 1115 1267 conﬁtendum
1137 1199 1249 1265 tibi,
1286 1199 1342 1254 id
1373 1204 1459 1254 est
1479 1200 1705 1256 nitebar
1736 1201 1804 1255 ad
1840 1201 1959 1255 lau-

358 1283 616 1341 dandum
670 1288 747 1354 te,
780 1286 1090 1359 respiciens
1116 1305 1271 1359 super
1310 1288 1523 1360 judicia
1566 1288 1962 1359 iustiﬁcationis

359 1377 483 1435 tuae,
528 1370 585 1427 id
636 1375 720 1427 est
765 1373 1135 1430 considerans
1187 1375 1335 1448 ipsas
1391 1375 1797 1431 retributiones
1841 1392 1961 1430 esse

352 1460 571 1533 judicia
603 1464 718 1531 tua,
750 1479 853 1535 per
896 1482 1145 1536 quarum
1193 1465 1563 1521 tolerantiam
1595 1465 1791 1520 ﬁdeles
1837 1467 1961 1520 tuos

352 1550 754 1622 justiﬁcandos
776 1569 895 1607 esse
912 1552 1156 1623 judicas.
1188 1554 1320 1608 Ideo
1348 1554 1534 1609 adhuc
1555 1555 1678 1608 doce
1696 1572 1777 1607 me
1802 1554 1956 1625 quia,

355 1654 487 1694 cum
512 1639 639 1694 talis
660 1639 766 1694 sim
793 1642 854 1694 ut
870 1639 1004 1707 dixi,
1025 1657 1142 1695 non
1164 1640 1373 1697 idcirco
1395 1642 1642 1714 praefero
1663 1659 1754 1696 me
1778 1640 1959 1696 mino-

354 1727 512 1783 ribus
526 1726 803 1782 membris
818 1727 945 1796 tuis,
957 1745 1059 1783 nec
1072 1733 1417 1801 arroganter
1434 1734 1593 1786 extra
1605 1729 1957 1786 consortium

2068 774 2170 826 me,
2192 759 2506 815 secundum
2528 759 2710 833 ipsam
2728 759 3170 832 experientiam,
3192 760 3496 829 bonitatem,
3512 760 3570 816 id
3582 763 3669 816 est

2066 846 2406 903 suavitatem
2431 847 2653 905 vivendi
2678 849 2963 903 secundant
2994 850 3258 922 eloquium
3289 856 3457 915 tuum,
3493 849 3551 905 id
3581 848 3669 904 est

2065 938 2420 1006 prmceptum
2448 939 2631 1004 tuum,
2647 936 2861 991 scilicet
2881 936 2956 991 da
2977 940 3037 991 ut
3056 954 3224 991 suave
3252 936 3392 993 mihi
3418 936 3668 992 sitabsti-

2064 1038 2203 1076 nere
2219 1040 2251 1077 a
2273 1023 2461 1090 malis,
2484 1026 2541 1077 et
2557 1023 2704 1078 bene
2733 1023 2981 1096 operari,
3000 1027 3057 1079 et
3083 1023 3210 1079 doce
3230 1040 3312 1080 me
3339 1024 3667 1095 disciplinam

2062 1110 2272 1178 subire,
2287 1111 2345 1166 id
2366 1115 2450 1166 est
2463 1111 2752 1167 tribulatio
2761 1128 2861 1165 nes
2873 1127 2978 1183 pro
3003 1114 3057 1165 te
3068 1111 3208 1182 pati,
3227 1128 3353 1184 quas
3370 1111 3667 1184 disciplina

2062 1198 2351 1266 dicuntur,
2372 1216 2440 1254 eo
2461 1200 2614 1271 quod
2635 1200 2708 1254 ad
2724 1200 2833 1254 hoc
2852 1215 2947 1254 eas
2956 1199 3246 1270 permittis
3270 1200 3380 1255 tuis
3404 1199 3665 1255 ﬁdelibus

2061 1285 2355 1353 inferri,ut
2372 1287 2631 1359 castigati
2652 1287 2903 1358 plenarie
2925 1287 3150 1342 discant
3165 1287 3411 1360 qualiter
3427 1287 3666 1343 obedire

2061 1373 2161 1427 tibi
2188 1375 2457 1440 debeant,
2481 1392 2513 1429 a
2536 1375 2914 1430 similitudine
2935 1375 3193 1446 discipuli
3225 1376 3321 1448 qui
3342 1377 3414 1432 ad
3431 1376 3540 1431 hoc
3567 1377 3664 1431 ila-

2059 1463 2306 1535 gellatur
2337 1466 2396 1516 ut
2420 1461 2675 1534 plenarie
2709 1462 2907 1517 discat.
2929 1462 3239 1535 Disciplina
3260 1464 3472 1537 quippe
3502 1482 3661 1521 com-

2058 1551 2295 1624 ponitur
2320 1568 2354 1605 a
2375 1552 2542 1618 disco,
2576 1552 2750 1618 discis,
2771 1556 2906 1618 etc.,
2954 1554 3010 1607 et
3028 1552 3288 1623 plenarie.
3319 1553 3659 1609 Tribulatio-

2060 1657 2200 1695 num
2223 1643 2418 1696 autem
2449 1640 2760 1695 adversitas
2782 1643 2916 1695 tunc
2942 1644 3029 1695 est
3047 1640 3312 1697 ﬁdelibus
3340 1642 3660 1715 disciplina,

2058 1744 2187 1784 cum
2211 1729 2291 1784 eis
2308 1729 2556 1785 libenter
2579 1728 2928 1801 patientibus
2944 1732 3029 1785 est
3044 1730 3659 1798 correctio.Ca3terum,

353 1833 553 1872 eorum
585 1833 678 1871 me
710 1808 891 1889 pono,
919 1818 1016 1873 sed
1052 1819 1240 1890 magis
1265 1822 1470 1892 reputo
1501 1820 1656 1893 quod
1668 1823 1956 1891 particeps,
1982 1808 2032 1868 Β
2057 1816 2102 1871 si
2132 1816 2292 1871 inviti
2325 1818 2637 1890 patiantur,
2673 1834 2860 1890 neque
2888 1817 3185 1890 disciplina
3231 1817 3340 1873 illis
3363 1820 3447 1873 est
3473 1834 3661 1891 neque

350 1904 408 1960 id
439 1907 523 1959 est
575 1922 830 1973 consors,
877 1922 970 1976 ego
1015 1923 1133 1960 sum
1173 1910 1412 1961 omnium
1468 1909 1767 1962 timentium
1817 1914 1884 1973 te,
1910 1912 1958 1961 et

350 1993 752 2049 custodientium
784 1993 1042 2048 mandata
1080 2001 1190 2050 tua.
1239 1994 1404 2059 Quod
1454 1999 1538 2050 est
1591 1995 1825 2051 dicere:
1876 1996 1958 2050 Me

353 2085 681 2137 consortem
714 2097 837 2136 esse
851 2081 1048 2153 judico
1076 2083 1389 2154 majorum,
1419 2087 1477 2137 et
1501 2083 1793 2139 minorum
1824 2084 1961 2139 ﬁde-

349 2169 515 2225 lium.
545 2168 813 2233 Minores,
830 2169 1100 2226 timentes
1119 2170 1274 2237 dicit,
1294 2189 1361 2226 eo
1381 2172 1536 2245 quod
1555 2173 1611 2227 in
1638 2171 1805 2227 initio
1824 2172 1957 2229 ﬁdei

351 2257 656 2313 existentes
680 2257 867 2312 adhuc
887 2257 1161 2314 timorem
1184 2260 1451 2316 servilem
1490 2261 1763 2316 habeant.
1796 2280 1826 2313 «
1847 2261 1959 2316 Ini-

352 2346 502 2401 tium
524 2346 683 2401 enim
703 2346 997 2418 sapientiae
1024 2349 1198 2403 timor
1224 2349 1453 2404 Domini
1476 2349 1651 2418 (Psat.
1682 2365 1765 2417 cx,
1798 2351 1904 2421 10).
1931 2370 1958 2397 »

354 2434 594 2505 Majores
614 2451 771 2499 vero,
798 2438 959 2491 vocat
977 2436 1363 2493 custodientes
1389 2437 1683 2491 mandata.
1702 2437 1800 2492 Vel
1822 2453 1959 2509 pur-

360 2525 521 2595 ticeps
548 2538 670 2579 sum
700 2525 1005 2579 timentium
1032 2532 1082 2579 et
1135 2526 1559 2593 custodientium,
1580 2525 1640 2580 id
1677 2529 1762 2581 est
1782 2526 1960 2599 parti-

357 2629 490 2684 ceps
507 2629 631 2667 sum
652 2612 843 2685 gaudii
862 2616 919 2668 et
935 2616 1196 2671 maeroris
1216 2631 1439 2681 eorum,
1445 2615 1468 2687 j
1481 2615 1958 2686 uxtaApostolum

365 2700 658 2757 dicentem
686 2718 698 2756 :
737 2721 760 2754 α
795 2701 1053 2758 Gaudere
1077 2719 1205 2759 cum
1229 2703 1631 2776 gaudentibus,
1663 2703 1803 2759 ﬂere
1824 2719 1957 2760 cum

356 2789 630 2845 ﬂentibus
650 2790 825 2859 (Rom.
850 2808 947 2859 xu,
980 2792 1089 2865 l5).
1119 2812 1147 2841 »
1180 2793 1257 2847 Eo
1287 2792 1545 2848 contuitu
1576 2808 1677 2847 oro
1704 2808 1954 2864 quoque,

361 2878 777 2946 Domine,doce
800 2897 883 2933 me
889 2879 1299 2951 justi/icationcs
1324 2886 1461 2941 tuas,
1494 2879 1629 2952 quia
1661 2881 1955 2933 misericor-

354 2965 448 3019 dia
502 2973 615 3033 tua,
648 2969 897 3035 Domine,
940 2968 1100 3039 plena
1145 2974 1218 3022 est
1273 2974 1435 3032 terra,
1486 2984 1589 3039 per
1631 2966 1955 3038 emphasim

2058 1905 2359 1961 correctio.
2389 1905 2465 1960 Et
2503 1906 2627 1961 doce
2670 1923 2752 1960 me
2782 1922 2887 1978 per
2919 1905 3356 1973 exbibitionem,
3389 1908 3666 1961 scientiam

2060 2009 2403 2049 arcanorum
2434 1996 2691 2061 tuorum,
2722 1994 2934 2049 scilicet
2974 1995 3048 2051 da
3080 1994 3218 2050 mihi
3250 1994 3572 2063 scientiam,
3601 1997 3665 2050 ut

2059 2080 2234 2136 sciam
2256 2082 2395 2153 quid
2421 2083 2712 2153 agendum
2739 2082 2831 2149 sit,
2856 2085 2915 2137 et
2940 2082 3078 2155 quid
3101 2099 3242 2149 non,
3266 2086 3324 2138 et
3351 2083 3488 2156 quid
3514 2084 3585 2139 de
3607 2086 3664 2139 te

2060 2167 2503 2241 intelligendum
2526 2172 2583 2225 et
2599 2170 2738 2242 quid
2756 2187 2894 2225 non.
2913 2171 3082 2226 Aliud
3098 2171 3374 2227 nimirum
3398 2174 3483 2226 est
3494 2171 3665 2228 absti-

2059 2274 2199 2313 nere
2230 2274 2265 2312 a
2296 2256 2462 2312 malis
2492 2260 2549 2313 et
2592 2258 2740 2314 bene
2771 2258 3021 2330 operari,
3057 2262 3116 2313 et
3152 2259 3308 2315 aliud
3337 2262 3423 2316 est
3451 2260 3598 2315 scire
3631 2277 3666 2314 a

2060 2345 2226 2400 malis
2255 2363 2376 2401 esse
2408 2346 2814 2401 abstinendum
2850 2349 2908 2401 et
2959 2347 3107 2402 bene
3137 2349 3521 2421 Operandum.
3557 2350 3666 2404 Per

2057 2432 2179 2489 hinc
2204 2433 2314 2488 tria
2339 2435 2513 2489 verba
2533 2451 2661 2507 quae
2676 2434 2841 2506 ponit
2856 2435 3120 2490 denotari
3152 2439 3393 2508 possunt
3414 2439 3663 2509 quatuor

2058 2523 2271 2578 animus
2291 2522 2529 2578 virtutes
2558 2523 2923 2596 principales,
2953 2523 3026 2578 de
3050 2523 3256 2596 quibus
3282 2524 3663 2598 adipiscendis

2057 2611 2149 2667 hic
2181 2615 2397 2667 oratur.
2457 2613 2566 2667 Per
2598 2610 2921 2667 bonitatem
2976 2611 3133 2666 enim
3188 2612 3577 2685 temperantia
3606 2615 3666 2669 et

2050 2699 2187 2771 justi
2198 2699 2274 2754 tia
2292 2716 2421 2772 qua:
2442 2700 2517 2755 ad
2538 2700 2757 2755 bonum
2785 2716 2930 2772 opus
2942 2702 3222 2771 spectant,
3238 2700 3657 2773 intelliguntur.

2055 2787 2155 2842 Vix
2172 2788 2331 2842 enim
2355 2804 2389 2842 a
2412 2787 2579 2843 malis
2607 2791 2985 2859 temperatur,
3009 2787 3147 2860 quin
3174 2788 3246 2843 ad
3260 2789 3479 2844 bonum
3496 2805 3659 2860 opus,

2056 2875 2211 2948 quod
2228 2878 2314 2930 est
2331 2876 3152 2948 etfertusjustitim,insistatur.
3177 2878 3285 2931 Per
3298 2876 3660 2948 disciplinam

2056 2980 2215 3033 vero,
2241 2964 2520 3020 fortitudo
2547 2964 2847 3036 accipitur,
2873 2981 2941 3020 eo
2966 2965 3122 3037 quod
3148 2964 3210 3020 in
3233 2965 3533 3037 disciplina
3559 2966 3660 3022 tri-

349 3053 570 3110 dictum
596 3058 699 3111 est.
717 3055 878 3121 Quod
897 3056 1217 3111 estdicere:
1244 3055 1525 3111 Beneﬁcia
1549 3055 1954 3112 misericordia).
1981 3083 2029 3143 α
2055 3053 2423 3143 bulationum
2454 3053 2730 3109 fortitudo
2760 3052 3204 3143 constaiitiwsit
3231 3052 3519 3143 habenda.
3552 3055 3662 3110 Per

351 3146 490 3206 tuae,
525 3143 781 3215 plenarie
807 3147 940 3199 sunt
982 3143 1037 3198 in
1096 3144 1365 3199 omnibus
1393 3145 1633 3200 terrenis
1659 3145 1950 3213 creaturis,

349 3232 470 3285 tam
496 3231 553 3286 in
574 3233 846 3288 animatis
859 3250 1033 3306 quam
1056 3233 1113 3287 in
1134 3232 1486 3288 inanimatis.
1508 3235 1751 3307 Ideoque
1771 3250 1872 3289 oro
1892 3236 1954 3288 ut

348 3337 429 3374 me
472 3320 920 3377 misericorditer
944 3321 1125 3376 doceas
1168 3322 1573 3391 justi/icationes
1624 3329 1759 3377 tuas.
1791 3323 1950 3378 Mise-

345 3408 599 3465 ricordia
619 3427 830 3483 nempe
862 3410 1091 3466 Domini
1143 3411 1208 3466 ﬁt
1237 3411 1392 3482 quod
1434 3411 1651 3482 lapides
1680 3411 1947 3478 existunt,

344 3498 582 3552 arbores
611 3500 669 3552 et
716 3498 910 3553 herbas
942 3498 1236 3563 frondent,
1265 3501 1323 3552 et
1372 3498 1589 3554 ﬂoridae
1629 3500 1791 3567 sunt;
1825 3499 1948 3554 ani-

347 3585 521 3640 malia
547 3601 679 3641 vero
713 3585 909 3640 vivunt
932 3588 989 3639 et
1019 3587 1292 3642 sentiunt.

411 3673 582 3737 Tam,
628 3673 857 3728 erctusio
889 3675 976 3729 vel
1011 3674 1201 3728 bonum
1242 3674 1683 3745 interpretatur.
1716 3673 1777 3730 Si
1817 3692 1950 3730 vero

341 3760 490 3815 hanc
515 3760 1079 3834 interpretationem,
1112 3778 1238 3833 qum
1266 3765 1351 3815 est
1373 3762 1619 3828 exctusio,
1643 3761 1953 3834 diligenter

344 3850 736 3916 attendamus,
759 3850 867 3905 hoc
893 3849 1117 3904 videtur
1136 3849 1377 3903 innuere
1404 3850 1559 3921 quod
1583 3849 1673 3905 hic
1692 3851 1952 3907 ﬁdelium

345 3953 534 3991 massa
562 3953 691 4008 quae
721 3936 1041 3992 bonitatem
1076 3939 1135 3990 et
1170 3935 1532 4007 disciplinam
1558 3940 1614 3991 et
1651 3938 1951 3994 scientiam

346 4024 541 4081 doceri
570 4041 629 4078 se
659 4042 694 4078 a
726 4024 972 4079 Domino
1012 4023 1247 4095 expetit,
1278 4041 1516 4080 omnem
1549 4042 1584 4080 a
1620 4043 1679 4081 se
1730 4029 1952 4082 metum

345 4111 602 4184 patiendi
611 4111 735 4184 jam
762 4111 1015 4178 exclusit,
1040 4114 1241 4183 parata
1254 4111 1617 4185 disciplinam
1635 4113 1955 4170 tribulatio-

347 4217 486 4255 num
520 4216 624 4271 pro
656 4199 909 4256 Domino
937 4200 1164 4269 subire;
1192 4201 1261 4256 de
1293 4219 1407 4274 qua
1437 4205 1564 4257 orat
1593 4202 1952 4259 ostendendo

2053 3141 2356 3198 scientiam
2390 3143 2607 3209 autem,
2636 3141 2947 3214 prudentia
2968 3141 3273 3197 manifeste
3304 3142 3657 3214 designatur.

2055 3230 2190 3286 Dico
2221 3231 2346 3285 doce
2374 3248 2457 3285 me
2488 3230 2774 3286 bonitatem
2820 3238 2871 3285 et
2902 3230 3242 3303 disczplinam
3269 3236 3319 3285 et
3360 3232 3653 3287 scientiam.

2052 3320 2166 3376 Hoc
2190 3322 2386 3376 autem
2408 3336 2477 3377 eo
2502 3320 2765 3375 contuitu
2798 3336 2923 3387 oro,
2942 3322 3000 3376 et
3016 3320 3124 3374 hac
3145 3318 3660 3393 conﬁdentia,quia

2044 3407 2170 3479 jam
2192 3410 2372 3478 [ecisti
2393 3426 2515 3464 cum
2538 3426 2684 3464 servo
2714 3415 2825 3476 tuo,
2852 3407 2913 3463 id
2944 3410 3030 3463 est
3055 3408 3234 3478 fecis’i
3258 3424 3509 3475 mecum,
3530 3408 3659 3464 ideo

2052 3497 2186 3570 quia
2206 3514 2398 3551 servus
2418 3499 2547 3551 tuus
2570 3513 2720 3563 sum,
2770 3496 3058 3551 bonitatem
3094 3494 3319 3550 vivendi
3343 3497 3658 3552 secundum

2050 3585 2292 3641 verbum
2327 3586 2510 3639 tuum.
2551 3583 2715 3649 Quod
2748 3586 2833 3638 est
2869 3583 3058 3639 dicere
3091 3598 3105 3637 :
3138 3583 3277 3638 Inde
3315 3586 3502 3638 certus
3530 3600 3656 3639 sum

2051 3672 2206 3745 quod
2228 3688 2295 3727 ea
2321 3689 2446 3745 quae
2480 3688 2581 3727 oro
2617 3670 2760 3725 mihi
2787 3669 2969 3735 dabis,
3001 3670 3274 3743 quoniam
3299 3671 3408 3725 hoc
3436 3671 3657 3726 beneﬁ-

2051 3761 2204 3817 cium
2222 3760 2366 3815 mibi
2391 3760 2516 3831 jam
2546 3758 2837 3813 contulisti
2867 3760 2927 3813 ut
2949 3757 3122 3813 facias
3167 3774 3336 3813 suave
3363 3758 3506 3813 mihi
3537 3774 3658 3813 esse

2051 3849 2240 3905 vivere
2272 3848 2592 3904 secundum
2620 3847 2978 3919 prmeeptum
3017 3848 3202 3911 tuum,
3237 3863 3270 3901 a
3298 3846 3467 3900 malis
3491 3844 3660 3901 absti-

2053 3936 2246 3991 nendo
2268 3939 2326 3991 et
2343 3937 2493 3991 bene
2516 3934 2836 4006 operando.
2856 3934 2924 3987 Et
2944 3932 3073 3989 ideo
3089 3949 3212 4000 oro,
3243 3933 3369 3988 doce
3396 3951 3478 3988 me
3508 3933 3655 3989 boni-

2055 4032 2215 4080 tatem
2245 4032 2296 4079 et
2344 4023 2673 4095 discuilinam
2706 4027 2758 4077 et
2783 4022 3056 4077 scientiam
3087 4024 3212 4096 quia
3242 4022 3512 4077 mandatis
3554 4024 3659 4076 tuis

2052 4113 2270 4181 credidi,
2292 4113 2352 4168 id
2377 4116 2483 4182 est,
2505 4111 2724 4168 credidi
2747 4115 3027 4166 aeternam
3041 4111 3575 4168 remunerationem
3597 4113 3655 4166 et

2053 4205 2283 4270 czetera,
2313 4219 2440 4275 qua:
2455 4204 2696 4274 propter
2712 4200 3123 4255 mandatorum
3150 4202 3382 4255 tuorum
3408 4201 3660 4271 comple-

344 4304 472 4359 quie
496 4288 707 4343 utilitas
729 4305 794 4342 ex
817 4288 1459 4363 hujusniodidisciplina
1484 4289 1955 4363 contingat.Quia
2054 4290 2274 4347 tionem
2302 4289 2726 4363 promittuntur
2744 4304 2877 4343 vera
2897 4303 3038 4355 esse;
3057 4304 3119 4342 ac
3139 4287 3184 4341 si
3203 4288 3383 4342 dicat:
3407 4287 3657 4358 Dignum

343 4374 386 4429 si
406 4375 555 4430 hanc
570 4374 1109 4449 interpretationem
1122 4418 1135 4443 ,
1367 4394 1493 4448 quin
1508 4380 1592 4430 est
1607 4361 1954 4446 bonum,con-
1974 4363 2028 4423 D
2054 4381 2138 4433 est
2156 4383 2215 4434 ut
2230 4361 2352 4434 haec
2368 4396 2461 4434 me
2479 4379 2704 4443 doceas,
2719 4376 2855 4449 quia
2873 4393 2990 4431 non
3013 4375 3272 4447 reputavi
3288 4374 3429 4430 falsa
3444 4391 3512 4431 ea
3526 4391 3655 4447 qua:

341 4462 685 4529 sideremus,
706 4464 815 4517 hoc
852 4465 1088 4517 notatur
1107 4463 1259 4534 quod
1286 4462 1377 4517 hic
1405 4463 1663 4518 ﬁdelium
1694 4466 1952 4521 collectio
2052 4467 2315 4522 ﬁdelibus
2341 4466 2786 4538 promittuntur,
2810 4479 2914 4534 pro
2929 4462 3220 4518 mandatis
3233 4463 3652 4537 tuiscomplen-

339 4549 530 4604 doceri
563 4566 596 4605 a
626 4550 877 4605 Domino
901 4550 1117 4620 expetit
1144 4548 1471 4605 bonitatem
1511 4554 1570 4605 et
1594 4550 1953 4622 disciplinam
2054 4553 2160 4621 dis,
2185 4554 2282 4607 sed
2310 4570 2379 4607 ea
2407 4569 2541 4607 vera
2567 4554 2625 4606 et
2666 4552 2822 4606 certa
2872 4566 2993 4605 esse
3025 4550 3305 4624 reputavi.
3324 4552 3421 4607 Vel
3451 4552 3658 4608 credidi

337 4640 395 4691 et
418 4638 720 4693 scientiam
741 4656 808 4693 ea
838 4638 1301 4693 consideratione
1329 4655 1442 4710 qua
1468 4638 1750 4694 Dominus
1771 4640 1828 4694 in
1857 4656 1953 4694 na-
2053 4657 2148 4695 me
2176 4640 2443 4695 mandatis
2471 4641 2593 4702 tuis,
2612 4638 2668 4694 id
2692 4641 2777 4693 est
2797 4637 2996 4693 devovi
3015 4642 3073 4694 et
3092 4639 3353 4695 commisi
3371 4644 3427 4695 et
3439 4640 3653 4712 subjeci

339 4727 469 4779 tura
490 4725 676 4780 bonus
697 4730 801 4781 est.
825 4728 893 4780 Et
919 4726 1051 4799 quia
1071 4726 1390 4781 bonitatem
1412 4726 1536 4798 jam
1559 4743 1687 4782 cum
1708 4744 1776 4782 ea
1794 4727 1949 4796 fecit,
2052 4744 2146 4783 me
2158 4726 2458 4800 praeceptis
2473 4726 2996 4794 tuis,utsecundum
3011 4726 3652 4782 eoruminstitutionem

335 4812 595 4869 innuitur
610 4831 837 4887 quoque
850 4814 941 4869 hic
953 4815 1174 4869 ostendi
1188 4815 1259 4870 ab
1275 4816 1480 4871 eadem
1496 4833 1682 4871 massa
1694 4816 1950 4871 ﬁdelium
2052 4831 2146 4870 me
2168 4816 2465 4882 haberem,
2486 4815 2559 4869 ad
2585 4814 3030 4871 similitudinem
3054 4813 3578 4885 ﬁdelisfamuli,qui
3594 4829 3653 4868 se

335 4900 705 4974 disciplinam
727 4902 945 4956 bonam
962 4918 1106 4969 esse,
1128 4918 1257 4956 cum
1289 4920 1393 4975 per
1423 4921 1553 4959 eam
1579 4904 1667 4958 lex
1694 4903 1808 4959 oris
1838 4905 1949 4959 Do-
2052 4903 2279 4975 penitus
2314 4903 2536 4976 legibus
2583 4902 2805 4959 domini
2837 4902 2923 4957 sui
2977 4900 3160 4957 credit
3205 4903 3264 4956 et
3315 4900 3561 4971 subjicit,
3593 4904 3655 4955 ut

333 4990 476 5045 mini
506 4991 662 5047 bona
694 5007 815 5045 esse
837 4991 1119 5047 videatur.
1139 4993 1451 5047 Praetendit
1483 5011 1713 5069 quoque
1740 4994 1949 5049 merita
2049 4991 2199 5047 illius
2225 4993 2545 5049 voluntates
2574 5008 2780 5047 omnes
2810 4990 2924 5044 suis
2949 4988 3221 5062 praeferat
3246 4988 3648 5044 voluntatibus.

332 5077 424 5132 hic
438 5078 697 5134 ﬁdelium
716 5079 997 5146 collectio,
1026 5078 1231 5151 quibus
1249 5082 1405 5152 quod
1428 5085 1558 5137 orat
1579 5082 1943 5154 adipiscatur.
2120 5082 2258 5136 Ecce
2289 5080 2592 5153 prietentio
2620 5079 2832 5134 meriti.
2860 5077 3004 5142 Quia
3032 5078 3106 5133 de
3133 5076 3435 5149 disciplina
3456 5092 3650 5132 orave-

332 5165 447 5221 Hoc
464 5168 659 5221 autem
688 5169 871 5221 totum
899 5166 1304 5235 ea’intentione
1333 5169 1468 5224 facit
1494 5171 1859 5226 utauditores
1872 5172 1945 5225 ad
2046 5172 2359 5241 rat,posset
2379 5169 2486 5224 dici
2513 5186 2525 5223 :
2556 5171 2634 5224 De
2655 5166 2917 5223 bonitate
2934 5166 2993 5219 et
3016 5166 3256 5221 scientia
3280 5163 3649 5238 adipiscenda

329 5253 649 5308 bonitatem
680 5256 734 5309 et
767 5252 1129 5326 disciplinam
1156 5258 1211 5309 et
1243 5256 1543 5311 scientiam
1572 5258 1795 5312 invitet.
2045 5257 2182 5313 utile
2211 5262 2297 5313 est
2316 5273 2503 5324 orare,
2533 5257 2634 5311 sed
2674 5253 2888 5310 mirum
2919 5253 3151 5309 videtur
3171 5269 3350 5327 quare
3380 5252 3451 5308 de
3480 5251 3645 5307 disci-

401 5340 714 5398 Bonitatem
730 5343 933 5413 fecisti,
950 5346 1058 5399 etc.
1090 5345 1150 5399 In
1176 5344 1362 5417 primo
1378 5346 1487 5401 hoc
1505 5363 1670 5402 versu
1687 5350 1772 5402 est
1793 5364 1940 5420 prze-
2042 5347 2201 5418 plina
2230 5342 2668 5400 tribulationum
2692 5358 2841 5409 oras,
2879 5357 3014 5397 cum
3044 5357 3114 5396 ea
3143 5340 3360 5397 inutilis
3386 5339 3648 5396 videatur

327 5429 509 5487 tentio
530 5431 793 5487 beneﬁcii
802 5431 930 5503 jam
950 5432 1162 5500 collati,
1187 5450 1253 5488 ex
1270 5433 1796 5505 cujusconﬁdentia
1814 5439 1941 5491 orat
2041 5436 2099 5491 et
2129 5432 2466 5506 asperrima.
2496 5430 2584 5485 Ad
2611 5430 2723 5485 hoc
2745 5445 2885 5501 ergo
2916 5428 3255 5501 respondet,
3287 5428 3647 5485 ostendendo

325 5518 386 5574 in
417 5521 691 5587 secundo,
717 5521 814 5593 qui
865 5521 943 5575 sic
993 5521 1149 5593 prius
1194 5522 1569 5595 exponendus
1601 5523 1934 5591 est.,Oravi,
2038 5540 2167 5597 quae
2181 5520 2395 5577 utilitas
2415 5537 2481 5575 ex
2508 5519 2614 5575 hac
2637 5517 2940 5591 disciplina
2965 5517 3297 5591 contigerit,
3316 5518 3424 5574 sic:
3454 5517 3643 5588 Oravi,

328 5606 596 5675 Domine,
646 5608 771 5663 doce
826 5626 906 5662 me
945 5610 1355 5680 justiﬁcationes
1386 5617 1521 5679 tuas,
1562 5611 1619 5666 id
1669 5614 1754 5667 est
1783 5628 1935 5685 prac-
2038 5609 2637 5680 Domine,utdesmibi
2659 5607 3138 5681 disciplinamzde
3157 5624 3271 5681 qua
3287 5606 3645 5665 nimirumut
