4016 6030
393 220 418 293 ‘i
434 230 524 294 ssi

1345 216 1705 291 'E'xrosmo
1744 218 1811 289 1N
1853 220 2185 291 rSALuos.
2217 266 2287 278 -
2318 234 2514 295 PSAL.
2558 230 2758 296 cxvm

3554 246 3702 315 i282

395 355 571 412 {omni
601 353 847 411 materia
874 346 1184 422 formatur,
1219 356 1282 408 ut
1312 368 1377 408 ex
1410 352 1549 409 limo
1581 357 1751 414 terrae
1806 370 2012 426 corpus
2030 359 2083 418 Α
2109 371 2239 412 cum
2262 356 2414 414 dicit.
2442 356 2700 430 Cognovi,
2732 359 2981 432 Domine,
3003 363 3112 420 etc.
3140 359 3345 424 Versus
3380 374 3575 430 autem
3604 377 3702 447 qui

392 446 530 500 Adm
563 446 878 501 formatum
904 447 1007 498 est.
1024 444 1226 499 Utrum
1256 447 1451 499 autem
1474 445 1670 498 anima
1697 445 1786 498 vel
1817 444 2005 515 angeli

395 551 461 589 ex
494 533 689 606 aliqua
720 532 965 589 materia
992 534 1229 588 formati
1271 534 1504 599 fuerint,
1548 533 1833 588 incertum
1882 550 2001 588 esse

392 622 596 677 beatus
630 623 979 693 Augustinus
1029 622 1247 678 asserit.
1293 621 1457 685 Quod
1497 621 1635 676 dicit
1675 637 1865 677 manus
1895 628 2000 677 tua:

377 710 787 781 plasmaverunt
818 728 918 778 me,
948 728 1063 765 non
1098 714 1183 764 est
1214 710 1434 765 occasio
1476 712 1758 782 quantum
1809 711 1881 765 ad
1929 711 1994 764 il-

386 800 505 854 lam
546 800 873 855 orationem
907 816 1033 872 qua:
1065 816 1199 855 mox
1230 801 1506 870 sequitur,
1536 816 1668 854 cum
1700 799 1835 854 dicit
1867 816 1880 853 :
1907 798 1996 853 Da

386 889 524 941 mihi
555 888 901 955 intel.’ectum,
948 888 1049 942 sed
1099 891 1381 959 quantum
1440 887 1515 942 ad
1564 888 1674 942 hoc
1728 887 1883 958 quod
1934 887 1994 941 in

385 977 760 1047 sequentibus
793 977 1047 1047 ponitur,
1080 977 1177 1030 ubi
1212 975 1348 1030 dicit
1380 992 1393 1030 :
1434 976 1664 1030 Veniant
1712 976 1849 1029 milii
1891 978 1992 1029 mi-

383 1066 665 1118 serationes
691 1071 832 1129 tua;
867 1065 965 1119 sed
1006 1065 1160 1136 quod
1203 1063 1339 1119 dicit
1372 1079 1562 1119 manus
1605 1071 1709 1117 tua:
1754 1063 1993 1133 fecerunt

386 1158 775 1224 me,quantum
804 1153 878 1208 ad
910 1153 1167 1207 animam
1196 1153 1342 1207 bene
1373 1153 1446 1207 ad
1466 1151 1615 1206 hanc
1643 1155 1990 1222 praesentem

388 1242 715 1296 orationem
748 1242 968 1297 occasio
1001 1241 1281 1306 est.Quod
1302 1257 1434 1296 vero
1461 1241 1672 1295 dicitse
1703 1242 1759 1295 in
1794 1242 1991 1295 anima

388 1330 658 1385 manibus
688 1330 919 1386 Domini
954 1330 1190 1397 factum,
1224 1346 1341 1384 non
1366 1329 1498 1384 ideo
1531 1329 1668 1383 dicit
1702 1330 1855 1401 quod
1886 1330 1987 1383 ali-

387 1419 545 1491 quod
573 1420 852 1474 Dominus
882 1419 940 1473 in
972 1419 1174 1473 mundi
1208 1417 1498 1473 creatione
1539 1419 1810 1473 manibus
1838 1419 1988 1473 fece-

383 1507 481 1561 rit.
512 1506 646 1563 Solo
674 1524 928 1580 namque
958 1507 1266 1562 voluntatis
1296 1507 1539 1578 imperio
1581 1510 1785 1561 cuneta
1831 1523 1986 1561 crea-

383 1595 481 1664 vit,
514 1596 612 1651 sed
644 1595 1068 1650 asimilitudine
1099 1594 1312 1649 dictum
1349 1599 1450 1649 est.
1479 1594 1619 1649 Cum
1647 1595 1803 1649 enim
1835 1594 1986 1664 apud

2105 444 2261 502 hunc
2280 448 2537 520 sequitur
2563 449 2640 504 sic
2672 455 3079 523 prteposterate
3100 455 3311 528 legitur
3335 476 3347 515 :
3380 459 3567 531 Oravi,
3589 444 3701 523 D0-

2103 534 2283 598 mine,
2315 540 2377 590 ut
2407 537 2507 592 des
2535 537 2679 592 mihi
2709 538 3064 597 intellectum
3106 560 3175 599 ea
3215 547 3698 621 consideratione,

2098 622 2312 677 scilicet
2333 624 2432 691 ﬁat
2460 625 2603 680 mihi
2630 628 2987 683 misericordia
3018 637 3109 683 tua
3141 632 3340 690 efﬁcax
3392 637 3466 692 ad
3493 638 3606 697 hoc
3639 647 3701 695 ut

2097 712 2390 765 consoletur
2418 730 2516 767 me.
2553 713 2718 778 Quod
2748 719 2831 771 est
2861 716 3052 771 dicere
3084 735 3096 773 :
3126 718 3433 780 Consolare
3488 744 3584 785 me
3630 745 3700 784 ex

2097 798 2508 869 misericordia,
2529 802 2720 857 dando
2746 803 2886 858 mihi
2911 804 3231 863 intellectus
3259 811 3695 883 sublimitatem,

2090 903 2268 957 quam
2301 903 2406 958 per
2432 890 2618 943 Adam
2649 890 2837 958 amisi,
2869 909 2997 963 quae
3026 895 3274 964 reddita,
3308 915 3522 971 magna
3552 904 3696 959 mihi

2094 974 2203 1028 erit
2220 976 2556 1032 consolatio.
2580 976 2911 1047 Consoletur,
2934 980 3193 1053 inquam,
3216 1002 3310 1040 me
3332 990 3696 1048 misericordia

2095 1070 2206 1132 tua,
2229 1068 2285 1119 et
2316 1064 2424 1119 hoc
2457 1082 2574 1121 non
2612 1084 2678 1121 ex
2707 1068 2928 1123 meritis
2960 1071 3103 1126 meis
3131 1089 3258 1141 oro,
3282 1075 3383 1130 sed
3401 1078 3698 1137 consoletur

2091 1168 2174 1205 me
2199 1154 2479 1208 secundum
2504 1154 2776 1227 eloquium
2799 1166 2970 1225 tuum,
2999 1158 3057 1212 id
3089 1164 3175 1215 est
3213 1165 3529 1222 secundum
3560 1184 3693 1241 pro-

2092 1241 2331 1295 missum
2357 1246 2518 1298 tuum
2534 1244 2748 1299 factum
2780 1263 2928 1298 servo
2954 1254 3042 1300 tuo
3061 1247 3417 1323 Christo,qui
3454 1254 3555 1310 tibi
3589 1257 3697 1313 fuit

2091 1327 2151 1382 in
2173 1330 2442 1385 omnibus
2464 1332 2926 1404 obediens(l’l¢il.
2946 1352 3005 1402 η,
3039 1337 3111 1406 8).
3138 1336 3304 1401 Quod
3335 1343 3420 1395 est
3447 1342 3636 1400 dicere
3671 1363 3683 1401 :

2090 1416 2400 1473 Consolare
2413 1436 2506 1473 me
2526 1420 2986 1490 misericorditer,
3001 1424 3156 1496 quod
3176 1427 3397 1485 Christo
3422 1431 3558 1488 Filio
3592 1435 3689 1491 tuo

2087 1505 2399 1576 promisisti
2429 1511 2712 1579 quatenus
2743 1526 2847 1580 per
2882 1511 3273 1569 obedientiam
3306 1517 3509 1573 mortis
3547 1521 3689 1591 ejus,

2089 1594 2352 1649 ﬁdelibus
2381 1595 2495 1650 tuis
2532 1598 2988 1654 consolationem
3035 1617 3187 1657 esses
3229 1603 3521 1662 allaturus.
3556 1609 3689 1666 Ideo

380 1684 650 1740 homines
678 1685 773 1739 illa
800 1701 976 1756 opera
1005 1701 1133 1756 quae
1161 1701 1375 1756 magna
1400 1687 1457 1738 et
1486 1683 1665 1755 digna
1693 1687 1846 1750 sunt,
1870 1699 1987 1738 am—
2009 1673 2061 1733 Β
2088 1700 2219 1738 vero
2259 1700 2360 1738 oro
2391 1700 2456 1739 ex
2488 1684 2882 1742 misericordia
2932 1690 2990 1742 et
3037 1705 3105 1743 ex
3160 1691 3543 1760 promissione
3596 1701 3692 1754 tua

383 1771 566 1827 babus
586 1774 854 1828 manibus
876 1772 1380 1838 soleantﬁeri,non
1406 1788 1520 1825 una
1539 1789 1717 1826 manu
1732 1775 1982 1839 tantum,

382 1861 453 1913 ab
485 1878 552 1915 ea
576 1861 952 1916 similitudine
983 1862 1159 1916 homo
1200 1860 1408 1915 dicitur
1452 1861 1716 1915 manibus
1756 1860 1856 1915 Dei
1899 1861 1983 1916 fa-

380 1953 523 2017 ctus,
541 1954 603 2003 ut
629 1950 966 2004 ostendatur
987 1966 1265 2021 magnum
1290 1954 1347 2003 et
1364 1949 1602 2020 dignum
1629 1966 1770 2019 opus
1794 1947 1981 2004 fuisse.

382 2038 527 2092 Cum
558 2040 750 2093 autem
783 2055 841 2092 se
869 2038 1007 2093 dicit
1036 2037 1417 2092 manibusDei
1443 2038 1680 2097 factum,
1706 2055 1823 2091 non
1847 2037 1984 2092 dicit

378 2127 489 2181 hoc
525 2125 596 2181 ad
610 2126 979 2198 jactantiam,
1005 2126 1102 2181 sed
1120 2126 1191 2180 ad
1210 2126 1401 2197 ipsius.
1424 2125 1709 2181 Creatoris
1729 2126 1979 2191 laudem,

379 2215 475 2285 qui
506 2217 731 2270 tantum
759 2232 900 2286 opus
930 2216 1119 2269 facere
1153 2214 1358 2285 potuit.
1392 2215 1487 2268 Est
1515 2218 1707 2268 autem
1731 2215 1839 2270 hoc
1871 2215 1980 2267 tale

379 2320 441 2357 ac
468 2303 512 2357 si
539 2302 755 2358 diceret
784 2320 796 2358 :
825 2304 1039 2359 Idcirco
1068 2320 1191 2369 oro,
1229 2303 1494 2370 Domine,
1530 2303 1884 2357 intellectum
1921 2303 1979 2356 in

377 2407 472 2445 me
502 2392 768 2458 recreari,
786 2391 920 2462 quia
941 2391 1242 2446 considero
1265 2391 1418 2462 quod
1443 2390 1499 2444 in
1526 2391 1794 2453 Adamin
1822 2391 1978 2461 prin-

378 2477 529 2548 cipio
562 2478 821 2534 animam
854 2496 1046 2534 meam
1077 2480 1220 2533 adeo
1236 2478 1471 2550 dignam
1498 2480 1699 2533 creasti
1723 2482 1782 2533 ut
1803 2495 1979 2551 capax

384 2570 531 2620 esset
554 2568 874 2621 intellectus
900 2566 1223 2633 rationalis;
1254 2584 1359 2621 nec
1389 2566 1662 2637 injustum
1693 2571 1797 2630 est,
1827 2566 1871 2620 si
1920 2567 1980 2622 id

380 2653 438 2707 in
470 2671 565 2708 me
582 2659 786 2727 expeto
809 2655 1055 2710 recreari
1078 2655 1232 2726 quod
1256 2656 1312 2710 in
1336 2654 1618 2726 principio
1654 2654 1711 2708 in
1744 2671 1838 2710 me
1868 2656 1978 2709 mi-

379 2743 690 2798 sericordia
718 2747 816 2798 tua
848 2744 1219 2798 creavit.Non
1251 2743 1407 2797 enim
1438 2743 1578 2797 illud
1600 2745 1735 2814 peto
1762 2743 1916 2815 quod
1946 2761 1981 2798 a

376 2834 582 2887 natura
616 2848 750 2886 mea
777 2832 850 2885 sit
874 2832 1147 2898 alienum,
1182 2831 1278 2885 sed
1300 2831 1360 2886 id
1386 2830 1573 2902 potius
1602 2831 1673 2886 ad
1701 2831 1854 2902 quod
1884 2849 1982 2887 na-

2089 1772 2571 1841 consolationem,
2606 1772 2742 1844 quia
2770 1777 3010 1843 cognovi,
3041 1776 3290 1846 Domme,
3322 1780 3463 1851 quod
3476 1784 3689 1853 judicia

2086 1861 2182 1913 tua
2200 1860 2403 1931 quibus
2427 1859 2611 1915 Adam
2645 1862 2957 1930 excmcasti,
2989 1866 3211 1935 a'quitas
3245 1871 3376 1921 sunt
3405 1872 3690 1942 emphati-

2087 1946 2247 2007 ce,id
2281 1950 2364 2001 est
2395 1948 2556 2002 valde
2585 1965 2751 2019 neque
2774 1953 2927 2017 sunt,
2970 1959 3019 2006 et
3060 1952 3236 2007 etiam
3286 1959 3507 2024 cognovi
3534 1960 3687 2030 quod

2084 2037 2140 2087 in
2166 2042 2385 2090 veritate
2414 2041 2530 2103 tua,
2565 2037 2621 2091 id
2650 2042 2737 2093 est
2761 2038 2821 2092 in
2854 2055 2987 2094 vero
3010 2040 3231 2111 judicio
3257 2045 3356 2098 tuo
3388 2048 3446 2099 et
3496 2063 3685 2119 usque,

2082 2123 2380 2178 humiliasti
2397 2124 2563 2192 me,id
2579 2129 2663 2180 est
2681 2125 2769 2197 dej
2779 2126 2933 2181 ecisti
2953 2144 3045 2182 me
3058 2145 3092 2183 a
3103 2130 3453 2188 sublimitate
3469 2133 3689 2191 intelle-

2083 2212 2394 2275 etus.Quod
2407 2216 2491 2266 est
2508 2213 2695 2267 dicere
2712 2214 2871 2269 :Ideo
2892 2214 3210 2271 intellectus
3231 2221 3683 2280 consolationem

2083 2316 2148 2354 ex
2178 2299 2573 2356 misericordia
2599 2304 2657 2355 et
2684 2302 3069 2374 promissione
3090 2308 3187 2359 tua
3216 2307 3451 2379 adipisci
3481 2315 3683 2382 expeto

2081 2388 2218 2460 quia
2249 2389 2490 2459 cognovi
2519 2393 2800 2460 quatenus
2823 2392 3005 2447 Adam
3035 2396 3092 2446 et
3117 2410 3224 2465 ego
3268 2395 3377 2451 hoc
3415 2397 3571 2467 justo
3597 2399 3688 2470 ju-

2082 2475 2230 2529 dicio
2250 2479 2348 2531 tuo
2380 2476 2700 2545 amisimus,
2726 2479 2907 2534 ethoc
2937 2480 3156 2535 meritis
3182 2482 3325 2536 meis
3344 2500 3683 2558 recuperare

2080 2580 2198 2619 non
2232 2578 2485 2635 possum.
2524 2565 2831 2637 Postquam
2864 2567 2935 2621 de
2972 2567 3264 2624 intellectu
3315 2571 3682 2646 adipiscendo

2081 2654 2282 2723 oravit,
2306 2657 2434 2709 orat
2462 2669 2690 2725 quoque
2718 2653 2788 2709 de
2809 2655 3177 2726 adipiscenda
3202 2659 3260 2713 in
3290 2658 3483 2717 futuro
3500 2663 3685 2734 gloria

2080 2742 2356 2813 corporis,
2375 2758 2506 2796 cum
2527 2741 2664 2796 dicit
2693 2759 2709 2795 :
2742 2741 2977 2797 Veniant
3007 2745 3142 2799 mihi
3162 2747 3524 2804 miserationes
3553 2756 3678 2818 tuae,

2078 2835 2129 2884 et
2146 2830 2466 2885 vivam.Hoc
2487 2833 2681 2884 autem
2700 2829 2772 2884 ad
2796 2830 2935 2884 illud
2949 2831 3217 2903 jungitur
3241 2835 3397 2906 quod
3422 2838 3682 2910 superius

375 2919 641 2975 turaliter
662 2921 995 2975 habendum
1024 2920 1265 2975 idoneus
1281 2923 1503 2974 creatus
1518 2920 1754 2974 sum.Ut
1783 2923 1977 2975 autem
2012 2981 2047 2987 _
2077 2917 2295 2987 posuit;
2320 2915 3047 2987 Manustuaeplasmaverunt
3076 2937 3180 2987 me,
3216 2921 3332 2977 sic:
3360 2922 3546 2987 Oravi,
3566 2926 3678 2981 Do-

380 3008 566 3079 magis
594 3009 779 3063 valeat
809 3008 1121 3081 impetrare
1153 3008 1305 3080 quod
1338 3008 1540 3074 oravit,
1581 3007 1707 3079 quis
1743 3007 1897 3077 inde,
1931 3016 1976 3070 si
2001 2981 2048 3040 Ο
2078 3004 2255 3072 mine,
2289 3008 2352 3059 ut
2376 3020 2445 3059 ea
2473 3004 2932 3078 consideratione
2951 3006 3105 3078 quod
3118 3025 3308 3063 manus
3339 3017 3445 3065 tua
3472 3011 3532 3066 in
3555 3013 3679 3083 ani-

374 3095 793 3167 impetraverit,
822 3100 1094 3169 sequatur
1114 3097 1347 3151 effectus
1364 3096 1633 3163 ostendit,
1663 3096 1740 3151 sic
1766 3097 1976 3164 :da,in-

371 3186 719 3256 quam,mi/ii
733 3186 1074 3241 intellectum.
1093 3185 1256 3249 Quod
1270 3186 1311 3239 si
1328 3185 1410 3251 fit,
1438 3184 1514 3239 illi
1529 3188 1623 3256 qui
1631 3185 1759 3256 jam
1790 3188 1974 3241 timent

371 3279 441 3339 te,
462 3272 519 3327 id
551 3277 635 3328 est
664 3274 759 3345 qui
784 3274 907 3344 jam
934 3274 987 3327 in
1011 3273 1124 3328 ﬁde
1147 3273 1316 3345 positi
1338 3273 1611 3327 timorem
1632 3273 1710 3326 tui
1735 3274 1969 3343 habent,

367 3361 616 3415 videbunt
632 3362 893 3417 interiori
924 3362 1140 3417 visione
1158 3362 1397 3416 rationis
1415 3377 1558 3415 mem
1589 3364 1712 3432 quia
1735 3363 1789 3415 in
1816 3363 1971 3416 verba

368 3455 481 3515 tua,
512 3448 567 3503 id
601 3453 684 3504 est
709 3449 766 3504 in
800 3453 1087 3522 praecepta
1113 3454 1233 3517 tua,
1273 3452 1576 3524 promotus
1612 3452 1973 3519 supersperavi

366 3535 425 3610 in
458 3537 595 3610 ipsis
623 3538 934 3606 mandatis,
967 3538 1025 3593 id
1056 3541 1139 3593 est
1174 3537 1395 3610 speravi
1433 3537 1966 3593 remuneratiorem

584 3625 641 3679 in
671 3626 1007 3696 praelatione
1038 3608 1297 3698 ipsorum
1328 3626 1834 3693 mandatorum,et
1861 3627 1969 3682 hoc

366 3729 537 3785 super
570 3715 678 3768 hoc
701 3731 875 3786 quam
906 3714 1014 3769 dici
1036 3715 1216 3787 possit
1241 3717 1339 3768 aut
1364 3713 1629 3785 intelligi,
1647 3718 1705 3767 et
1729 3731 1797 3768 ea
1813 3731 1969 3770 occa-

365 3802 525 3857 sione
546 3802 888 3871 ltelabuntur,
912 3804 1059 3858 bene
1091 3803 1409 3874 operando.
1446 3802 1589 3858 Cum
1617 3803 1781 3873 ponit
1820 3803 1967 3856 [mta-

367 3890 583 3959 buntur,
599 3891 755 3946 idem
778 3893 926 3946 valet
947 3908 1010 3946 ac
1031 3892 1073 3945 si
1098 3894 1360 3963 poneret,
1376 3891 1523 3945 bene
1551 3891 1966 3959 operabuntur,

365 3994 433 4032 eo
466 3979 618 4050 quod
650 3978 832 4033 laetari
867 3979 937 4034 sit
964 3979 1196 4034 effectus
1226 3980 1373 4034 bene
1407 3978 1706 4051 oper‘andi.
1742 3979 1838 4033 Est
1867 3995 1967 4033 au-

364 4068 481 4120 tem
531 4067 641 4122 hoc
685 4084 748 4122 ac
790 4068 836 4122 si
881 4068 1140 4123 diceret:
1177 4065 1309 4121 Ideo
1354 4067 1422 4120 da
1473 4067 1609 4121 mihi
1652 4067 1968 4121 intellectum

365 4155 695 4226 complendi
720 4156 997 4210 mandata
1011 4155 1267 4227 tua,quia
1282 4155 1325 4208 si
1349 4156 1406 4209 in
1429 4156 1787 4226 complendis
1802 4172 1966 4211 man-

365 4245 512 4298 datis
540 4245 653 4299 tuis
678 4245 1033 4300 intcllectum
1060 4246 1341 4313 habuero,
1366 4245 1565 4299 fideles
1604 4245 1684 4299 tui
1722 4245 1817 4316 qui
1842 4245 1966 4317 jam

361 4330 634 4386 timentes
656 4334 709 4386 te
738 4336 889 4401 sunt,
912 4332 1333 4387 considerando
1362 4332 1602 4388 rationis
1632 4334 1839 4388 intuitu
1874 4351 1966 4389 me

360 4420 422 4473 in
452 4420 728 4475 mandata
750 4424 845 4475 tua
872 4421 1194 4487 intendere,
1217 4421 1512 4476 occasione
1536 4421 1968 4489 hujusconside-

360 4507 624 4575 rationis,
657 4512 715 4563 et
747 4510 851 4579 ipsi
886 4510 945 4565 in
984 4508 1274 4564 mandatis
1318 4509 1431 4564 tuis
1469 4508 1824 4563 intellectum
1864 4511 1965 4565 ha-

359 4595 576 4665 bendo,
606 4600 867 4668 exemplo
892 4597 1007 4653 mei
1048 4597 1198 4652 bene
1248 4598 1658 4671 operabuntur.
1689 4597 1852 4661 Quod
1882 4603 1967 4652 est

361 4681 585 4739 dicere:
614 4686 729 4740 Hoc
752 4685 808 4739 in
835 4686 915 4740 eis
945 4686 1083 4740 visio
1114 4686 1230 4740 mei
1257 4685 1576 4739 intellectus
1609 4683 1961 4755 operebitur,

360 4777 423 4826 ut
452 4777 509 4825 et
538 4772 643 4845 ipsi
672 4773 1026 4828 intellectum
1056 4775 1334 4829 habentes
1364 4774 1510 4828 bene
1547 4777 1883 4844 operentur.

430 4861 542 4916 Nec
576 4861 788 4916 mirum
820 4862 1055 4934 quidem
1089 4862 1145 4929 si,
1165 4862 1300 4918 visio
1339 4862 1661 4917 intellectus
1709 4866 1767 4916 et
1796 4862 1963 4916 bona:

360 4949 715 5019 operationis
735 4955 1064 5006 sanctorum
1087 4952 1144 5006 in
1171 4951 1305 5023 ipsis
1331 4950 1673 5013 videntibus,
1706 4949 1960 5005 intellec-

358 5040 479 5093 tum
501 5040 559 5091 et
584 5054 725 5109 opus
749 5038 968 5094 bonum
993 5042 1450 5111 operetur,cum,
1466 5042 1527 5093 ut
1546 5038 1746 5093 beatus
1767 5038 1961 5093 Hiero-

358 5141 570 5196 nymus
598 5127 873 5195 afﬁrmat,
907 5127 1199 5200 quoddam
1226 5126 1441 5180 animal
1474 5127 1564 5193 sit,
1594 5125 1733 5180 visio
1750 5126 1910 5197 cujus
1931 5142 1965 5179 a

355 5213 621 5285 passione
650 5214 880 5269 icterica
908 5216 1167 5269 videntes
1196 5218 1374 5268 curet.
1410 5214 1547 5269 Orat
1583 5217 1779 5268 autem
1812 5212 1962 5268 istud

355 5301 512 5356 idem
536 5302 692 5373 quod
715 5304 1015 5358 occasione
1037 5302 1303 5374 principii
1331 5302 1513 5357 oravit
1543 5318 1609 5356 ex
1637 5301 1959 5357 misericor-

2075 3109 2232 3147 mam
2247 3094 2577 3162 feceruntme
2600 3092 3067 3162 intellectualem,
3082 3111 3303 3151 recrees
3322 3095 3678 3157 intellectum

2073 3181 2133 3237 in
2166 3198 2279 3236 me.
2297 3181 2409 3237 Oro
2428 3197 2654 3253 quoque
2686 3182 2918 3253 quando
2940 3183 3174 3254 quidem
3195 3184 3305 3240 hoc
3333 3186 3679 3244 beneficium

2072 3271 2129 3326 in
2153 3270 2433 3343 principio
2454 3270 2597 3325 mihi
2618 3271 2928 3339 contulisti,
2954 3272 3108 3343 quod
3142 3291 3331 3328 manus
3360 3282 3465 3331 tua,
3490 3294 3676 3350 quan-

2071 3362 2198 3416 tum
2220 3359 2294 3414 ad
2321 3374 2549 3430 corpus,
2578 3374 2673 3413 me
2712 3358 2858 3414 adeo
2900 3359 3141 3432 dignum
3160 3360 3583 3432 plasmaverunt,
3615 3370 3679 3422 ut

2071 3446 2416 3502 immortalis
2446 3463 2628 3502 essem
2661 3452 2719 3502 et
2765 3447 3130 3520 impassibilis
3172 3450 3279 3505 nisi
3326 3453 3510 3508 Adam
3542 3469 3675 3528 pec-

2070 3543 2247 3599 caret,
2268 3542 2329 3589 ut
2358 3538 2573 3589 veniant
2602 3536 2737 3590 mihi
2759 3536 2819 3590 in
2854 3536 3043 3592 futuro
3072 3540 3430 3596 miserationes
3461 3549 3583 3610 tuae,
3618 3542 3677 3597 id

2070 3627 2156 3679 est
2166 3624 2445 3679 beneficia
2457 3624 2866 3680 misericordias
2882 3628 3149 3698 tuaa,quaa
3165 3643 3271 3698 per
3282 3629 3465 3684 Adam
3485 3631 3673 3698 amisi,

2068 3712 2281 3767 scilicet
2321 3715 2383 3766 ut
2421 3711 2766 3767 immortalis
2809 3712 2919 3767 sim
2972 3718 3029 3769 et
3085 3715 3468 3788 impassibilis,
3503 3720 3560 3772 et
3612 3718 3673 3774 in

2069 3816 2240 3855 carne
2283 3800 2641 3873 conspicuus,
2685 3804 2743 3854 et
2790 3803 2998 3856 caetera
3036 3803 3318 3859 beneﬁcia
3375 3804 3671 3861 obtineam

2068 3888 2318 3959 plurima
2351 3892 2409 3944 et
2439 3888 2872 3957 inenarrabilis,
2902 3907 3028 3961 quae
3070 3891 3322 3946 salvandi
3354 3894 3671 3948 secundum

2070 3992 2278 4048 corpus
2308 3977 2675 4031 obtinebunt.
2713 3977 2964 4045 Veniant,
2995 3978 3255 4051 inquam,
3289 3981 3425 4035 mihi
3452 3984 3672 4038 misera-

2071 4066 2233 4120 tiones
2261 4072 2368 4119 tua:
2387 4072 2436 4119 et
2456 4064 2535 4119 sic
2561 4068 2734 4120 vivam
2760 4082 2879 4120 non
2919 4067 3231 4122 moriturus
3269 4068 3326 4124 in
3363 4072 3671 4139 internum,

2069 4153 2167 4224 qui
2199 4170 2351 4208 nunc
2383 4153 2440 4208 in
2479 4169 2721 4225 corpore
2751 4154 3011 4209 mortalis
3039 4172 3189 4210 sum.
3222 4156 3292 4210 Ut
3337 4161 3535 4214 autem
3567 4160 3668 4215 has

2069 4242 2469 4298 miserationes
2498 4242 2776 4310 obtineat,
2796 4243 3068 4298 meritum
3091 4245 3563 4315 prmtendit,cum
3592 4248 3671 4301 sic

2068 4330 2229 4386 addit
2253 4348 2265 4385 :
2290 4330 2447 4398 Ideo,
2463 4331 2962 4399 D0mine,veniant
2992 4331 3127 4385 mihi
3152 4334 3507 4387 miserationes
3538 4340 3661 4401 tute,

2067 4421 2193 4490 quia
2224 4419 2306 4472 lex
2329 4426 2422 4473 tua
2452 4419 2727 4473 meditatio
2748 4436 2861 4471 mea
2894 4423 2988 4485 est,
3023 4417 3079 4471 id
3109 4421 3215 4481 est,
3246 4418 3380 4491 quia
3416 4421 3668 4478 meditor

2067 4506 2125 4560 in
2156 4507 2283 4577 lege
2317 4509 2413 4561 tua
2442 4504 2809 4577 complenda.

2139 4595 2309 4649 Facta
2341 4594 2601 4649 oratione
2616 4607 2721 4662 pro
2745 4608 2826 4655 se,
2852 4596 2979 4648 orat
2997 4591 3171 4650 etiam
3195 4611 3298 4667 pro
3327 4596 3571 4655 inimicis
3602 4602 3664 4655 ut

2066 4682 2406 4737 erubescant
2439 4685 2496 4735 et
2524 4688 2918 4749 convertantur,
2952 4686 3009 4738 et
3038 4699 3141 4755 per
3183 4685 3291 4740 hoc
3322 4687 3506 4759 magis
3538 4703 3658 4741 me-

2064 4773 2223 4824 retur
2269 4768 2505 4841 adipisci
2552 4768 2707 4841 quod
2742 4770 2814 4825 de
2860 4788 2919 4826 se
2963 4772 3221 4844 superius
3266 4774 3469 4828 oravit.
3502 4774 3663 4830 Unde

2064 4857 2341 4929 scriptum
2365 4860 2451 4912 est
2484 4874 2497 4911 :
2533 4857 2637 4921 Qui
2665 4873 2770 4929 pro
2798 4857 2923 4913 aliis
2953 4864 3101 4928 orat,
3119 4876 3221 4931 pro
3249 4861 3557 4934 semetipso
3588 4863 3669 4918 la.

2060 4947 2410 5002 borat.llane
2427 4946 2601 5019 igitur
2613 4948 2936 5002 orationem
2948 4947 3027 5002 sic
3039 4947 3174 5001 facit
3196 4962 3208 5000 :
3253 4932 3659 5020 488V0ravi,

2062 5035 2329 5104 Domine,
2350 5051 2452 5107 pro
2484 5052 2599 5103 me,
2620 5035 2846 5091 dicens:
2889 5034 3119 5088 Veniant
3148 5034 3282 5088 mihi
3306 5041 3666 5096 miserationes

2063 5130 2294 5187 tumore
2312 5140 2541 5196 quoque
2556 5139 2661 5195 pro
2678 5120 2936 5193 superbis
2958 5123 3436 5194 persequentibus
3458 5142 3573 5195 me,
3600 5132 3667 5183 ut

2060 5211 2323 5268 videlicet
2337 5212 2473 5284 ipsis
2499 5210 2900 5265 miserationes
2921 5213 3031 5264 tute
3046 5212 3303 5281 veniant;
3329 5213 3665 5284 con/undan-

2061 5301 2236 5370 tur,id
2250 5298 2773 5355 esterubescantde
2800 5297 3101 5370 iniquitate
3133 5316 3255 5368 sua,
3276 5301 3509 5372 superbi,
3536 5305 3664 5374 quia

357 5388 453 5444 dia
490 5392 783 5463 consequi,
817 5391 1145 5447 confitendo
1190 5390 1487 5445 humiliter
1531 5406 1589 5444 se
1640 5405 1744 5460 per
1777 5389 1961 5445 Adam
2056 5391 2298 5461 fecerunt
2326 5390 2381 5441 in
2405 5405 2507 5455 me,
2533 5386 2589 5441 id
2607 5389 2691 5441 est
2711 5389 2914 5441 contra
2954 5404 3071 5456 me,
3105 5390 3456 5461 iniquitatem,
3498 5390 3663 5446 adni-

346 5478 732 5567 justojudicio
764 5481 861 5549 Dei
885 5480 1203 5538 intellectus
1225 5478 1639 5537 sublimitatem
1672 5477 1952 5550 amisisse,

2061 5477 2234 5539 tendo
2268 5492 2362 5533 me
2392 5491 2496 5553 per
2525 5474 2925 5532 tribulationes
2954 5478 3152 5535 astatu
3177 5477 3495 5536 sanctitatis
3519 5494 3665 5557 meae
