4016 6030
440 251 579 312 1283

1035 246 1094 312 s.
1132 242 1472 311 nemoris
1511 238 2142 312 mereasnuoauu
2179 250 2650 316 INSTITUTORIS
2697 258 2850 320 ore.
2893 250 3068 320 PARS
3106 252 3149 319 ι.

3582 260 3749 340 es;

438 373 776 444 dejicere,et
795 371 903 428 hoc
934 372 1148 448 injuste,
1170 377 1225 431 id
1259 381 1344 431 est
1376 378 1498 433 sine
1528 394 1716 434 causa.
1754 379 1918 444 Quod
1953 382 2038 434 est
2064 384 2115 442 A
2137 380 2399 436 clausula:
2424 383 2676 439 versibus
2692 387 3001 455 prastendit
3034 388 3241 443 merita
3263 406 3382 456 sua,
3399 408 3502 461 per
3529 410 3661 464 quae
3692 412 3751 447 se

436 464 628 519 dicere
657 481 670 519 :
699 464 784 519 Illi
813 463 910 536 qui
939 480 1033 519 me
1061 466 1341 537 persecuti
1372 470 1505 521 sunt
1535 483 1653 522 non
1678 468 1752 523 ob
1782 468 2037 540 aliquam

432 552 661 625 culpam
687 568 904 621 meam,
936 552 1035 608 sed
1083 569 1150 607 ex
1193 553 1315 608 sola
1362 554 1651 625 superbia,
1685 558 1748 609 ut
1794 571 1890 609 me
1928 554 2035 611 sibi

430 641 1228 710 conformareut,erubescant
1250 642 1320 697 de
1336 642 1445 697 hoc
1475 643 1630 715 quod
1650 642 1730 698 sic
1750 643 2033 714 persecuti

429 732 694 785 suntme.
724 730 1053 785 Notandum
1085 729 1243 802 quod
1270 729 1407 784 dicit
1426 731 1766 802 iniquitatem
1789 731 2034 801 fecerunt

428 819 642 890 injuste;
655 818 881 873 videtur
893 818 1049 873 enim
1063 818 1302 873 innuere
1316 818 1470 890 quod
1482 819 1749 890 quaedam
1762 819 2032 891 iniquitas

426 906 527 961 ﬁat
538 908 711 977 juste.
734 905 793 962 Si
807 922 939 962 vero
952 909 1233 979 quantum
1255 906 1327 961 ad
1343 922 1550 961 novam
1568 907 1760 978 legem
1773 906 2031 963 conside-

425 1009 771 1066 remus,qua3
788 995 1048 1067 praecipit
1061 994 1325 1050 inimicos
1342 995 1581 1065 diligere
1603 992 1887 1065 (Matth.v,
1912 995 2026 1066 44),

425 1084 615 1138 omnis
634 1084 923 1155 iniquitas,
948 1084 1103 1138 idest
1131 1083 1472 1155 persecutio,
1497 1082 1562 1137 fit
1584 1083 1813 1153 injuste.
1850 1082 2029 1139 Caete-

420 1188 555 1228 rum
584 1174 629 1227 si
662 1173 734 1228 ad
779 1177 1031 1228 veterem
1087 1175 1276 1246 legem
1326 1188 1710 1240 recurremus,
1763 1171 2028 1228 concedit

413 1261 568 1333 juste
613 1261 735 1317 dari
767 1284 795 1312 «
828 1260 1065 1316 dentem
1107 1278 1210 1334 pro
1252 1261 1424 1315 dente
1468 1259 1666 1333 (Exod.
1700 1276 1811 1327 χχι,
1847 1260 1959 1332 24).
1997 1281 2024 1310 ››

422 1348 587 1413 Quod
604 1349 649 1404 si
668 1350 740 1404 ad
772 1351 1071 1406 seculares
1092 1351 1267 1422 leges,
1283 1349 1340 1403 in
1364 1348 1571 1421 quibus
1594 1347 1918 1402 institutum
1943 1349 2027 1404 est

421 1438 492 1493 de
519 1438 768 1494 inimicis
797 1439 1077 1495 ultionem
1118 1454 1366 1504 sumere,
1399 1438 1495 1491 illa
1525 1436 1817 1508 iniquitas,
1851 1436 1908 1491 id
1939 1440 2025 1492 est

419 1529 762 1598 persecutio,
790 1528 855 1582 ﬁt
875 1529 1030 1599 juste
1066 1545 1193 1600 quas
1225 1528 1288 1582 fit
1326 1529 1398 1582 ob
1447 1527 1702 1598 aliquam
1742 1542 1973 1581 causam
2008 1543 2021 1580 :

418 1616 515 1671 illa
528 1632 656 1671 vere
677 1617 826 1687 titinj
839 1621 1099 1689 ustequre
1118 1616 1241 1671 sine
1274 1632 1444 1670 causa
1465 1616 1548 1669 ﬁt.
1568 1617 1645 1669 De
1667 1631 1783 1686 qua
1813 1615 1888 1685 inj
1900 1617 2025 1670 usta

2137 469 2377 541 dignam
2391 472 2644 527 ostendit
2669 474 2959 544 attingere
2987 492 3176 531 massa
3199 477 3457 533 ﬁdelium
3483 480 3557 535 ad
3585 486 3751 537 aster-

2135 575 2272 614 nam
2303 559 2501 629 vitam,
2527 561 2597 616 ad
2627 579 2801 634 quam
2821 563 2879 617 in
2909 568 3117 636 quarto
3144 583 3304 621 versu
3325 568 3590 639 suspirat,
3615 586 3746 625 cum

2135 647 2272 703 dicit
2303 665 2316 702 :
2347 648 2489 713 Quot
2517 657 2641 704 sunt
2660 651 2769 706 dies
2793 654 2933 706 servi
2953 655 3050 722 tui,
3070 657 3179 709 etc.
3206 654 3311 720 Qui
3340 673 3530 712 versus
3546 660 3747 731 praele-

2133 736 2355 806 gendus
2398 740 2504 798 est.
2550 741 2608 793 et
2644 739 2724 794 sic
2763 740 3152 811 superioribus
3186 744 3741 816 adaptanduszDixi,

2131 824 2400 892 Domine,
2433 826 2590 898 quod
2630 827 2841 897 superbi
2872 830 3070 900 injuste
3109 833 3443 903 iniquitatem
3478 850 3744 906 persecu-

2129 909 2303 966 tionis
2327 912 2576 982 fecerunt
2607 917 2663 970 in
2684 932 2786 984 me,
2817 933 2921 987 pro
2951 918 3158 988 quibus
3194 920 3373 988 oravi,
3407 925 3470 976 ut
3497 923 3742 977 confun-

2132 997 2409 1054 derentur
2434 1003 2491 1055 et
2538 1006 3040 1077 converterentur,
3073 1006 3171 1077 qui
3226 1010 3425 1062 tamen
3478 1009 3740 1064 nolentes

2129 1088 2405 1155 converti,
2439 1105 2533 1143 me
2781 1091 3004 1147 assidue
3034 1074 3291 1166 pondere
3303 1094 3736 1152 tribulationum

2132 1174 2427 1231 incurvant
2479 1182 2536 1232 et
2562 1177 2841 1234 afficiunt.
2867 1180 3140 1252 Ideoque,
3166 1182 3434 1251 Domine,
3463 1192 3588 1256 quot
3613 1193 3740 1239 sunt

2126 1262 2233 1317 dies
2247 1263 2578 1320 afﬂictionis
2592 1266 2705 1321 mei
2730 1269 2871 1321 servi
2884 1270 2965 1322 tui
2980 1270 3356 1338 existentis,id
3374 1275 3461 1327 est
3480 1289 3585 1344 per
3598 1278 3741 1345 quot

2128 1350 2248 1406 dies
2278 1353 2582 1422 permittes
2610 1371 2702 1409 me
2729 1372 2957 1410 servum
2989 1360 3150 1412 tuum
3180 1358 3326 1414 adeo
3366 1360 3739 1416 vehementer

2125 1438 2349 1510 affligi?
2382 1440 2608 1506 Quando
2636 1442 2746 1496 erit
2773 1443 2881 1497 hoc
2914 1444 3069 1516 quod
3093 1445 3263 1514 facies
3297 1446 3435 1502 mihi
3464 1447 3735 1519 judicium

2124 1527 2188 1581 de
2204 1529 2654 1600 persequentibus,
2682 1530 2896 1585 scilicet
2921 1535 2982 1586 ut
3010 1549 3102 1587 me
3116 1550 3287 1589 carne
3309 1535 3561 1590 solutum
3574 1536 3728 1607 justo

2125 1632 2461 1672 remuneres
2484 1621 2704 1673 aeterna
2726 1620 2840 1674 vita
2863 1637 2965 1693 pro
2992 1638 3195 1676 eorum
3225 1623 3304 1693 inj
3316 1624 3451 1678 ustis
3470 1640 3733 1695 persecu-

419 1703 720 1775 iniquitate
756 1706 864 1759 hoc
901 1705 1037 1760 dicit
1067 1721 1079 1758 :
1110 1706 1306 1776 injuste
1331 1706 1668 1775 iniquitatem
1700 1704 1939 1773 fecerunt
1970 1706 2023 1756 in
2052 1693 2102 1752 Β
2128 1702 2376 1758 tionibus
2395 1703 2423 1760 ?
2453 1706 2569 1760 Hoc
2596 1709 2790 1761 autem
2825 1709 2981 1780 quod
3010 1726 3075 1763 ex
3096 1709 3278 1765 nimia
3303 1693 3570 1767 desiderii
3601 1714 3735 1768 affe-

416 1809 518 1860 me,
548 1808 675 1865 quas
701 1794 875 1864 longe
901 1794 1064 1865 pejor
1092 1798 1177 1847 est
1204 1809 1379 1865 quam
1412 1792 1457 1846 si
1478 1793 1638 1862 juste
1668 1792 1855 1845 fieret.
1904 1790 2021 1844 Ini-

416 1884 692 1952 quitatem,
716 1880 977 1953 inquam,
1011 1883 1207 1953 injuste
1232 1882 1471 1953 fecerunt
1501 1883 1555 1933 in
1581 1897 1662 1933 me
1685 1896 1698 1934 :
1722 1896 1813 1948 ego
1844 1886 2022 1933 autem

415 1984 520 2041 pro
532 1985 737 2024 eorum
754 1970 969 2040 injusta
981 1970 1380 2041 persecutione
1396 1985 1512 2023 non
1532 1968 1711 2022 defeei
1723 2009 1736 2034 ,
1752 1968 1854 2022 sed
1874 1984 2021 2021 exer-

412 2057 565 2111 cebar
594 2060 649 2112 in
678 2058 948 2113 mandatis
978 2061 1081 2112 tuis
1112 2058 1297 2130 magis
1322 2060 1381 2112 et
1407 2057 1595 2128 magis
1624 2060 1682 2111 et
1704 2054 2021 2110 secundum

412 2146 710 2202 scientiam
731 2150 788 2202 et
806 2148 1119 2204 secundum
1145 2147 1549 2219 operationem
1572 2140 2018 2215 Canfundantur,

411 2233 951 2306 inquam,superbiet
973 2236 1193 2291 confusi
1226 2240 1601 2290 convertantur
1626 2232 1696 2287 de
1718 2232 2020 2304 iniquitate

412 2339 512 2378 sua
538 2325 672 2378 mihi
693 2324 1125 2391 conformandi,
1161 2326 1216 2378 et
1244 2326 1487 2378 timentes
1519 2329 1566 2376 te
1583 2319 1892 2387 efficiendi,
1923 2320 2021 2391 qui

412 2412 588 2467 modo
611 2429 729 2467 non
761 2412 989 2480 timent,
1008 2419 1056 2466 et
1087 2413 1166 2466 illi
1193 2414 1288 2483 qui
1298 2412 1426 2482 jam
1448 2415 1710 2466 noverunt
1723 2411 2019 2463 testimonia

412 2509 526 2569 tua,
556 2500 613 2554 id
663 2504 749 2555 est
795 2503 1083 2572 praecepta
1128 2503 1248 2567 tua,
1291 2499 1505 2554 scilicet
1535 2498 1631 2569 qui
1666 2498 1792 2569 jam
1822 2497 2019 2552 fideles

410 2591 563 2655 sunt,
596 2605 712 2642 non
740 2592 936 2643 tamen
960 2587 1018 2641 in
1050 2590 1277 2642 tantum
1308 2586 1545 2659 perfecti
1574 2587 1717 2640 sicut
1744 2601 1850 2656 ego
1875 2585 2019 2639 mihi

410 2677 848 2745 confirmentur,
883 2677 982 2731 sed
1004 2677 1266 2732 videlicet
1298 2681 1361 2731 ut
1382 2675 1621 2747 perfecti
1643 2675 1807 2743 fiant,
1835 2674 2019 2746 magis

411 2765 780 2837 magisquein
801 2764 1088 2821 mandatis
1111 2764 1342 2821 Domini
1369 2763 1690 2819 exercendo
1712 2780 1792 2817 se.
1817 2763 1889 2817 Ut
1916 2779 2016 2817 au-

410 2856 531 2907 tem
545 2853 871 2925 dignussim
901 2870 1074 2926 quem
1099 2854 1178 2908 illi
1198 2855 1290 2926 qui
1318 2858 1573 2908 noverunt
1596 2851 1890 2906 testimonia
1924 2858 2014 2905 tua

409 2941 731 3010 imitentur,
759 2959 875 2998 non
908 2944 1094 2998 solum
1122 2959 1224 2998 oro
1255 2946 1319 2996 ut
1346 2958 1464 2996 non
1493 2956 1725 3014 peccem
1751 2939 1809 2993 in
1841 2955 2013 3010 opere
2047 2971 2095 3031 Ο

412 3034 470 3086 et
499 3031 558 3086 in
585 3031 802 3103 lingua,
845 3032 944 3086 sed
973 3031 1114 3086 illud
1143 3030 1317 3086 eliam
1351 3046 1452 3087 oro
1484 3029 1639 3102 quod
1667 3027 2012 3100 perfectissi-

412 3135 575 3174 mum
608 3122 712 3187 est,
737 3118 1005 3174 videlicet
1034 3120 1126 3173 ﬁat
1151 3135 1242 3173 cor
1266 3135 1441 3173 meum
1485 3117 1909 3183 immaculatum,
1952 3118 2013 3169 ut

410 3223 527 3262 non
558 3208 877 3263 maculatur
894 3207 1086 3279 aliqua
1098 3206 1447 3278 cogitatione
1463 3203 1777 3259 criminalis
1797 3203 2009 3271 delicti,

410 3299 468 3349 et
492 3295 601 3349 hoc
631 3295 731 3349 fiat
756 3298 807 3348 in
822 3294 1299 3364 justi/tentionibus
1325 3296 1451 3361 tuis,
1486 3293 1544 3347 id
1577 3296 1661 3347 est
1699 3308 1804 3363 per
1848 3290 2013 3362 justi-

410 3383 706 3437 tlcationes
735 3386 879 3449 tuas,
899 3382 1131 3449 scilicet,
1151 3382 1285 3453 quia
1306 3396 1410 3452 per
1427 3398 1484 3435 se
1517 3397 1634 3435 non
1681 3382 1867 3450 potest
1903 3379 2010 3433 im-

410 3471 757 3526 maculatum
791 3470 959 3537 effici,
984 3470 1084 3524 fiat
1112 3474 1168 3524 te
1180 3470 1530 3540 justiﬁcante
1550 3469 2007 3523 immaculatum.

404 3558 844 3614 Justiflcationes
876 3558 1172 3631 pluraliter
1201 3559 1365 3631 ponit
1385 3561 1668 3631 quantum
1719 3558 1791 3613 ad
1820 3557 2012 3628 plures

407 3647 851 3703 emundationes
888 3646 1140 3719 plurium
1186 3648 1605 3719 cogitationum
1656 3646 2007 3701 illicitarum.

405 3735 562 3804 Fiat,
594 3736 855 3808 inquam,
886 3752 977 3790 car
1005 3753 1177 3790 meum
1209 3737 1636 3804 immaculatum,
1668 3743 1727 3789 ut
1758 3751 1864 3789 non
1884 3751 2008 3788 con-

401 3825 632 3898 fundar,
653 3825 713 3880 id
733 3828 817 3880 est
848 3840 966 3879 non
998 3824 1336 3880 erubescam
1374 3825 1429 3879 in
1465 3823 1819 3881 conscientia
1853 3839 2008 3878 mea.

404 3914 810 3970 Erubescerem
841 3913 999 3968 enim
1030 3913 1088 3968 in
1119 3913 1469 3969 conscientia
1500 3930 1650 3981 mea,
1676 3912 1721 3967 si
1754 3916 2010 3972 maeula-

402 4007 527 4057 tum
554 4005 701 4057 esset
727 4017 826 4056 cor
852 4017 1075 4057 meum.

475 4091 640 4157 Cara,
672 4091 884 4143 curvati
933 4097 1056 4143 sunt
1108 4089 1540 4161 interpretatur.
1572 4089 1708 4154 Quae
1763 4094 1835 4147 ad
1897 4095 2004 4151 hoc

403 4178 721 4232 undecima:
741 4177 1006 4231 clausulae
1031 4177 1282 4231 versibus
1313 4178 1534 4233 octonis
1561 4179 1908 4249 inscribitur,
1945 4187 2005 4238 ut

401 4284 467 4322 ex
493 4266 601 4322 hoc
620 4268 896 4338 appareat
921 4263 1195 4337 quoniam
1223 4264 1419 4319 ﬁdeles
1446 4265 1543 4337 qui
1566 4266 1669 4321 sub
1701 4247 2006 4325 nimiotri-
2027 4247 2080 4305 D

396 4353 763 4411 hulationum
809 4352 1067 4424 pondere
1111 4351 1326 4406 curvati
1369 4357 1502 4406 sunt
1545 4356 1603 4408 et
1650 4355 1886 4425 anxiati,
1930 4359 2003 4413 ad

398 4447 677 4497 aeternam
721 4441 900 4496 vitam
930 4439 1298 4512 suspirantes,
1330 4439 1459 4510 jam
1505 4440 1730 4496 dissolvi
1777 4447 1834 4498 et
1882 4461 2003 4502 esse

397 4546 528 4584 cum
560 4529 783 4584 Christo
834 4532 1106 4601 expetunt
1137 4528 1298 4596 (Plut.
1338 4545 1374 4599 ι,
1415 4530 1526 4596 23),
1582 4532 2001 4601 prmtendendo

398 4632 628 4672 causam
650 4617 707 4671 in
730 4616 1010 4689 principio
1028 4618 1229 4688 psalmi
1249 4634 1426 4689 quare
1449 4618 1686 4689 dignum
1702 4619 1773 4674 sit
1799 4623 1862 4675 ut
1874 4622 2003 4692 jam

395 4708 569 4762 vitam
600 4710 880 4761 mternam
902 4705 1309 4777 adipiscantur.
1327 4706 1611 4762 Caeterum
1634 4709 1791 4780 quod
1815 4711 2002 4766 adhuc

394 4799 624 4868 oportet
644 4812 740 4851 eos
755 4793 1152 4849 tribulationes
1174 4795 1453 4866 plurimas
1473 4812 1579 4867 pro
1609 4796 1833 4854 Christo
1856 4800 1997 4870 pati,

393 4888 707 4957 antequam
724 4901 757 4939 a
772 4899 944 4939 carne
965 4882 1279 4949 solvantur,
1303 4887 1474 4938 orant
1493 4885 1697 4940 saltem
1722 4889 1783 4941 ut
1815 4903 1912 4941 eos
1938 4887 1995 4942 in

391 4973 526 5045 ipsis
564 4972 999 5029 tribulationum
1028 4970 1408 5026 anxietatibus
1452 4972 1702 5043 adjuvet,
1751 4991 1823 5030 ne
1864 4976 2000 5030 deli-

389 5063 563 5118 ciant.
584 5046 701 5117 lioc
735 5065 929 5116 autem
970 5076 1037 5115 ea
1063 5060 1386 5115 intentione
1419 5060 1639 5116 faciunt
1671 5066 1733 5117 ut
1759 5068 1997 5120 caeteros

388 5151 587 5208 fideles
611 5150 671 5205 in
696 5149 1065 5207 tribulatione
1086 5149 1301 5220 positos
1326 5152 1383 5204 et
1414 5149 1487 5204 ad
1516 5154 1794 5207 aeternam
1822 5153 1997 5209 vitam

386 5243 736 5315 suspirantes
754 5239 1061 5305 instruant,
1085 5240 1147 5292 ut
1172 5254 1303 5293 cum
1328 5238 1436 5293 hoc
1461 5239 1533 5293 sit
1552 5239 1711 5311 quod
1732 5244 1849 5295 tam
1883 5241 1993 5297 cito

384 5329 611 5387 dissolvi
634 5344 749 5383 non
764 5330 1020 5400 possunt,
1041 5329 1098 5380 et
1115 5342 1236 5381 esse
1251 5343 1381 5382 cum
1395 5326 1641 5396 Christo,
1664 5345 1781 5383 non
1796 5332 1992 5385 tamen

380 5417 554 5475 taedio
573 5415 1008 5473 tribulationum
1027 5414 1315 5483 deficiant,
1339 5415 1439 5470 sed
1461 5431 1494 5470 a
1518 5416 1631 5471 Deo
1654 5418 1991 5476 constantiae

385 5507 659 5567 auxilium
689 5507 1043 5578 exspectent.

2125 1793 2314 1848 ctione
2346 1794 2504 1864 quasi
2536 1795 2641 1849 sub
2663 1795 3120 1867 interrogatione
3147 1797 3333 1870 ponit,
3355 1799 3734 1871 mquipollens

2126 1884 2211 1934 est
2240 1896 2304 1935 ac
2334 1881 2378 1934 si
2411 1881 2488 1935 sic
2520 1882 2876 1937 enuntiative
2900 1884 3226 1939 orationem
3257 1886 3476 1941 faceret
3507 1904 3519 1941 :
3546 1886 3733 1950 Quan-

2125 1967 2462 2039 doquidem,
2492 1969 2759 2039 Domine,
2791 1976 3200 2044 persequentes
3237 1990 3328 2029 me
3361 1976 3566 2028 nolunt
3590 1992 3733 2030 con-

2123 2055 2286 2110 fundi
2321 2061 2377 2111 et
2407 2057 2683 2126 converti,
2708 2059 2807 2113 sed
2842 2076 2934 2113 me
2957 2061 3209 2130 graviter
3239 2064 3298 2115 et
3326 2062 3548 2117 assidue
3601 2080 3735 2135 per-

2123 2150 2461 2215 sequuntur,
2498 2162 2621 2214 oro,
2663 2147 2932 2200 abbrevia
2963 2148 3081 2201 dies
3111 2148 3440 2204 afﬂictionis
3472 2168 3635 2219 mete,
3670 2155 3732 2206 et

2122 2238 2340 2288 aeterna
2371 2234 2485 2288 vita
2514 2250 2606 2288 me
2632 2235 2785 2305 juste
2822 2252 3154 2293 remunera.
3185 2238 3250 2291 Et
3281 2236 3524 2308 dignum
3555 2245 3637 2294 est
3669 2244 3735 2294 ut

2122 2320 2228 2375 hoc
2251 2322 2391 2376 mihi
2414 2321 2607 2376 facias.
2627 2321 2837 2393 Defeci!
2852 2324 3011 2377 enim
3037 2325 3110 2379 ab
3124 2326 3282 2380 omni
3315 2327 3569 2398 appetitu
3592 2332 3735 2382 tem-

2121 2410 2406 2480 poralium
2435 2413 2618 2464 anima
2646 2428 2761 2465 mea
2787 2413 3030 2467 tendens
3048 2414 3526 2469 omniaffeetione
3558 2418 3610 2468 in
3640 2434 3729 2470 sa-

2122 2497 2293 2553 lutare
2318 2505 2489 2566 tuum,
2517 2499 2575 2553 id
2606 2504 2691 2553 est
2716 2500 2773 2554 in
2806 2499 3161 2556 Salvatorem
3206 2505 3367 2557 tuum
3417 2503 3728 2559 Dominum

2119 2585 2314 2640 Iesum
2338 2586 2746 2642 obtinendum.
2765 2587 2930 2652 Quod
2959 2592 3044 2642 est
3066 2589 3255 2644 dicere
3288 2607 3301 2645 :
3337 2590 3509 2645 Omni
3532 2608 3730 2647 amore

2119 2678 2178 2728 et
2212 2674 2471 2746 appetitu
2515 2675 2878 2730 saecularium
2925 2692 3119 2731 rerum
3156 2678 3497 2749 postposito,
3540 2681 3727 2735 solum

2119 2763 2429 2817 Dominum
2454 2763 2645 2817 Jesum
2678 2763 2912 2835 adipisci
2954 2769 3184 2838 appeto,
3227 2766 3374 2820 illius
3426 2767 3535 2821 frui
3586 2784 3729 2838 prm-

2118 2851 2304 2905 sentia
2347 2852 2406 2905 in
2444 2852 2600 2906 cwlis
2637 2856 2769 2923 post
2817 2853 3005 2908 carnis
3044 2853 3454 2909 resolutionem
3507 2855 3721 2923 ardeo;

2117 2936 2363 3011 ideoque
2396 2939 2641 3011 dignum
2692 2944 2778 2995 est
2822 2944 2884 2995 ut
2935 2941 3231 2997 abbrevies
3284 2943 3405 2997 dies
3441 2942 3584 2998 servi
3616 2945 3718 2998 tui.

2113 3026 2801 3099 Defecit,iuquam,anima
2816 3046 2929 3083 mea
2958 3029 3201 3084 tendens
3227 3032 3283 3085 in
3299 3029 3532 3085 salutare
3549 3037 3721 3100 tuum,

2114 3120 2163 3170 et
2192 3114 2485 3171 tendendo
2518 3119 2572 3169 in
2611 3116 2861 3185 Verbum,
2890 3117 2947 3171 id
2979 3121 3065 3173 est
3090 3117 3149 3171 in
3179 3118 3429 3174 salutare
3463 3126 3636 3189 tuum,
3662 3120 3721 3174 in

2114 3202 2318 3257 Filium
2349 3206 2511 3258 tuum
2542 3203 2855 3259 Dominum
2889 3205 3197 3272 Christum,
3227 3205 3283 3260 in
3312 3206 3434 3277 ipso
3455 3198 3723 3279 superspe-

2113 3293 2231 3347 ν·αυὶ
2246 3309 2260 3359 ;
2290 3291 2347 3347 in
2373 3292 2495 3363 ipso
2524 3293 2948 3347 beatitudinem
3001 3294 3266 3349 obtinere
3303 3295 3524 3365 speravi
3553 3312 3725 3367 super

2112 3381 2220 3434 hoc
2251 3396 2427 3451 quam
2455 3380 2565 3434 dici
2595 3380 2776 3452 possit
2805 3381 3186 3453 autintelligi,
3211 3382 3454 3454 ideoque
3480 3383 3717 3455 dignum

2114 3471 2199 3521 est
2225 3470 2286 3521 ut
2312 3468 2432 3522 dies
2450 3484 2610 3523 meos
2626 3468 3008 3536 abbrevies,et
3030 3486 3124 3523 me
3142 3487 3497 3526 remuneres.
3531 3472 3647 3537 Vel,
3662 3474 3721 3527 in

2113 3556 2266 3610 verba
2294 3563 2383 3610 tuo
2408 3556 2870 3628 supersperaci,id
2891 3561 2975 3611 est
3004 3557 3191 3628 magis
3222 3562 3279 3612 et
3300 3558 3717 3631 magissperavi

2111 3645 2672 3713 remunerationem,
2701 3645 2758 3700 id
2791 3648 2897 3713 est,
2926 3662 3061 3700 cum
3103 3646 3310 3702 nudius
3349 3646 3549 3701 tertius
3594 3663 3721 3719 spe-

2112 3750 2351 3801 rassem,
2381 3733 2505 3788 heri
2539 3733 2730 3806 magis
2755 3733 2997 3806 speravi,
3031 3737 3088 3789 et
3115 3734 3288 3789 hodie
3320 3734 3507 3790 adhuc
3534 3735 3724 3807 magis

2111 3838 2298 3893 spero.
2328 3821 2451 3877 Non
2480 3822 2666 3876 solum
2697 3825 2889 3876 autem
2921 3824 3105 3878 anima
3148 3840 3263 3877 mea
3303 3823 3494 3893 defecit
3518 3823 3590 3899 ab
3621 3840 3722 3896 ap-

2110 3911 2291 3981 petitu
2322 3910 3067 3982 temporalium,tendendo
3087 3914 3141 3966 in
3168 3912 3403 3966 salutare
3434 3912 3719 3979 tuum,scd

2109 3998 2287 4054 etiam
2305 3999 2608 4077 defecerunt
2629 3999 2702 4054 ab
2720 4000 2881 4054 omni
2907 3999 3129 4071 reliquo
3151 4000 3440 4055 intellectu
3454 4000 3594 4058 oculi
3612 4003 3723 4055 mei

2108 4087 2434 4156 interiores,
2450 4087 2597 4142 oculi
2626 4088 2837 4142 scilicet
2856 4088 3483 4159 rationis,respiciendo
3497 4089 3715 4143 solum-

2108 4176 2282 4230 modo
2302 4178 2357 4229 in
2386 4177 2651 4246 eloquium
2683 4182 2857 4245 tuum,
2886 4176 2943 4231 id
2981 4180 3066 4231 est
3095 4176 3153 4230 in
3187 4176 3391 4231 Filium
3416 4179 3580 4231 tuum
3611 4177 3714 4247 qui

2107 4266 2401 4337 eloquium
2418 4269 2577 4319 tuum
2597 4265 2897 4333 dicitur,eo
2916 4265 3070 4338 quod
3083 4281 3188 4337 per
3199 4282 3331 4319 eum
3347 4266 3715 4320 omnibusse-

2106 4354 2605 4408 cretatualocutus
2618 4353 2869 4417 es.Quod
2882 4357 2968 4408 est
2981 4353 3281 4408 dicerezAb
3298 4354 3461 4408 omni
3479 4354 3711 4409 saecula-

2107 4440 2154 4494 ri
2171 4441 2549 4512 intelligentia
2564 4441 2851 4496 rationem
2870 4440 3403 4509 meamabstinui,et
3415 4441 3487 4496 ad
3506 4441 3713 4496 intelli-

2105 4530 2361 4601 gendum
2381 4533 2436 4584 te
2453 4546 2689 4585 omnem
2706 4547 2850 4585 mete
2866 4529 3104 4585 rationis
3118 4529 3386 4584 intuitum
3411 4528 3709 4596 verti;ideo

2105 4618 2347 4690 dignum
2363 4622 2448 4674 est
2461 4622 2522 4673 ut
2536 4618 2655 4673 dies
2668 4635 2830 4674 meos
2841 4618 3134 4674 abbrevies
3150 4621 3206 4674 et
3230 4633 3322 4673 me
3349 4634 3707 4673 remuneres.

2175 4708 2504 4763 Notandum
2553 4709 2708 4779 quod
2761 4707 3209 4763 diversissimum
3267 4709 3372 4774 est,
3405 4706 3560 4778 quod
3610 4723 3707 4762 su-

2101 4798 2294 4869 perius
2338 4796 2499 4865 dixit,
2549 4796 2811 4851 animam
2857 4796 3130 4851 defecisse
3190 4795 3261 4850 ab
3314 4794 3591 4867 appetitu,
3624 4798 3706 4863 et,

2101 4885 2256 4957 quod
2286 4884 2379 4939 hic
2406 4885 2561 4952 dicit,
2592 4886 2786 4939 oculos
2816 4884 3055 4939 rationis
3101 4883 3372 4939 defecisse
3417 4882 3490 4937 ab
3536 4882 3705 4937 intel-

2101 4974 2271 5028 lectu.
2305 4973 2498 5044 Longe
2530 4972 2930 5044 nempe~aliud
2975 4976 3061 5028 est
3103 4972 3391 5044 appetitus
3440 4973 3499 5024 et
3550 4969 3706 5025 aliud

2100 5062 2439 5117 intellectus.
2472 5061 2819 5132 De/ecerunt,
2866 5061 3128 5133 inquam,
3158 5058 3297 5113 oculi
3331 5061 3436 5113 mei
3456 5058 3702 5125 dicentes,

2099 5149 2157 5205 id
2175 5154 2259 5206 est
2282 5166 2373 5205 me
2392 5149 2580 5204 dicere
2595 5148 3269 5221 compellentes,scilicet,
3286 5147 3383 5219 qui
3400 5163 3492 5201 me
3510 5146 3703 5201 adhoc

2098 5237 2520 5294 rationabiliter
2545 5240 2782 5309 cogunt,
2821 5242 2883 5292 ut
2921 5255 2989 5292 ex
3035 5237 3216 5291 nimio
3265 5235 3551 5291 desiderio
3601 5232 3702 5290 tibi

2096 5328 2283 5384 dicam
2321 5344 2333 5381 :
2365 5326 2409 5381 Ο
2439 5327 2607 5394 Deus,
2648 5325 2857 5398 quando
2915 5325 3269 5381 consolaberis
3314 5340 3418 5393 me,
3462 5337 3698 5380 carnem

2092 5432 2285 5472 meam
2313 5414 2673 5477 resolvendo,
2698 5417 2757 5470 et
2784 5414 2863 5469 sic
2907 5430 3001 5468 me
3032 5430 3067 5468 a
3098 5411 3565 5468 tribulationibus
3587 5411 3697 5468 exi-

2090 5504 2403 5572 mendo,et
2419 5506 2639 5560 (eterna
2672 5502 2786 5559 vita
2811 5518 2906 5559 me
2937 5499 3367 5559 remunerando
3394 5499 3423 5557 ‘t
3449 5499 3565 5556 Hoc
3594 5516 3690 5556 au~

457 5593 665 5679 ρομσίι
704 5595 757 5651 in
791 5592 1044 5671 salutare,
1093 5594 1202 5656 etc.
1235 5593 1297 5649 In
1337 5591 1519 5650 tribus
1568 5590 1772 5675 primis
1814 5594 1985 5676 hujus
2086 5598 2205 5655 tem
2224 5591 2379 5672 quod
2395 5608 2461 5649 ex
2483 5591 2689 5653 ardore
2708 5590 2972 5653 desiderii
3001 5590 3324 5673 suspensive
3340 5588 3691 5675 ponit,ideu\
