4016 6030
294 285 428 340 1285

1230 248 1695 344 ἘΧΡΟΞΙΤῙΟῙΧ
1734 233 2070 319 psALuos.
2105 289 2173 300 -
2197 236 2400 316 ῬΞᾹΕ.
2455 252 2654 313 cxvm

3455 252 3599 315 1986

232 430 237 434 '
293 423 441 475 valet
473 434 537 473 ac
559 415 601 473 si
630 415 821 470 taliter
861 412 1052 467 oraret
1075 408 1251 474 :Quia
1276 409 1345 463 de
1379 406 1601 462 Christo
1652 404 1900 475 quantus
1919 402 1976 462 Α
1999 398 2112 455 vari
2133 414 2314 467 orem,
2345 401 2402 452 et
2422 401 2485 453 ut
2499 397 2752 467 adjuves.
2786 395 2931 461 Quia
2945 392 3108 467 paulo
3138 394 3311 450 minus
3354 409 3597 450 consum-

293 512 365 564 sit
390 507 670 577 intelligo,
696 521 761 558 ex
775 506 936 575 parte
969 500 1043 555 ad
1060 516 1189 554 eum
1222 496 1553 570 pertingere
1584 491 1899 564 suspirans,

295 614 420 664 oro,
454 595 718 656 Domine,
750 608 845 646 me
876 590 935 645 in
955 586 1419 644 tribulationibus
1448 582 1764 638 desolalum
1789 579 1900 633 cito

296 688 837 749 consolare,acarne
860 677 1284 741 resolvendo,et
1298 674 1370 728 ad
1387 673 1508 744 ejus
1532 666 1903 742 praesentiam

298 792 393 830 me
423 772 727 829 trahendo.
764 772 831 824 Et
851 768 979 823 ideo
1005 781 1255 839 quoque,
1308 760 1571 825 Domine,
1638 754 1909 812 abbrevia

297 864 418 919 dies
444 878 626 928 meos,
671 864 729 913 et
769 859 859 913 fac
892 856 1032 911 mihi
1046 854 1315 926 judicium
1371 849 1435 903 de
1482 844 1910 918 persequentibus

298 968 399 1018 me,
432 953 558 1022 quia
583 950 762 1019 factus
783 963 894 1001 sum
919 947 1056 998 sicut
1092 948 1209 996 uter
1237 939 1454 1011 positus
1486 939 1541 990 in
1565 935 1784 1005 pruina,
1803 930 1909 984 sci-

298 1021 450 1106 licet,
481 1055 599 1093 non
643 1039 825 1091 factus
853 1048 979 1087 sum
1035 1026 1441 1102 comparabilis
1490 1024 1599 1079 utri
1632 1022 1818 1095 posito
1849 1021 1909 1074 in

300 1132 461 1193 testu,
495 1127 589 1200 qui
617 1142 683 1180 ex
718 1122 896 1178 nimia
913 1121 1176 1175 ariditate
1209 1114 1584 1186 disrumpitur
1612 1115 1669 1165 et
1699 1109 1912 1165 inutilis

301 1221 385 1272 est
400 1198 528 1271 ideo
545 1215 618 1269 ad
638 1214 835 1267 vinum
851 1208 1220 1282 capiendum,
1243 1205 1342 1259 sed
1364 1198 1770 1273 comparabilis
1782 1213 1910 1252 sum

303 1305 415 1360 utri
444 1304 631 1377 posito
655 1301 937 1372 inpruina,
970 1297 1028 1351 id
1050 1298 1134 1349 est
1165 1294 1220 1348 in
1240 1291 1451 1363 frigida
1479 1305 1627 1360 aqua
1644 1287 1738 1342 ubi
1752 1285 1913 1340 refri-

305 1375 557 1464 geratur,
576 1407 647 1444 ne
665 1390 736 1443 ab
749 1392 890 1443 testu
916 1387 1133 1440 arescat
1150 1385 1207 1437 et
1226 1375 1910 1449 disrumpatur,ideoque,

306 1461 441 1556 quia
464 1479 735 1535 humidus
764 1481 851 1532 est
871 1492 935 1530 ex
963 1474 1087 1544 ipsa
1134 1470 1360 1543 pruina,
1382 1466 1591 1522 habilis
1621 1467 1706 1519 est
1732 1462 1804 1516 ad
1834 1461 1914 1515 vi-

307 1550 443 1626 num
456 1612 470 1638 ,
486 1569 571 1623 vel
586 1567 654 1623 ad
672 1565 986 1642 quemlibet
1000 1564 1302 1617 humorem
1317 1553 1735 1627 recipiendum.
1755 1550 1918 1615 Quod

308 1665 394 1715 est
419 1655 809 1713 dieere:Sicut
835 1658 960 1707 uter
1004 1652 1061 1706 in
1095 1649 1301 1721 pruina
1323 1645 1540 1719 positus
1567 1647 1624 1697 et
1675 1642 1748 1695 ab
1779 1642 1918 1694 testu

1999 496 2295 555 moverunt,
2323 491 2454 553 etc.;
2485 486 2546 541 id
2573 489 2658 541 est
2688 501 2835 556 pene
2860 487 3208 557 peregerunt
3227 483 3287 540 in
3320 500 3415 539 me
3446 486 3603 558 quod

2002 577 2384 648 incmperunt,
2417 574 2690 647 ponendo
2719 590 2813 628 me
2841 589 2875 627 a
2903 573 3252 628 sublimitate
3288 572 3603 629 sanctitatis

2007 682 2152 719 mea:
2175 668 2231 718 in
2284 671 2444 731 terra,
2477 663 2536 718 id
2579 666 2665 717 est
2695 662 2753 716 in
2782 660 3059 717 terrenis:
3092 661 3150 716 in
3171 660 3341 730 vitiis,
3371 662 3602 718 scilicet.

2008 753 2174 817 Quod
2206 756 2294 807 est
2324 752 2515 807 dicere
2546 768 2558 805 :
2620 751 2751 806 Ideo
2785 767 2879 804 me
2909 748 3294 804 necessarium
3325 753 3411 805 est
3440 767 3606 806 orare

2009 841 2359 911 adjutorium
2387 843 2574 907 tuum,
2603 839 2738 911 quia
2767 843 2928 893 tanta
2960 838 3105 892 mihi
3130 837 3377 893 infertur
3405 840 3476 894 ab
3497 839 3604 893 ini-

2011 929 2138 1000 quis
2168 928 2508 1000 persecutio,
2543 928 2696 999 quod
2717 942 2864 998 pene
2882 925 3064 980 hocin
3089 941 3182 980 me
3207 924 3608 982 eti’eceruntad

2011 1017 2166 1088 quod
2196 1017 2659 1081 intenderunt,ut
2684 1013 3424 1069 me'sibiconformarentin
3440 1014 3606 1069 vitiis.

2013 1105 2157 1169 Quia
2180 1121 2314 1158 vero
2347 1104 2564 1159 dixerat
2580 1120 2728 1175 pene
2746 1110 3261 1170 consummaverunt,
3287 1120 3359 1158 ne
3391 1102 3610 1159 videre-

2010 1198 2107 1249 tur
2135 1193 2217 1248 eis
2241 1193 2299 1247 in
2314 1192 2503 1265 aliquo
2523 1190 3158 1259 consensisse,rcmovet
3177 1191 3283 1245 hoc
3303 1191 3410 1246 sic:
3434 1191 3615 1247 Perse-

2012 1284 2123 1336 cuti
2148 1288 2290 1349 sunt,
2333 1280 2593 1352 inquam,
2626 1297 2728 1345 me,
2763 1283 2821 1334 et
2848 1280 2926 1334 sic
2969 1279 3127 1350 quod
3182 1294 3331 1349 pene
3383 1295 3618 1335 consum-

2012 1377 2319 1426 maverunt.
2352 1369 2473 1440 Ego
2498 1377 2672 1422 autem
2692 1385 2797 1424 non
2821 1368 3078 1439 ἀρνεΙίᾳυί
3094 1367 3351 1423 mandata
3371 1374 3481 1436 tua,
3514 1370 3625 1427 ali-,

2016 1475 2130 1530 quo
2162 1457 2338 1512 modo
2367 1457 2449 1510 eis
2474 1456 2916 1523 consentiendo,
2951 1455 3196 1528 ideoque
3251 1455 3458 1528 dignus
3487 1474 3615 1512 sum

2017 1546 2326 1617 adjutorio.
2363 1544 2504 1599 Cum
2535 1544 2670 1599 dicit
2695 1560 2842 1615 pene
2867 1552 3383 1600 consummaverunt.
3411 1546 3616 1600 orandi

2018 1634 2416 1689 necessitatem
2450 1632 2720 1687 ostendit.
2755 1632 2897 1687 Cum
2930 1648 3063 1686 vero
3086 1631 3249 1687 dicit:
3297 1650 3388 1702 ego
3417 1640 3617 1700 autem,

309 1750 561 1803 semotus
588 1749 645 1800 et
663 1742 1056 1813 refrigeratus,
1087 1737 1242 1792 utilis
1265 1739 1348 1790 est
1378 1734 1451 1788 ad
1492 1732 1685 1785 vinum
1704 1744 1917 1783 novum
1942 1706 1993 1767 Β
2017 1727 2151 1789 etc.,
2186 1721 2458 1776 meritum
2483 1721 2830 1793 impetrandi
2860 1720 3185 1792 praetendit.
3210 1720 3493 1784 Quoniam
3511 1737 3620 1792 ego

309 1837 366 1890 in
398 1852 456 1889 se
486 1832 903 1904 recipiendum,
926 1828 1006 1882 ita
1033 1827 1208 1881 etiam
1226 1841 1333 1895 ego
1368 1815 1921 1895 pcrjejuniaetvigi-

308 1921 413 1979 lias
443 1928 499 1976 et
531 1921 821 1976 orationes
852 1917 1172 1971 avitiorum
1197 1915 1335 1967 testu
1360 1908 1831 1979 refrigeratus,ne
1848 1904 1918 1957 ab

314 2014 435 2086 ipso
466 2025 825 2079 corrumpar,
870 2004 1074 2060 habilis
1105 2019 1231 2056 sum
1292 2001 1361 2054 ad
1389 1997 1730 2053 mandatum
1780 1993 1921 2063 legis

315 2117 476 2156 novae
517 2095 942 2168 suscipiendum
958 2096 1014 2146 et
1039 2088 1480 2147 observandum.
1508 2084 1778 2139 Pruinam
1804 2080 1925 2152 qui-

320 2190 453 2243 dem
488 2187 731 2242 dicimus
750 2200 866 2239 non
895 2192 1107 2252 aquam
1142 2179 1321 2243 illam,
1354 2192 1482 2247 qua:
1509 2191 1573 2227 ex
1600 2172 1777 2227 nimio
1794 2170 1923 2241 gelu

317 2275 645 2332 induruilin
663 2269 1036 2345 glaciem,sed
1054 2266 1484 2339 frigidissimum
1508 2277 1699 2316 rorem
1720 2260 1778 2313 in
1798 2275 1925 2312 vere

318 2366 405 2420 vel
421 2340 704 2420 autumno
925 2359 1023 2431 qui
1044 2354 1460 2427 aliquantulum
1479 2340 1928 2420 congelatusﬁest,

321 2458 379 2509 et
405 2453 535 2508 ideo
557 2452 742 2506 adhuc
760 2448 1075 2503 debesmihi
1098 2445 1285 2499 facere
1335 2441 1598 2514 judicium
1651 2438 1715 2490 de
1750 2452 1930 2507 persc-

325 2541 607 2615 quentibus
626 2556 729 2606 me,
763 2536 894 2611 quia
908 2553 1013 2590 non
1027 2551 1144 2588 sum
1163 2532 1353 2586 oblitus
1359 2528 1774 2601 justiﬁcationes
1792 2532 1928 2579 (itas.

329 2629 495 2694 Quod
533 2632 620 2682 est
652 2643 715 2681 ac
743 2626 788 2680 si
815 2624 965 2680 dicat
991 2625 1081 2678 :ln
1106 2619 1394 2675 memoria
1433 2615 1770 2685 habuijusta
1785 2629 1932 2685 pree-

326 2721 494 2790 cepta
519 2720 638 2783 tua,
667 2717 730 2769 ut
755 2730 823 2769 ea
853 2728 1027 2783 opere
1059 2699 1405 2779 compleam.
1439 2705 1555 2759 Iloc
1583 2718 1716 2756 vero
1748 2705 1934 2756 totum

329 2789 483 2861 idem
516 2806 667 2860 valet
698 2819 761 2857 ac
783 2802 827 2856 si
868 2797 1251 2856 diceretzNou
1269 2791 1634 2849 solummodo
1666 2789 1739 2844 ad
1776 2805 1940 2843 man-

332 2896 466 2950 data
497 2896 593 2948 tua
623 2889 954 2962 recipienda
982 2888 1226 2942 idoneus
1247 2882 1444 2949 existo,
1463 2879 1715 2934 sedeain
1755 2894 1939 2949 quan-

2018 1814 2181 1865 tanta
2213 1813 2298 1863 est
2328 1809 2649 1880 persecutio
2681 1813 2738 1862 et
2792 1824 2895 1862 non
2928 1807 3186 1881 dereliqui
3218 1808 3474 1863 mandata
3506 1816 3620 1874 tim,

2020 1899 2229 1968 vici/ica
2261 1915 2343 1952 me
2372 1897 2556 1969 magis
2581 1901 2638 1951 et
2660 1896 2846 1968 magis
2867 1896 2922 1950 in
2956 1895 3279 1963 virtutibus,
3314 1899 3372 1950 et
3402 1897 3511 1951 hoc
3542 1913 3620 1949 se-

2022 1987 2255 2040 cundum
2272 1985 2689 2040 misericordium
2709 1993 2877 2050 tuam,
2918 1984 2976 2037 id
2995 1987 3079 2038 est
3102 1984 3412 2038 secundum
3432 2001 3622 2055 respe-

2024 2079 2178 2129 ctum
2194 2074 2599 2129 misericordite
2624 2077 2809 2140 tuae,ct
2830 2071 3163 2139 viviticatus,
3188 2075 3623 2143 perseveranter

2024 2163 2317 2217 custodiam
2338 2162 2634 2216 testimonia
2657 2162 2764 2215 oris
2792 2162 2891 2225 tui,
2919 2158 2976 2213 id
2994 2162 3078 2213 est
3099 2162 3386 2230 praecepta
3402 2175 3528 2230 quas
3562 2174 3624 2212 os

2028 2254 2213 2317 tuum,
2248 2250 2502 2304 Christus
2532 2248 2795 2304 videlicet
2838 2247 3006 2301 Filius
3037 2250 3185 2314 tuus,
3228 2245 3498 2302 custodiri
3543 2245 3628 2300 in-

2029 2338 2230 2392 stituit.

2101 2427 2343 2494 Laueca,
2369 2443 2459 2479 cor
2471 2426 2583 2481 sive
2608 2443 2785 2480 servus
2806 2425 3239 2495 interpretatur.
3274 2422 3410 2488 Qum
3429 2423 3631 2479 adhoc

2032 2517 2201 2587 hujus
2226 2516 2490 2570 clausulae
2520 2515 2775 2570 versibus
2806 2513 3153 2580 inscribitur,
3172 2516 3235 2567 ut
3261 2529 3329 2568 ex
3350 2529 3417 2567 ea
3439 2512 3631 2582 palam

2035 2605 2106 2659 sit
2136 2607 2419 2676 quatenus
2446 2603 2643 2658 fideles
2674 2603 2766 2657 hic
2816 2604 3056 2674 agentes
3086 2599 3159 2655 ad
3191 2600 3635 2655 instructionem

2038 2693 2330 2748 minorum
2355 2693 2499 2746 servi
2530 2692 2630 2747 Dei
2654 2690 2972 2746 fidelissimi
3001 2693 3157 2757 sunt,
3175 2692 3232 2743 et
3254 2704 3386 2744 vere
3408 2705 3508 2743 cor
3531 2689 3633 2744 ha-

2036 2783 2239 2837 bentes
2264 2780 2630 2847 rationabile,
2646 2795 2776 2833 cum
2809 2778 2870 2832 af
2870 2777 3105 2832 firment
3120 2794 3185 2835 se
3201 2776 3639 2848 justiﬁcationes

2041 2870 2140 2926 Dei
2172 2870 2229 2923 in
2262 2872 2545 2923 aeternum
2578 2883 2696 2922 non
2727 2866 3004 2921 oblituros
3025 2883 3039 2934 ;
3063 2869 3236 2920 etcur
3254 2881 3350 2918 eas
3367 2881 3483 2920 non
3503 2864 3643 2920 obli-

330 2989 455 3039 tum
489 2997 719 3054 possum
754 2995 926 3050 opere
958 2973 1380 3044 compleo.‘Per
1406 2970 1515 3024 hoc
1547 2973 1740 3022 autem
1786 2964 1938 3037 quod
1970 2982 2018 3042 α
2041 2959 2325 3012 viscentur
2341 2957 2532 3027 plures
2551 2971 2748 3010 causas
2786 2954 3115 3021 ostendunt,
3153 2957 3211 3008 et
3232 2956 3402 3008 orant
3444 2955 3507 3008 ut
3536 2953 3642 3008 sal-

334 3072 471 3125 dicit
494 3088 552 3125 se
590 3068 997 3137 refrigeratum
1021 3081 1053 3118 a
1075 3062 1343 3115 vitiorum
1367 3060 1507 3112 mstu
1558 3057 1700 3110 sicut
1731 3057 1941 3118 utrem,

333 3178 392 3214 se
415 3160 627 3214 habere
659 3154 847 3212 innuit
878 3150 1354 3224 temperantiam.
1385 3147 1611 3201 Perhoc
1640 3159 1775 3198 vero
1791 3140 1945 3214 quod

313 3266 393 3322 se
425 3248 560 3302 dicit
591 3263 706 3301 non
740 3259 860 3298 esse
878 3242 1119 3296 oblitum
1141 3235 1578 3309 justiﬁcationes
1596 3228 1946 3297 Domini,in-

341 3336 612 3391 stantiam
638 3335 787 3389 bene
833 3328 1110 3403 operandi
1142 3343 1200 3381 se
1236 3325 1452 3379 habere
1497 3318 1766 3376 ostendit.

413 3423 664 3480 Ostensis
692 3420 936 3485 meritis,
961 3415 1213 3473 ostendit
1264 3410 1665 3467 necessitatem
1721 3406 1945 3472 orandi,

338 3531 468 3569 cum
498 3513 574 3567 sic
604 3509 799 3565 addit:
825 3507 979 3567 Ideo,
1014 3502 1280 3568 Domine,
1340 3500 1628 3572 suspirans
1670 3496 1741 3550 ad
1772 3495 1946 3548 vitam

342 3607 623 3658 aeternam
646 3598 797 3663 dico,
819 3594 959 3661 Quot
983 3598 1107 3647 sunt
1129 3591 1257 3657 dies,
1291 3592 1426 3655 etc.,
1455 3586 1590 3659 quia
1646 3584 1784 3639 utile
1808 3580 1952 3636 mihi

341 3695 427 3747 est
450 3686 920 3744 abbrevationem
939 3682 1149 3736 horum
1164 3678 1389 3743 dierum
1423 3689 1746 3741 orare,cum
1761 3672 1817 3726 in
1833 3686 1954 3724 ma-

341 3796 458 3853 gno
480 3776 738 3850 periculo
770 3772 985 3844 positus
1014 3769 1145 3824 sim.
1168 3768 1311 3821 Nam
1327 3768 1387 3818 ut
1404 3764 1577 3834 iniqui
1604 3778 1697 3816 me
1721 3760 1956 3814 devoca-

338 3848 529 3924 renta
550 3868 677 3935 lege
706 3867 827 3926 tua,
865 3862 1219 3914 narraverunt
1245 3855 1379 3908 mihi
1404 3851 1784 3923 fabulationcs,
1803 3848 1959 3902 idest

345 3972 491 4012 vana
511 3954 685 4009 verba
723 3948 1027 4006 etinutilia
1053 3948 1123 4000 de
1156 3941 1411 3998 szeculari
1464 3939 1751 4009 felicitate,
1795 3952 1960 4007 expe-

344 4045 541 4100 tenda.
566 4042 703 4106 Quae
726 4055 856 4094 cum
874 4038 1017 4092 falsa
1030 4031 1605 4090 sintetinfructuosa,
1633 4025 1773 4081 nihil
1806 4023 1961 4078 aliud

347 4128 906 4205 quamt‘abulationes
919 4114 1964 4184 suntdicenda.Narraverunt,inquam

351 4207 955 4281 miliifabulosaverba,
1013 4211 1086 4265 ad
1124 4211 1232 4264 hoc
1264 4207 1496 4272 scilicet,
1526 4208 1588 4259 ut
1609 4220 1677 4258 ea
1701 4218 1835 4256 vera
1852 4215 1969 4254 cre-

357 4309 553 4364 derem
572 4309 628 4360 et
640 4305 1020 4359 sacrosancta.
1039 4298 1146 4354 Sed
1161 4299 1271 4352 illte
1289 4295 1673 4351 tabulationes
1694 4308 1799 4345 non
1838 4290 1970 4343 sunt

355 4414 388 4451 a
419 4412 512 4451 me
534 4397 810 4466 reputatae
836 4392 976 4446 tales
999 4395 1059 4441 ut
1080 4390 1163 4441 est
1195 4386 1399 4451 lea-tua,
1426 4383 1485 4436 id
1513 4384 1597 4435 est
1617 4379 1810 4452 qualia
1839 4379 1971 4431 sunt

366 4484 643 4541 mandata
672 4486 789 4536 tua.
845 4479 1041 4534 Omnia
1074 4489 1324 4545 namque
1355 4470 1609 4525 mandata
1670 4476 1761 4521 tua
1782 4469 1972 4521 veritas

358 4578 510 4641 sunt,
538 4589 641 4644 per
683 4567 1030 4641 emphasim,
1057 4564 1114 4618 id
1147 4566 1232 4617 est
1280 4558 1575 4614 verissima
1621 4559 1773 4610 sunt.
1808 4554 1972 4618 Quod

360 4668 445 4719 est
474 4643 663 4718 dicere
679 4677 693 4714 :
709 4660 830 4713 Non
851 4658 984 4711 sunt
1003 4654 1283 4726 reputatae
1315 4663 1515 4703 eorum
1537 4643 1924 4700 tabulationes
1942 4658 1975 4695 a

362 4770 478 4818 me,
506 4749 696 4824 qualia
716 4743 1144 4802 suutmandata
1178 4744 1296 4794 tua.
1351 4736 1618 4792 Mandata
1679 4731 1835 4787 enim
1878 4735 1976 4784 tua

359 4838 617 4911 reputavi
649 4834 962 4900 verissima,
1012 4828 1395 4885 tabulationes
1422 4839 1555 4878 vero
1616 4819 1973 4875 falsissimas.

366 4927 651 4994 Quoniam
690 4939 827 4993 ergo
860 4937 963 4994 per
1012 4916 1393 4974 tabulationes
1425 4928 1554 4966 suas
1598 4910 1979 4979 incorporare

368 5016 476 5072 sibi
508 5032 598 5069 me
630 5029 745 5068 non
772 5010 1107 5083 potuerunt,
1140 5005 1246 5077 ipsi
1273 5003 1451 5074 iniqui
1465 4999 1729 5072 persecuti
1755 5003 1879 5049 sunt
1901 5012 1983 5048 me

370 5101 838 5158 tribulationibus
870 5096 1148 5167 corporis,
1184 5097 1245 5147 ut
1293 5092 1499 5145 saltem
1532 5088 1583 5142 vi
1616 5103 1710 5142 me
1738 5083 1983 5140 deiicere

375 5191 808 5263 compellerent.
827 5187 960 5241 Ideo
975 5185 1149 5256 igitur
1163 5196 1264 5236 oro
1283 5179 1590 5233 etobsecro
1619 5181 1696 5240 te,
1717 5172 1983 5237 Domine,

377 5285 577 5337 uteum
600 5279 709 5333 hoc
729 5276 798 5331 ad
828 5291 1080 5348 praesens
1095 5288 1213 5326 esse
1235 5269 1504 5339 nequeat,
1536 5268 1599 5319 ut
1644 5263 1911 5327 resolvar,
1930 5263 1990 5314 et

377 5370 486 5426 sim
518 5383 648 5423 cum
670 5347 916 5430 Christo,
941 5362 1013 5417 ad
1045 5358 1199 5432 quod
1217 5356 1379 5412 valde
1402 5353 1648 5424 suspiro,
1681 5352 1882 5405 saltem
1901 5347 1993 5401 ad-

371 5459 529 5533 juoes
558 5472 661 5524 me,
695 5452 904 5509 auxilio
927 5447 1290 5514 constantiae,
1325 5442 1473 5497 nein
1504 5436 1993 5514 persecutionibus

384 5524 670 5631 deficiam.
698 5543 933 5605 Necesse
966 5542 1049 5597 est
1081 5539 1272 5597 autem
1288 5536 1346 5594 et
1375 5532 1614 5614 dignum
1629 5530 1691 5585 ut
1716 5542 1809 5585 me
1831 5524 1990 5607 adju-

2041 3048 2245 3102 vcntur
2261 3044 2645 3111 aDomino,ne
2658 3044 2729 3097 ab
2741 3043 2831 3096 his
2835 3041 3338 3114 justiﬁcationibus
3351 3041 3639 3096 deﬁciant.

2045 3135 2309 3205 Congrue
2332 3132 2565 3204 quidem
2581 3131 2725 3186 servi
2746 3129 2975 3185 Domini
2997 3146 3115 3184 esse
3130 3129 3327 3184 ﬁdeles
3350 3132 3518 3184 etcor
3542 3131 3642 3184 ha-

2046 3223 2182 3277 bere
2211 3221 2499 3287 dicuntur,
2533 3219 2629 3291 qui
2674 3235 2734 3273 se
2769 3218 2847 3272 sic
2894 3217 3143 3272 firmiter
3189 3221 3247 3272 et
3277 3218 3557 3272 veraciter
3584 3217 3645 3272 in

2048 3309 2345 3385 prteceptis
2375 3308 2605 3363 Domini
2660 3310 3122 3379 perseveraturos
3161 3306 3540 3377 promittunt;
3563 3305 3649 3360 llli

2049 3414 2301 3469 namque
2319 3411 2505 3468 neque
2519 3394 2662 3450 servi
2679 3394 2904 3449 Domini
2930 3398 3275 3464 sunt,neque
3307 3409 3406 3447 cor
3432 3391 3648 3447 habere

2049 3486 2333 3552 videntur,
2367 3484 2465 3539 sed
2495 3483 2684 3556 potius
2712 3481 2987 3537 vecordes
3013 3480 3267 3537 etinsani
3287 3479 3393 3535 dici
3414 3484 3652 3552 possunt

2051 3572 2455 3652 qui_mandata
2485 3571 2584 3627 Dei
2608 3574 3019 3626 contemnunt.

2344 3666 2412 3713 1η
2442 3666 2717 3726 aeternum,
2740 3657 2987 3725 Domine,
3019 3657 3235 3711 verbum
3260 3664 3410 3711 tuum
3435 3674 3656 3728 perma-

2053 3756 2141 3803 net
2162 3752 2218 3803 in
2242 3748 2382 3803 c0210.
2409 3750 2469 3801 ln
2496 3750 2743 3818 quatuor
2758 3745 2959 3819 primis
2974 3745 3143 3816 hujus
3186 3747 3456 3802 clausulae
3478 3747 3653 3802 versi-

2055 3839 2162 3893 bus
2189 3835 2477 3909 prmponit
2505 3851 2700 3889 causas
2725 3834 2799 3889 ad
2828 3833 2969 3888 illud
2998 3833 3154 3905 quod
3177 3833 3236 3887 in
3267 3833 3468 3905 quinto
3491 3851 3658 3889 versu

2058 3924 2368 3997 promittit,
2401 3923 2495 3996 qui
2528 3922 2929 3994 praelegendus
2957 3924 3061 3989 est,
3077 3924 3135 3976 et
3166 3921 3244 3975 sic
3272 3921 3661 3992 superioribus

2062 4011 2523 4082 conjungendus.
2584 4010 2705 4065 Dixi
2757 4009 3036 4082 superius,
3076 4008 3341 4076 Domine,
3374 4009 3529 4080 quod
3554 4026 3664 4065 non

2062 4100 2325 4171 dereliqui
2345 4098 2601 4154 mundata
2634 4105 2759 4164 tua;
2783 4098 2853 4154 de
2883 4102 3091 4153 cmtero
3123 4113 3352 4169 quoque
3384 4098 3663 4168 promitto

2067 4189 2223 4262 quod
2242 4205 2417 4260 usque
2445 4190 2501 4242 in
2530 4195 2809 4255 aeternum,
2836 4186 2895 4241 id
2925 4190 3030 4255 est,
3052 4188 3208 4240 nullo
3248 4189 3514 4255 tempore
3540 4186 3670 4240 obli-

2069 4281 2241 4333 viscar
2258 4277 2669 4347 justiﬁcationes
2699 4282 2836 4341 tuas,
2868 4273 2927 4327 id
2979 4277 3084 4340 est,
3116 4276 3403 4345 praecepta
3431 4276 3549 4339 tua,
3582 4276 3672 4327 vel

2070 4383 2176 4422 non
2198 4366 2477 4421 obliviscar
2504 4365 2916 4436 justi/irationes
2952 4370 3090 4426 tuas,
3114 4359 3358 4414 tendens
3389 4375 3492 4430 per
3523 4360 3675 4431 ipsas

2072 4458 2127 4509 in
2153 4453 2502 4520 teternum,id
2533 4455 2618 4508 est
2646 4451 2703 4504 in
2735 4448 3142 4515 aeternitatem,
3164 4451 3222 4501 et
3243 4463 3312 4501 ea
3344 4448 3675 4502 considera-

2074 4543 2233 4598 tione
2259 4559 2360 4595 non
2388 4541 2684 4605 obliviscar,
2736 4536 3037 4608 quoniam,
3069 4551 3103 4590 o
3132 4534 3399 4603 Domine,
3455 4535 3676 4591 verbum

2079 4638 2249 4698 tuum,
2282 4630 2339 4684 id
2368 4632 2453 4682 est
2479 4629 2831 4700 praeceptum
2868 4626 3028 4679 tuum
3052 4631 3328 4695 permanet
3355 4626 3412 4678 in
3455 4624 3578 4680 celo
3622 4628 3680 4679 in

2076 4725 2354 4783 zeternum,
2384 4715 2443 4769 id
2472 4718 2556 4769 est
2585 4716 2893 4785 permanet
2918 4728 3149 4784 semper
3169 4710 3290 4765 sine
3311 4710 3426 4765 fine
3445 4710 3683 4783 insuper

2080 4804 2403 4861 ccclestibus
2428 4802 2864 4858 rationabilibus
2878 4798 3345 4864 creaturis.Quod
3361 4801 3447 4853 est
3467 4797 3680 4853 dicere:

2082 4895 2227 4950 Cum
2255 4890 2615 4947 considerem
2641 4891 2900 4946 ccelestes
2925 4889 3160 4963 spiritus
3179 4888 3302 4941 sine
3332 4886 3446 4940 fine
3466 4901 3683 4957 prince-

2084 4987 2247 5057 ptum
2282 4986 2445 5036 tuum
2499 4981 2825 5047 observare,
2861 4977 3082 5033 occasio
3110 4975 3251 5030 mihi
3282 4978 3369 5030 est
3397 4977 3459 5028 ut
3486 4979 3543 5029 et
3572 4992 3684 5047 ego

2085 5074 2373 5147 praecepta
2403 5074 2501 5124 tua
2532 5084 2829 5139 nunquam
2863 5065 3178 5132 obliviscar,
3212 5063 3312 5118 sed
3341 5080 3411 5118 ea
3457 5080 3687 5136 semper

2087 5163 2409 5227 observem,
2439 5162 2496 5213 et
2518 5158 2646 5213 ideo
2677 5171 2906 5227 quoque
2938 5170 3041 5207 non
3071 5153 3375 5221 obliviscar,
3401 5152 3685 5224 quoniam

2087 5250 2389 5307 considero
2422 5250 2703 5319 quatenus
2733 5248 2929 5299 veritas
2969 5250 3081 5311 tua,
3110 5241 3169 5296 id
3206 5244 3291 5296 est
3333 5245 3691 5314 praeceptum

2088 5345 2253 5397 tuum
2269 5332 2813 5405 verissimum,quod
2845 5348 2949 5403 per
2974 5330 3298 5402 emphasim
3322 5330 3532 5385 veritas
3552 5330 3692 5387 dici-

2094 5434 2209 5498 tur,
2263 5425 2584 5501 permansit
2641 5424 2700 5478 in
2759 5422 3135 5494 generatione
3187 5419 3442 5476 fidelium
3474 5420 3696 5477 Veteris

2094 5513 2547 5591 Testamenti,ab
2574 5512 2713 5573 Abel
2729 5512 2889 5595 justo
2909 5527 3091 5589 usque
3110 5510 3183 5568 ad
3204 5512 3434 5587 tempus
3457 5507 3695 5593 Christi,
