4016 6030
374 210 404 266 ‘I
418 200 520 266 287

378 416 524 471 lium
552 413 692 471 Novi
721 409 1090 478 Testamenti,
1123 427 1157 466 a
1175 413 1440 481 tempore
1468 406 1672 463 Christi
1697 422 1876 478 usque
1907 404 1980 460 ad

382 505 561 560 ﬁnem
594 500 816 558 mundi.
852 502 1047 556 Posset
1076 497 1278 571 quaeri,
1311 513 1441 552 cum
1482 497 1591 552 hoc
1621 494 1694 559 sit
1724 493 1879 566 quod
1908 492 1982 547 ad

381 609 480 649 eos
510 594 709 647 auctor
728 587 1011 645 mendacii
1044 587 1303 642 diabolus
1333 585 1404 641 de
1433 586 1574 640 coelo
1596 582 1984 655 praecipitatus

385 677 749 736 descenderit
775 676 871 749 qui
902 692 1000 732 eos
1026 674 1333 729 mendaces
1357 673 1547 728 facere
1566 670 1807 727 omnino
1832 685 1988 740 gras-

381 771 559 838 satur,
591 770 650 822 et
676 782 810 820 cum
863 765 974 819 hoc
999 764 1071 818 sit
1123 761 1278 835 quod
1309 761 1498 832 primo
1547 759 1711 815 valde
1744 758 2017 814 mobiles-

379 851 980 926 exstiterit,quomodo
1007 850 1081 906 ad
1100 851 1208 904 hoc
1236 850 1622 920 pervenerunt
1646 851 1708 901 ut
1732 846 1809 901 sic
1830 844 1980 900 firmi

381 944 496 1000 sint
525 947 588 999 ut
605 943 798 998 divina
823 939 1030 995 veritas
1068 938 1411 1009 permaneat
1427 937 1485 991 in
1512 935 1611 990 eis.
1630 935 1718 989 Ad
1738 935 1846 989 hoc
1876 933 1982 1006 igi-

378 1037 475 1088 tur
498 1029 924 1088 ostendendum
946 1026 1262 1099 respondet
1287 1024 1364 1080 sic
1385 1042 1398 1079 :
1416 1026 1524 1079 Per
1548 1024 1659 1078 hoc
1689 1025 1743 1077 in
1762 1039 1976 1092 genera-

380 1124 577 1175 tionem
596 1122 653 1174 et
673 1118 1061 1188 generationem
1064 1120 1349 1184 permanet
1370 1115 1562 1167 veritas
1590 1118 1702 1176 tua,
1737 1110 1891 1182 quod
1921 1113 1984 1164 tu

376 1225 484 1282 per
506 1207 681 1262 fidem
711 1209 770 1259 et
812 1203 1151 1258 charitatcm
1213 1206 1269 1256 et
1293 1218 1456 1275 spem
1486 1200 1756 1271 fundasti,
1788 1199 1845 1254 id
1900 1199 1985 1252 est

378 1300 612 1353 ﬁrmam
632 1293 1002 1361 fecisti,illam
1019 1291 1454 1364 generationem
1476 1289 1981 1361 etgenerationem

377 1389 595 1442 terram
629 1388 785 1439 tuam
812 1382 1173 1437 existentem.
1229 1378 1395 1443 Quod
1423 1381 1509 1433 est
1555 1378 1779 1432 dicere:
1839 1376 1982 1431 Cum

377 1474 534 1547 prius
564 1470 789 1528 mobilis
819 1471 967 1525 esset
995 1468 1069 1524 ad
1094 1467 1333 1522 modum
1348 1466 1543 1533 maris,
1565 1469 1622 1520 et
1641 1466 1714 1519 ad
1744 1480 1982 1521 omnem

377 1559 756 1635 suggestionis
787 1558 1102 1629 impulsum
1130 1555 1293 1610 facile
1324 1554 1553 1621 cedens,
1583 1557 1644 1608 tu
1692 1552 1872 1608 fecisti
1885 1569 1983 1607 eos

981 185 1043 259 s.
1082 184 1427 257 aRUNoms
1462 178 2097 255 meummeum
2134 184 2599 255 INSTITUTORIS
2641 194 2795 252 ore.
2847 192 3021 252 mas
3059 196 3081 250 1

314 365 330 379 .
384 329 451 384 Et
481 322 685 382 eadem
715 324 905 379 veritas
932 327 1026 376 tua
1043 326 1322 393 permanet
1344 321 1403 375 in
1436 318 1811 390 generatione
1843 316 1980 371 ﬁde-
2023 317 2192 385 Atio,
2210 317 2365 389 quod
2383 317 2441 372 in
2458 315 2538 371 eis
2553 314 3106 388 persisto.Quoniam
3123 315 3195 370 ad
3209 318 3709 389 perseverandum

3552 199 3708 253 1283

2094 406 2153 460 in
2178 405 2265 461 his
2279 405 2782 477 justiﬁcationibus
2816 421 2922 476 per
2948 421 3006 459 se
3039 421 3156 459 non
3188 407 3377 475 potest
3401 405 3703 474 sufﬁcere,

2096 498 2224 549 orat
2264 495 2445 549 Deum
2470 498 2531 549 ut
2553 510 2685 549 eum
2699 494 2914 547 salvum
2932 492 3124 559 faciat,
3149 510 3221 548 ne
3243 493 3315 548 ab
3340 493 3428 548 his
3443 494 3711 563 deficiat,

2093 582 2355 638 sic:Non
2380 583 2677 650 obliviscar,
2726 582 2989 654 inquam,
3038 581 3447 651 iustiﬁcationes
3496 590 3641 650 tuas,
3671 600 3711 638 a

2094 669 2301 742 quibus
2330 669 2829 741 justiﬁeationibus
2859 686 2932 723 ne
2963 669 3037 723 ob
3055 669 3308 741 aliquam
3345 671 3705 740 persecutio-

2088 775 2223 813 nem
2244 758 2513 813 desistam
2532 762 2589 813 et
2609 759 2688 812 sic
2698 773 2931 829 peream
2945 798 2960 824 ,
2978 774 3102 824 oro,
3117 759 3595 825 Domine,salvum
3615 777 3707 814 me

2085 847 2196 913 fac,
2218 846 2410 901 dando
2437 846 2580 901 mihi
2631 847 3038 912 constantiam,
3084 849 3142 900 et
3161 845 3402 917 dignum
3440 850 3545 902 est.
3577 848 3705 919 Ego

2086 934 2242 989 enim
2266 934 2360 1007 qui
2383 936 2492 990 hoc
2508 938 2734 1006 expeto,
2756 941 2877 989 tuus
2902 950 3041 1001 sum,
3071 938 3129 989 et
3159 935 3262 989 tibi
3310 935 3412 990 soli
3434 935 3707 991 subditus

2086 1040 2210 1078 sum
2244 1040 2360 1078 non
2390 1024 2557 1078 vitiis.
2580 1023 2702 1079 Non
2725 1039 2958 1094 possum
3009 1023 3168 1077 enim
3182 1023 3404 1079 duobus
3443 1023 3705 1079 dominis

2084 1112 2319 1177 servire,
2345 1114 2403 1166 et
2440 1111 2498 1166 in
2535 1113 2640 1166 hoc
2665 1115 2904 1183 apparet
2926 1111 3081 1182 quod
3109 1119 3229 1166 tuus
3259 1128 3396 1179 sum,
3437 1114 3701 1183 quoniam

2073 1199 2486 1269 justi/icationes
2516 1207 2633 1253 tuas
2648 1202 2873 1254 tantum
2889 1202 3169 1270 exquisivi,
3202 1199 3257 1254 id
3288 1202 3375 1253 est
3381 1200 3403 1270 j
3415 1203 3539 1254 usta
3554 1215 3711 1270 prae-

2083 1291 2251 1359 cepta
2275 1291 2373 1343 tua
2391 1305 2456 1343 ex
2488 1289 2758 1343 omnibus
2772 1289 2895 1344 aliis
2931 1288 3104 1343 rebus
3151 1288 3404 1360 quaesivi,
3460 1289 3612 1359 elegi
3639 1293 3707 1343 et

2083 1375 2435 1446 investigavi.
2465 1377 2699 1431 Necesse
2730 1379 2815 1431 est
2836 1379 3029 1430 autem
3052 1392 3219 1431 orare
3270 1392 3363 1431 me
3395 1378 3458 1430 ut
3475 1377 3704 1431 salvum

2082 1480 2179 1519 me
2202 1464 2396 1533 facias,
2434 1482 2506 1519 ne
2535 1465 2852 1520 deﬂeiendo
2872 1480 3126 1536 peream.
3144 1462 3239 1519 Me
3267 1464 3420 1518 enim
3438 1471 3711 1535 exspecta-

2084 1560 2270 1607 verunt
2284 1560 2604 1623 peccatores,
2637 1553 2695 1607 id
2717 1556 2802 1607 est
2832 1552 2971 1607 mibi
2995 1552 3091 1607 diu
3122 1551 3372 1607 insidiati
3418 1557 3556 1607 sunt
3585 1552 3703 1606 ini-

376 1627 647 1707 fundatos
670 1652 728 1704 et
756 1627 958 1702 firmos
988 1649 1046 1700 ct
1070 1644 1397 1700 immobiles
1418 1644 1493 1698 ad
1522 1643 1760 1698 modum
1788 1645 1979 1710 terrae,
2010 1627 2061 1688 Β
2086 1640 2204 1712 qui,
2237 1640 2693 1696 antonomastice
2731 1642 3076 1712 peccatores,
3108 1645 3168 1695 ut
3214 1640 3492 1710 perderent
3520 1658 3605 1695 me
3634 1640 3701 1694 in

380 1755 505 1812 quae
534 1754 641 1810 pro
671 1735 950 1808 gravitate
971 1751 1074 1789 sua
1089 1734 1444 1789 elementum
1466 1734 1550 1786 est
1567 1730 1982 1799 immobile,vel

373 1826 625 1901 fundasti
654 1840 784 1879 eam
818 1822 895 1877 sic
935 1825 997 1875 ut
1020 1824 1166 1876 esset
1215 1825 1370 1875 terra
1411 1823 1510 1873 tua
1537 1818 1852 1873 fructifera.
1887 1818 1984 1872 Vel

376 1917 453 1970 sic
479 1932 492 1969 :
525 1911 972 1968 Fundast-iillam
987 1907 1425 1982 generationem
1444 1910 1501 1961 et
1520 1907 1982 1978 generationem,

378 2003 532 2077 prius
563 2010 784 2067 terram,
822 1999 1039 2054 scilicet
1067 2013 1197 2053 cum
1228 1996 1384 2068 prius
1413 1999 1562 2050 esset
1592 2000 1844 2065 terrena,
1864 2000 1982 2051 ter-

373 2092 525 2147 renis
557 2090 726 2146 bonis
755 2087 1038 2143 inliiando
1066 2084 1319 2140 fundasti
1347 2100 1477 2138 eam
1512 2084 1571 2137 iu
1597 2083 1985 2151 virtutibus,et

375 2180 453 2235 sic
478 2178 660 2233 fecisti
674 2176 1033 2249 spiritualem
1056 2173 1221 2229 donis
1239 2170 1979 2244 spiritualibusinhiantem.

379 2266 664 2332 Fundasti,
693 2264 962 2336 inquam,
991 2267 1210 2329 terram,
1243 2265 1300 2315 et
1326 2263 1384 2315 te
1410 2260 1689 2314 fundante
1705 2267 1985 2331 permanet

372 2357 434 2411 in
460 2356 543 2416 eis
559 2356 750 2408 veritas
773 2360 865 2407 tua
880 2351 1145 2423 ,ideoque
1167 2348 1322 2422 quod
1339 2348 1640 2403 considero
1662 2349 1985 2418 generatio-

376 2457 513 2499 nem
535 2445 593 2496 et
617 2438 1062 2511 generationem
1076 2437 1433 2492 verissimum
1448 2439 1800 2508 praeceptum
1818 2439 1984 2492 tuum

374 2547 493 2586 non
524 2527 800 2593 oblivisci,
836 2542 953 2581 non
987 2524 1284 2580 obliviscar
1314 2527 1373 2577 et
1398 2540 1528 2594 ego.
1555 2521 1842 2593 Fundasti,
1894 2525 1981 2579 in-

376 2634 574 2693 quam,
607 2624 834 2671 terram.
869 2613 1004 2678 Quae
1038 2616 1211 2680 terra,
1239 2614 1297 2666 te
1317 2611 1750 2674 fundante,dies
1781 2612 1984 2668 effecta

377 2709 484 2775 est,
530 2706 685 2761 clara
743 2702 1007 2759 videlicet
1062 2700 1122 2755 in
1153 2700 1455 2756 virtutibus
1499 2703 1558 2754 et
1588 2700 1880 2756 intellectu
1910 2702 1984 2761 ad

378 2796 623 2851 modum
658 2792 772 2850 diei
796 2810 813 2849 :
846 2794 903 2847 et
920 2790 1028 2845 dies
1054 2790 1177 2845 haec
1188 2794 1489 2860 perseverat
1519 2788 1579 2843 in
1608 2788 1866 2846 claritate
1883 2807 1984 2846 sua

2087 1728 2305 1798 anima,
2337 1729 2602 1785 faciendo
2616 1729 2859 1784 deficere
2886 1746 2921 1783 a
2934 1729 3439 1800 justiﬁcationibus
3461 1729 3572 1785 tuis
3591 1747 3706 1802 per

2086 1818 2340 1872 assiduas
2377 1817 2823 1890 persecutiones.
2854 1817 3079 1872 Salvum
3107 1836 3189 1873 me
3220 1818 3615 1889 fac,iuquam,
3635 1822 3704 1873 ut

2088 1921 2449 1977 perseverem
2480 1906 2535 1959 in
2570 1906 2873 1977 praeceptis
2905 1906 3031 1973 tuis,
3078 1905 3233 1977 quod
3286 1906 3415 1961 ideo
3468 1908 3703 1977 postulo

2086 1995 2221 2065 quia
2246 1994 2482 2048 intellexi
2506 1996 2803 2048 testimonia
2828 2002 2942 2063 tua,
2990 1994 3049 2048 id
3099 1998 3185 2049 est
3232 1999 3520 2065 prmeepta
3573 1999 3699 2052 tua.

2087 2082 2253 2146 Quod
2270 2087 2355 2138 est
2377 2082 2566 2137 dicere
2590 2098 2603 2136 :
2629 2082 2762 2136 Ideo
2793 2084 3097 2152 tantopere
3138 2097 3242 2136 oro
3273 2083 3425 2137 hanc
3449 2082 3701 2137 salutem

2086 2170 2320 2242 adipisci
2344 2173 2406 2223 ut
2425 2185 2788 2240 perseverem
2817 2169 2876 2223 in
2908 2169 3209 2241 praeceptis
3252 2169 3381 2238 tuis,
3415 2170 3699 2241 quoniam

2085 2258 2339 2313 intellexi
2370 2276 2547 2330 quam
2576 2262 2773 2313 tamen
2800 2258 2978 2330 digna
3001 2259 3206 2312 suntin
3241 2258 3326 2313 sui
3371 2262 3607 2327 natura;
3638 2263 3702 2313 et

2084 2347 2214 2403 ideo
2240 2348 2417 2402 etiam
2444 2363 2546 2402 oro
2574 2350 2637 2402 ut
2666 2363 2760 2401 me
2811 2348 3029 2401 salvum
3080 2346 3274 2414 facias,
3316 2347 3374 2401 in
3405 2347 3702 2402 mandatis

2085 2436 2195 2490 tuis
2220 2450 2587 2506 perseverare
2615 2435 2902 2503 faciendo,
2923 2435 3058 2507 quia
3074 2435 3185 2488 vidi
3192 2436 3354 2504 finem
3379 2438 3551 2491 omnis
3562 2451 3696 2488 eon-

2082 2527 2467 2591 summationis,
2500 2525 2559 2579 id
2590 2530 2674 2579 est
2705 2525 2814 2580 vidi
2831 2524 3056 2580 ratione
3073 2541 3203 2579 mea
3225 2525 3295 2579 ad
3320 2541 3494 2596 quem
3511 2523 3691 2578 ﬁnem
3750 2534 3759 2542 ‘

2086 2614 2432 2668 deventurus
2462 2613 2684 2681 estille,
2712 2613 2808 2684 qui
2840 2616 2899 2669 in
2922 2614 3194 2669 omnibus
3227 2612 3532 2686 praeceptis
3576 2616 3694 2666 tuis

2086 2705 2515 2758 consummatus
2544 2706 2649 2757 est.
2685 2701 2847 2766 Quod
2867 2702 3190 2757 estdicere:
3214 2702 3348 2757 Ideo
3371 2701 3428 2756 in
3453 2702 3696 2757 manda-

2083 2789 2154 2844 tis
2178 2788 2287 2845 tuis
2311 2792 2744 2846 consummatus
2783 2805 2901 2843 esse
2950 2789 3266 2845 secundum
3323 2805 3695 2862 perseveran-

381 2888 443 2940 ut
471 2899 774 2957 nunquam
806 2881 878 2938 ab
911 2896 979 2935 ea
1008 2879 1273 2947 deﬁciat;
1305 2880 1363 2932 et
1397 2878 1508 2933 hoc
1528 2876 1860 2933 ordinatione
1890 2886 1981 2933 tua
2012 2907 2061 2968 α
2085 2877 2225 2933 tiam
2255 2881 2461 2950 expeto
2490 2877 2625 2950 quia
2653 2876 2894 2949 cognovi
2926 2878 3081 2950 quod
3107 2877 3205 2949 qui
3252 2881 3691 2933 consummatus

378 2973 436 3028 id
463 2976 548 3028 est
572 2987 677 3045 per
714 2968 1144 3026 ordinationem
1168 2965 1554 3038 dispositionis
1567 2967 1782 3021 tuas.Ut
1804 2966 1981 3037 igitur

383 3063 443 3116 et
471 3076 579 3132 ego
635 3058 755 3115 dies
806 3056 937 3123 sim,
969 3058 1028 3111 et
1056 3055 1115 3110 in
1155 3053 1413 3109 claritate
1443 3070 1828 3125 perseverem,
1861 3070 1979 3109 non

378 3147 681 3203 obliviscar
713 3145 991 3200 mandata
1018 3146 1117 3198 tua
1162 3142 1320 3212 justa
1350 3144 1408 3196 et
1454 3141 1770 3197 verissima.
1817 3141 1979 3210 Dico,

376 3235 649 3302 Domine,
679 3233 834 3306 quod
866 3230 1207 3286 mandatum
1234 3232 1396 3284 tuum
1424 3233 1509 3284 est
1534 3230 1597 3283 in
1630 3230 1794 3296 coelo,
1828 3233 1887 3284 et
1922 3229 1979 3285 in

376 3322 750 3394 generatione
775 3322 834 3373 et
861 3316 1242 3389 generatione
1264 3334 1279 3385 ;
1302 3321 1502 3371 etcum
1516 3316 1589 3372 sit
1608 3317 1669 3371 in
1688 3317 1773 3371 his
1789 3317 1980 3372 omni-

375 3410 482 3465 bus
497 3412 716 3464 aaterna
729 3405 1016 3461 memoria
1028 3403 1324 3480 verbum,id
1336 3408 1419 3458 est
1438 3404 1978 3473 mandatumtuum,

377 3498 554 3550 omnia
604 3496 727 3550 haec
771 3495 1002 3547 serviunt
1057 3491 1154 3545 tibi
1216 3491 1563 3564 complendo
1629 3496 1981 3564 praeceptum

379 3590 578 3655 tuum;
612 3588 671 3639 et
699 3581 977 3657 quoniam
1008 3581 1130 3635 haec
1159 3596 1338 3635 omnia
1377 3583 1614 3636 serviunt
1658 3582 1771 3649 tibi,
1824 3587 1885 3638 ut
1925 3585 1984 3638 et

377 3691 487 3746 ego
503 3674 606 3730 tibi
621 3671 864 3728 serviam
898 3686 1003 3724 non
1016 3669 1297 3725 obliviscar
1312 3671 1368 3723 in
1396 3671 1821 3742 seternumjusla
1840 3687 1983 3743 pra?

379 3765 545 3835 cepta
575 3766 692 3829 tua,
725 3760 826 3814 sed
855 3776 924 3814 ea
946 3774 1175 3831 semper
1208 3758 1533 3829 complebo.
1566 3759 1663 3813 Vel
1685 3759 1784 3827 sic,
1808 3764 1871 3814 ut
1908 3760 1980 3815 sit

379 3851 627 3909 ostensio
657 3867 691 3905 a
720 3852 841 3904 toto
868 3866 880 3903 :
914 3849 1038 3903 Non
1069 3850 1154 3901 est
1174 3847 1391 3902 mirum
1424 3846 1470 3900 si
1507 3847 1621 3903 dies
1647 3848 1978 3902 ordinatione

378 3948 470 3994 tua
490 3944 809 4012 perseverat,
841 3939 1093 4009 quoniam
1112 3935 1258 3990 adeo
1282 3938 1486 4007 potens
1506 3950 1565 3991 es
1594 3936 1751 4008 quod
1770 3940 1973 4005 omnia,

375 4027 436 4082 id
461 4031 547 4082 est
563 4042 764 4082 omnes
788 4025 1320 4092 creaturae,serviunt
1341 4024 1812 4095 tibi,complendo
1835 4042 1977 4098 prae-

377 4117 544 4189 cepta
572 4118 689 4170 tua.

446 4175 579 4260 ideo
612 4217 840 4276 quoque
871 4218 976 4255 non
1007 4198 1287 4256 obliviscar
1302 4201 1712 4272 justi/icationes
1740 4210 1876 4271 tuas,
1914 4204 1972 4259 id
1994 4175 2047 4239 1)

379 4298 465 4351 est
484 4296 774 4366 praecepta
793 4294 911 4359 tua,
954 4289 1089 4362 quia
1143 4291 1250 4343 nisi
1268 4288 1397 4344 ideo
1438 4289 1806 4346 remansisset
1833 4293 1973 4362 quod

358 4384 461 4444 [ex
482 4390 573 4436 tua
611 4378 884 4435 meditatio
911 4394 1028 4435 mea
1051 4382 1146 4446 est,
1171 4376 1230 4432 id
1260 4380 1346 4432 est
1373 4377 1481 4432 nisi
1506 4377 1635 4432 ideo
1659 4378 1794 4450 quia
1830 4394 1973 4449 pras-

378 4473 543 4540 cepta
575 4473 673 4523 tua
703 4467 1012 4523 meditatus
1041 4482 1191 4534 sum,
1222 4482 1349 4538 quae
1379 4467 1437 4520 et
1466 4466 1650 4520 adhuc
1700 4467 1972 4535 meditor,

379 4562 518 4613 tunc
539 4557 771 4629 quando
804 4557 978 4627 iniqui
981 4556 1251 4625 persecuti
1273 4562 1397 4609 sunt
1423 4558 1597 4625 me,ut
1617 4555 1676 4610 in
1695 4556 1973 4627 superiori

377 4645 628 4701 clausula
647 4647 731 4698 est
751 4646 1078 4699 ostensum:
1098 4644 1260 4713 forte,
1291 4642 1349 4698 id
1376 4647 1482 4712 est,
1512 4644 1753 4700 stultitia
1777 4650 1833 4701 et
1863 4647 1974 4703 im-

378 4732 740 4809 providentia
771 4747 903 4787 mea
914 4732 1187 4801 periissem
1212 4731 1272 4785 in
1304 4736 1493 4787 morte
1511 4733 1721 4789 animus
1737 4735 1792 4787 in
1804 4735 1977 4791 Immi-

379 4826 524 4879 litate
544 4839 683 4890 mea,
711 4818 770 4875 id
812 4826 896 4875 est
923 4818 982 4873 in
1015 4817 1337 4890 dejectione
1364 4820 1775 4891 persecutionis
1804 4840 1972 4880 mem.

384 4910 550 4977 Quod
569 4913 655 4965 est
684 4908 874 4965 dicere
899 4924 912 4963 :
948 4906 1082 4962 ldeo
1129 4923 1236 4961 non
1263 4906 1543 4963 obliviscar
1558 4908 1978 4978 justiﬁeationes

382 5008 519 5065 tuas,
549 5013 622 5052 ne
668 4997 727 5051 in
755 4995 1154 5068 persecutione
1186 5011 1421 5067 peream
1458 4994 1800 5067 deficiendo,
1831 4999 1976 5056 sicut

375 5102 484 5159 ego
506 5085 633 5157 jam
652 5084 973 5157 periissem,
994 5082 1100 5138 nisi
1110 5099 1180 5138 ea
1196 5083 1253 5137 in
1274 5083 1548 5138 continua
1790 5071 1976 5144 medi-

376 5175 597 5232 tatione
625 5172 976 5228 habuissem.
999 5171 1066 5225 Et
1090 5171 1220 5227 ideo
1242 5171 1474 5242 insuper
1498 5174 1553 5226 in
1581 5178 1838 5229 aeternum
1866 5194 1971 5232 non

382 5263 660 5320 obliviscar
671 5260 1082 5333 iustiﬁcationes
1113 5259 1398 5332 tuas,quin
1418 5276 1513 5316 eas
1525 5277 1630 5333 pro
1654 5278 1819 5333 posse
1840 5281 1972 5322 meo

376 5351 725 5425 compleam,
752 5350 879 5422 quia
903 5348 1028 5420 jam
1070 5348 1355 5418 viviﬁcasti
1394 5366 1476 5403 me
1521 5350 1860 5407 existentcm
1919 5358 1974 5411 in

356 5442 525 5525 (ipsis,
557 5437 619 5494 id
642 5439 727 5494 est
757 5436 892 5523 quia
915 5436 1023 5497 hoc
1046 5435 1170 5516 jam
1203 5439 1288 5493 est
1304 5436 1442 5495 mihi
1466 5453 1679 5515 magna
1700 5439 1977 5515 justiﬂca-

2081 2966 2247 3021 estin
2291 2966 2561 3022 omnibus
2614 2966 2914 3038 praeceptis
2970 2966 3100 3034 tuis,
3134 2966 3207 3021 ad
3249 2966 3425 3021 finem
3457 2982 3562 3037 per
3579 2966 3691 3020 hoc

2087 3054 2377 3121 deveniet,
2405 3054 2463 3109 id
2475 3058 2559 3108 est
2575 3054 2645 3108 ad
2658 3058 2939 3109 aeternam
2951 3054 3392 3121 beatitudinem,
3412 3071 3538 3125 quas
3560 3052 3691 3107 finis

2081 3142 2307 3200 dicitur.
2340 3159 2410 3197 eo
2424 3143 2580 3215 quod
2610 3145 2761 3197 ultra
2778 3159 2907 3197 eam
2926 3142 3070 3197 nihil
3084 3142 3281 3197 fideles
3299 3146 3590 3213 expetent,
3614 3143 3689 3197 ad

2081 3230 2519 3286 similitudinem
2544 3231 2799 3299 viatoris,
2824 3232 2920 3303 qui
2954 3248 3069 3286 non
3103 3233 3254 3286 ultra
3314 3230 3500 3285 tendit
3528 3235 3687 3302 post-

2082 3334 2257 3389 quam
2280 3319 2351 3372 ad
2366 3318 2725 3390 propositum
2748 3318 2966 3374 itineris
2983 3318 3160 3373 finem
3177 3318 3463 3390 pervenit;
3488 3323 3541 3371 et
3554 3319 3686 3373 ideo

2083 3423 2310 3479 quoque
2328 3423 2429 3462 oro
2441 3408 2663 3461 salvum
2678 3424 2772 3461 me
2790 3407 2910 3461 fieri
2932 3407 3355 3478 perseverando
3376 3408 3429 3461 in
3451 3406 3690 3461 manda-

2082 3498 2153 3551 tis
2173 3496 2303 3564 tuis,
2338 3496 2473 3567 quia
2500 3495 2813 3550 mandatum
2830 3502 2981 3550 tuum
3013 3511 3191 3550 omne
3215 3496 3383 3551 latam
3399 3506 3483 3550 est
3500 3497 3685 3561 nimiis,

2083 3585 2296 3640 scilicet
2312 3600 2430 3639 non
2460 3584 2686 3639 videtur
2716 3584 2859 3638 mihi
2906 3587 3214 3655 angustum
3238 3600 3303 3638 ac
3361 3583 3606 3639 arduum
3627 3588 3689 3640 et

2083 3673 2311 3727 difficile
2338 3673 2409 3728 ad
2439 3659 2838 3744 peragendum
2868 3672 2943 3727 ad
2975 3672 3216 3727 modum
3246 3675 3504 3744 angustae
3557 3672 3684 3741 vias,

2080 3778 2208 3833 quin
2230 3761 2518 3816 difﬁcilior
2546 3766 2631 3816 est
2661 3759 2733 3816 ad
2747 3761 3024 3828 eundum,
3054 3762 3156 3817 sed
3183 3760 3409 3815 videtur
3434 3759 3576 3814 mihi
3599 3762 3685 3815 la-

2082 3856 2201 3906 tum
2226 3854 2278 3904 et
2295 3850 2638 3921 jucundum,
2662 3850 3003 3905 delectabile
3032 3854 3090 3904 et
3107 3850 3271 3904 facile
3300 3850 3372 3904 ad
3388 3866 3678 3921 peragen-

2078 3940 2340 4008 dum;ad
2368 3939 2806 3994 similitudinem
2863 3941 2993 3995 latte
3042 3942 3101 3993 et
3156 3940 3347 4011 planae
3400 3938 3503 3994 viae
3547 3955 3679 4011 quas

2075 4029 2298 4084 facilior
2319 4031 2403 4084 est
2429 4028 2504 4083 ad
2533 4029 2809 4084 eundum.
2831 4029 2990 4084 Unde
3022 4030 3267 4100 Prosper
3299 4041 3311 4086 :

2145 4118 2222 4172 Et
2250 4125 2425 4172 tamen
2454 4119 2512 4171 lii
2538 4118 2709 4185 calles,
2740 4136 2869 4191 quos
2919 4118 3107 4174 mundi
3133 4137 3270 4174 vana
3290 4118 3603 4191 pavescant,

2215 4206 2472 4274 Quaedam
2498 4209 2793 4277 magniﬁcis
2821 4225 3035 4279 aequora
3057 4215 3181 4263 sunt
3208 4210 3426 4266 animis.

2142 4298 2266 4353 Men
2294 4299 2495 4352 viscera
2516 4299 2603 4352 vel
2630 4315 2693 4352 es:
2747 4300 2871 4368 ipsis
2917 4297 3351 4370 interpretatur.
3386 4297 3546 4352 Unde
3578 4313 3682 4369 per

2075 4384 2242 4454 Mem,
2271 4401 2397 4457 qua:
2426 4386 2559 4441 huic
2588 4387 2695 4442 toti
2737 4386 3065 4443 inscribitur
3120 4387 3408 4454 clausulae,
3439 4387 3529 4440 lex
3574 4385 3677 4441 Dei

2075 4474 2428 4547 designatur,
2453 4475 2610 4547 quod
2625 4474 2824 4530 fideles
2843 4474 2935 4530 hic
2950 4477 3190 4547 agentes
3218 4492 3287 4531 ex
3308 4475 3445 4547 ipsis
3463 4473 3680 4529 intimis

2074 4564 2380 4619 visceribus
2407 4564 2599 4635 legem
2630 4564 2729 4619 Dei
2746 4563 2993 4635 diligunt
3012 4562 3217 4619 intima
3233 4563 3534 4628 ebaritate,
3549 4578 3678 4633 qua:

2074 4667 2179 4723 per
2203 4651 2415 4706 viscera
2443 4650 2801 4722 intelligitur,
2825 4666 2893 4706 eo
2946 4651 3103 4723 quod
3129 4651 3406 4706 interiora
3424 4651 3537 4705 sint
3549 4649 3676 4705 etin

2077 4738 2156 4793 eis
2183 4739 2410 4794 dilectio
2439 4738 2736 4795 habeatur.
2764 4740 2925 4795 Unde
2971 4739 3148 4794 etiam
3181 4762 3208 4789 «
3226 4738 3439 4794 viscera
3455 4736 3677 4792 miseri.

2075 4827 2285 4882 cordia:
2311 4849 2337 4876 ››
2370 4827 2520 4893 (Luc.
2544 4843 2584 4895 ι,
2615 4826 2703 4898 78)
2728 4827 3017 4895 dicuntur,
3049 4831 3107 4882 et
3132 4828 3314 4883 Deum
3344 4826 3478 4880 totis
3509 4824 3681 4879 visce-

2076 4915 2233 4969 ribus
2245 4900 2484 4987 diligere
2510 4914 2897 4987 praecipimur.
2917 4914 3241 4971 Ostendunt
3258 4916 3453 4969 autem
3464 4912 3556 4968 hic
3572 4912 3680 4985 ipsi

2075 5002 2290 5069 fideles,
2318 5019 2377 5057 se
2407 5002 2580 5057 nimis
2608 5005 2799 5073 legem
2848 5007 3098 5058 veterem
3152 5002 3393 5074 diligere
3444 5004 3502 5055 et
3528 5000 3584 5055 in
3609 5016 3680 5055 ea

2073 5094 2196 5147 tota
2225 5091 2316 5146 die
2343 5091 2631 5147 meditari.
2661 5092 2984 5149 Ostendunt
3021 5108 3249 5164 quoque
3272 5106 3376 5163 per
3394 5089 3680 5146 illumina-

2073 5180 2294 5237 tionem
2313 5181 2810 5236 Novi'l‘estamenti
2831 5198 2889 5236 se
2918 5180 2978 5235 in
3015 5197 3083 5235 ea
3112 5181 3239 5251 lege
3291 5178 3471 5234 veteri
3508 5177 3679 5233 subli-

2074 5286 2233 5325 mem
2261 5269 2615 5327 intellectum
2639 5286 2813 5341 supra
2842 5269 3284 5326 omnesJudteos
3344 5266 3581 5334 habere,
3613 5269 3677 5323 ut

2075 5374 2179 5430 per
2206 5358 2314 5412 hoc
2344 5357 2635 5414 auditores
2654 5358 2960 5427 instruant,
2996 5374 3184 5431 neque
3213 5358 3401 5429 legem
3419 5358 3675 5414 veterem

2078 5447 2463 5527 abjicicndam
2494 5464 2635 5525 esse,
2677 5447 2821 5505 sicut
2866 5449 3065 5507 volunt
3116 5445 3430 5518 Manichaei,
3483 5460 3676 5527 neque
