3966 6034
190 303 327 357 1289

1146 289 1503 355 EXPOSI’I‘IO
1539 288 1609 353 IN
1648 290 1981 356 PSALMOS.
2025 327 2094 340 ——
2132 292 2327 356 PSAL.
2371 296 2571 355 CXVIII

3357 298 3494 358 1290

188 428 378 497 legem
410 439 619 480 novam
648 423 1035 496 spernendam
1049 440 1192 493 esse,
1214 429 1271 481 ut
1302 428 1563 480 asserunt
1589 424 1789 479 Judaei.
1813 432 1868 490 Α
1892 428 2152 493 tuorum,
2180 425 2337 498 quod
2364 425 2636 497 equidem
2660 404 2839 481 Judaei
2863 424 3176 482 noluerunt
3199 424 3491 495 meditari,

263 513 533 581 Quomodo
591 512 754 566 dilexi
797 513 957 581 legem
1009 520 1176 581 tuam,
1240 517 1346 569 etc.
1392 516 1471 566 Ac
1512 513 1558 568 si
1592 512 1744 567 dicat
1779 528 1792 566 :

190 603 332 670 Dixi,
375 601 638 669 Domine,
682 601 837 673 quod
880 601 1197 657 mandatum
1251 608 1421 669 tuum,
1454 600 1795 655 mandatum

188 690 399 744 scilicet
452 705 611 743 nova:
646 688 786 760 legis
817 688 958 745 mihi
989 692 1146 744 nimis
1173 692 1259 744 est
1287 689 1477 757 latum,
1506 692 1563 743 et
1585 689 1794 759 jucun-

189 779 327 833 dum
368 780 426 832 et
465 776 825 846 delectabile,
876 779 1033 850 quod
1081 794 1187 850 pro
1219 782 1377 833 certo
1407 777 1573 833 valde
1601 776 1793 833 dilexi.

189 867 312 921 Non
346 866 530 920 solum
561 867 755 921 autem
788 883 998 921 novam
1029 866 1191 937 legem
1219 865 1400 934 dilexi,
1447 882 1575 937 qua:
1625 881 1793 919 man-

190 955 393 1009 datum
415 953 624 1009 dicitur
656 954 1141 1018 antonomastice,
1178 955 1278 1010 sed
1305 954 1482 1009 etiam
1512 952 1793 1026 quomodo,

187 1043 246 1098 id
272 1046 359 1098 est
386 1042 732 1115 inquantum
788 1042 975 1112 dilexi,
1028 1044 1295 1106 Domine,
1327 1043 1489 1112 legem
1519 1049 1666 1096 tuam
1709 1058 1799 1096 ve-

190 1134 396 1186 terem.
423 1132 537 1186 Hoc
555 1135 752 1186 autem
785 1148 916 1186 cum
944 1131 1124 1188 nimio
1160 1131 1427 1203 pondere
1455 1130 1798 1188 admirative

191 1220 433 1289 dictum,
466 1220 621 1275 idem
657 1222 806 1276 valet
849 1238 915 1277 ac
963 1222 1008 1276 si
1038 1221 1292 1277 diceret:
1320 1220 1498 1275 Nimis
1543 1223 1601 1275 et
1629 1234 1801 1290 super

191 1326 368 1380 quam
400 1309 613 1381 possim
632 1309 820 1364 dicere
845 1309 1025 1377 dilexi,
1055 1308 1304 1376 Domine,
1337 1309 1500 1377 legem
1531 1316 1679 1362 tuam
1710 1323 1801 1363 ve-

194 1400 383 1485 terem
646 1414 762 1451 non
787 1414 917 1452 eam
972 1396 1264 1469 repudiavi
1296 1396 1439 1450 sicut
1485 1393 1798 1450 Manichmi.

196 1486 293 1539 Vel
324 1484 402 1539 sic
434 1483 623 1556 potest
680 1485 794 1556 legi
821 1489 882 1539 ut
924 1501 1029 1556 per
1058 1484 1418 1557 aposiopesin
1445 1483 1663 1555 aliquid
1715 1498 1803 1536 su-

193 1574 500 1629 baudiatur
532 1590 545 1628 :
577 1574 702 1628 Non
745 1574 931 1628 solum
981 1573 1324 1628 mandatum
1365 1575 1526 1627 tuum
1587 1586 1799 1626 novum

196 1659 501 1729 dilexi,sed
529 1661 705 1715 etiam
723 1661 911 1733 legem
928 1664 1088 1715 tuam
1110 1664 1365 1715 veterem
1391 1678 1405 1729 ;
1439 1659 1800 1731 etquomodo

1896 514 2140 586 ideoque
2185 531 2304 570 non
2344 514 2488 570 sicut
2540 530 2648 586 ego
2696 515 3120 570 intellexerunt.
3160 514 3295 570 Dico
3339 516 3496 587 quod

1894 620 2048 673 super
2076 619 2251 656 omnes
2280 603 2517 657 docentes
2543 622 2624 657 me
2654 602 2907 669 intellexi,
2934 608 2991 657 et
3008 620 3123 658 non
3140 604 3325 658 solum
3339 620 3497 674 super

1896 708 2072 745 omnes
2096 692 2337 748 docentes
2359 692 2621 763 juniores
2674 692 2772 764 qui
2820 692 3012 746 minus
3054 691 3222 763 periti
3274 697 3404 746 sunt
3435 694 3493 748 in

1894 780 2043 851 lege,
2076 782 2196 847 sed,
2226 783 2286 836 ut
2313 781 2498 851 majus
2520 780 2659 853 quid
2681 780 2892 848 dicam,
2914 797 3069 851 super
3081 796 3224 834 senes
3241 780 3497 845 intellexi;

1897 868 2131 937 scilicet,
2156 868 2342 940 magis
2374 868 2627 924 intellexi
2670 869 2852 940 ipsam
2889 869 3080 940 legem
3111 883 3289 940 quam
3333 884 3500 925 senes

1894 957 2099 1021 Judaei,
2129 957 2224 1029 qui
2260 957 2546 1013 doctiores
2576 961 2729 1025 sunt,
2762 960 2821 1011 et
2849 956 2907 1011 in
2930 956 3191 1012 doctrina
3221 956 3498 1029 legisjam

1898 1045 2295 1102 insenuerunt.
2331 1045 2466 1100 Inde
2525 1062 2658 1100 vero
2702 1044 2945 1116 contigit
2995 1045 3150 1117 quod
3177 1061 3333 1116 super
3358 1063 3500 1101 senes

1900 1132 2150 1200 intellexi,
2181 1134 2313 1205 quia
2342 1132 2601 1189 mandata
2636 1140 2750 1200 tua,
2792 1132 3068 1187 mandata
3091 1132 3307 1187 scilicet
3336 1150 3497 1189 novae

1899 1220 2043 1292 legis
2066 1220 2693 1293 qwsivi,etsecundum
2724 1220 3078 1276 intellectum
3108 1223 3167 1274 et
3180 1220 3498 1276 secundum

1902 1310 2321 1382 operationem.
2355 1311 2479 1364 Non
2501 1309 2658 1364 enim
2697 1308 2954 1381 plenarie
2986 1311 3143 1362 vetus
3168 1308 3257 1362 lex
3286 1306 3499 1362 intelli—

1902 1398 2272 1469 geretur,nisi
2294 1414 2456 1454 novae
2475 1397 2618 1469 legis
2632 1397 2790 1469 prius
2816 1396 3137 1451 intellectus
3163 1394 3495 1461 haberetur;

1902 1486 1989 1540 vel
2016 1485 2292 1541 mandata
2321 1488 2419 1540 tua
2445 1501 2607 1540 novas
2630 1484 2770 1556 legis
2799 1483 3051 1556 quaesivi,
3084 1483 3142 1538 in
3175 1482 3351 1537 veteri
3374 1483 3501 1553 lege

1901 1575 2139 1645 mystice
2170 1574 2480 1630 intellecta.

1972 1663 2300 1718 Notandum
2334 1662 2511 1735 quod,
2567 1662 2669 1716 etsi
2711 1661 2970 1734 superius
3000 1660 3221 1716 dixerat
3250 1660 3503 1715 mandato

195 1752 386 1821 legem
409 1751 592 1816 tuam,
625 1748 890 1816 Domine,
925 1748 1115 1817 dilexi,
1145 1752 1206 1803 tu
1232 1749 1352 1820 ipse
1380 1747 1521 1803 mihi
1545 1748 1700 1801 testis
1720 1763 1800 1813 es,
1827 1749 1878 1808 B
1906 1759 1994 1806 tuo
2016 1751 2337 1822 prudentem
2365 1769 2448 1805 me
2475 1751 2675 1821 fecisti,
2697 1750 2830 1821 quia
2846 1754 3041 1804 tamen
3057 1766 3175 1805 non
3206 1749 3428 1804 diXerat
3443 1767 3505 1804 se

197 1838 295 1910 qui
326 1837 524 1892 omnia
558 1836 737 1905 nosti;
767 1838 824 1889 et
845 1836 903 1891 in
936 1836 1046 1890 hoc
1073 1840 1232 1907 patet
1257 1836 1415 1908 quod
1455 1852 1586 1891 eam
1631 1834 1801 1889 dilexi
1904 1840 2181 1895 mandata
2215 1839 2313 1895 Dei
2344 1840 2631 1911 quaesisse,
2664 1854 2779 1892 non
2798 1838 3085 1909 superflue
3101 1837 3365 1910 apposuit
3379 1840 3505 1909 quia

198 1931 257 1981 et
281 1926 478 1996 diligo;
502 1924 657 1996 quod
690 1929 798 1979 tota
827 1923 938 1993 die,
962 1924 1019 1979 id
1049 1927 1135 1979 est
1151 1925 1372 1995 jugiter
1387 1924 1658 1978 meditatio
1686 1941 1802 1977 mea
1900 1928 2162 1984 mandata
2196 1936 2288 1983 tua
2324 1930 2561 2000 quaesivi.
2590 1926 2851 1982 Ostendit
2880 1930 3074 1981 autem
3108 1942 3212 1998 per
3234 1925 3503 1981 effectum

198 2022 293 2082 est,
320 2015 378 2068 in
409 2013 530 2085 ipsa
562 2014 688 2084 lege
711 2012 1090 2084 intelligenda
1118 2018 1175 2067 et
1191 2012 1560 2083 complenda.
1592 2011 1689 2066 Vel
1703 2012 1799 2066 sic:

199 2104 267 2158 Et
299 2103 442 2158 adeo
473 2102 641 2157 dilexi
692 2101 847 2174 quod
878 2101 1179 2157 meditatio
1209 2118 1341 2156 mea
1369 2116 1544 2173 quam
1595 2100 1666 2154 de
1696 2100 1803 2155 hac

196 2192 325 2263 lege
350 2190 558 2258 habeo,
587 2206 705 2246 non
730 2192 818 2244 est
841 2189 900 2245 in
930 2189 1184 2245 tenebris
1212 2189 1357 2244 sicut
1384 2188 1683 2244 meditatio
1704 2189 1732 2243 «Ι
1740 2206 1800 2243 ιι-

201 2282 483 2347 dazorum,
502 2278 598 2333 sed
612 2278 670 2333 in
686 2282 805 2333 tota
818 2278 931 2346 die,
964 2277 1023 2332 id
1050 2280 1135 2334 est
1149 2278 1208 2333 in
1224 2278 1452 2350 integra
1468 2279 1526 2331 et
1546 2277 1701 2331 clara
1714 2293 1805 2332 co-

200 2366 775 2441 gnitione.Quouiam
799 2382 937 2438 ergo
957 2367 1148 2437 legem
1161 2370 1412 2421 veterem
1426 2364 1681 2434 dilexi,et
1692 2371 1801 2418 tota

198 2458 283 2511 die
310 2456 580 2511 meditatio
600 2472 713 2509 mea
744 2462 838 2523 est,
865 2456 1043 2525 fecisti
1069 2471 1151 2509 me
1181 2453 1504 2527 prudentem
1548 2453 1606 2508 in
1632 2452 1799 2507 intel-

205 2547 358 2601 lectu
390 2544 563 2617 ipsius
590 2543 753 2616 legis,
785 2544 961 2599 ethoc
984 2560 1140 2615 super
1166 2544 1407 2599 inimicos
1419 2559 1558 2597 meos
1575 2541 1803 2597 Judteos

203 2632 302 2706 qui
337 2633 478 2687 mihi
509 2632 898 2699 inimicantur,
926 2632 1053 2687 ideo
1087 2632 1222 2704 quia
1256 2633 1444 2702 legem
1470 2629 1804 2703 spiritaliter

209 2721 490 2793 intelligo.
520 2719 683 2785 Quod
737 2724 823 2775 est
866 2720 1092 2777 dicere:
1140 2720 1348 2777 Fecisti
1403 2736 1498 2774 me
1526 2719 1649 2790 ipsa
1678 2719 1803 2788 lege

204 2808 641 2882 prudentiorem
666 2824 840 2880 quam
862 2807 1090 2862 Judmos
1116 2807 1384 2861 inimicos
1409 2820 1592 2872 meos,
1611 2808 1668 2859 et
1696 2805 1806 2859 hoc

205 2897 388 2953 fecisti
416 2896 670 2951 mandato
707 2901 797 2951 tuo
831 2912 990 2950 nova:
1028 2895 1189 2967 legis.
1245 2894 1410 2959 Quod
1437 2895 1538 2965 :est
1566 2892 1754 2947 dicere
1790 2907 1804 2945 :

207 2989 316 3041 Per
346 3003 505 3041 novre
526 2986 668 3059 legis
700 2984 1191 3040 illuminatiouem
1221 2983 1403 3038 fecisti
1433 2998 1529 3036 me
1553 2980 1805 3053 pruden-

205 3080 294 3130 ter
319 3074 641 3145 intelligere
656 3077 907 3128 veterem
923 3073 1135 3144 legem,
1158 3088 1287 3145 quze
1308 3070 1518 3125 umbra
1539 3073 1624 3125 est
1650 3086 1809 3124 novae

204 3163 371 3235 legis.
404 3164 470 3218 Et
498 3163 630 3217 ideo
685 3161 870 3216 fecisti
921 3177 1016 3216 me
1048 3161 1105 3214 in
1136 3162 1264 3232 lege
1317 3159 1395 3214 sic
1440 3158 1810 3231 prudentem,

204 3254 331 3325 quia
356 3252 444 3305 lex
469 3251 591 3305 hinc
621 3255 694 3303 cst
735 3250 869 3303 mihi
897 3248 1091 3304 ductio
1141 3250 1196 3302 in
1219 3254 1496 3314 aeternum,
1529 3245 1586 3299 id
1634 3248 1719 3299 est
1750 3244 1808 3299 in

202 3339 649 3412 promissionem
680 3338 1040 3394 aeternitatis.
1072 3336 1237 3402 Quod
1293 3339 1378 3390 est
1405 3334 1628 3389 dicere:
1681 3333 1808 3388 Non

205 3428 464 3501 intelligo
522 3426 996 3499 superﬁcietenus
1062 3443 1131 3480 ex
1196 3423 1583 3496 completioue
1639 3421 1809 3492 hujus

202 3517 344 3589 legis
369 3516 630 3588 promitti
659 3515 798 3570 mihi
819 3513 1161 3586 temporalia
1188 3517 1251 3567 ut
1269 3511 1474 3579 Judaei,
1503 3509 1687 3584 quiad
1716 3509 1805 3563 lit-

204 3609 393 3661 teram
424 3607 650 3659 tantum
684 3619 813 3658 eam
856 3602 1208 3673 intelligunt,
1250 3600 1373 3670 sed,
1430 3597 1807 3669 intelligendo

202 3711 336 3750 eam
365 3693 760 3767 spiritualiter,
796 3690 1057 3762 intelligo
1100 3690 1338 3761 mystice
1370 3687 1513 3743 mihi
1546 3703 1649 3759 per
1677 3702 1808 3740 eam

204 3784 362 3838 bona
403 3780 652 3836 coalestia
691 3777 976 3851 promitti.
1029 3777 1175 3842 Quia
1226 3776 1446 3831 dixerat
1471 3773 1809 3829 indetermi-

204 3874 340 3926 nate
380 3887 535 3942 super
564 3870 815 3925 inimicos
844 3884 983 3921 meos
1026 3864 1348 3936 prudentem
1376 3880 1459 3917 me
1484 3863 1677 3933 fecisti,
1710 3861 1809 3916 de-

202 3958 480 4014 terminat
511 3957 580 4013 de
613 3956 819 4029 quibus
862 3953 1107 4010 inimicis
1138 3953 1289 4007 dicat
1324 3968 1456 4007 cum
1487 3950 1565 4005 sic
1597 3949 1760 4005 addit
1793 3964 1805 4003 :

201 4046 377 4119 Super
407 4048 645 4111 inimicos
676 4062 833 4114 meos,
868 4043 1131 4117 inquam,
1137 4040 1460 4114 prudentem
1489 4056 1572 4093 me
1605 4039 1803 4109 fecisti,
1840 4072 1847 4081 α

206 4151 325 4190 non
358 4136 482 4191 dico
515 4150 650 4189 vero
676 4150 847 4206 super
876 4132 1139 4206 gentiles,
1193 4129 1295 4185 sed
1330 4145 1489 4201 super
1516 4143 1693 4182 omnes
1713 4126 1807 4181 do-

203 4230 373 4278 centes
424 4241 506 4277 me
556 4222 809 4290 intellexi,
866 4222 927 4277 id
975 4224 1061 4276 est
1112 4219 1398 4291 majorem
1440 4217 1804 4272 intellectum

204 4308 382 4366 habui
411 4309 469 4363 in
492 4311 598 4364 hac
624 4311 748 4379 lege
772 4326 946 4380 quam
962 4325 1167 4364 omnes
1193 4306 1394 4374 Judaei,
1414 4305 1510 4378 qui
1542 4306 1811 4360 dicuntur
1832 4304 1885 4364 D

207 4398 484 4453 docentes
514 4413 631 4464 me,
671 4413 739 4452 eo
771 4397 926 4468 quod
956 4394 1405 4467 prazsumptione
1435 4393 1687 4464 quadam
1714 4408 1810 4446 me

207 4488 473 4555 doceant,
526 4488 794 4556 putantes
843 4500 901 4538 se
956 4484 1139 4554 magis
1185 4498 1279 4536 me
1328 4480 1688 4551 intelligere;
1724 4479 1811 4533 vel

206 4577 476 4633 dicuntur
495 4573 733 4627 docentes
762 4589 865 4640 me,
899 4589 966 4626 eo
994 4570 1150 4644 quod
1180 4570 1365 4642 ipsam
1397 4570 1587 4639 legem
1618 4567 1691 4622 ad
1718 4567 1808 4621 lit-

206 4669 397 4720 teram
448 4680 542 4717 me
594 4661 862 4730 doceant,
916 4660 1061 4715 sicut
1109 4659 1510 4729 Hieronymus,
1542 4654 1810 4727 egregius

205 4753 497 4808 Hebraicze
527 4751 671 4823 legis
710 4750 1142 4822 interpretator,
1176 4763 1210 4802 a
1249 4744 1457 4801 Judteis
1515 4745 1700 4815 ipsam
1727 4744 1806 4797 le-

205 4858 341 4914 gem
371 4841 444 4896 ad
500 4839 758 4894 litteram
790 4842 876 4893 est
924 4838 1160 4892 edoctus
1200 4835 1375 4909 (460).
1416 4831 1684 4898 Intellexi,
1716 4831 1807 4886 in-

207 4946 407 5003 quam,
438 4946 592 5000 super
615 4944 794 4983 omnes
823 4925 1060 4981 docentes
1088 4942 1190 4992 me,
1236 4926 1294 4978 et
1321 4923 1430 4977 hoc.
1462 4921 1595 4976 inde
1624 4919 1806 4975 conti-

207 5018 311 5091 git,
343 5020 468 5090 quia
494 5017 768 5070 meditatio
798 5032 913 5069 mea
944 5017 1051 5082 est,
1089 5013 1238 5067 hanc
1294 5012 1484 5083 legem
1516 5025 1637 5064 esse
1665 5010 1809 5062 testi-

207 5109 386 5164 monia
418 5112 531 5170 tua,
564 5104 621 5159 id
651 5107 735 5159 est
780 5103 915 5175 quia
946 5102 1257 5157 meditatus
1285 5116 1411 5155 sum
1440 5098 1499 5153 in
1546 5097 1654 5152 hac
1683 5096 1809 5168 lege

207 5194 539 5252 testimonia
558 5198 657 5249 tua
684 5191 991 5260 contineri,
1041 5188 1441 5246 testimonium
1469 5185 1682 5241 scilicet
1705 5201 1812 5240 na-

208 5284 440 5342 tivitatis
494 5281 615 5337 Filii
661 5280 769 5349 tui,
806 5278 1087 5353 passionis
1130 5280 1188 5333 et
1235 5273 1696 5342 resurrectionis,
1753 5276 1812 5329 et

210 5369 536 5432 salvationis
557 5368 796 5425 humani
844 5367 1073 5443 generis
1096 5369 1154 5423 et
1182 5368 1526 5421 casterorum
1576 5365 1810 5419 actuum

285 5550 426 5636 (460)
460 5546 684 5608 Constat
714 5547 769 5605 id
788 5565 853 5606 ex
876 5547 1043 5621 epist.
1074 5547 1110 5604 4
1143 5542 1217 5603 ad
1246 5541 1568 5619 Rusticum,
1591 5558 1718 5620 cap.
1752 5544 1811 5608 6.

501 5650 740 5713 Ρλτιιοι..
767 5645 925 5707 CLII.

1905 2016 2197 2089 quomodo
2225 2016 2422 2072 dilexit
2448 2017 2639 2087 legem
2670 2014 2749 2069 sic
2782 2031 2796 2069 :
2827 2014 3027 2081 Dilexi,
3061 2014 3320 2087 inquam,
3345 2013 3506 2084 legem

1906 2111 2077 2172 tuam,
2103 2107 2161 2159 et
2184 2104 2264 2158 sic
2289 2104 2456 2158 dilexi
2506 2102 2663 2175 quod
2719 2101 2863 2157 sicut
2910 2101 2967 2157 in
3014 2118 3084 2157 ea
3121 2102 3500 2157 constitutum

1906 2197 2011 2259 est,
2039 2193 2106 2247 ab
2133 2194 2281 2248 omni
2304 2194 2389 2247 via
2418 2192 2584 2259 mala,
2616 2191 2676 2246 id
2708 2193 2793 2245 est
2820 2190 2893 2245 ab
2925 2190 3089 2246 omni
3119 2189 3210 2245 via
3233 2190 3507 2246 crimina-

1901 2282 1969 2336 lis
1991 2280 2330 2353 iniquitatis,
2362 2298 2467 2352 per
2494 2296 2668 2353 quem
2688 2278 2917 2334 venitur
2931 2277 3005 2334 ad
3034 2283 3308 2347 mortem,
3320 2280 3509 2350 prohi-

1907 2371 1997 2424 bui
2031 2370 2191 2441 pedes
2221 2386 2382 2437 meos,
2437 2369 2497 2425 id
2552 2372 2638 2423 est
2682 2367 3015 2423 affectiones
3053 2384 3243 2437 meas;
3271 2368 3504 2437 scilicet,

1904 2475 2035 2514 cum
2067 2475 2135 2514 ex
2168 2458 2482 2530 fragilitate
2521 2456 2708 2512 carnis
2758 2455 3089 2511 affectiones
3130 2471 3278 2511 mete
3307 2471 3506 2526 prome

1904 2550 2093 2602 essent
2123 2546 2197 2601 ad
2246 2544 2625 2617 peccandum,
2673 2543 2725 2598 vi
2775 2543 3014 2598 rationis
3043 2559 3139 2597 eas
3170 2561 3204 2598 a
3248 2545 3497 2615 peccatis

1902 2633 2192 2707 prohibui.
2226 2632 2374 2698 Quia
2400 2649 2534 2688 vero
2563 2648 2681 2687 non
2714 2630 2924 2686 sufficit
2952 2630 3238 2685 abstinere
3268 2647 3302 2684 a
3328 2632 3506 2698 malo,

1906 2723 2015 2778 nisi
2037 2722 2137 2777 fiat
2174 2722 2329 2793 quod
2354 2722 2572 2777 bonum
2600 2722 2705 2789 est,
2727 2719 2806 2774 sic
2844 2719 3024 2773 etiam
3053 2717 3217 2772 dilexi
3241 2722 3300 2772 et
3329 2718 3507 2790 diligo

1908 2810 2071 2879 legem
2100 2817 2265 2876 tuam,
2284 2815 2344 2863 ut
2372 2809 2664 2865 custodiam
2698 2806 2854 2862 verba
2904 2812 3017 2873 tua,
3049 2804 3109 2859 id
3133 2807 3219 2859 est
3246 2808 3310 2859 ut
3334 2820 3509 2877 opere

1909 2899 2234 2969 compleam
2260 2898 2434 2953 verba
2459 2897 2665 2953 veteris
2689 2895 2834 2967 legis
2858 2897 2992 2962 tuae,
3024 2910 3151 2965 qua:
3168 2893 3511 2965 praecipiunt

1838 3022 1882 3089 Ο
1909 2987 2060 3042 bene
2088 2985 2337 3058 operari,
2369 2988 2428 3040 et
2456 2985 2535 3040 sic
2576 2984 2751 3039 etiam
2806 2981 3082 3038 custodivi
3102 2982 3299 3045 verba,
3331 2982 3387 3036 id
3426 2986 3514 3036 est

1910 3079 2203 3148 prtecepta
2222 3074 2429 3130 veteris
2472 3074 2615 3146 legis
2654 3072 2811 3146 quod
2859 3071 3221 3144 aliquatenus
3247 3088 3278 3124 a
3293 3069 3513 3140 judiciis

1913 3167 2034 3231 tuis,
2068 3165 2127 3221 id
2156 3168 2242 3220 est
2261 3181 2295 3220 a
2324 3163 2625 3238 praeceptis
2642 3161 2847 3217 veteris
2872 3160 3032 3232 legis,
3065 3176 3192 3232 quas
3206 3163 3266 3213 tu
3286 3159 3513 3230 judicas

1910 3269 2030 3308 esse
2068 3252 2435 3324 complenda,
2478 3267 2589 3306 non
2631 3250 2912 3316 declinavi,
3172 3252 3512 3319 prmtergre-

1909 3338 2122 3395 diendo
2154 3356 2224 3395 ea
2251 3355 2316 3394 ex
2331 3337 2827 3410 negligentia.Hoc
2848 3341 3043 3392 autem
3063 3337 3220 3409 quod
3238 3353 3306 3392 ea
3321 3340 3508 3393 custo-

1910 3430 2023 3485 divi
2056 3446 2173 3485 non
2204 3445 2271 3485 ex
2298 3429 2508 3483 viribus
2540 3445 2598 3483 m
2638 3427 2684 3482 is
2701 3426 2899 3494 habui,
2940 3426 3040 3481 sed
3067 3442 3134 3481 ex
3177 3426 3365 3498 gratia
3386 3429 3508 3495 tua,

1908 3521 2033 3592 quia
2065 3526 2142 3585 tu,
2161 3518 2257 3589 qui
2272 3516 2642 3588 omnipotens
2655 3532 2735 3583 es,
2755 3517 3005 3594 posuisti,
3026 3514 3083 3569 id
3106 3519 3192 3570 est
3206 3516 3436 3570 firmam
3455 3520 3513 3570 et

1910 3609 2185 3661 statutam
2202 3607 2339 3660 mihi
2352 3604 2542 3660 fecisti
2577 3604 2728 3658 hanc
2756 3604 2921 3673 legem
2947 3606 3107 3657 tuam
3136 3605 3414 3670 veterem,
3437 3621 3511 3658 ne

1910 3694 1971 3749 in
1988 3695 2181 3767 aliquo
2205 3692 2585 3748 criminaliter
2605 3691 3094 3763 prietergrederer
3112 3706 3264 3746 eam.
3279 3690 3408 3744 Non
3428 3690 3514 3745 de-

1910 3783 2125 3849 clinavi,
2158 3783 2421 3854 inquam,
2454 3797 2489 3834 a
2504 3779 2757 3852 judiciis,
2789 3779 2849 3833 id
2878 3781 2964 3833 est
3015 3795 3049 3833 a
3071 3779 3361 3834 mandatis
3379 3778 3511 3836 tuis.

1912 3871 2200 3936 Quoniam
2229 3869 2440 3942 eloquia
2455 3874 2570 3935 tua,
2591 3867 2650 3921 id
2676 3870 2762 3921 est
2785 3865 3061 3921 mandata
3088 3869 3187 3920 tua
3199 3869 3331 3921 sunt
3350 3884 3513 3939 quam

1909 3960 2107 4028 dulcia,
2138 3960 2199 4015 id
2230 3962 2316 4013 est
2346 3956 2509 4011 valde
2558 3954 2747 4010 dulcia
2785 3956 2844 4008 et
2877 3953 3238 4010 delectabilia
3264 3954 3510 4027 faucibus

1909 4052 2036 4105 meis
2065 4047 2467 4104 interioribus:
2503 4043 2711 4099 dicitur
2729 4042 3150 4099 asimilitudine
3170 4044 3369 4100 anima
3384 4045 3509 4101 fau-

1910 4156 2003 4195 ces
2040 4139 2281 4203 habere,
2343 4136 2480 4191 dum
2532 4133 2745 4189 viribus
2792 4132 3033 4188 rationis
3085 4134 3364 4190 mandata
3412 4137 3512 4193 Dei

1910 4231 2122 4301 gustat.
2153 4229 2211 4281 et
2240 4225 2300 4280 in
2333 4224 2415 4279 eis
2444 4222 2607 4277 valde
2640 4221 2977 4276 delectatur.
3009 4221 3128 4287 Vel,
3152 4239 3313 4291 quam
3334 4221 3510 4277 dulcia

1908 4325 2032 4373 sunt
2055 4315 2303 4387 faucibus
2325 4314 2452 4369 meis
2481 4310 2876 4376 exterioribus,
2908 4309 2964 4363 id
2994 4312 3079 4362 est
3107 4309 3363 4362 faucibus
3392 4325 3514 4364 cor-

1910 4404 2087 4477 poris,
2127 4401 2339 4456 scilicet
2365 4398 2528 4453 dulce
2555 4395 2696 4450 mihi
2722 4396 2879 4449 estet
2884 4392 3206 4464 jucundum
3226 4396 3288 4448 ut
3312 4409 3513 4466 corpo-

1909 4490 2022 4545 reis
2051 4487 2310 4543 faucibus
2348 4481 2638 4553 loquendo
2670 4496 2740 4534 ea
2767 4478 2894 4532 aliis
2932 4478 3298 4536 annuntiem.
3332 4478 3510 4547 Quam

1909 4578 2109 4643 dulcia,
2135 4575 2396 4645 inquam,
2428 4572 2561 4623 sunt
2576 4567 2784 4640 eloquia
2812 4573 2902 4620 tua
2922 4567 3170 4638 faucibus
3199 4571 3325 4623 meis
3352 4574 3507 4625 exte-

1909 4664 2156 4722 rioribus
2199 4661 2285 4716 vel
2341 4656 2729 4724 interioribus,
2770 4660 2829 4710 et
2876 4657 2985 4711 hoc
3008 4674 3163 4728 super
3192 4658 3317 4726 mel,
3350 4660 3507 4731 quod

1909 4756 2074 4812 dulce
2099 4754 2185 4806 est
2209 4750 2294 4803 ori
2310 4763 2422 4801 meo
2468 4744 2755 4799 exteriori.
2792 4744 2956 4808 Quod
2983 4749 3068 4799 est
3097 4745 3287 4800 dicere
3320 4762 3335 4800 :
3373 4748 3505 4801 Dul-

1907 4845 2066 4899 ciora
2089 4835 2487 4895 suntfaucibus
2499 4833 2662 4901 meis,
2675 4849 2852 4904 quam
2869 4833 2985 4887 mel
3001 4832 3085 4887 ori
3099 4833 3509 4887 meo.Dulcedo

1909 4930 2121 5005 quippe
2140 4924 2327 4982 mellis
2343 4922 2456 4978 cito
2483 4920 2708 4989 transit,
2727 4936 2927 4975 eorum
2944 4935 3078 4974 vero
3098 4918 3376 4974 durabilis
3400 4924 3505 4977 est.

1912 5018 2199 5086 Quoniam
2244 5012 2419 5086 igitur
2464 5027 2498 5065 a
2547 5008 2838 5065 mandatis
2892 5005 3002 5061 tuis
3030 5023 3136 5060 non
3161 5006 3426 5065 declinavi
3452 5013 3512 5065 et

1910 5125 2072 5185 quam
2098 5095 2277 5159 dulcia
2328 5106 2454 5156 sunt
2491 5098 2739 5168 faucibus
2790 5097 2946 5185 meis,
2988 5112 3026 5185 ᾳ
3070 5096 3340 5185 mandatis
3384 5100 3509 5168 tuis,

1911 5181 2200 5255 mandatis
2230 5189 2446 5246 scilicet
2471 5186 2617 5257 legis
2630 5183 2835 5239 veteris
2865 5181 3199 5254 spiritaliter
3220 5184 3516 5242 custoditis

1911 5291 1969 5344 et
1996 5278 2338 5339 dulcissimis
2378 5272 2770 5338 existentibus,
2801 5267 3012 5326 accidit
3075 5269 3234 5343 quod
3284 5270 3520 5326 intellexi

1909 5372 2094 5449 magis
2104 5373 2162 5428 et
2178 5366 2363 5441 magis
2415 5362 2474 5422 id
2490 5364 2575 5418 est
2604 5357 3031 5436 promotiorem
3053 5356 3412 5417 intellectum
3425 5360 3526 5420 ha.

3120 5618 3201 5699 ἰι
