4016 6030
482 274 614 364 i291

1094 292 1153 357 s.
1193 260 1540 356 BRUNDNIS
1579 266 2211 354 CARTHUSIANORUM
2237 260 2714 352 msmmm‘s
2754 275 2909 351 opp.
2943 289 3119 351 mas
3157 293 3181 350 I

3658 272 3686 354 ’ί
3708 274 3817 356 ἰ)ξή

481 418 580 484 hui
607 428 665 483 in
695 426 831 500 ipsis
850 424 1158 481 mandatis.
1189 425 1258 479 Et
1274 433 1552 497 prapterea
1579 423 1917 496 quoddulcia
1941 421 2083 477 mibi
2106 427 2160 485 Α
2191 423 2295 489 est,
2320 421 2407 477 cui
2439 421 2642 495 aliquis
2670 422 2865 477 lumen
2898 422 3139 494 pedibus
3164 420 3495 494 prmtendit.
3526 426 3590 479 ut
3611 426 3819 480 videat

486 522 640 583 sunt,
668 522 728 571 et
753 516 887 589 quia
908 517 981 570 ab
1013 515 1148 587 ipsis
1186 515 1391 568 accidit
1429 515 1582 585 quod
1622 514 1897 567 intensius
1928 511 2084 564 intel-

487 606 614 673 lexi,
647 606 794 659 odioi
822 620 1024 658 omnem
1072 605 1217 658 ciam
1271 604 1586 673 iniquitatis,
1618 600 1673 654 id
1718 605 1803 654 est
1848 615 2086 653 onmem

487 695 851 766 iniquitatem
883 693 1266 757 criminalem,
1300 706 1426 761 qua:
1473 689 1561 743 via
1600 692 1685 743 est
1710 689 1783 742 ad
1814 692 2084 743 mortem.

490 782 656 847 Quod
682 786 767 836 est
817 782 1005 836 dicere
1033 798 1044 834 :
1071 779 1214 844 Quia
1256 779 1441 832 dulcia
1484 778 1626 832 mihi
1672 778 1909 831 fuerunt
1940 792 2085 846 prm—

489 875 656 942 cepta
690 875 811 937 tua,
829 886 1067 942 parquae
1083 869 1250 922 datur
1277 867 1616 933 intellectus,
1632 865 1954 921 econtrario
1974 864 2092 919 odi-

489 960 628 1015 bilia
670 962 906 1031 peccata
954 957 1231 1029 reputavi,
1266 972 1330 1010 ex
1369 955 1573 1026 quibus
1618 954 1949 1025 ignorantia
1987 969 2093 1024 pa-

491 1052 670 1103 ratur.

562 1138 682 1191 NUN
715 1138 904 1191 unicus
935 1135 1019 1189 vel
1053 1151 1257 1205 pascua
1284 1150 1463 1187 eorum
1496 1133 1924 1203 interpretatur.
1956 1130 2093 1195 Qua:

495 1225 708 1280 idcirco
730 1223 1142 1278 convenienter
1172 1222 1230 1276 in
1264 1221 1427 1275 initio
1453 1238 1718 1275 versuum
1742 1220 1910 1291 hujus
1940 1220 2093 1273 clau-

494 1314 631 1368 sulw
651 1312 906 1384 ponitur,
939 1310 1215 1381 quoniam
1245 1309 1502 1363 ﬁdelium
1536 1325 1743 1373 massa,
1768 1324 1895 1379 qua:
1932 1322 2098 1377 supe-

495 1401 611 1457 rius
638 1399 893 1456 ostendit
919 1415 978 1452 se
1010 1400 1202 1469 legem
1228 1402 1482 1451 veterem
1527 1396 1786 1451 dilexisse
1815 1399 1873 1450 et
1899 1396 2094 1450 obser-

493 1505 676 1555 vasse,
691 1491 749 1542 et
774 1486 1047 1542 mandata
1064 1486 1205 1557 legis
1219 1502 1379 1541 novae
1401 1484 1690 1556 qumsisse,
1709 1484 1819 1539 hoc
1841 1499 1959 1537 non
1991 1480 2097 1536 sibi

497 1576 808 1643 ascribens,
842 1591 901 1629 se
928 1572 1314 1629 bocbabuisse
1337 1572 1591 1627 ostendit
1613 1588 1718 1643 per
1734 1573 1974 1626 verbum
1995 1572 2100 1625 Do-

497 1664 665 1732 mini,
716 1679 822 1735 per
868 1661 1179 1727 Christum,
1212 1660 1447 1727 scilicet,
1477 1659 1712 1713 unicum
1746 1659 1947 1713 Filium
1998 1658 2098 1712 Dei

2188 527 2300 583 quo
2333 512 2508 581 pedes
2529 527 2744 582 ponere
2779 512 3006 577 debeat,
3040 529 3112 566 ne
3148 514 3299 567 male
3331 514 3607 568 incedens
3636 516 3817 569 cadat

2188 603 2286 652 aut
2334 599 2608 653 offendat.
2663 599 2949 663 Quoniam
3000 614 3139 670 ergo
3171 601 3388 656 verbum
3433 601 3544 656 fuit
3583 604 3819 657 lucerna

2177 687 2400 756 pedibus
2426 690 2551 741 meis
2581 693 2629 739 et
2674 688 2849 741 lumen
2888 690 3085 740 semitis
3118 691 3266 753 meis,
3294 690 3487 758 jurati
3536 698 3585 743 et
3613 695 3813 753 statui,

2190 775 2245 828 id
2273 779 2354 827 est
2380 774 2760 844 jurejurando
2792 775 3212 839 statui,scilicet
3228 776 3470 831 ﬁrmiter
3501 778 3561 831 et
3592 779 3819 831 immu-

2190 861 2443 915 tabiliter
2468 860 2717 933 disposui
2749 861 2897 933 apud
2925 878 3018 915 me
3040 862 3300 916 custodire
3318 864 3554 933 justlieia
3567 865 3815 933 justiti:

2195 956 2318 1016 tum,
2344 949 2400 1002 id
2424 952 2508 1002 est
2532 949 2916 1020 justajudieia
2938 953 3055 1015 tua,
3079 956 3366 1022 praecepta
3391 952 3665 1006 videlicet
3688 958 3812 1017 tua,

2196 1054 2321 1108 qua:
2354 1042 2413 1091 tu
2434 1038 2659 1108 judicas
2692 1055 2811 1092 esse
2842 1039 3211 1109 complenda,
3236 1043 3293 1094 et
3318 1057 3445 1113 qua:
3468 1042 3629 1112 jnsta
3647 1048 3810 1095 sunt.

2195 1126 2319 1182 Non
2344 1132 2573 1197 possem
2631 1126 2846 1198 quippe
2899 1125 3151 1182 ﬁrmiter
3176 1128 3286 1183 hoc
3315 1129 3651 1201 disponere,
3695 1130 3809 1184 nisi

2195 1213 2366 1268 verbo
2380 1217 2477 1267 tuo
2492 1213 2751 1268 illumina
2761 1219 2856 1269 nte
2871 1214 3158 1279 me.Quod
3181 1216 3316 1270 dicit
3334 1212 3528 1282 ,γυναυί
3546 1225 3594 1271 et
3609 1223 3811 1284 statui,

2197 1304 2446 1373 positum
2469 1306 2554 1356 est
2579 1303 2651 1356 ab
2679 1302 2827 1357 illius
2857 1302 3236 1359 similitudine
3266 1306 3363 1377 qui
3386 1306 3525 1361 illud
3550 1307 3813 1361 ﬁrmiter

2197 1390 2451 1461 disponit
2467 1390 2622 1461 quod
2640 1407 2771 1444 cum
2790 1391 3174 1462 jurejurando
3198 1394 3414 1448 statuit.
3440 1394 3583 1448 Cum
3604 1399 3809 1450 autem

2196 1480 2307 1532 hoc
2324 1479 2520 1549 juraei
2536 1485 2585 1532 et
2611 1481 2799 1542 statui,
2824 1480 3089 1534 noninde
3107 1481 3470 1551 aliquatenus
3482 1483 3809 1555 superbivi,

2199 1565 2299 1619 sed
2345 1566 2656 1619 humiliatus
2710 1581 2829 1622 sum
2888 1584 3281 1639 usquequaque,
3329 1569 3387 1623 id
3431 1574 3518 1624 est
3569 1569 3814 1624 humilis

2199 1653 2386 1709 mansi
2413 1653 2676 1716 omnino,
2711 1670 2898 1726 neque
2930 1655 3039 1709 hoc
3080 1656 3221 1710 mihi
3253 1657 3612 1724 ascribcndo,
3643 1658 3811 1729 quod

496 1749 946 1821 naturalem,qui
967 1748 1335 1821 estspiritalis
1356 1764 1567 1819 pascua
1583 1764 1787 1802 eorum
1815 1747 2094 1814 ﬁdelium,
2121 1744 2384 1813 Bjuraoi
2418 1749 2466 1795 et
2490 1745 2675 1810 statui,
2712 1759 2898 1815 neque
2929 1744 3182 1815 aliquem
3208 1745 3547 1800 inferiorem
3580 1746 3637 1801 in
3669 1763 3813 1799 san-

497 1857 672 1914 quem
703 1839 794 1894 hic
825 1841 954 1893 orat
975 1837 1097 1909 ipsa
1124 1836 1381 1892 ﬁdelium
1416 1852 1622 1901 massa,
1656 1839 1718 1889 ut
1748 1852 1878 1889 eam
1913 1835 2099 1905 magis

498 1928 799 2000 magisque
834 1925 1098 1992 viviﬁcet,
1130 1942 1204 1979 ne
1230 1925 1290 1978 in
1321 1924 1723 1978 humiliatione
1750 1923 2102 1995 persecutio-

500 2018 592 2072 nis
624 2016 872 2071 deﬁciat.
909 2015 1046 2069 Orat
1074 2029 1302 2085 quoque
1335 2012 1738 2066 utvolnntaria
1766 2011 1881 2066 oris
1911 2011 1993 2065 sui
2023 2011 2093 2065 he

499 2105 789 2176 neplacita
812 2103 1006 2170 faciat,
1041 2105 1099 2156 et
1127 2101 1435 2172 praetendit
1469 2117 1663 2155 causas
1693 2100 1915 2171 quibus,
1948 2100 2103 2171 quod

497 2197 645 2259 orat,
679 2191 1045 2263 adipiscatur.
1104 2190 1218 2244 Hoc
1265 2193 1458 2243 autem
1500 2205 1569 2243 ea
1611 2188 1933 2242 intentione
1956 2187 2018 2239 tit
2044 2190 2107 2240 ut

498 2280 789 2336 auditores
818 2280 1067 2334 instruat
1085 2278 1229 2332 illud
1253 2277 1406 2348 quod
1434 2277 1570 2331 boni
1599 2276 1834 2341 habent,
1860 2292 1975 2329 non
1998 2275 2103 2328 sibi

499 2371 599 2425 sed
632 2368 878 2423 Domino
909 2367 1123 2421 debere
1155 2365 1468 2432 ascribere;
1498 2381 1671 2436 quem
1713 2364 1911 2429 etiam,
1943 2380 2014 2417 ne
2043 2362 2103 2416 in

498 2454 993 2528 persecutionibus
1033 2452 1323 2520 deﬁciant,
1355 2452 1574 2506 debent
1605 2455 1666 2505 ut
1713 2467 1810 2505 eos
1864 2450 2106 2504 viviﬁcet

498 2561 686 2600 orare.

569 2634 811 2688 Lucerna
840 2631 1230 2703 pedibusmeis,
1262 2632 1371 2686 etc.
1404 2628 1567 2694 Quod
1591 2629 1668 2684 sic
1697 2646 1828 2683 cum
1854 2628 2105 2701 superio-

498 2723 659 2778 ribus
687 2721 1062 2792 conjungitur
1085 2737 1098 2775 :
1120 2719 1262 2786 Dixi,
1293 2719 1559 2786 Domine,
1585 2719 1738 2790 quod
1759 2719 1927 2774 dilexi
1944 2719 2106 2789 legem

499 2821 668 2879 tuam,
693 2814 751 2865 et
780 2809 1039 2865 mandata
1077 2816 1169 2862 tua
1212 2809 1451 2879 quaesivi,
1496 2811 1554 2861 et
1582 2807 1650 2860 ab
1675 2811 1823 2863 omni
1844 2811 1932 2863 eia
1960 2808 2103 2863 mala

492 2901 753 2971 prohibui
764 2899 923 2971 pedes
950 2914 1112 2965 meos,
1148 2900 1206 2951 et
1248 2912 1283 2951 α
1298 2896 1530 2967 judiciis
1559 2899 1663 2950 tuis
1694 2913 1801 2950 non
1818 2896 2099 2952 declinavi.

495 2989 627 3043 Haec
652 2991 848 3042 autem
871 2987 1070 3041 omnia
1086 3002 1152 3039 ex
1188 2989 1242 3039 te
1266 2984 1461 3052 habui,
1497 3000 1613 3039 non
1647 3001 1711 3038 ex
1745 2985 2104 3039 me.Verbum

2198 1831 2394 1884 ctitate
2424 1846 2493 1883 ea
2519 1830 2816 1885 occasione
2857 1848 3157 1903 spernens,
3191 1835 3247 1886 et
3267 1834 3376 1888 hoc
3401 1834 3608 1889 merito
3642 1851 3810 1888 meo.

2202 1918 2365 1982 Quod
2393 1918 2651 1973 videlicet
2665 1919 2977 1972 humiliatus
3005 1937 3142 1988 sum,
3161 1923 3372 1990 viai/ica
3401 1940 3484 1975 me
3511 1923 3819 1977 secundum

2200 2007 2499 2072 eerbum,id
2519 2010 2603 2060 est
2617 2009 2834 2076 vivi/ica
2856 2007 3191 2063 meinterius
3205 2026 3271 2064 ea
3288 2010 3659 2066 viviﬁcatione
3680 2030 3819 2084 quin

2204 2095 2476 2150 ﬁtseeuml
2487 2112 2574 2151 um
2587 2096 2803 2150 verbum
2819 2103 2989 2163 tuum,
3006 2096 3063 2151 id
3077 2102 3160 2151 est
3172 2114 3275 2169 per
3292 2099 3494 2153 Filium
3511 2104 3672 2153 tuum
3701 2102 3817 2155 Do-

2205 2184 2429 2238 minum
2444 2184 2630 2238 Jesnm
2643 2184 2879 2251 ,viviﬁco
2896 2185 3157 2240 videlicet
3175 2186 3231 2240 in
3253 2185 3550 2241 virtutibus
3565 2192 3625 2241 ut
3639 2205 3820 2258 perse

2206 2288 2400 2326 verem
2418 2271 2474 2325 in
2491 2273 2596 2326 hoc
2610 2273 2761 2343 quod
2769 2274 3085 2343 juravi.Vel
3099 2274 3179 2328 sic
3194 2275 3361 2339 :Quia
3373 2276 3568 2345 juraoi
3582 2284 3630 2329 et
3642 2279 3825 2329 statui

2206 2360 2466 2414 custodire
2488 2360 2865 2431 justajntlicia
2887 2364 3004 2431 tua,
3033 2366 3092 2416 et
3122 2363 3267 2417 sicut
3286 2364 3475 2434 juravi
3505 2365 3817 2431 custodivi,

2204 2448 2498 2502 lmmitatus
2510 2465 2627 2504 sum
2640 2451 3095 2522 usquequaque,id
3115 2457 3200 2506 est
3217 2452 3465 2507 afflictus
3477 2471 3601 2507 sum
3622 2469 3722 2508 om
3735 2455 3820 2507 ni-

2204 2538 2550 2607 nocorporis
2572 2540 2880 2592 tormentis
2911 2539 2982 2593 ab
3009 2539 3200 2610 impiis
3232 2541 3330 2613 qui
3361 2558 3454 2595 me
3486 2560 3521 2596 a
3546 2544 3812 2597 custodia

2204 2624 2612 2680 mandatorum
2630 2629 2861 2681 tuorum
2874 2628 3167 2683 retrahere
3187 2629 3684 2702 nituntur.thnia
3702 2649 3811 2702 pro

2203 2715 2259 2766 te
2272 2714 2735 2782 humiliatussum,
2758 2732 2859 2771 oro
2893 2719 3102 2773 vivi/ica
3114 2733 3194 2772 me
3214 2718 3270 2771 in
3304 2719 3498 2774 futuro
3519 2716 3809 2775 secundum

2203 2802 2420 2857 verbum
2449 2792 2623 2871 tuum,
2655 2803 2712 2857 id
2743 2808 2828 2859 est
2857 2805 3070 2860 viviﬁca
3096 2823 3191 2861 me
3217 2808 3534 2862 secundum
3559 2807 3809 2864 viviﬁca-

2202 2889 2423 2944 tionem
2437 2891 2591 2945 verbi
2608 2892 2686 2945 tui
2697 2892 2865 2959 ,idest
2881 2893 2953 2947 ad
2966 2893 3401 2949 similitudinem
3417 2894 3809 2951 viviﬁcationis

2205 2979 2336 3033 Filii
2365 2979 2469 3033 tui.
2499 2979 2664 3044 Quod
2711 2984 2795 3035 est
2825 2981 3047 3037 dicere:
3083 2982 3238 3037 Sicut
3266 2985 3577 3038 Dominum
3604 2986 3802 3040 Jesum

496 3077 651 3132 enim
684 3084 837 3131 tuum
873 3075 980 3130 fuit
1021 3075 1235 3129 lucerna
1274 3073 1496 3145 pedibus
1536 3074 1665 3128 meis
1711 3073 2100 3141 interioribus,
2126 3041 2172 3099 Ο·
2203 3067 2409 3122 Filium
2442 3071 2605 3122 tuum
2624 3072 2844 3124 aeterna
2873 3070 3006 3137 vita,
3040 3072 3355 3126 secundum
3379 3089 3638 3141 carnem,
3670 3075 3810 3129 vivi-

495 3167 556 3221 id
596 3170 682 3221 est
722 3166 892 3221 Filius
942 3168 1076 3219 tuus
1134 3164 1244 3217 fuit
1302 3163 1659 3217 illuminatio
1708 3162 2105 3218 affectionibus

500 3254 680 3321 meis;
712 3253 925 3307 scilicet
957 3250 1235 3327 Dominus
1257 3251 1415 3303 Jesus
1444 3249 1559 3303 fuit
1582 3250 2102 3316 mihiilluminatio,

500 3340 711 3394 scilicet
742 3338 1087 3394 illuminavit
1120 3338 1340 3408 primas
1372 3336 1705 3391 affectiones
1733 3354 1910 3393 meas.
1942 3338 2106 3402 Quod

501 3430 589 3481 est
611 3426 832 3481 dicere:
866 3427 993 3479 lllas
1046 3425 1267 3495 primas
1325 3424 1656 3479 atfectiones
1685 3425 1849 3479 liberi
1886 3426 2105 3481 arbitrii

502 3515 618 3569 mei
643 3530 784 3585 quas
812 3513 987 3567 habui
1015 3516 1079 3567 ut
1105 3513 1293 3585 legem
1312 3515 1473 3567 tuam
1507 3512 1813 3583 diligerem
1840 3518 1898 3567 et
1919 3514 2110 3568 obser-

502 3618 721 3669 varem,
754 3601 1096 3656 illuminavit
1126 3600 1326 3654 unicus
1350 3600 1521 3654 Filius
1541 3603 1669 3654 tuus
1688 3601 1895 3656 auxilio
1907 3603 2107 3672 gratias

473 3734 477 3738 .
505 3694 640 3756 tute,
667 3694 728 3744 ut
756 3707 873 3745 non
907 3690 1241 3755 deﬁcerent,
1274 3688 1371 3743 sed
1394 3687 1464 3742 de
1496 3689 1589 3742 die
1620 3688 1677 3742 in
1712 3689 1862 3743 diem
1886 3706 2107 3744 cresce-

502 3782 653 3832 rent.
688 3779 754 3832 Et
780 3777 931 3849 ipsas
974 3777 1149 3831 etiam
1187 3776 1332 3830 mihi
1364 3776 1540 3831 dedit.
1575 3778 1684 3830 Per
1711 3794 1804 3831 me
1838 3777 1991 3831 enim
2021 3777 2107 3831 in-

506 3866 791 3920 sufﬁciens
807 3882 992 3920 essem
1012 3881 1108 3919 eas
1127 3865 1372 3931 habere;
1397 3864 1620 3919 etidem
1646 3865 1896 3919 Verbum
1921 3869 2106 3933 tuum,

507 3954 787 4009 Dominus
820 3955 1000 4020 Jesus,
1033 3952 1143 4006 fuit
1184 3952 1360 4007 lumen
1391 3954 1587 4007 semitis
1616 3955 1764 4019 meis,
1799 3953 1856 4006 id
1887 3956 1973 4006 est
2003 3953 2110 4007 fuit

506 4040 853 4095 illuminatio
880 4040 1194 4094 incessibus
1225 4039 1389 4106 meis,
1423 4039 1518 4111 qui
1552 4057 1654 4111 per
1682 4041 1914 4095 semitas
1969 4041 2110 4095 acci-

507 4129 764 4200 piuntur,
788 4144 856 4182 eo
887 4128 1041 4198 quod
1069 4144 1171 4198 per
1194 4128 1428 4182 semitas
1441 4128 1541 4181 ﬁat
1566 4129 2008 4192 incessus.Quod
2024 4134 2109 4184 est

454 4282 461 4289 .
508 4218 737 4271 dicere:
772 4216 895 4269 Non
927 4214 1115 4269 solum
1158 4214 1503 4268 illuminavit
1534 4216 1754 4287 primas
1776 4217 2108 4271 atfeetiones

2204 3157 2405 3225 ﬁcasti,
2446 3157 2583 3229 quia
2622 3176 2679 3213 se
2720 3159 3040 3214 bumiliavit
3068 3161 3173 3215 tibi
3216 3179 3391 3233 usque
3432 3162 3501 3216 ad
3546 3168 3799 3218 mortem

2205 3246 2479 3301 obediens
2502 3246 2673 3318 (Phil.
2703 3264 2761 3314 Il,
2790 3248 2862 3316 8),
2888 3247 2967 3302 ita
2992 3253 3049 3303 et
3078 3266 3159 3304 me
3197 3266 3427 3322 quoque
3471 3253 3701 3321 viviﬁca,
3739 3269 3808 3306 eo

2206 3334 2361 3404 quod
2388 3350 2492 3405 pro
2525 3339 2578 3388 te
2610 3334 2820 3390 fuerim
2851 3337 3204 3395 humiliatus.
3241 3340 3306 3392 Et
3338 3356 3455 3394 non
3485 3341 3671 3393 solum
3703 3358 3809 3394 oro

2206 3422 2495 3490 viviﬁcari,
2567 3424 2666 3477 sed
2734 3424 2968 3497 insuper
3029 3442 3130 3480 oro
3187 3428 3493 3481 voluntaria
3546 3430 3660 3482 oris
3706 3433 3816 3485 mei

2213 3511 2536 3580 beneplacita
2583 3511 2682 3565 tibi
2719 3513 2833 3582 fac,
2868 3513 3116 3581 Domine,
3157 3515 3216 3569 id
3256 3520 3341 3570 est
3370 3515 3811 3587 przedicationes

2210 3616 2351 3670 quas
2380 3599 2450 3653 de
2483 3603 2537 3653 te
2567 3601 2686 3653 aliis
2714 3602 3034 3655 voluntarie
3065 3618 3165 3656 ore
3198 3618 3327 3658 meo
3352 3603 3519 3671 facio,
3567 3603 3657 3658 fac
3707 3605 3807 3659 tibi

2209 3689 2631 3761 beneplacitas:
2676 3689 2911 3757 scilicet,
2952 3691 3041 3745 fac
3083 3692 3270 3763 gratia
3320 3695 3419 3746 tua
3449 3697 3510 3746 ut
3539 3710 3635 3747 eas
3665 3710 3795 3748 cum

2209 3775 2553 3831 discretione
2574 3777 2815 3842 faciam;
2847 3782 2905 3832 et
2927 3779 3005 3833 sic
3039 3780 3142 3834 tibi
3171 3781 3607 3852 beneplaceant,
3635 3782 3800 3835 aliter

2209 3864 2365 3919 enim
2400 3881 2516 3919 non
2562 3868 2877 3936 placerent.
2922 3866 3000 3920 Et
3048 3872 3110 3922 ut
3162 3868 3264 3923 tibi
3313 3869 3631 3939 beneplacita
3681 3870 3795 3923 sint

2208 3952 2512 4006 voluntaria
2552 3956 2660 4007 oris
2705 3957 2827 4021 mei,
2859 3955 2985 4009 doce
3009 3972 3089 4009 me
3105 3956 3327 4026 judicia
3369 3966 3481 4023 tua,
3517 3956 3576 4010 id
3596 3961 3684 4011 est
3712 3958 3795 4011 fac

2209 4057 2303 4095 me
2323 4057 2691 4112 cognoscere,
2708 4043 3131 4098 illuminatione
3148 4046 3348 4116 gratiae
3366 4046 3796 4117 tuanquomodo

2200 4129 2422 4198 judices
2451 4146 2571 4184 esse
2606 4130 3041 4201 praedicandum
3084 4133 3392 4201 nobilibus,
3423 4139 3481 4188 et
3515 4134 3804 4205 quomodo

2207 4216 2577 4288 ignobilibus,
2594 4222 2651 4272 et
2673 4221 2965 4290 quomodo
2981 4221 3183 4287 brutis,
3198 4226 3255 4275 et
3280 4222 3572 4293 quomodo
3589 4223 3809 4293 sapien-

507 4321 669 4360 meas
690 4304 897 4358 auxilio
928 4303 1128 4374 gratiae
1150 4318 1287 4369 suae,
1314 4302 1415 4355 sed
1448 4303 1624 4357 etiam
1648 4304 1801 4375 quod
1834 4320 1936 4374 per
1966 4306 2106 4359 dile-
2130 4293 2180 4352 D
2209 4306 2375 4359 tibus.
2420 4306 2519 4361 Vel
2557 4307 2661 4361 sic:
2706 4308 3046 4375 Voluntaria,
3071 4309 3330 4381 inquam,
3360 4312 3467 4364 oris
3506 4313 3612 4365 mei
3637 4311 3808 4364 bene-

505 4395 758 4448 etionem
778 4391 1309 4446 etobservationem
1328 4391 1471 4460 legls
1494 4394 1623 4461 post
1640 4391 1978 4459 incessi,boe
2002 4394 2109 4448 fuit

507 4478 1175 4535 anxilioilluminationis
1199 4495 1335 4533 suae.
1372 4479 1628 4533 Lucerna
1676 4497 1811 4535 vero
1854 4498 1967 4536 non
2018 4483 2108 4537 hic

509 4568 788 4639 accipitur
830 4584 934 4637 pro
976 4584 1104 4621 vase
1144 4567 1284 4622 lucis
1336 4570 1398 4621 ut
1440 4568 1621 4640 accipi
1653 4569 1838 4637 solet;
1872 4571 1967 4624 sed
2002 4587 2107 4641 pro

510 4672 689 4728 parva
706 4655 1025 4719 luce.Quod
1045 4672 1111 4709 ex
1131 4656 1793 4712 l-lebraicatranslatione
1815 4663 1991 4730 patet,
2013 4661 2108 4713 ubi

507 4745 775 4810 habetur,
791 4742 1011 4797 candela
1014 4743 1237 4813 pedibus
1252 4745 1396 4797 meis.
1422 4742 1638 4798 Dicitur
1669 4745 1903 4816 quidem
1920 4747 2110 4801 Domi-

508 4850 615 4888 nus
627 4834 785 4887 Jesus
797 4831 1154 4898 lucerna,non
1168 4831 1297 4884 ideo
1316 4832 1471 4902 quod
1485 4832 1540 4884 in
1559 4837 1763 4887 natura
1776 4834 1858 4887 sui
1877 4851 2108 4906 semper

498 4937 787 4991 magnum
812 4922 1006 4974 lumen
1029 4934 1145 4974 non
1159 4918 1355 4985 sit,sed
1378 4934 1446 4972 eo
1462 4924 1719 4991 respectu
1733 4922 1887 4993 quod
1906 4922 2103 4992 impri-

493 5010 618 5067 Jnis
648 5010 984 5065 accedentes
1015 5007 1086 5062 ad
1110 5007 1286 5061 ﬁdem
1326 5006 1517 5060 minus
1548 5007 1860 5075 illuminat,
1894 5009 2104 5064 lucerna

774 5097 977 5152 dicitur
1011 5114 1025 5164 ;
1065 5096 1379 5149 secundum
1407 5095 1515 5149 hoc
1546 5112 1678 5150 vero
1709 5097 1863 5167 quod
1883 5114 1980 5152 eos
2009 5099 2106 5170 qui

499 5187 624 5259 jam
642 5186 1058 5259 promotisunt,
1080 5186 1265 5255 magis
1280 5184 1589 5250 illuminat,
1606 5200 1888 5255 magnum
1908 5187 2103 5242 lumen

507 5276 736 5342 dicitur,
761 5275 924 5346 juxta
944 5274 1082 5328 illud
1101 5273 1335 5327 Joannis
1367 5289 1380 5327 :
1417 5273 1602 5326 «Erat
1631 5273 1722 5325 lux
1756 5288 1887 5327 vera
1921 5275 2101 5346 (Joan.

488 5368 645 5435 -1,9),
679 5385 706 5412 »
740 5367 874 5425 etc.,
913 5365 971 5415 et
1008 5361 1161 5415 idem
1195 5361 1370 5415 alibi:
1405 5360 1521 5430 Ego
1580 5376 1707 5413 sum
1758 5362 1852 5415 lux
1898 5364 2100 5418 mundi

509 5455 699 5526 (Joan.
732 5468 850 5517 vm,
876 5452 978 5521 l2).
1008 5471 1035 5496 n
1066 5448 1230 5512 Quod
1288 5449 1425 5503 dicit
1471 5449 1683 5501 lucerna
1705 5449 1926 5520 pedibus
1952 5454 2101 5519 meis,

518 5560 551 5609 α
593 5537 962 5603 similitudine
1027 5537 1233 5591 dicitur
1279 5536 1528 5591 hominis
1584 5537 1680 5613 qui
1731 5538 1788 5593 in
1851 5539 2102 5597 tenebris

2208 4393 2493 4465 placentia
2522 4395 2633 4464 fac.
2668 4396 2733 4449 Et
2764 4395 2807 4448 si
2828 4400 3064 4467 propter
3088 4396 3189 4450 has
3218 4397 3655 4468 praedicationes
3678 4414 3807 4468 per-

2208 4482 2539 4536 secutiones
2585 4483 2724 4536 mihi
2771 4484 3149 4550 occurrerint,
3193 4485 3317 4539 doce
3341 4502 3423 4538 me
3464 4486 3675 4556 judicia
3711 4494 3801 4539 tua

2209 4587 2352 4636 esse,
2385 4570 2445 4624 id
2484 4574 2569 4624 est
2604 4571 2728 4624 doce
2767 4589 2849 4624 me
2903 4572 3027 4625 illas
3063 4572 3277 4642 judicia
3327 4579 3420 4627 tua
3465 4590 3604 4639 esse,
3637 4574 3692 4627 id
3723 4580 3805 4627 est

2199 4658 2416 4729 judicio
2448 4660 2545 4711 tuo
2567 4673 2662 4711 eas
2677 4658 2957 4725 accidere,
2985 4663 3045 4714 ut
3060 4676 3163 4731 per
3183 4677 3279 4714 eas
3300 4660 3485 4731 magis
3504 4661 3800 4732 justiﬁcer.

2290 4747 2540 4818 Dignum
2572 4749 2655 4799 est
2687 4750 2881 4800 autem
2913 4751 2973 4801 ut
3004 4764 3096 4802 me
3119 4748 3393 4815 vivitices,
3420 4753 3481 4804 ut
3506 4749 3807 4803 volitutaria

2207 4837 2312 4887 oris
2344 4836 2449 4887 mei
2497 4833 2818 4904 beneplacita
2868 4834 2973 4889 tibi
3031 4836 3229 4905 facias,
3264 4841 3321 4891 et
3365 4837 3579 4908 judicia
3608 4846 3700 4891 tua
3728 4858 3810 4893 me

2208 4922 2437 4991 doceas,
2471 4923 2605 4994 quia
2637 4925 2819 4978 anima
2848 4939 2962 4979 mea
2981 4930 3289 4995 semperest
3317 4928 3372 4979 in
3404 4927 3645 4980 manibus
3660 4930 3806 4995 meis,

2207 5011 2261 5065 id
2287 5016 2373 5065 est
2404 5012 2461 5066 in
2496 5012 2931 5067 defensionibus
2954 5015 3117 5082 meis,
3144 5032 3385 5086 quieper
3408 5033 3613 5070 manus
3639 5017 3811 5073 deno-

2205 5103 2496 5169 tantur,eo
2511 5101 2661 5173 quod
2681 5102 2944 5156 manibus
2962 5102 3061 5156 ﬁat
3073 5107 3273 5158 contra
3284 5104 3510 5159 hostem
3530 5105 3804 5162 defensio.

2206 5189 2371 5253 Quod
2401 5192 2485 5244 est
2515 5190 2701 5255 dicere
2735 5206 2748 5244 :
2781 5190 2906 5244 Non
2958 5191 3191 5262 permisi
3219 5193 3476 5248 animam
3513 5210 3705 5248 meam
3739 5197 3806 5251 ab

2204 5276 2449 5332 inimicis
2460 5278 2602 5332 meis
2618 5278 3041 5350 incorporando
3057 5280 3312 5352 superari
3324 5282 3443 5347 ,sed
3458 5297 3561 5352 per
3574 5283 3780 5338 virtute
3792 5303 3808 5335 ς

2203 5367 2284 5421 eis
2324 5366 2560 5419 viriliter
2582 5366 2921 5433 resistendo,
2946 5384 3073 5422 eam
3098 5369 3351 5434 defendi,
3385 5387 3416 5424 a
3434 5370 3808 5428 similitudine

2204 5454 2421 5508 strenui
2463 5453 2681 5521 militis,
2715 5455 2815 5526 qui
2847 5471 3032 5521 arma,
3069 5472 3197 5528 qua:
3223 5460 3384 5515 tenet
3416 5458 3474 5512 in
3513 5460 3804 5519 manibus.

2204 5542 2463 5600 hostibus
2488 5532 2603 5599 non
2625 5543 2930 5619 permittit,
2969 5544 3069 5600 sed
3101 5545 3173 5600 ab
3213 5546 3469 5605 hostibus
3501 5564 3570 5605 ea
3614 5549 3811 5627 defeq~
