4016 6030
217 325 374 401 i293

1170 326 1529 403 ’i'zxro'smo
1571 325 1645 404 in
1682 325 2016 405 psmo's.
2056 376 2125 390 -
2162 340 2356 407 esst.
2397 350 2597 407 cxvm

3391 340 3553 417 1291'

218 467 337 521 dit.
369 467 443 521 Et
469 468 577 523 hoc
609 469 783 524 modo
825 470 1060 541 quidem
1110 473 1299 524 anima
1352 490 1467 525 mea
1519 474 1576 526 in
1606 471 2340 545 manibasAiutelligantur,
2374 476 2506 530 andi
2537 476 2660 531 haec
2689 493 2806 531 non
2842 479 3224 550 negligenter,
3253 483 3350 537 sed
3387 499 3521 542 cum

219 558 361 608 meis
408 559 516 622 est,
537 556 672 627 quia
700 557 863 626 legem
916 564 1063 611 tuam
1094 575 1204 612 non
1253 576 1370 628 sum
1424 560 1635 614 oblitus.
1670 560 1834 624 Quod

221 649 320 698 est
348 644 572 699 dicere:
608 646 821 716 Legem
875 649 1035 700 tuam
1069 647 1389 714 observavi,
1424 652 1480 700 et
1529 646 1610 701 sic
1639 663 1735 701 me
1762 648 1833 701 ab

216 732 312 785 eis
334 732 587 786 defendi.
622 734 846 789 Diceret
870 735 1076 807 aliquis
1104 752 1116 789 :
1156 736 1481 789 Fueruntne
1509 735 1705 806 aliqui,
1740 735 1836 806 qui

221 824 511 890 cogerent
536 825 591 875 te
610 823 800 893 legem
823 823 1117 878 oblivisci?
1135 824 1217 877 Ad
1232 824 1386 895 quod
1399 824 1475 877 sic
1498 823 1833 895 respondet:

221 908 455 979 Utique.
477 908 784 964 Peccatores
814 912 995 979 enim,
1020 913 1076 966 id
1100 915 1187 966 est
1205 912 1460 966 hmretici
1486 916 1545 966 et
1574 912 1835 966 inﬁdeles

219 999 285 1049 et
312 996 439 1050 falsi
482 998 807 1065 Christiani,
828 1008 1122 1069 posuerunt
1164 1000 1303 1055 mihi
1343 1000 1609 1071 laqueum,
1660 1000 1719 1054 id
1749 1004 1834 1053 est

219 1085 633 1156 deceptionem
651 1088 939 1142 minarum
954 1091 1012 1142 et
1030 1088 1443 1142 blanditiarum
1458 1094 1515 1143 et
1528 1105 1834 1159 argumen-

218 1173 519 1228 tationum
542 1175 842 1245 falsarum,
870 1181 932 1231 ut
960 1194 1053 1231 me
1071 1194 1105 1231 a
1137 1176 1429 1231 mandatis
1447 1177 1556 1231 tuis
1572 1178 1828 1232 retrahe-

216 1267 360 1317 rent
383 1273 464 1317 ιρι
486 1280 593 1335 ego
614 1268 808 1319 tamen
824 1282 929 1319 non
951 1268 1147 1332 erravi,
1166 1265 1491 1320 recedendo
1512 1283 1543 1318 a
1563 1266 1831 1320 mandatis

221 1354 352 1406 tuis.
378 1353 493 1407 Hoc
515 1353 670 1425 quod
689 1353 825 1407 dicit
842 1371 873 1406 a
893 1353 1167 1408 mandatis
1189 1356 1294 1408 tuis
1322 1371 1427 1407 non
1455 1354 1652 1419 erravi,
1676 1353 1830 1408 idem

217 1440 452 1495 videtur
467 1457 587 1495 esse
835 1443 989 1515 quod
1005 1443 1266 1514 superius
1286 1442 1452 1497 dixit:
1477 1442 1667 1512 Legem
1682 1450 1833 1496 tuam

218 1545 333 1583 non
373 1546 490 1583 sum
537 1530 744 1585 oblitas.
778 1531 893 1586 Sed
944 1530 1158 1586 idcirco
1190 1532 1504 1603 repetitum
1556 1534 1661 1597 est,
1700 1531 1834 1602 quia

221 1617 488 1673 dixerat:
523 1619 827 1674 Posuerunt
863 1627 1167 1689 peccatores
1202 1619 1447 1691 laqueum
1490 1621 1647 1674 mihi.
1681 1619 1830 1687 Sive,

222 1710 290 1758 ut
319 1723 435 1760 non
459 1706 531 1759 sit
559 1707 854 1779 repetitio,
887 1723 990 1777 per
1019 1708 1297 1762 mandata
1328 1724 1476 1762 nova
1504 1709 1590 1762 lex
1624 1708 1829 1780 accipi-

1939 578 2166 616 summa
2182 563 2499 634 diligentia,
2524 568 2580 618 et
2596 564 2803 619 habeto
2830 565 2888 619 in
2915 566 2995 620 eis
3016 568 3431 642 investigandis
3447 573 3540 626 fir-

1938 654 2299 704 mamentum
2322 650 2580 705 rationis.
2596 650 2652 705 Si
2674 651 2832 706 enim
2852 656 3073 708 attente
3091 655 3305 711 fuerint
3320 659 3536 728 audita,

1938 740 1995 789 et
2025 735 2331 808 diligenter
2350 742 2406 792 et
2420 738 2646 794 ratione
2660 740 2831 795 firma
2855 746 3536 817 perscrutata,leginova3

1938 826 2263 880 nullatenus
2294 830 2463 881 erunt
2489 828 2797 883 contraria.
2834 832 2894 883 ln
2925 831 3031 885 hac
3061 832 3312 888 clausula
3341 838 3535 891 osten-

1937 912 2082 967 dunt
2115 914 2311 968 fideles
2335 932 2393 969 se
2423 915 2650 987 iniquos
2680 917 2814 971 odio
2862 919 3098 986 habere,
3125 924 3183 974 et
3216 923 3403 992 legem
3436 926 3536 979 Dei

1934 1000 2192 1072 diligere,
2208 1005 2266 1056 et
2290 1003 2361 1057 ad
2379 1004 2487 1057 hoc
2513 1005 2688 1057 Deum
2710 1005 3036 1076 adjutorem
3069 1011 3127 1061 et
3147 1014 3536 1081 susceptorem

1932 1088 2165 1143 habere.
2199 1091 2268 1145 Et
2298 1094 2383 1145 est
2407 1093 2730 1147 notandum
2765 1094 2919 1165 quod
2950 1110 3048 1148 eos
3070 1095 3202 1150 odio
3233 1097 3449 1152 habent
3478 1099 3536 1154 in

1932 1175 2041 1230 hoc
2067 1177 2222 1248 quod
2239 1178 2401 1240 mali,
2420 1196 2537 1234 non
2561 1179 2619 1233 in
2653 1181 2761 1235 hoc
2790 1181 2947 1253 quod
2973 1187 3241 1238 creatura
3262 1186 3361 1240 Dei
3376 1191 3536 1245 sunt.

1931 1265 2327 1320 Adhorlantur
2355 1266 2527 1321 etiam
2556 1267 2804 1339 iniquos,
2823 1273 2884 1323 ut
2906 1270 3183 1326 desistant
3212 1288 3247 1326 a
3275 1272 3404 1345 lege
3436 1276 3535 1330 Dei

1933 1369 2032 1408 eos
2061 1353 2359 1422 devocare,
2388 1355 2544 1426 quod
2573 1359 2658 1410 est
2688 1356 2820 1429 ipsis
2850 1357 3043 1430 impiis
3097 1375 3266 1414 causa
3292 1361 3536 1418 damna-

1932 1441 2128 1496 tionis.
2160 1442 2339 1497 Orant
2382 1446 2578 1498 autem
2611 1448 2674 1499 ut
2721 1461 2756 1498 a
2796 1446 3043 1502 Domino
3070 1448 3452 1520 suscipiantur
3480 1454 3539 1505 et

1933 1530 2362 1601 adjuventur,et
2376 1536 2437 1585 ut
2455 1548 2659 1587 carnes
2669 1550 2784 1587 sua:
2804 1533 3013 1589 timore
3030 1536 3131 1590 Dei
3144 1539 3533 1609 conligantur,

1933 1617 2200 1673 addendo
2223 1635 2419 1673 causas
2447 1637 2624 1691 quare
2655 1620 2941 1677 orandum
2972 1623 3062 1678 sit.
3098 1624 3212 1680 Hoc
3241 1630 3436 1682 autem
3469 1645 3537 1681 ea

1932 1706 2254 1762 intentione
2273 1707 2510 1771 faciunt,
2529 1713 2591 1764 ut
2616 1709 2908 1765 auditores
2932 1711 3004 1765 ad
3035 1712 3157 1767 haec
3188 1715 3392 1770 eadem
3414 1732 3537 1770 om-

221 1796 342 1861 tur,
375 1797 431 1848 et
458 1811 563 1867 per
610 1796 799 1865 legem
854 1800 1015 1849 vetus
1047 1797 1154 1862 lex,
1183 1800 1246 1850 ut
1282 1797 1341 1849 in
1369 1797 1651 1867 superiori
1675 1798 1829 1851 clau-
1857 1823 1909 1882 B
1932 1794 2027 1848 nia
2059 1795 2366 1851 instruant.

220 1884 545 1954 sula,quam
561 1886 866 1950 utramque
880 1883 1075 1937 ﬁdeles
1087 1884 1499 1948 eustodiunt,et
1512 1902 1545 1939 a
1558 1902 1671 1956 qua
1685 1889 1833 1940 utra-

220 1987 337 2042 que
349 1987 448 2026 eos
472 1975 804 2042 peccatores
821 1971 1120 2026 retrahere
1142 1972 1474 2028 intendunt.
1492 1973 1613 2028 Non
1633 1977 1827 2040 erravi,

220 2060 483 2132 inquam,
506 2077 538 2111 a
568 2060 836 2113 mandatis
891 2063 1014 2127 tuis,
1056 2060 1157 2115 sed
1203 2061 1514 2116 haereditate
1560 2064 1831 2134 acquisivi

221 2152 520 2203 testimonia
574 2157 689 2215 tua,
719 2149 776 2204 id
834 2153 920 2203 est
962 2148 1329 2204 hmreditario
1377 2151 1509 2221 jure
1560 2151 1828 2222 acquisivi
1876 2220 1877 2223 η

219 2239 499 2294 mandata
530 2242 646 2292 tua.
674 2238 837 2302 Quod
879 2242 965 2292 est
1013 2238 1203 2292 dicere
1233 2256 1246 2295 :
1283 2238 1372 2293 Sic
1410 2240 1655 2293 firmiter
1685 2240 1824 2294 mihi

219 2327 491 2398 acquisivi
515 2343 618 2398 per
643 2326 916 2380 auxilium
943 2328 1144 2399 gratiae
1164 2331 1276 2381 tum
1305 2328 1581 2382 mandata
1602 2332 1722 2399 tua,
1741 2329 1824 2383 di-

219 2415 469 2485 ligenter
497 2415 901 2486 investigando
935 2432 1023 2481 ea,
1056 2416 1212 2486 quod
1242 2416 1322 2470 ita
1351 2432 1419 2469 ea
1462 2419 1633 2471 teneo
1665 2416 1826 2488 quasi

210 2504 345 2574 jure
376 2503 767 2572 haareditario,
800 2507 860 2557 ut
894 2504 1083 2556 nullus
1119 2519 1188 2557 ea
1218 2504 1361 2557 mihi
1416 2504 1579 2558 facile
1635 2508 1828 2575 posset

220 2592 468 2660 auferre,
493 2593 638 2647 sicut
658 2592 967 2649 hasreditas
996 2592 1154 2647 haud
1175 2592 1341 2646 facile
1360 2609 1464 2664 per
1486 2593 1583 2663 jus
1611 2592 1821 2647 auferri

219 2682 569 2753 potest.ldeo
588 2698 723 2735 vero
754 2698 861 2734 non
890 2683 1069 2741 erravi
1086 2699 1117 2735 α
1144 2682 1413 2736 mandatis
1434 2684 1557 2748 tuis,
1580 2683 1826 2736 et'hzere—

216 2771 384 2824 (litate
441 2787 508 2823 ea
559 2771 836 2841 aequis-ivi,
863 2772 989 2840 quia
1039 2786 1144 2842 per
1191 2771 1513 2840 emphasim
1544 2771 1823 2824 exsultatio

217 2858 388 2911 cordis
438 2860 544 2911 mei
590 2865 734 2911 sunt.
774 2856 937 2921 Quod
988 2862 1075 2912 est
1104 2858 1297 2913 dicere
1332 2874 1344 2912 :
1378 2859 1632 2912 Exsultat
1660 2860 1822 2914 valde

217 2962 318 3001 cor
344 2963 540 3000 meum
572 2947 629 3001 in
660 2946 948 3001 mandatis
974 2945 1083 3001 tuis
1104 2945 1395 3018 acquisitis
1422 2950 1481 3000 et
1506 2947 1820 3006 custoditis.

220 3037 361 3089 Cum
384 3039 579 3089 autem
600 3052 715 3089 non
741 3034 1078 3101 erraverim,
1097 3037 1154 3088 et
1172 3035 1453 3091 mandata
1466 3038 1564 3089 tua
1583 3036 1824 3107 acquisi-

2001 1882 2219 1955 Iniquos
2256 1884 2375 1939 odio
2405 1885 2588 1953 habui,
2638 1888 2745 1942 etc.
2799 1887 2965 1952 Quod
3017 1890 3405 1961 superioribus
3457 1892 3535 1946 sic

1923 1972 2226 2043 jungitur:
2261 1973 2383 2027 Dixi
2421 1975 2576 2046 quod
2620 1983 2916 2045 peccatores
2949 1986 3242 2046 posuerunt
3283 1980 3533 2052 laqueum

1930 2060 2303 2131 deceptionis.
2339 2062 2471 2116 ldeo
2502 2062 2679 2132 igitur
2718 2066 2942 2136 iniquos,
2998 2066 3053 2119 id
3086 2069 3170 2119 est
3226 2066 3377 2139 ipsos
3409 2086 3534 2140 pec-

1929 2153 2173 2216 catores,
2225 2149 2344 2203 odio
2394 2151 2579 2218 habui,
2642 2168 2759 2206 non
2827 2153 3145 2208 secundum
3211 2156 3320 2210 hoc
3374 2159 3530 2228 quod

1929 2242 2193 2292 creatura
2223 2242 2375 2305 sunt,
2415 2239 2514 2293 sed
2564 2240 2880 2295 secundum
2925 2242 3081 2313 quod
3127 2244 3286 2298 mali.
3320 2246 3387 2299 Et
3416 2246 3531 2301 dixi

1928 2327 2207 2397 quoniam
2261 2346 2292 2381 α
2323 2327 2587 2382 mandatis
2633 2331 2737 2383 tuis
2765 2346 2874 2384 non
2930 2335 3126 2386 erravi.
3154 2331 3229 2385 Et
3263 2335 3369 2389 hoc
3399 2335 3529 2389 ideo

1926 2416 2060 2487 quia
2087 2416 2249 2487 legem
2275 2423 2422 2469 tuam
2444 2416 2608 2470 dilexi
2635 2418 2798 2472 omni
2826 2418 3131 2474 afl'ectione
3166 2423 3397 2480 mentis.
3432 2423 3530 2477 Vel

1924 2503 2031 2558 sic:
2054 2504 2292 2575 Iniquos,
2316 2504 2573 2575 inquam,
2592 2505 2717 2560 odio
2746 2506 2939 2571 habui;
2964 2515 3015 2560 et
3044 2507 3121 2562 sic
3150 2511 3347 2564 tamen
3375 2513 3531 2582 quod

1926 2592 2054 2646 illos
2079 2592 2213 2647 odio
2236 2592 2522 2660 habenda,
2547 2592 2716 2662 legem
2735 2599 2907 2662 tuam,
2939 2612 3149 2650 novam
3179 2597 3365 2654 dilexi.
3384 2601 3461 2653 Ac
3481 2600 3528 2653 si

1925 2680 2169 2736 diceret:
2186 2680 2327 2734 Cum
2343 2682 2429 2735 lex
2449 2685 2545 2735 tua
2559 2699 2705 2736 nova
2717 2682 2915 2754 iubeat
2930 2684 3197 2739 inimicos
3208 2686 3389 2756 diligi,
3410 2705 3526 2743 non

1923 2773 2120 2824 tamen
2135 2785 2265 2823 eam
2282 2768 2339 2822 in
2353 2769 2487 2823 odio
2501 2770 2832 2842 iniquorum
2845 2771 3417 2829 violavi.Dilexienim
3431 2792 3529 2830 eos

1924 2857 2246 2911 secundum
2293 2860 2638 2925 creaturam,
2672 2858 2805 2913 odio
2834 2875 2969 2914 vero
3001 2860 3175 2915 habui
3211 2863 3527 2918 secundum

2145 2943 2425 2999 malitiam
2455 2945 2616 2999 Unde
2634 2946 2900 3018 Prosper:
2924 2970 2951 2998 «
2972 2948 3209 3003 Rectein
3230 2950 3398 3005 malis
3412 2952 3531 3006 odi-

1924 3050 2053 3087 mus
2074 3032 2380 3097 malitiam,
2402 3037 2460 3087 et
2485 3033 2780 3105 diligimus
2805 3039 3154 3091 creaturam.
3174 3058 3201 3086 »
3221 3039 3309 3092 Ad
3332 3038 3530 3094 odien~

216 3124 420 3187 verim,
446 3141 562 3179 non
598 3124 732 3178 inde
756 3094 1075 3194 superhivi,
1092 3123 1192 3177 sed
1222 3124 1496 3193 inclinavi,
1517 3123 1575 3179 id
1606 3094 1690 3179 est
1718 3126 1823 3179 hu-
1850 3094 1898 3153 Ο
1926 3120 2066 3175 dum
2086 3124 2279 3175 autem
2298 3094 2525 3193 iniquos
2538 3094 2802 3191 etvlegem
2818 3126 2977 3176 tuam
2991 3122 3531 3197 diligendam,adju-

219 3212 429 3266 miliavi
453 3230 544 3266 cor
558 3229 733 3265 meum
755 3212 826 3265 ad
849 3211 1147 3281 faciendus,
1171 3211 1227 3265 id
1255 3214 1340 3266 est
1370 3211 1443 3266 ad
1474 3214 1825 3284 reputandas

220 3318 341 3355 esse
374 3308 491 3355 tuas
537 3303 641 3356 has
665 3302 1104 3373 justi/icationes.
1141 3300 1305 3365 Quod
1337 3304 1423 3355 est
1461 3302 1653 3359 dicere
1686 3319 1699 3358 :
1734 3302 1823 3358 Sic

219 3407 311 3444 me
343 3389 638 3445 humiliavi
667 3394 727 3444 ut
760 3393 922 3444 tuum
957 3390 1206 3445 facerem
1241 3393 1298 3443 et
1323 3406 1389 3444 ex
1422 3393 1476 3444 te
1507 3407 1627 3445 esse
1649 3407 1819 3463 repu-

218 3482 422 3541 tarem,
456 3495 575 3534 non
609 3495 675 3532 ex
730 3478 942 3533 viribus
970 3478 1133 3545 meis,
1162 3479 1271 3533 hoc
1299 3480 1452 3550 quod
1474 3478 1822 3549 justiﬁcatns

215 3584 362 3634 sum,
389 3567 745 3637 persistendo
777 3567 833 3621 in
869 3567 1162 3621 mandatis
1192 3567 1321 3622 tuis.
1355 3567 1450 3621 Vel
1491 3568 1568 3621 sic
1603 3584 1616 3621 :
1649 3567 1814 3622 Incli-

212 3657 362 3722 navi,
390 3655 444 3708 id
467 3658 552 3709 est
594 3655 883 3711 humiliavi
907 3673 1001 3710 cor
1025 3673 1220 3722 meum,
1254 3658 1310 3710 et
1332 3656 1440 3710 hoc
1458 3657 1530 3710 ad
1545 3657 1821 3725 faciendas

208 3745 611 3815 iustiﬁcationes
668 3752 806 3807 tuas,
856 3745 913 3799 id
970 3749 1056 3799 est
1106 3745 1178 3800 ad
1241 3745 1587 3815 complenda
1636 3745 1821 3817 magis

217 3837 273 3886 et
303 3833 486 3903 magis
518 3834 794 3887 mandata
824 3837 941 3889 tua.
986 3833 1150 3897 Quod
1183 3836 1268 3887 est
1298 3833 1487 3887 dicere
1515 3850 1528 3887 :
1565 3833 1697 3887 Ideo
1727 3851 1819 3887 me

215 3921 505 3976 humiliavi
530 3923 834 3993 utperhoc
862 3922 1135 3976 meritum
1162 3937 1254 3975 me
1282 3921 1512 3992 adjuves
1543 3921 1821 3976 inlensius

217 4009 288 4063 ad
328 4010 674 4082 complenda
704 4014 995 4082 prmcepta
1035 4014 1151 4064 tua.
1185 4010 1310 4064 Non
1350 4010 1509 4065 enim
1541 4012 1821 4082 superbos

217 4099 469 4170 adjuvas,
493 4100 591 4153 sed
633 4100 902 4156 humiles.
932 4100 998 4153 Et
1019 4099 1285 4154 inclinavi
1309 4099 1485 4154 etiam
1519 4116 1607 4153 cor
1645 4115 1819 4155 meum

208 4196 423 4259 propter
448 4188 849 4243 retributionem
879 4189 1222 4243 tendentem
1248 4190 1305 4242 in
1335 4195 1616 4257 aeternum,
1648 4188 1705 4243 id
1735 4191 1820 4243 est

205 4278 1088 4349 proptcr'retributionem,a3ternm
1107 4277 1237 4331 vita:
1255 4277 1345 4331 adi
1353 4277 1815 4349 piscendam.Vel

216 4366 292 4419 sic
314 4368 521 4438 legitur
544 4370 597 4419 in
629 4373 908 4421 (eternmn.
933 4364 1196 4419 Inclinavi
1212 4382 1301 4418 cor
1324 4382 1497 4419 meum
1520 4366 1590 4418 ad
1607 4366 1813 4435 facien-

214 4455 307 4509 das
337 4473 513 4527 usque
546 4459 600 4508 in
623 4462 898 4521 aeternum,
926 4453 983 4507 id
1032 4456 1112 4507 est
1141 4468 1391 4522 semper,
1408 4453 1816 4523 justiﬁeationcs

1926 3218 2009 3265 tor
2045 3218 2094 3265 et
2118 3216 2386 3279 suspector
2407 3226 2554 3263 meus
2579 3227 2629 3263 es
2666 3214 2746 3263 tu.
2772 3210 3161 3281 Praeposterus
3190 3215 3353 3269 ordo.
3372 3216 3451 3269 Ac
3480 3217 3525 3271 si

1924 3301 2077 3356 dicat
2110 3317 2122 3354 :
2158 3300 2242 3353 Tu
2272 3317 2323 3353 es
2345 3306 2607 3370 susceptor
2620 3318 2784 3367 meus,
2812 3300 2871 3354 id
2898 3304 2983 3355 est
3002 3303 3260 3358 medicus
3289 3308 3524 3360 etcura-

1921 3393 2015 3444 tor
2044 3405 2226 3457 meus,
2254 3388 2486 3455 scilicet,
2514 3404 2645 3443 cum
2690 3388 2847 3461 prius
2877 3389 3081 3446 debilis
3117 3391 3382 3460 existens,
3417 3396 3523 3448 ini-

1919 3494 2048 3549 quos
2067 3478 2186 3531 odio
2205 3477 2281 3531 sic
2300 3494 2417 3532 non
2446 3477 2768 3546 habuerim,
2794 3485 2846 3532 et
2871 3479 3034 3548 legem
3065 3486 3216 3535 tuam
3244 3497 3361 3536 non
3389 3482 3526 3537 dile-

1918 3564 2420 3634 xerim,manendo
2435 3580 2644 3636 nempe
2658 3565 3079 3635 aliquantulum
3093 3567 3175 3621 eis
3186 3569 3523 3635 conformis,

1921 3660 1979 3707 tu
1993 3652 2308 3726 quicuncta
2326 3655 2488 3723 potes
2514 3660 2777 3722 susceptor
2804 3669 2950 3706 meus
2965 3653 3146 3708 factus
3175 3672 3246 3721 es,
3268 3657 3522 3711 curando

1920 3756 2017 3795 me
2055 3740 2125 3796 de
2155 3741 2262 3793 hac
2293 3739 2605 3806 debilitate,
2633 3757 2703 3793 ne
2735 3756 2832 3795 eos
2856 3740 3201 3812 inquantum
3232 3743 3369 3798 mali
3392 3750 3526 3800 sunt

1921 3828 2245 3900 diligerem,
2278 3830 2432 3882 etne
2460 3829 2652 3898 legem
2684 3831 2846 3882 tuam
2879 3829 3258 3901 negligerem,
3291 3835 3348 3886 et
3378 3841 3435 3885 tu
3465 3851 3521 3889 es

1919 3917 2137 3987 adjutor
2161 3931 2307 3973 meus
2329 3915 2401 3970 ad
2429 3917 2577 3970 bene
2609 3917 2993 3987 operandam,
3022 3922 3079 3973 et
3110 3918 3296 3990 ipsam
3327 3922 3518 3993 legem

1920 4006 2380 4062 custodiendum.
2405 4006 2469 4059 Et
2489 4005 2766 4077 quoniam
2787 4006 3006 4076 adjutor
3033 4025 3103 4075 es,
3137 4016 3187 4062 et
3231 4018 3521 4083 susceptor,

1921 4112 2028 4167 ego
2054 4111 2405 4166 promovens
2422 4110 2515 4147 me
2547 4096 2603 4148 in
2633 4094 2847 4149 verbum
2873 4102 3045 4163 tuum,
3079 4096 3138 4150 id
3164 4100 3250 4151 est
3279 4097 3338 4151 in
3372 4116 3519 4171 prte-

1918 4188 2147 4256 ceptum
2172 4187 2333 4238 tuum
2351 4184 2895 4255 complendum,per
2910 4184 3082 4255 ipsius
3099 4186 3255 4240 verbi
3269 4191 3519 4259 comple-

1916 4275 2158 4342 tionem,
2184 4276 2394 4345 speravi
2423 4273 2959 4329 remunerationem
3005 4274 3063 4328 in
3096 4276 3312 4342 futuro,
3345 4293 3520 4347 super

1918 4380 2093 4435 quam
2124 4363 2233 4418 dici
2260 4362 2437 4435 possit
2465 4364 2566 4416 aut
2613 4362 2878 4432 intelligi.
2912 4363 3010 4415 Vel
3040 4366 3424 4432 supersperavi,
3460 4365 3518 4420 id

1915 4456 2001 4505 est
2028 4451 2213 4523 magis
2242 4455 2298 4506 et
2323 4450 2510 4521 magis
2540 4449 2761 4521 speravi
2804 4449 2927 4502 heri
2959 4448 3115 4519 quod
3147 4451 3418 4519 multum,
3460 4457 3517 4508 et

215 4552 359 4613 tuas;
391 4549 449 4598 et
479 4545 587 4600 hoc
609 4549 830 4614 propter
874 4541 1275 4596 retributionem
1308 4544 1589 4596 aeternam
1630 4541 1813 4613 adipi-
1839 4539 1890 4597 D
1913 4541 2084 4595 hodie
2114 4540 2431 4611 magis.Vel
2463 4538 2562 4592 sic.
2598 4536 2922 4591 Extendens
2943 4553 3037 4592 me
3056 4539 3514 4598 consideratione

214 4632 516 4702 scendam;
538 4633 649 4687 hoc
679 4648 754 4685 no
767 4649 802 4685 n
831 4631 1108 4683 mutatur.

284 4720 497 4773 SAui-zcn
551 4719 702 4787 audi,
757 4717 871 4772 sive
924 4717 1325 4786 ﬁrmamentum
1378 4716 1808 4789 interpretatur.

215 4808 347 4871 Qua:
400 4807 679 4861 nimirum
727 4822 979 4876 congrue
1019 4805 1286 4860 clausula:
1320 4805 1560 4861 decimas
1593 4806 1811 4877 quintae

214 4895 425 4949 cunctis
454 4896 706 4950 versibus
752 4894 1103 4961 inscribitur,
1123 4897 1185 4948 ut
1206 4894 1277 4948 sit
1296 4893 1456 4966 quasi
1488 4893 1809 4948 exhortatio

215 4982 284 5039 ad
303 4984 598 5050 lectorem,
626 4986 909 5055 quatenus
935 5000 1003 5037 ea
1033 5000 1161 5054 qua:
1193 4981 1253 5037 in
1277 4983 1381 5036 hac
1426 4983 1676 5036 clausula
1707 4983 1808 5037 ha-

212 5074 437 5139 bentur,
452 5074 509 5127 et
524 5072 996 5143 superficietenus
1009 5070 1418 5142 intellectalegi
1438 5087 1599 5126 nova:
1619 5070 1812 5126 viden-

213 5165 303 5217 tur
332 5162 586 5228 adversa,
617 5177 733 5216 non
788 5160 1179 5231 perfunctorie
1213 5162 1271 5213 et
1312 5162 1679 5214 transeunter
1708 5176 1807 5213 au-

214 5242 441 5318 dienda,
477 5250 576 5304 sed
603 5252 825 5304 attento
858 5248 1060 5303 auditu
1110 5247 1321 5303 mentis
1350 5251 1407 5301 et
1435 5247 1807 5302 firmamento

214 5339 468 5396 rationis.
499 5339 594 5391 Est
612 5340 807 5391 autem
833 5338 941 5392 tale
973 5352 1035 5391 ac
1063 5335 1206 5390 sisic
1229 5336 1401 5407 plane
1439 5335 1654 5389 diceret
1684 5352 1697 5391 :
1728 5336 1809 5390 Tu

218 5430 538 5503 quicunque
556 5430 754 5501 legens
797 5429 904 5481 hoc
935 5431 1087 5500 quod
1123 5427 1248 5482 dico
1281 5444 1295 5482 :
1329 5426 1543 5498 Iniquos
1561 5427 1685 5482 odio
1716 5414 1812 5481 1ιά-

223 5520 324 5588 bui,
360 5527 406 5574 et
451 5518 613 5590 legem
667 5524 817 5572 tuam
862 5516 1049 5579 dilexi,
1075 5519 1210 5584 etc.,
1244 5516 1509 5588 quaedam
1543 5532 1671 5588 qua:
1720 5516 1814 5572 hic

221 5623 368 5700 pono
399 5624 528 5685 qua:
556 5606 823 5663 videntur
850 5605 963 5679 legi
995 5622 1154 5664 novae
1184 5604 1492 5674 contraria,
1518 5605 1626 5662 nisi
1658 5605 1806 5663 bene

1915 4627 2200 4682 mentisin
2223 4627 2661 4692 verbumtuum,
2691 4624 2749 4679 id
2776 4624 2933 4678 estin
2952 4626 3301 4696 promissum
3325 4634 3511 4701 tuum,

1910 4716 2269 4786 supersperavi
2278 4714 2338 4767 in
2352 4713 2474 4784 ipso
2488 4729 2592 4784 pro
2601 4712 2768 4767 misso
2786 4715 3314 4771 remunerationem
3325 4718 3513 4783 .Quod

1912 4808 1998 4858 est
2018 4803 2212 4857 'dicere
2244 4819 2258 4856 :
2294 4803 2565 4873 Exspecto
2598 4802 2976 4870 remunerari,
3004 4804 3319 4859 secundum
3351 4808 3510 4877 quod

1910 4896 1970 4947 tu
1993 4890 2325 4962 promisisti.
2355 4889 2737 4961 Supersperaci
2764 4890 2970 4944 eodem
3011 4892 3185 4945 modo
3218 4891 3310 4945 hic
3334 4909 3509 4963 expo-

1911 4981 2085 5048 nitur,
2119 4984 2181 5035 ut
2218 4979 2277 5033 in
2300 4979 2585 5034 sententia
2632 4978 2930 5050 superiori.
2966 4978 3117 5032 Facit
3147 4976 3340 5033 autem
3373 4997 3510 5052 apo-

1908 5070 2206 5142 stropham
2232 5069 2305 5123 ad
2334 5069 2487 5140 ipsos
2528 5068 2756 5140 iniquos
2783 5066 2900 5121 sic:
2934 5065 3439 5139 Quandoquidem,
3473 5087 3507 5126 o

1907 5159 2110 5231 iniqui,
2141 5176 2240 5214 vos
2277 5159 2396 5213 odio
2448 5158 2630 5224 habui,
2663 5161 2721 5212 et
2767 5156 2954 5211 adhuc
3010 5156 3218 5224 habeo,
3258 5164 3307 5211 et
3345 5158 3510 5229 legem

1909 5248 2010 5304 Dei
2034 5248 2215 5316 dilexi,
2231 5250 2288 5302 et
2318 5247 2501 5301 adhuc
2523 5245 2722 5315 diligo,
2746 5247 2805 5297 et
2825 5242 3104 5297 Dominus
3135 5248 3220 5299 est
3245 5254 3512 5318 susceptor

1908 5355 2054 5395 Meus
2081 5345 2130 5393 et
2159 5336 2374 5407 adjutor
2402 5350 2565 5400 meus,
2614 5333 2870 5386 declmate
2899 5350 2931 5385 a
2982 5349 3085 5400 me,
3118 5334 3362 5403 maligni,
3398 5336 3507 5390 sci-

1911 5429 2174 5496 licet,vos
2213 5423 2391 5494 iniqui
2414 5422 2666 5492 maligne
2693 5423 2950 5491 agentes,
2971 5425 3029 5476 et
3050 5421 3108 5475 in
3140 5438 3237 5476 vos
3258 5438 3512 5492 peccan-

1912 5517 2008 5585 do,
2029 5515 2165 5570 etin
2190 5529 2284 5568 me
2303 5511 2579 5565 devocare
2601 5508 2861 5579 nitendo,
2888 5509 3139 5565 desistite
3160 5526 3193 5565 a
3210 5526 3326 5579 me,
3342 5511 3402 5567 id
3421 5514 3512 5568 est.

1915 5604 1989 5665 ad
2017 5604 2125 5663 hoc
2155 5604 2218 5658 ut
2266 5616 2359 5660 me
2387 5599 2537 5657 ultra
2565 5598 2841 5669 devocare
2887 5597 3177 5681 nitamini,
3209 5599 3366 5679 quod
3399 5615 3511 5687 pro
