4016 6030
554 358 688 423 1293

1141 354 1199 421 S.
1236 353 1586 423 B‘RUNONIS
1628 352 2259 423 CARTHUSIANORUM
2297 356 2772 422 INSTITUTORIS
2814 363 2967 422 opp.
3009 354 3186 422 PARS
3215 368 3258 423 l.

3736 366 3865 420 4296

551 490 708 541 certo
730 486 1119 554 frustraest,et
1133 486 1290 541 vobis
1311 488 1531 542 occasio
1550 488 1720 558 justac
1734 487 2093 543 damnationi
2113 516 2150 560 υς
2185 492 2241 551 Α
2271 505 2361 542 res
2391 489 2677 543 humanas
2703 505 2819 543 non
2833 505 3053 556 curare,
3072 488 3305 560 quidam
3326 502 3462 542 vero
3491 486 3765 559 cogitent
3793 487 3870 539 dei

552 576 680 643 Vos,
714 575 974 647 inquam,
1007 575 1263 629 declinare
1317 592 1350 629 a
1404 578 1558 631 malo
1610 577 1906 648 proposito
1948 581 2159 641 vestro,

549 668 730 735 etego
746 680 865 718 non
891 663 1212 718 desistensa
1228 680 1359 718 meo
1382 665 1675 736 proposito
1699 666 2160 732 bono,scrutabm‘

551 754 986 825 perseveranter
1025 768 1156 807 cum
1210 752 1549 823 operatione
1596 753 1855 809 mandata
1891 754 1997 807 Dei
2024 756 2150 823 mei,

549 841 828 896 mandata
852 840 1066 896 scilicet
1086 841 1234 896 illius
1280 842 1377 913 qui
1404 846 1490 897 est
1518 844 1666 897 Deus
1693 859 1878 910 meus,
1912 844 2151 900 Creator

550 946 734 997 meus,
768 929 927 1001 cujus
955 930 1211 984 mandata
1259 931 1569 986 scrutanda
1598 935 1752 1000 sunt,
1787 948 1904 987 non
1964 933 2146 1005 negli-

547 1015 758 1087 genda.
788 1015 941 1071 Facit
960 1016 1135 1070 etiam
1161 1018 1574 1089 apostropham
1606 1017 1679 1072 ad
1710 1019 1893 1073 Deum
1925 1020 2146 1075 orando

548 1104 652 1159 sic:
678 1104 747 1158 Ut
765 1104 1043 1159 mandata
1060 1106 1161 1158 tua
1172 1105 1411 1160 scrutari
1426 1106 1646 1160 valeam
1667 1106 1911 1174 intense,
1926 1110 2145 1179 suscipe,

547 1192 815 1259 Domine,
843 1191 900 1246 id
925 1194 1013 1246 est
1054 1196 1174 1248 esto
1205 1198 1500 1264 susceptor
1521 1211 1703 1261 meus,
1732 1195 2009 1263 medicus,
2042 1196 2147 1250 sci-

543 1281 679 1336 licet
723 1283 782 1335 et
809 1283 1062 1348 curator,
1095 1282 1157 1334 ut
1205 1297 1371 1336 sanes
1400 1298 1495 1336 me
1547 1283 1619 1337 ab
1650 1282 1811 1337 omni
1854 1283 2148 1338 debilitate

544 1368 776 1436 mentis,
809 1368 1000 1423 dando
1031 1369 1366 1424 facultatem
1396 1370 1544 1425 bene
1590 1371 1889 1441 operandi.
1929 1371 2151 1444 Suscipe

542 1475 646 1526 me,
671 1456 931 1528 inquam,
960 1459 1019 1511 et
1066 1457 1174 1512 hoc
1203 1456 1293 1511 fac
1340 1458 1631 1513 secundum
1681 1460 1945 1531 eloquium
1978 1468 2146 1530 tuum,

542 1545 604 1599 id
635 1548 721 1600 est
769 1544 1089 1599 secundum
1134 1545 1491 1616 promissum
1544 1551 1731 1618 tuum,
1764 1547 1979 1603 scilicet
2007 1549 2150 1604 sicut

544 1631 857 1706 promisisti
871 1632 1025 1705 quod
1044 1633 1307 1688 fidelibus
1319 1634 1428 1688 tuis
1444 1637 1887 1706 patrocinareris
1897 1654 2145 1710 semper,

545 1721 741 1775 dicens
766 1737 779 1776 :
809 1742 837 1771 «
868 1721 1009 1775 Ecce
1037 1736 1144 1792 ego
1178 1721 1469 1777 vobiscum
1496 1740 1621 1778 sum
1655 1725 1925 1779 omnibus
1950 1725 2149 1780 diebus

2267 577 2722 632 miscricordiam
2752 594 2845 632 om
2856 577 2948 631 nia
2962 576 3251 643 omnibus,
3265 575 3367 630 etsi
3388 592 3506 629 non
3525 575 3870 645 pmniteant,

2260 664 2580 735 indulgere,
2613 666 2848 737 quidam
2898 669 3091 719 autem
3140 666 3361 718 bonum
3419 680 3543 717 esse
3576 663 3873 733 cogitenla

2255 754 2555 826 praeceptis
2581 754 2681 809 Dei
2703 754 3016 808 discedere.
3051 754 3129 807 Ne
3155 752 3282 824 quis
3308 768 3447 823 ergo
3480 754 3726 824 putaret
3756 751 3872 805 illos

2251 843 2481 895 tantum
2504 858 2624 897 esse
2653 841 2971 896 discedentes
2996 857 3030 894 a
3071 838 3308 911 justitiis
3334 838 3587 905 Domini,
3613 838 3719 910 qui
3743 844 3871 891 sunt

2251 930 2341 983 vel
2388 930 2590 995 Judaei,
2623 930 2711 984 vel
2763 929 3028 999 gentiles,
3066 929 3153 982 vel
3202 927 3481 1015 haeretici,
3515 926 3868 981 Christianos

2252 1021 2447 1072 autem
2476 1018 2718 1074 falsoset
2743 1020 3047 1089 peccantes
3076 1015 3458 1071 criminaliter
3481 1018 3723 1086 putaret
3753 1030 3866 1068 non

2250 1105 2595 1174 discedentes,
2620 1106 2873 1161 ostendit
2907 1122 3109 1161 omnes
3148 1107 3456 1178 peccantes
3487 1103 3869 1158 criminaliter

2251 1211 2370 1249 esse
2403 1195 2865 1264 prievaricantes,
2898 1194 3016 1247 sic:
3051 1192 3320 1265 Spernes,
3354 1193 3619 1264 inquam,
3656 1207 3866 1246 omnes

2251 1298 2285 1336 a
2306 1282 2538 1352 justitiis
2559 1282 2668 1337 tuis
2699 1282 3074 1338 discedentes.
3108 1282 3188 1336 Ne
3207 1281 3334 1354 quis
3360 1283 3559 1335 autem
3592 1278 3867 1334 Christia-

2252 1386 2358 1424 nus
2380 1371 2617 1426 nomine
2638 1370 3018 1425 criminaliter
3038 1386 3281 1441 peccans
3303 1368 3362 1423 in
3376 1369 3485 1424 hoc
3500 1386 3559 1423 se
3581 1370 3788 1440 palpet
3810 1371 3866 1421 ut

2250 1456 2317 1511 se
2340 1457 2843 1529 praevaricatorem
2861 1474 2983 1513 esse
3006 1474 3124 1512 non
3147 1459 3397 1527 reputet,
3430 1458 3657 1510 certum
3680 1454 3866 1510 omni-

2251 1546 2357 1600 bus
2376 1546 2447 1600 sit
2475 1547 2630 1618 quod
2645 1548 3067 1617 praevaricantcs
3102 1562 3224 1600 esse
3266 1547 3516 1616 reputavi
3536 1560 3721 1599 omnes
3739 1558 3862 1614 pec-

2248 1641 2446 1687 catores
2475 1642 2650 1702 terrm,
2680 1634 2738 1689 id
2783 1638 2868 1689 est
2897 1651 3100 1690 omnes
3127 1636 3428 1707 peccantes
3456 1632 3862 1696 criminaliter,

2249 1723 2345 1794 qui
2372 1740 2504 1777 cum
2534 1723 2838 1777 imisintin
2862 1723 3011 1777 vitiis
3043 1721 3351 1790 etsordidi,
3382 1724 3538 1776 terra
3560 1720 3859 1781 dicuntur,

542 1826 722 1882 usque
737 1809 807 1864 ad
822 1809 1385 1864 consummationem
1402 1811 2144 1885 smculi(tllatth.xxvm,29)»
2171 1812 2221 1870 B
2247 1827 2363 1866 non
2391 1812 2549 1865 caeli:
2585 1814 2836 1883 reputavi
2854 1828 2962 1881 ego
2982 1814 3040 1865 et
3066 1814 3271 1883 reputo
3296 1827 3416 1864 esse
3430 1810 3863 1880 praevaricanles

543 1899 613 1955 Et
635 1897 770 1954 alibi
801 1914 814 1952 :
847 1920 875 1947 ‹‹
900 1898 1025 1953 Non
1054 1915 1152 1954 vos
1177 1897 1504 1971 relinquam
1533 1901 1824 1971 orphanos
1842 1901 2145 1973 (Joan.x1v,

545 1987 650 2058 18).
685 2007 713 2036 »
751 1985 994 2057 Suscipe,
1019 1985 1282 2058 inquam,
1315 1990 1377 2041 et
1404 1987 1449 2041 si
1480 1988 1784 2060 susciperis
1827 1990 1938 2058 hic,
1967 1993 2165 2046 cz‘vam.

539 2074 829 2132 secundum
859 2074 1123 2146 elequium
1145 2081 1314 2142 tuum,
1344 2078 1404 2129 et
1433 2075 1492 2129 in
1518 2075 1712 2131 futuro
1744 2080 1965 2133 aeterna
1995 2080 2141 2148 vita;

540 2168 602 2219 et
630 2162 708 2218 sic
727 2180 834 2218 non
862 2163 1161 2233 confundas
1187 2180 1288 2231 me,
1317 2162 1379 2217 id
1410 2167 1495 2219 est
1532 2181 1649 2219 non
1682 2166 1982 2237 permittes
2006 2184 2143 2222 con-

539 2252 707 2308 fundi
736 2268 831 2307 me
858 2250 1174 2306 alienatum
1216 2252 1282 2305 ab
1325 2254 1711 2324 exspectatione
1745 2271 1884 2323 mea,
1914 2255 1975 2310 id
2005 2259 2089 2310 est
2114 2273 2148 2310 a

538 2341 656 2396 vita
684 2343 905 2395 aeterna
933 2356 1109 2412 quam
1137 2342 1421 2412 exspecto.
1443 2340 1690 2396 Maxima
1715 2358 1968 2415 namque
2001 2348 2146 2398 esset

538 2429 684 2485 mihi
714 2427 995 2495 confusio,
1029 2427 1073 2481 si
1130 2428 1287 2499 quod
1324 2433 1588 2502 exspecto
1620 2433 1793 2499 tanto
1838 2431 2142 2500 desiderio,

542 2517 783 2573 tandem
810 2532 927 2571 non
962 2515 1332 2586 attingerem.
1366 2517 1463 2571 Vel
1511 2517 1588 2571 sic
1613 2535 1630 2570 :
1656 2517 1875 2589 Suscipe
1910 2536 2012 2587 me,
2040 2522 2145 2575 Do-

539 2605 720 2673 mine,
752 2603 811 2658 id
853 2607 938 2658 est
992 2603 1356 2675 patrocinare
1414 2603 1578 2671 mihi,
1627 2605 1981 2662 instituendo
2039 2624 2140 2677 me,

536 2692 825 2748 secundum
867 2691 1132 2763 eloquium
1161 2698 1329 2762 tuum,
1362 2691 1419 2746 id
1463 2696 1550 2746 est
1580 2694 1897 2749 secundum
1928 2710 2141 2765 prince-

533 2786 700 2854 ptum
732 2785 916 2835 tuum.
938 2779 1103 2844 Quod
1121 2782 1207 2834 est
1229 2781 1419 2835 dicere
1447 2797 1460 2834 :
1497 2780 1587 2835 Sic
1609 2781 1749 2836 mibi
1777 2784 2141 2855 patrocinare

536 2875 600 2925 ut
624 2870 797 2925 facias
816 2885 911 2923 me
924 2868 1268 2923 mandatum
1282 2872 1447 2923 tuum
1468 2870 1792 2940 observare;
1812 2873 1951 2937 et,te
1968 2872 2139 2927 susci-

524 2958 729 3032 piente
762 2975 878 3026 me,
906 2958 1090 3012 vivam
1112 2957 1171 3011 in
1204 2958 1328 3029 ipso
1361 2958 1611 3030 eloquio,
1640 2958 1700 3013 id
1721 2964 1807 3014 est
1835 2962 2138 3031 complebo

531 3047 722 3120 ipsum
752 3045 1067 3118 eloquium,
1092 3046 1248 3117 quod
1278 3046 1388 3100 erit
1409 3046 1551 3100 mihi
1578 3047 1713 3105 vita.
1735 3048 1859 3102 Non
1880 3049 2040 3103 enim
2057 3049 2138 3103 vi-

531 3152 729 3191 verem
770 3134 878 3189 nisi
906 3137 962 3189 te
987 3133 1358 3206 suscipiente;
1392 3138 1449 3189 et
1480 3134 1558 3189 sic
1588 3134 1930 3206 suscipiente
1976 3141 2053 3205 te,
2083 3142 2156 3205 et

530 3224 757 3279 vivente
780 3239 900 3289 me,
922 3239 1027 3275 non
1046 3223 1348 3292 con/undas
1371 3238 1475 3290 me,
1508 3223 1566 3277 id
1593 3226 1679 3277 est
1697 3218 1811 3279 non
1837 3227 2139 3297 permittas

518 3311 807 3366 confundi
835 3327 951 3379 me,
982 3311 1297 3365 alienatum
1343 3311 1415 3365 ab
1446 3314 1827 3382 exspectatione
1865 3330 2002 3372 mea.
2035 3316 2137 3369 Ex-

531 3403 728 3470 specto
761 3398 917 3452 enim
968 3414 1002 3451 a
1032 3401 1089 3451 te
1121 3396 1348 3470 suscipi,
1375 3402 1433 3452 et
1476 3399 1554 3453 sic
1605 3399 1789 3454 vivere
1822 3404 2139 3458 secundum

531 3485 965 3558 promotionem
984 3487 1042 3539 et
1068 3487 1587 3557 perseverantiam:
1615 3490 1671 3541 et
1689 3488 1732 3542 si
1750 3489 1860 3544 hoc
1888 3508 2004 3545 non
2024 3493 2142 3545 adi-

534 3575 806 3648 piscerer,
839 3576 897 3629 et
916 3574 1326 3642 confunderer,
1359 3574 1417 3630 id
1457 3579 1543 3630 est
1573 3577 1974 3633 erubescerem
2004 3579 2139 3635 inde

531 3664 686 3737 apud
713 3680 808 3719 me
841 3665 898 3717 et
926 3661 1318 3717 contristarer.

606 3752 751 3817 Quia
779 3751 1023 3807 dicendo
1049 3754 1248 3822 suscipe
1272 3768 1388 3819 me,
1416 3754 1595 3808 solam
1617 3755 1864 3826 gratiam
1898 3757 2018 3825 Dei,
2045 3758 2139 3812 de-

530 3843 849 3908 notaverat,
873 3840 1114 3895 denotat
1143 3856 1371 3912 quoque
1401 3840 1648 3896 liberum
1674 3844 2137 3913 arbitrium,cum

532 3930 611 3985 sic
639 3928 820 3991 addit,
850 3927 962 3987 dixi
998 3947 1010 3983 :
1042 3927 1283 3999 Suscipe.
1316 3928 1440 3983 Non
1473 3934 1669 3985 autem
1695 3930 1771 3985 sic
1802 3949 1904 3988 oro
1930 3935 2135 4006 suscipi

531 4022 595 4071 ut
622 4016 786 4088 piger
815 4016 946 4083 sim,
993 4019 1050 4069 et
1098 4032 1165 4069 ex
1194 4032 1287 4070 me
1319 4015 1400 4070 nil
1429 4032 1622 4087 agam.
1657 4016 1769 4073 Sed
1799 4020 1997 4092 adjuva
2031 4038 2133 4089 me,

531 4104 800 4169 Domine,
821 4103 880 4156 id
910 4107 996 4157 est
1022 4119 1153 4157 cum
1184 4120 1292 4174 ego
1321 4120 1389 4158 ex
1415 4105 1595 4160 libero
1623 4106 1860 4161 arbitrio
1894 4126 1997 4180 per
2041 4127 2135 4164 me

533 4191 706 4258 nitar,
720 4194 803 4259 tu,
820 4190 909 4261 adi
919 4206 1027 4244 uva
1051 4190 1238 4261 ipsum
1260 4191 1505 4246 liberum
1526 4193 1824 4249 arbitrium
1843 4212 1907 4249 ex
1925 4199 2132 4267 gratia,

530 4280 588 4336 id
608 4283 693 4335 est
718 4295 1028 4351 cooperare
1052 4294 1278 4333 mecum
1302 4296 1315 4347 ;
1341 4282 1398 4333 et
1418 4283 1475 4334 te
1498 4281 1589 4351 adj
1601 4285 1805 4337 uvante
1822 4284 2004 4339 salvus
2023 4304 2131 4354 ero,

2239 1899 2394 1970 justa
2425 1904 2716 1970 praecepta
2748 1903 2865 1967 tua,
2896 1900 2953 1953 id
3009 1901 3096 1953 est
3149 1899 3661 1970 transgredientes.
3698 1898 3859 1952 Idem

2246 1991 2441 2043 autem
2470 1992 2555 2043 est
2585 1989 2878 2043 discedere
2908 2005 2943 2042 a
2967 1988 3269 2060 praeceptis
3294 1987 3392 2042 Dei
3419 1990 3477 2041 et
3501 2003 3571 2041 ea
3591 1988 3870 2059 praevari-

2245 2075 2514 2130 cari.1deo
2527 2093 2649 2146 ergo
2672 2076 2806 2148 quia
2830 2080 3176 2147 spernentur
3205 2093 3238 2131 a
3279 2079 3333 2129 te
3353 2090 3530 2130 omnes
3564 2093 3597 2129 a
3613 2077 3870 2144 justitiis

2249 2166 2352 2217 tuis
2395 2164 2726 2235 discedentes,
2762 2181 2834 2218 ne
2881 2168 2939 2218 et
2969 2181 3077 2235 ego
3109 2180 3350 2236 spernar
3381 2179 3497 2218 non
3546 2163 3789 2218 discessi
3835 2179 3870 2215 a

2237 2251 2475 2322 justitiis
2504 2252 2635 2319 tuis,
2662 2252 2762 2306 sed
2806 2252 2981 2307 dilexi
3023 2254 3318 2307 testimonia
3354 2258 3467 2318 tua,
3502 2250 3560 2305 in
3592 2256 3680 2306 est
3712 2269 3867 2323 pra:-

2246 2343 2413 2411 cepta
2432 2343 2549 2407 tua,
2580 2356 2697 2394 non
2722 2340 3048 2411 spernendo
3067 2356 3154 2395 ea.
3176 2341 3248 2395 Ut
3271 2342 3465 2394 autem
3481 2356 3552 2394 ea
3570 2340 3865 2394 intensius

2247 2428 2725 2499 diligam,con/ige
2754 2431 2940 2484 timore
2970 2435 3059 2483 tuo
3090 2432 3244 2483 casto
3289 2446 3471 2483 carnes
3499 2443 3660 2493 meas,
3684 2427 3747 2481 id
3776 2433 3862 2481 est

2244 2515 2495 2571 immitte
2523 2517 2794 2571 timorem
2828 2519 2989 2571 tuum
3017 2521 3237 2571 castum
3270 2517 3539 2572 carnibus
3558 2516 3730 2582 meis,
3756 2532 3862 2586 per

2245 2620 2419 2675 quem
2434 2621 2529 2658 eas
2540 2605 2816 2675 conligas,
2833 2604 2890 2657 id
2915 2609 3001 2659 est
3027 2604 3109 2660 ita
3130 2604 3232 2659 tibi
3255 2606 3579 2676 conjungas
3599 2608 3656 2658 et
3676 2605 3857 2673 sul-ji-

2243 2693 2380 2760 cias,
2404 2695 2467 2746 ut
2497 2709 2530 2747 a
2559 2696 2613 2746 te
2647 2696 2943 2764 nequeant
2970 2693 3136 2748 avelli
3156 2711 3260 2765 per
3283 2695 3505 2765 aliquas
3529 2692 3851 2762 suggestio-

2243 2797 2364 2847 nes,
2396 2797 2431 2834 a
2458 2780 2835 2836 similitudine
2858 2781 3034 2849 illius,
3056 2781 3176 2853 qui,
3200 2780 3403 2852 parieti
3438 2781 3525 2834 vel
3546 2780 3706 2851 ligno
3739 2780 3854 2833 cui-

2242 2869 2383 2923 libet
2413 2869 2636 2940 aflixus,
2686 2886 2807 2925 sese
2857 2887 3091 2925 movere
3148 2886 3269 2924 non
3322 2872 3531 2941 potest.
3566 2868 3692 2923 Non
3725 2868 3854 2921 ideo

2242 2956 2381 3011 dicit
2406 2958 2608 3027 con/ige
2657 2961 2844 3013 timore
2881 2965 2972 3011 tuo
3007 2976 3195 3011 cames
3238 2974 3401 3025 meas,
3430 2956 3585 3028 quod
3617 2972 3754 3010 caro
3786 2956 3854 3008 ti-

2241 3061 2400 3100 mere
2448 3048 2653 3113 valeat,
2688 3063 2817 3101 cum
2847 3047 3026 3101 timor
3056 3047 3246 3101 omnis
3301 3046 3373 3100 sit
3402 3046 3458 3100 in
3490 3045 3708 3099 anima.
3744 3043 3856 3097 Sed

2242 3133 2393 3187 idem
2424 3139 2509 3189 est
2542 3151 2605 3189 ac
2630 3136 2672 3188 si
2703 3135 2782 3189 sic
2814 3135 2965 3189 dicat
2996 3152 3008 3188 :
3045 3135 3189 3189 Cum
3208 3134 3406 3189 anima
3433 3149 3564 3187 mea
3594 3133 3700 3187 tibi
3724 3148 3859 3186 con-

2238 3223 2351 3276 fixa
2375 3222 2448 3276 sit
2469 3224 2787 3278 secundum
2801 3223 2910 3277 vim
2944 3223 3379 3294 fationabilem,
3403 3239 3474 3276 ne
3507 3239 3539 3275 a
3566 3223 3623 3274 te
3649 3236 3855 3273 secun-

2240 3310 2379 3364 dum
2402 3312 2660 3365 carnales
2689 3311 3088 3365 sensualitates
3115 3310 3408 3378 dissideat,
3430 3310 3631 3378 conlige
3662 3312 3853 3364 timore

2241 3405 2331 3451 tuo
2355 3416 2540 3455 carnes
2557 3416 2716 3465 meas,
2745 3400 2802 3454 id
2837 3403 2923 3453 est
2959 3400 3218 3454 carnales
3248 3399 3644 3453 sensualitates
3666 3414 3850 3452 meas.

2245 3486 2409 3551 Quod
2434 3490 2520 3541 est
2546 3488 2768 3542 dicere:
2802 3485 3022 3555 Conﬁge
3034 3490 3222 3543 timore
3236 3492 3325 3543 luo
3349 3487 3602 3541 animam
3627 3501 3848 3547 meam,

2238 3576 2555 3630 secundum
2588 3577 2845 3631 carnales
2896 3576 3295 3631 sensualitates
3346 3591 3527 3642 meas,
3560 3573 3617 3628 id
3663 3577 3751 3628 est
3776 3573 3850 3626 sic

2239 3663 2338 3717 tibi
2361 3664 2619 3718 animam
2641 3681 2835 3719 meam
2856 3665 3142 3736 conjunge
3158 3668 3216 3717 et
3239 3664 3417 3718 subde
3445 3665 3507 3717 ut
3530 3661 3845 3716 secundum

2240 3753 2459 3807 nullam
2477 3754 2771 3807 carnalem
2793 3753 3223 3808 sensualitatem
3247 3752 3349 3806 tibi
3372 3754 3681 3823 repugnet,
3703 3751 3847 3804 scili-

2235 3844 2326 3894 cet
2348 3844 2408 3894 ut
2428 3843 2484 3894 te
2509 3841 2648 3909 visu,
2667 3842 2754 3895 vel
2782 3841 3003 3907 auditu,
3034 3841 3118 3894 vel
3165 3839 3423 3911 quolibet
3448 3839 3561 3893 alio
3590 3839 3844 3909 corporis

2235 3946 2401 3984 sensu
2436 3930 2817 3985 criminaliter
2831 3947 2947 3985 non
2974 3929 3250 3985 offendat.
3272 3929 3405 3984 Ideo
3432 3944 3570 3985 vero
3591 3944 3695 3983 oro
3712 3944 3844 3983 con-

2235 4018 2335 4089 ﬁgi
2364 4019 2574 4074 timore
2606 4023 2702 4074 tuo
2740 4020 2999 4074 carnales
3018 4018 3412 4073 sensualitates
3435 4034 3614 4084 meas;
3640 4036 3672 4069 α
3690 4016 3841 4087 [udi-

2242 4110 2340 4162 ciis
2377 4109 2517 4162 enim
2567 4111 2672 4162 tuis
2721 4110 2877 4164 timui
2904 4107 3188 4174 excidere,
3220 4107 3277 4161 id
3309 4111 3393 4161 est
3425 4106 3560 4177 quia
3590 4106 3755 4160 timui
3786 4110 3839 4160 et

2235 4196 2422 4250 adhuc
2437 4196 2612 4252 timeo
2627 4214 2731 4267 per
2751 4199 3009 4252 carnales
3033 4195 3435 4250 sensualitates
3454 4211 3615 4249 meas
3627 4194 3844 4250 excide-

2234 4300 2297 4339 re
2329 4301 2363 4339 a
2393 4284 2686 4340 mandatis
2719 4286 2843 4354 tuis,
2874 4285 2932 4339 id
2968 4288 3054 4339 est
3083 4302 3116 4338 a
3140 4284 3400 4339 custodia
3425 4284 3833 4338 mandatorum

528 4367 952 4442 perseverando
1012 4367 1069 4421 in
1103 4370 1389 4439 praecepto
1436 4371 1570 4437 tuo;
1603 4371 1686 4423 vel
1726 4372 1905 4427 saluus
1957 4391 2044 4428 ero
2074 4375 2131 4429 in
2156 4343 2207 4402 D
2234 4375 2488 4428 tuorum.

533 4458 727 4511 futuro
763 4460 983 4511 aeterna
1012 4456 1346 4511 salvatione.
1383 4457 1450 4511 Et
1471 4456 1513 4510 si
1540 4457 1823 4528 adjuveris
1844 4461 1951 4515 hoc
1980 4464 2133 4533 quod

524 4545 869 4616 justiticatus
890 4561 1010 4612 ero,
1037 4545 1095 4599 in
1127 4544 1429 4617 praeceptis
1466 4545 1986 4617 tuispersistendo,
2016 4568 2130 4607 non

532 4632 675 4687 mihi
697 4633 1005 4686 ascribam:
1032 4648 1260 4702 semper
1278 4634 1571 4689 meditabor
1595 4637 1657 4691 in
1683 4636 1768 4691 liis
1779 4638 2133 4712 jnsti/icatin-

527 4720 684 4774 nibus
703 4722 806 4773 tuis
825 4719 1124 4790 reputatis,
1146 4720 1359 4775 scilicet
1376 4722 1433 4776 in
1455 4722 1562 4777 hoc
1586 4725 1908 4782 meditabor

531 4824 748 4878 semper,
784 4809 845 4861 ut
890 4807 994 4861 has
1022 4806 1459 4877 justificationes
1490 4827 1607 4865 non
1654 4814 1794 4868 mihi
1829 4816 2132 4878 ascribam,

528 4897 627 4951 sed
650 4900 777 4951 tuas
807 4912 927 4950 esse
954 4898 1240 4967 reputem.
1265 4897 1397 4951 Ideo
1413 4915 1547 4953 vero
1571 4916 1672 4955 oro
1692 4906 1995 4976 tantOpere
2021 4923 2134 4959 sus-

526 4985 639 5056 cipi
667 4989 725 5040 et
745 4983 999 5056 adjuvari
1032 5001 1065 5038 a
1096 4987 1175 5052 te,
1210 4985 1282 5039 ad
1308 4989 1793 5056 perseverandum
1814 4991 1870 5045 in
1894 4993 2133 5062 justitiis

529 5072 803 5144 tuis,quia
821 5075 1085 5145 sprevisti,
1107 5072 1158 5127 id
1195 5075 1281 5127 est
1295 5089 1530 5144 spernes
1550 5076 1867 5132 discedentes
1905 5099 1936 5133 (ι
1961 5082 2128 5150 justi-

539 5163 625 5214 tiis
657 5162 780 5227 tuis,
812 5160 872 5213 id
921 5162 1005 5213 est
1056 5176 1090 5214 a
1118 5158 1288 5230 justis
1318 5162 1619 5234 praeceptis
1673 5166 1803 5219 tuis.
1839 5166 2003 5230 Quod
2046 5172 2130 5224 est

529 5248 721 5303 dicere
742 5265 756 5302 :
781 5248 913 5303 Ideo
933 5263 1036 5303 oro
1052 5247 1109 5302 in
1130 5249 1430 5319 praeceptis
1447 5250 1553 5305 tuis
1563 5252 1730 5322 justis
1742 5269 2126 5324 perseverare,

537 5355 611 5392 ne
637 5355 731 5392 me
754 5353 1011 5409 spernas,
1052 5336 1197 5391 sicut
1214 5337 1571 5394 discedentes
1591 5357 1624 5394 a
1643 5340 1811 5411 justis
1830 5347 2129 5416 praeceptis

530 5426 644 5480 tuis
669 5441 927 5496 spernas,
960 5428 1019 5479 et
1048 5425 1139 5479 hic
1177 5427 1538 5495 exemcando,
1574 5432 1631 5482 et
1660 5429 1717 5483 in
1757 5430 1951 5487 futuro
1973 5434 2128 5503 juste

516 5513 852 5586 puniendo.
871 5514 939 5568 Et
956 5512 1164 5568 merito
1183 5513 1418 5585 quidem
1436 5532 1534 5570 eos
1554 5532 1809 5588 spernas,
1827 5523 1954 5591 quia
1984 5524 2127 5593 inju-

535 5606 617 5661 δια
648 5603 734 5658 est
762 5603 1009 5681 cogitatio
1026 5614 1229 5658 eorum.
1253 5601 1396 5659 Cum
1418 5602 1653 5678 quidam
1679 5607 1936 5678 cogitent
1962 5611 2145 5671 Deum

2304 4464 2414 4517 Am
2434 4462 2619 4518 oculus
2638 4462 3066 4535 interpretatus.
3098 4463 3206 4517 Per
3230 4462 3388 4534 cujus
3412 4461 3843 4535 inscriptionem

2236 4550 2500 4606 innuitur
2527 4552 2683 4623 quod
2715 4553 2913 4606 lideles
2941 4552 3032 4605 hic
3074 4556 3311 4622 agentes
3348 4552 3579 4606 oculum
3628 4551 3845 4604 habent

2236 4643 2403 4694 rectm
2426 4640 2681 4707 rationis,
2703 4641 2844 4694 sicut
2872 4640 2930 4693 in
2958 4640 3244 4710 principio
3271 4641 3535 4694 clausulae
3568 4643 3749 4711 patet,
3786 4639 3843 4693 in

2235 4744 2348 4798 quo
2379 4729 2480 4799 ipsi
2520 4729 2718 4783 fideles
2756 4728 2956 4782 dicunt
3008 4745 3067 4781 se
3114 4728 3396 4797 judicium
3456 4734 3514 4782 et
3554 4728 3845 4798 justitiam

2234 4815 2453 4869 fecisse.
2473 4816 2577 4880 Qui
2604 4817 2778 4871 etiam
2803 4820 2932 4887 post
2962 4816 3203 4870 modum
3237 4817 3292 4870 in
3327 4818 3434 4871 hoc
3461 4816 3666 4871 eadem
3689 4817 3841 4870 clau-

2234 4904 2355 4957 sula
2377 4908 2545 4959 orant
2566 4910 2625 4959 ut
2643 4908 2790 4960 Deus
2810 4905 2890 4959 eis
2906 4906 3057 4958 hunc
3074 4908 3303 4960 oculum
3325 4908 3643 4967 conservet,
3663 4904 3840 4958 susci-

2234 4992 2447 5062 piendo
2469 5010 2565 5048 eos
2584 4993 2639 5047 in
2658 4994 2899 5062 bonum,
2923 5012 2996 5049 ne
3020 4994 3230 5049 Judaeis
3254 4995 3336 5048 eis
3359 4992 3849 5049 calumniantibus

2232 5082 2584 5135 conformati
2614 5087 2992 5137 exczecentur.
3019 5083 3361 5153 Adjungunt
3389 5098 3616 5154 quoque
3646 5097 3848 5135 causas

2231 5170 2329 5241 plu
2343 5186 2454 5239 res,
2472 5170 2677 5242 quibus
2699 5170 3089 5241 adipiscantur
3108 5171 3261 5242 quod
3278 5175 3471 5226 orant.
3495 5171 3625 5225 Haec
3644 5173 3844 5225 autem

2229 5258 2427 5312 omnia
2456 5276 2525 5312 ea
2554 5260 2877 5314 intentione
2910 5260 3107 5313 dicunt
3137 5264 3198 5313 ut
3257 5259 3549 5314 auditores
3578 5259 3650 5313 ad
3683 5259 3842 5312 hunc

2229 5348 2509 5401 eumdem
2539 5349 2767 5402 oculum
2818 5347 3251 5415 liabendum,et
3274 5351 3579 5419 postquam
3622 5346 3846 5403 habue-

2246 5435 2386 5501 rint,
2414 5453 2486 5490 ne
2511 5437 2805 5504 amittant,
2833 5436 2905 5490 ad
2938 5436 3223 5490 orandum
3257 5436 3520 5491 invitent.

2314 5523 2449 5579 Feci
2468 5526 2742 5595 judicium
2790 5532 2841 5580 et
2880 5526 3176 5596 justitiam,
3216 5529 3326 5579 etc.
3374 5523 3539 5589 Quod
3592 5525 3674 5579 ita
3714 5541 3850 5580 eum

2230 5614 2629 5688 superioribus
2653 5614 3001 5693 adaptatur:
3028 5614 3174 5683 Dixi,
3206 5612 3651 5688 Domine,quod
3680 5612 3853 5675 ditari
