4016 6030
170 263 336 330 1297
1156 267 1512 328 EXPOSlTlO
1549 267 1620 328 lN
1657 262 1990 328 PSALMOS.
2010 297 2084 312 --
2121 266 2314 326 PSAL.
2358 265 2561 327 CXVIII
3385 269 3520 334 i298

168 398 504 456 testimonia
533 406 649 469 tua,
677 400 892 456 etcum
923 415 994 456 ea
1012 399 1338 468 dilexerim,
1377 400 1487 472 feci
1511 398 1569 455 in
1601 415 1695 456 me
1713 399 1810 472 ju-
1833 401 1889 462 Α
1909 396 2008 468 ris,
2036 397 2125 455 fac
2157 415 2253 454 me
2284 416 2401 455 non
2445 399 2555 457 hoc
2591 397 2734 455 mihi
2770 398 3089 470 ascribere;
3132 398 3235 459 sed
3278 399 3404 460 doce
3430 420 3521 461 me

165 490 404 545 dicium
429 487 683 561 ipsorum
715 488 1204 558 testimoniorum,
1231 489 1290 544 id
1312 492 1398 544 est
1431 487 1651 562 inspexi
1683 505 1813 544 ocu-
1911 487 2170 544 interiori
2191 487 2616 546 illuminatione
2651 489 2755 544 has
2773 488 3188 562 justi/icatioues
3219 496 3340 547 tuas
3372 509 3520 561 esse,

170 580 240 634 lo
274 579 529 635 rationis
560 595 726 646 meae,
754 581 813 633 et
839 578 1146 650 dijudicavi
1172 579 1469 651 quomodo
1519 581 1811 649 prmeepta
1911 593 2030 631 non
2047 593 2113 630 ex
2133 593 2247 630 me.
2272 577 2394 632 Non
2417 578 2605 632 solum
2617 580 2813 632 autem
2827 594 2929 633 oro
2946 581 3008 633 ut
3027 579 3204 634 facias
3231 597 3349 635 cum
3371 597 3520 635 servo

173 663 293 721 tua.
323 666 443 722 sint
471 665 850 738 intelligenda
875 669 933 721 et
959 667 1336 722 observanda.
1371 667 1438 720 Et
1477 666 1628 722 facto
1653 665 1808 737 judi-
1913 671 2001 719 tuo
2031 665 2348 720 secundum
2370 664 2980 738 cooperationem,sed
2996 669 3058 722 ut
3074 667 3259 738 magis
3281 667 3522 726 idoneus

172 754 304 821 cio,
339 755 453 824 feci
479 755 755 825 justitiam
814 755 1159 810 eorumdem
1211 753 1704 820 testimoniorum,
1755 752 1811 807 id
1910 752 2016 806 sim
2049 769 2179 807 cum
2206 770 2320 824 quo
2351 751 2700 825 c00pereris,
2733 753 2802 806 da
2834 755 2970 806 mihi
2989 754 3310 808 intellectum
3328 755 3520 812 inten-

173 845 276 897 est
309 843 468 913 juste
508 841 761 898 intellexi
818 846 875 898 et
913 860 1087 916 opere
1131 825 1637 914 complevi
1669 858 1812 914 pras-
1911 841 2024 895 sius
2056 849 2113 894 ut
2146 841 2330 914 magis
2361 843 2546 904 sciam,
2581 841 2640 896 id
2689 844 2776 896 est
2825 841 3151 914 intelligam
3201 845 3522 913 testimonia,

175 932 369 1001 cepta
399 932 514 984 tua.
547 930 833 986 Judieium
860 931 1073 1004 quippe
1099 930 1305 985 dicitur
1335 930 1456 1002 ipsa
1487 930 1678 1002 prima
1709 929 1808 984 de-
1913 930 1970 985 id
2015 932 2100 984 est
2142 934 2432 1002 praecepta
2487 937 2612 996 tua;
2645 929 2862 986 scilicet
2910 932 2972 988 ut
3014 930 3192 987 sciam
3224 933 3520 1004 quomodo

176 1016 466 1074 liberatio
519 1018 879 1092 intelligendi
927 1022 986 1074 et
1033 1019 1180 1074 bene
1238 1018 1537 1090 cperandi.
1589 1016 1814 1071 Justitia
1911 1021 2199 1090 praecepta
2237 1021 2332 1072 tua
2361 1018 2736 1090 intelligenda
2761 1019 2878 1073 sint
2907 1021 2965 1074 et
3011 1021 3394 1094 exsequenda.
3431 1020 3524 1076 Di-

178 1123 334 1163 vero
364 1107 488 1178 ipsa
515 1108 824 1163 exsecutio.
881 1109 1126 1178 Propter
1167 1107 1274 1161 hoc
1319 1124 1459 1178 ergo
1511 1105 1808 1173 meritum,
1914 1125 2096 1179 gnum
2123 1111 2208 1162 est
2235 1109 2536 1165 autem.ut
2585 1107 2684 1162 des
2724 1109 2860 1162 mihi
2895 1108 3238 1177 intellectum,
3263 1109 3398 1181 quia
3427 1127 3521 1179 ego

183 1195 340 1268 quia
369 1195 644 1266 judicium
684 1202 732 1250 et
760 1195 1027 1266 justitiam
1059 1197 1185 1265 feci,
1229 1211 1354 1262 oro,
1395 1194 1663 1260 Domine,
1708 1212 1814 1247 non

185 1283 388 1338 tradas
417 1301 517 1351 me,
547 1283 604 1338 id
625 1285 711 1338 est
731 1300 846 1338 non
875 1281 1175 1354 permittas
1208 1299 1300 1336 me
1333 1283 1480 1337 tradi
1495 1282 1813 1337 secundum

185 1371 677 1427 conformitatem
733 1371 1178 1425 calumniantibus
1225 1388 1308 1424 me
1346 1371 1576 1437 Judzcis,
1639 1369 1698 1424 id
1730 1371 1816 1423 est

189 1459 351 1515 mihi
381 1459 587 1531 injuste
607 1462 663 1514 et
678 1459 1148 1514 irrationabiliter
1163 1459 1615 1513 adversantibus.
1650 1457 1815 1522 Quod

193 1548 501 1604 estdicere
537 1566 549 1603 :
581 1547 759 1603 Judwi
783 1547 923 1602 mihi
952 1547 1398 1615 calumniantur,
1423 1546 1812 1602 convertendo

195 1637 431 1691 bonum
463 1635 523 1690 in
551 1637 794 1702 malum,
833 1636 942 1690 hoc
993 1634 1207 1689 scilicet
1251 1635 1406 1706 quod
1445 1635 1636 1706 legem
1668 1637 1816 1688 vetc-

1912 1211 2090 1250 servus
2122 1203 2242 1250 tuus
2265 1214 2404 1263 sum,
2430 1212 2546 1250 non
2567 1195 2684 1250 vitii
2705 1195 3024 1267 cujuslibet,
3047 1195 3147 1251 tibi
3162 1196 3220 1252 in
3253 1197 3525 1252 omnibus

1917 1283 2211 1338 obediens.
2242 1284 2374 1339 Ideo
2407 1283 2582 1339 etiam
2613 1283 2750 1338 dare
2776 1283 2919 1338 mihi
2952 1285 3125 1339 debes
3161 1284 3523 1340 intellectum

1916 1371 2073 1443 quia,
2121 1389 2152 1426 ο
2194 1372 2442 1437 Domine,
2481 1379 2680 1442 tempus
2719 1371 2941 1442 estjam
2987 1374 3382 1444 opportunum
3413 1373 3523 1427 hoc

1915 1461 2170 1532 faciendi,
2191 1461 2403 1516 scilicet
2435 1459 2791 1516 intellectum
2825 1460 2967 1515 mihi
3019 1461 3214 1516 dandi.
3250 1461 3394 1516 Nam
3427 1477 3524 1517 ca-

1915 1549 2268 1604 lumniantes
2293 1566 2385 1604 me
2400 1548 2602 1616 Judaei,
2619 1548 3030 1620 dissipaverunt,
3056 1549 3114 1604 id
3127 1551 3213 1604 est
3233 1549 3522 1606 destruxe-

1920 1642 2075 1705 runt,
2099 1641 2383 1710 quantum
2413 1638 2486 1692 ad
2511 1637 2684 1708 ipsos.
2719 1637 2882 1706 legem
2913 1644 3060 1692 tuam
3091 1639 3371 1703 veterem,
3404 1637 3521 1709 spi-

197 1741 337 1780 rem
390 1723 723 1797 spiritaliter
753 1723 1034 1796 intelligo,
1079 1725 1136 1776 et
1183 1722 1338 1794 quod
1375 1723 1694 1777 Dominum
1723 1723 1814 1776 Je—
1843 1720 1894 1778 B
1919 1727 2187 1782 ritualem
2221 1725 2579 1782 intellectum
2613 1725 3037 1797 adjiciendo,et
3065 1741 3194 1780 eam
3223 1725 3525 1780 moraliter

202 1829 339 1867 sum
373 1829 571 1868 verum
601 1814 786 1868 Deum
819 1829 938 1867 esse
993 1828 1106 1867 non
1157 1811 1414 1882 ambigo.
1456 1811 1642 1876 Quare
1689 1827 1812 1878 oro,

200 1901 479 1970 Domine,
512 1919 606 1968 ne,
637 1903 876 1974 propter
918 1901 1068 1954 hanc
1111 1899 1484 1967 calumniam,
1520 1899 1714 1954 tradar
1761 1899 1819 1955 in

201 2005 415 2044 eorum
467 1989 963 2055 conformitatem,
1016 1990 1078 2042 ut
1128 1989 1358 2042 oculum
1410 1987 1649 2042 rationis
1673 2004 1819 2042 mea:

203 2077 502 2132 amittam.
536 2075 838 2132 Calumnia
867 2077 952 2130 est
976 2074 1188 2146 injusta
1209 2074 1528 2130 adversatio
1561 2075 1817 2148 proprie.

204 2166 282 2220 Ut
311 2169 507 2222 autem
535 2184 654 2221 non
684 2166 878 2221 tradar
908 2164 1396 2219 calumniantibus
1425 2163 1485 2218 in
1507 2163 1820 2220 conformi-

178 2257 395 2312 .tatem
425 2257 624 2326 suscipe
646 2271 856 2309 servum
879 2260 1050 2321 tuum,
1076 2253 1135 2308 id
1165 2255 1250 2308 est
1283 2253 1649 2324 patrocinare
1675 2251 1818 2306 milii

205 2342 419 2398 auxilio
475 2341 883 2398 misericordia:
940 2344 1050 2397 tua;
1095 2358 1226 2396 cum
1264 2358 1457 2396 servus
1506 2343 1637 2395 tuus
1684 2340 1815 2395 sim.

203 2430 430 2502 Suscipe
451 2450 550 2497 me,
568 2431 830 2502 inquam,
845 2429 1149 2502 dirigendo
1168 2429 1481 2484 secundum
1496 2429 1821 2501 promotio-

212 2535 353 2574 nem
381 2521 438 2573 et
466 2519 783 2574 secundum
803 2517 1292 2592 perseverantiam
1325 2521 1380 2571 in
1407 2518 1620 2584 bonum,
1651 2516 1708 2572 id
1737 2519 1824 2571 est

213 2607 287 2663 de
317 2608 472 2664 bono
505 2624 677 2680 opere
703 2607 759 2662 in
795 2607 1020 2664 melius.
1052 2607 1165 2662 Oro
1211 2605 1388 2661 etiam
1420 2623 1524 2678 pro
1558 2605 1823 2676 superbis

211 2696 444 2764 Judaeis,
477 2696 573 2768 qui
604 2696 708 2752 tibi
731 2697 938 2750 nolunt
965 2695 1262 2750 humiliter
1287 2695 1486 2766 subjici
1514 2711 1526 2748 :
1563 2697 1620 2749 et
1641 2694 1698 2750 in
1729 2712 1820 2749 su-

213 2784 417 2857 perbia
441 2784 709 2840 obstinati
740 2783 1167 2839 calumniantur
1197 2801 1312 2850 me,
1358 2785 1417 2838 ut
1439 2783 1676 2837 ulterius
1717 2799 1824 2838 non

219 2873 610 2929 calumniantur
635 2890 716 2926 me
741 2873 983 2942 superbi;
1015 2889 1142 2943 qua:
1173 2871 1465 2926 calumnia
1495 2873 1580 2924 est
1603 2869 1822 2924 occasio

218 2959 443 3014 mortis.
469 2959 633 3024 Quod
657 2959 969 3014 estdicere:
994 2957 1276 3013 Desistant
1299 2957 1493 3012 ab-bac
1523 2955 1824 3012 mortifera

223 3048 514 3106 calumnia
547 3052 606 3102 et
646 3046 788 3102 mibi
828 3047 1184 3102 adhzereant.
1225 3045 1513 3110 Quoniam
1561 3047 1825 3100 oraverat

221 3137 428 3209 suscipi
455 3136 514 3192 in
534 3137 776 3203 bonum,
794 3135 1066 3191 meritum
1082 3135 1390 3206 praetendit
1408 3150 1520 3206 quo
1544 3133 1822 3204 adipisca-

221 3227 314 3280 tur
343 3225 496 3298 quod
523 3227 671 3293 orat,
703 3227 760 3278 et
784 3227 914 3296 post
943 3223 1154 3296 repetit
1181 3223 1463 3282 eamdem
1495 3222 1824 3277 orationem

223 3313 344 3369 aliis
373 3313 579 3380 verbis,
612 3329 744 3367 cum
778 3311 915 3366 dicit
943 3327 959 3366 :
1000 3310 1118 3365 Fac
1147 3329 1270 3365 cum
1307 3328 1472 3378 servo,
1507 3313 1616 3364 etc.
1661 3308 1826 3374 Quod

223 3401 301 3455 sic
327 3401 632 3473 adaptatur
660 3417 674 3455 :
707 3399 862 3469 Feci,
889 3399 1152 3471 inquam,
1173 3399 1450 3469 judicium
1480 3403 1529 3452 ei
1531 3399 1823 3469 justitiam.

223 3488 290 3543 Et
311 3489 388 3544 sic
419 3488 526 3543 feci
563 3489 687 3543 haec
718 3488 943 3543 intense
975 3487 1131 3559 quod
1179 3487 1318 3542 oculi
1357 3488 1464 3542 mei
1502 3486 1824 3555 interiores,

225 3576 282 3634 id
309 3579 394 3632 est
417 3576 772 3632 intentiones
803 3591 949 3630 mea:
974 3575 1276 3645 defecerunt
1319 3573 1391 3628 ab
1433 3574 1702 3632 omnibus
1737 3592 1829 3630 cu-

223 3666 299 3722 ris
325 3666 709 3732 saecularibus,
742 3664 1050 3720 tendentes
1080 3665 1135 3717 in
1179 3663 1412 3717 salutare
1444 3669 1614 3731 tuum,
1655 3663 1713 3718 id
1743 3667 1829 3720 est

226 3751 283 3808 in
310 3754 500 3826 legem
547 3755 730 3821 tuam,
772 3769 900 3826 quae
955 3751 1218 3806 salutaris
1272 3753 1358 3804 est
1401 3751 1828 3822 complentibus

227 3858 375 3910 eam,
407 3844 465 3898 et
493 3841 796 3897 tendentes
833 3842 890 3894 in
917 3839 1183 3911 eloquium
1213 3838 1444 3908 justiliw
1485 3845 1606 3903 tuae,
1653 3837 1711 3891 id
1743 3841 1829 3892 est

225 3931 284 3986 iu
313 3932 500 4002 legem
525 3933 684 3986 tuam
711 3929 951 4000 justam.
986 3927 1246 3982 Salutare
1263 3930 1322 3980 et
1339 3925 1634 3998 eloquium
1655 3924 1826 3996 justi-

225 4019 317 4074 tize
347 4018 501 4075 idem
551 4017 878 4089 designant,
919 4017 1108 4088 legem
1141 4013 1393 4083 scilicet;
1437 4014 1538 4070 sed
1580 4029 1683 4085 per
1725 4013 1826 4070 has

228 4124 386 4163 voces
411 4107 470 4162 in
506 4107 714 4163 eadem
763 4107 892 4181 lege
930 4105 1150 4159 diversa
1193 4106 1488 4170 notantur,
1535 4102 1747 4157 scilicet
1771 4104 1829 4156 et

231 4195 379 4268 quod
403 4195 662 4250 salutaris
688 4196 795 4262 est,
828 4195 885 4247 et
921 4193 1078 4264 quod
1099 4193 1254 4263 justa
1285 4195 1342 4246 et
1376 4209 1444 4246 eo
1479 4191 1664 4263 magis
1699 4207 1826 4264 am-

1924 1834 2040 1870 non
2073 1814 2452 1882 observando,
2486 1801 2546 1868 et
2575 1815 2771 1869 volunt
2793 1831 2888 1868 me
2920 1814 3148 1868 trahere
3179 1812 3236 1868 in
3263 1829 3524 1869 errorem

1921 1922 2108 1960 suum.
2135 1905 2380 1976 Ideoque
2413 1902 2800 1958 necessarium
2824 1905 2910 1958 est
2931 1919 3024 1958 me
3043 1901 3400 1957 intellectum
3427 1902 3528 1957 ha-

1919 1994 2078 2060 bere,
2113 1995 2174 2047 ut
2201 2009 2406 2047 eorum
2438 2008 2696 2046 errorem
2740 1991 2953 2062 possim
2995 1990 3270 2063 effugere.
3309 1989 3524 2045 Idcirco

1921 2081 2098 2137 etiam
2123 2082 2298 2136 debes
2318 2081 2674 2134 Intellectum
2700 2079 2842 2134 mibi
2875 2079 3034 2146 dare,
3078 2079 3356 2150 quoniam
3388 2078 3524 2146 ideo,

1924 2174 1984 2224 ut
2014 2186 2383 2241 promercrer
2419 2167 2774 2241 intellectum
2812 2167 3222 2222 mandatorum
3267 2169 3522 2234 tuorum,

1918 2239 2080 2313 dilexi
2099 2275 2206 2330 ego
2229 2239 2794 2328 mandatuSOOtua
2813 2273 2969 2327 super
2983 2271 3179 2311 aurum
3199 2262 3248 2309 et
3261 2257 3526 2326 topazion,

1921 2347 1979 2401 id
2003 2349 2088 2402 est
2111 2347 2241 2417 plus
2269 2363 2444 2418 quam
2472 2362 2674 2400 omnes
2695 2345 2994 2400 saeculares
3013 2343 3402 2416 divitias,quaa
3418 2360 3524 2416 per

1920 2437 2023 2490 bas
2054 2435 2202 2490 duas
2246 2453 2338 2489 res
2373 2433 2652 2506 pretiosas
2691 2432 3115 2504 intelliguntur.
3154 2435 3264 2488 Per
3294 2449 3523 2498 aurum,

1919 2523 2132 2579 scilicet
2161 2523 2315 2596 quod
2344 2527 2428 2578 est
2453 2521 2614 2578 omni
2645 2521 2756 2576 alio
2789 2522 3024 2577 metallo
3069 2520 3294 2584 carius;
3326 2521 3385 2576 et
3421 2536 3528 2592 per

1923 2613 2186 2682 topazion,
2237 2609 2337 2683 qui
2397 2613 2482 2666 est
2535 2608 2678 2682 lapis
2734 2607 3196 2682 prctiosissimus.
3247 2608 3525 2680 Topazius

1923 2699 2082 2754 enim
2113 2717 2226 2771 quo
2257 2699 2443 2754 rarior
2481 2702 2588 2760 est,
2647 2713 2716 2752 co
2765 2699 2851 2752 est
2901 2696 3226 2768 pretiosior.
3287 2697 3354 2750 Et
3393 2695 3525 2752 ideo

1924 2803 2152 2859 quoque
2173 2786 2716 2842 debesintellectum
2743 2783 2885 2838 mihi
2913 2783 3228 2856 darc,'quia
3244 2790 3526 2856 propterea

1927 2879 1988 2930 ut
2005 2875 2360 2930 intellectum
2379 2873 3038 2947 promererer,diriyebar
3053 2871 3188 2944 egoj
3198 2887 3293 2926 am
3308 2871 3530 2926 dudum

1926 2963 1984 3018 id
2017 2967 2102 3018 est
2130 2963 2518 3034 promovebar
2537 2962 2606 3016 ad
2635 2963 2812 3016 omnia
2838 2959 3097 3017 mandata
3117 2967 3210 3013 tua
3231 2959 3527 3030 complen-

1927 3053 2020 3107 da.
2053 3053 2121 3106 Et
2145 3054 2460 3124 prOpterea
2490 3049 2668 3104 etiam
2715 3052 2778 3104 ut
2821 3049 2978 3103 hunc
3023 3047 3382 3102 intellectum
3406 3047 3527 3102 adi-

1924 3139 2064 3214 pisci
2098 3155 2344 3211 possem,
2377 3137 2496 3192 odio
2533 3137 2700 3191 habui
2731 3153 2940 3191 omnem
2986 3139 3127 3190 viam
3163 3136 3430 3208 iniquam,
3469 3135 3531 3190 id

1927 3231 2012 3283 est
2033 3245 2270 3283 omnem
2295 3225 2659 3282 criminalem
2690 3224 3112 3298 operationem,
3147 3239 3274 3296 quae
3316 3223 3408 3279 via
3446 3223 3532 3278 est

1927 3316 2000 3371 ad
2033 3319 2306 3371 mortem.
2337 3315 2461 3369 Non
2488 3313 2644 3368 enim
2677 3312 2763 3385 (ut
2788 3312 3065 3369 Salomon
3089 3309 3314 3382 asserit)
3333 3310 3392 3365 in
3410 3327 3533 3366 ma-

1928 3405 2172 3458 levolam
2203 3401 2460 3458 animam
2493 3400 2754 3456 introibit
2776 3399 3060 3472 sapientia
3107 3415 3120 3454 :
3166 3415 3273 3453 nec
3311 3397 3534 3454 habita-

1928 3491 2012 3546 bit
2041 3491 2100 3546 in
2131 3507 2374 3563 corpore
2401 3489 2630 3545 subdito
2661 3489 2909 3560 peccatis
2936 3487 3094 3560 (Sep.
3127 3505 3168 3554 ι,
3197 3486 3276 3560 4).
3322 3508 3352 3536 ››

1994 3573 2114 3634 PHE
2133 3579 2773 3650 erravitinterprctatur.
2800 3575 2923 3641 Qua
2941 3576 3154 3630 idcirco
3189 3573 3532 3630 convenien-

1925 3669 2017 3722 ter
2029 3665 2478 3739 hujus'clausulaa
2491 3681 2633 3720 cunc
2642 3663 2711 3718 tis
2732 3663 2984 3718 versibus
3004 3661 3358 3728 inscribitur,
3385 3677 3530 3733 quo-

1928 3755 2087 3810 niam
2136 3753 2396 3809 ﬁdelium
2429 3752 2688 3808 collectio
2719 3769 2847 3824 quae
2875 3749 2966 3805 hic
2997 3749 3138 3822 agit,
3167 3747 3530 3804 ostendendo

1928 3861 2048 3898 esse
2077 3841 2370 3898 mirabilia
2395 3839 2724 3896 testimonia
2775 3838 2896 3906 Dei,
2939 3837 3272 3894 testimonia
3314 3835 3530 3892 scilicet

1927 3931 2070 4002 legis
2099 3929 2324 3996 veteris,
2353 3931 2411 3984 et
2431 3927 2788 3984 ostendendo
2812 3923 3071 3982 animam
3100 3941 3264 3980 suam
3286 3941 3356 3980 ea
3381 3939 3535 3979 scru-

1926 4021 2110 4074 tatam
2137 4035 2257 4072 esse
2285 4033 2388 4089 per
2418 4033 2628 4072 novam
2666 4016 2880 4088 legem,
2929 4031 3057 4086 quae
3092 4014 3193 4079 est,
3221 4010 3531 4068 declaratio

1929 4107 2103 4180 ipsius
2128 4105 2269 4178 legis
2298 4105 2526 4174 veteris,
2557 4108 2614 4160 et
2641 4105 2860 4160 orando
2891 4107 2955 4158 ut
2988 4104 3136 4158 Deus
3173 4101 3281 4156 sibi
3312 4101 3411 4156 det
3443 4099 3532 4156 in-

1930 4195 2218 4249 tellectum
2242 4197 2299 4248 et
2329 4192 2730 4266 operationem
2761 4190 3018 4262 ipsorum
3035 4186 3531 4254 testimoniorum,

229 4283 545 4359 plectenda.
575 4283 741 4348 Quod
771 4283 857 4337 est
887 4299 950 4336 ac
977 4281 1024 4336 si
1051 4281 1202 4335 dicat
1237 4281 1358 4335 :Ab
1389 4279 1550 4334 omni
1571 4278 1828 4335 saeculari
1851 4288 1904 4348 D
1929 4285 1986 4338 et
2015 4287 2077 4338 ut
2105 4283 2255 4338 Deus
2283 4299 2412 4337 eam
2446 4281 2746 4337 redimata
2764 4277 3066 4334 calumniis
3083 4275 3438 4338 Iudaeorum,
3457 4288 3532 4359 ne

233 4374 459 4445 negotio
497 4371 714 4438 defcci',
771 4375 831 4426 et
887 4370 945 4424 in
988 4372 1178 4442 legem
1224 4371 1382 4422 tuam
1433 4371 1741 4423 salutarem
1773 4372 1830 4424 et

223 4463 432 4534 justam
459 4477 664 4517 omnes
713 4458 1048 4514 alfectiones
1100 4473 1258 4511 meas
1299 4455 1500 4510 direxi.
1541 4455 1826 4518 Quoniam

231 4550 397 4622 igitur
433 4551 574 4604 oculi
610 4549 718 4604 mei
763 4547 1066 4617 defecerunt
1109 4546 1165 4598 in
1201 4544 1436 4600 salutare
1465 4551 1616 4618 tuum
1651 4561 1666 4596 :
1699 4560 1824 4610 oro,

232 4637 488 4704 Domine,
525 4639 619 4708 [ac
641 4653 763 4690 cum
807 4652 902 4690 me
927 4649 1072 4689 servo
1109 4639 1198 4686 tuo
1223 4631 1508 4686 secundum
1531 4632 1826 4687 misericor-

233 4727 366 4780 diam
398 4731 566 4781 tuain.
592 4726 732 4780 Cum
763 4723 920 4788 dicit,
951 4723 1042 4792 fac
1081 4738 1203 4776 cum
1239 4737 1408 4787 servo,
1456 4719 1702 4775 liberum
1734 4734 1829 4773 ar-

237 4813 462 4868 bitrium
489 4814 751 4868 denotat.
770 4814 848 4867 Ac
865 4812 909 4867 si
936 4812 1183 4867 diceret:
1207 4811 1324 4882 Ego
1360 4810 1706 4882 inquantum
1737 4825 1827 4862 va-

235 4902 341 4962 leo,
355 4916 458 4972 per
480 4900 726 4955 liberum
747 4899 1050 4980 arbitrium
1071 4899 1132 4953 in
1153 4900 1279 4970 lege
1301 4901 1402 4953 tua“
1426 4897 1573 4952 bene
1593 4912 1824 4968 operor.

241 4989 512 5045 Caeterum
545 4988 679 5060 quia
709 5005 812 5060 per
841 5005 934 5042 me
965 5004 1092 5042 sum
1122 4986 1493 5053 insufliciens,
1530 4986 1624 5056 [ac
1651 5001 1830 5039 secun-

239 5077 355 5132 dum
383 5077 818 5144 misericordiam,
849 5075 907 5130 id
940 5080 1026 5130 est
1052 5075 1370 5130 secundum
1411 5071 1684 5130 auxilium
1717 5072 1828 5127 mi-

241 5165 571 5232 sericordiae,
603 5165 969 5236 cooperando
1000 5181 1120 5218 cum
1139 5180 1240 5232 me,
1265 5179 1411 5217 servo
1429 5169 1538 5216 tuo.
1565 5160 1730 5226 Quod
1749 5164 1834 5216 est

245 5255 420 5312 dicere
444 5271 457 5310 :
480 5253 638 5310 Sicut
659 5253 1052 5309 misericordia
1079 5255 1176 5306 tua
1191 5251 1353 5324 larga
1377 5252 1483 5318 est,
1502 5249 1583 5304 ita
1599 5266 1826 5322 quoque

245 5359 459 5398 mecum
474 5345 634 5415 large
647 5358 980 5415 coapcrare.
997 5341 1064 5395 Et
1084 5357 1213 5395 cum
1230 5355 1459 5394 mecum
1479 5337 1836 5406 feceris,doce

246 5433 728 5502 mejustiﬁcutiones
758 5431 892 5485 istas
937 5446 1056 5484 esse
1099 5435 1234 5483 tuas.
1269 5428 1434 5493 Quod
1463 5429 1550 5482 est
1587 5425 1774 5482 dicere
1809 5443 1823 5482 :

249 5522 375 5578 Cum
405 5538 636 5578 mecum
654 5519 1020 5594 cooperando
1038 5517 1097 5574 in
1114 5519 1241 5590 lege
1267 5519 1362 5574 tua
1386 5515 1835 5588 mejustilicave-

1929 4371 2008 4426 eis
2037 4371 2222 4438 cedat,
2255 4387 2359 4441 pro
2391 4371 2597 4441 quibus
2625 4366 2805 4423 etiam
2830 4383 2890 4420 se
2923 4365 3088 4418 ﬂesse
3109 4360 3284 4415 nimis
3307 4355 3530 4424 asserit,

1929 4458 2064 4530 quia
2089 4475 2206 4513 non
2238 4457 2632 4512 custodierunt
2666 4456 2854 4524 legem
2903 4447 3158 4512 Domini,
3208 4449 3318 4503 hoc
3353 4462 3424 4502 ea
3451 4444 3534 4500 in-

1929 4545 2187 4599 tentione
2219 4543 2357 4598 dicit
2379 4547 2436 4596 ut
2469 4543 2674 4596 innuat
2717 4538 2872 4612 quod
2916 4537 3159 4611 populus
3196 4535 3528 4591 Judaiorum

1929 4631 2021 4686 diu
2037 4631 2164 4702 jam
2195 4628 2425 4693 erravit,
2459 4631 2516 4682 et
2545 4627 2730 4682 adhuc
2763 4627 2954 4694 errat;
2983 4623 3103 4698 qui,
3129 4623 3252 4680 haec
3274 4621 3532 4679 testimo-

1927 4718 2023 4773 nia
2047 4733 2180 4772 cum
2209 4717 2451 4770 obscura
2479 4713 2592 4769 sint
2621 4717 2680 4768 et
2708 4713 3016 4782 mirabilia,
3061 4729 3166 4785 per
3193 4727 3356 4768 nova:
3387 4707 3532 4788 legis

1925 4805 2346 4879 susceptionem
2372 4821 2491 4860 non
2512 4804 2832 4872 scrutatur;
2864 4803 2965 4858 sed
2995 4801 3182 4875 potius
3232 4799 3306 4854 ad
3343 4798 3530 4853 solam

1928 4895 2182 4950 litteram
2211 4891 2610 4964 intelligendo,
2642 4907 2740 4946 eos
2769 4889 2864 4964 qui
2904 4891 3250 4955 scrutantur,
3278 4885 3526 4956 inquan-

1931 4987 2056 5038 tum
2083 4984 2290 5056 potest,
2329 4981 2736 5036 calumniatur.
2771 4979 2840 5032 Et
2899 4980 2961 5032 ut
3010 4975 3187 5031 etiam
3237 4972 3530 5046 auditores

1933 5072 2005 5127 ab
2033 5071 2142 5126 hoc
2173 5086 2368 5126 errore
2399 5070 2656 5131 devocet,
2683 5069 2741 5122 et
2761 5065 2834 5120 ad
2858 5062 3166 5120 scrutanda
3187 5077 3292 5134 per
3317 5075 3530 5132 novam

1931 5163 2120 5232 legem
2139 5159 2262 5215 haec
2289 5156 2622 5214 testimonia
2646 5155 2876 5212 invitet.

2005 5245 2286 5302 Mira/tilia
2319 5244 2620 5301 testimonia
2641 5250 2754 5310 tua,
2783 5245 2890 5298 etc.
2927 5239 3090 5322 Quod
3111 5239 3192 5296 ita
3225 5237 3529 5312 conjungi-

1935 5339 2034 5390 tur
2061 5335 2446 5408 superioribus
2481 5350 2494 5389 :
2525 5331 2712 5400 Oravi,
2747 5329 3012 5400 Domine,
3038 5327 3162 5386 dari
3193 5327 3339 5384 mihi
3379 5327 3536 5383 intel-

1942 5424 2132 5480 lectum
2163 5425 2225 5478 ut
2254 5421 2432 5478 sciam
2479 5421 2799 5494 intelligere
2831 5426 2923 5475 tua
2963 5419 3279 5484 testimonia,
3322 5415 3542 5472 scilicet

1936 5514 2078 5587 legis
2108 5511 2331 5569 veteris.
2357 5511 2543 5577 Quem
2565 5510 2883 5570 intellectmn
2909 5508 3120 5567 idcirco
3149 5524 3252 5566 oro
3279 5503 3530 5581 assequi,
