4016 6030
503 290 642 366 nec

1107 303 1168 370 S.
1190 305 1534 370 DRUNONtS
1572 309 2094 372 CARTHUSIANOH

2194 297 2708 376 HNS'muroms
2745 316 2904 375 opp.
2939 313 3137 376 mas.
3178 305 3203 374 l

3678 312 3814 378 I300

504 431 807 508 quoniam,
840 452 874 495 ο
919 435 1186 505 Domine,
1233 435 1502 494 mirabilia
1549 437 1850 494 testimonia
1896 441 2009 504 tua,
2039 431 2169 498 idA
2198 433 2342 510 legis
2372 453 2555 494 nova.
2589 436 2682 502 0s,
2713 433 2982 511 inquam,
3011 436 3215 511 aperui,
3244 435 3481 495 dicens:
3513 429 3716 512 Aspice
3757 439 3813 493 in

504 529 594 582 est
622 526 884 585 instituta
907 527 1114 586 veteris
1143 528 1304 602 legis.
1333 529 1405 585 ad
1431 528 1682 584 litteram
1713 528 2095 594 considerata,

499 616 770 671 mirabilia
797 633 918 672 esse
946 617 1228 685 videntur,
1277 617 1336 672 id
1376 621 1462 673 est
1499 619 1802 690 stupenda.
1850 617 2097 689 Stupen-

503 703 640 760 dum
673 705 832 760 enim
861 709 947 760 est
979 706 1160 776 valde,
1183 706 1228 761 si
1253 707 1327 762 ad
1358 706 1608 762 litteram
1640 707 2100 772 iutueamur,cur

501 793 770 866 quedam
799 793 1076 850 sacrificia
1103 795 1352 850 cremari
1383 799 1544 851 extra
1569 799 1754 851 castra
1775 795 2014 867 jussisti,
2042 797 2100 850 et

493 895 604 935 cur
628 897 832 937 omnes
853 882 1080 938 Judaeos
1109 881 1404 938 instituisti
1424 883 1776 949 circumcidi,
1809 887 1865 938 et
1892 887 2101 938 caetera

501 969 705 1037 multa,
733 986 861 1043 qua:
887 970 946 1025 in
977 972 1105 1042 lege
1136 971 1311 1026 veteri
1343 971 1683 1046 praecepisti.
1717 971 1930 1027 Idcirco
1959 989 2096 1043 ergo

501 1073 730 1112 necesse
755 1061 842 1113 est
866 1062 928 1114 ut
953 1075 1115 1114 orem
1139 1059 1495 1115 intellectum
1517 1060 1772 1132 adipisci,
1792 1063 1854 1116 ut
1883 1060 1960 1115 sic
1976 1062 2097 1116 hinc

495 1145 830 1202 testimonia
858 1147 1199 1221 intelligam.
1232 1150 1312 1204 Ne
1341 1167 1478 1205 vero
1509 1149 1698 1222 segnis
1728 1149 2016 1205 videretur
2038 1149 2094 1204 in

496 1233 585 1289 his
617 1235 960 1292 testimoniis
983 1237 1302 1293 scrutandis
1332 1241 1388 1292 et
1419 1255 1521 1310 per
1550 1239 1657 1294 hoc
1693 1255 1810 1293 non
1842 1255 2094 1294 merere-

496 1326 595 1378 tur
619 1325 971 1380 intellectum
1002 1326 1286 1395 obtinere,
1313 1327 1474 1382 addit
1505 1345 1517 1382 :
1551 1327 1674 1382 Ideo
1707 1328 1838 1400 quia
1869 1329 2092 1382 mirabi-

497 1412 573 1466 lia
603 1417 738 1468 sunt
763 1415 1064 1471 testimonia
1100 1422 1211 1482 tua,
1251 1421 1490 1472 serutata
1534 1422 1694 1471 estea
1741 1419 1919 1472 ani-ma
1954 1432 2091 1482 mea,

496 1499 558 1554 id
587 1504 672 1556 est
691 1503 838 1557 ratio
865 1519 997 1558 mea
1025 1503 1334 1575 diligenter
1373 1503 1733 1575 investigarit
1771 1505 1894 1559 haec
1933 1506 2091 1560 testi-

2196 541 2299 594 me,
2331 527 2388 582 id
2415 529 2498 582 est
2525 527 2582 582 in
2635 527 2973 583 interiorem
3011 531 3237 600 partem
3277 526 3414 596 mei,
3452 526 3722 584 videlicet
3751 527 3810 584 in

2199 615 2456 670 animam
2482 615 3186 690 aspectuilluminationis,
3202 634 3236 672 a
3260 616 3639 672 similitudine
3654 618 3810 686 solis,

2199 703 2484 776 quiquam
2509 705 2709 777 aspicit
2733 705 3042 760 illuminat.
3071 705 3147 759 Et
3184 707 3426 760 miserere
3469 708 3594 768 mei,
3633 705 3694 761 id
3727 711 3812 761 est

2199 797 2256 847 ct
2276 792 2353 847 sic
2383 793 2534 856 dico,
2563 796 2624 848 ut
2654 810 2750 848 me
2774 791 3117 866 aspicias,ut
3137 794 3250 850 mei
3279 793 3628 861 miserearis,
3662 795 3810 849 sciti-

2198 883 2372 936 cet-ex
2396 881 2792 936 misericordia
2821 899 2918 936 me
2948 881 3157 954 aspice,
3191 881 3328 954 quia
3364 898 3479 937 non
3507 883 3806 938 sufﬁciunt

2198 969 2406 1025 merita
2439 987 2569 1024 mea
2596 969 2670 1024 ad
2695 971 2803 1025 hoc
2828 970 3234 1026 obtinendum.
3265 971 3433 1036 Quod
3451 974 3540 1026 est
3568 971 3759 1026 dicere
3786 989 3802 1027 :

2199 1060 2339 1115 Cum
2368 1059 2442 1114 sis
2469 1059 2564 1115 Sol
2583 1059 2844 1132 justitite,
2866 1076 3071 1115 omnes
3085 1077 3228 1132 quos
3250 1061 3331 1115 vis
3365 1061 3805 1117 illuminansin-

2197 1149 2446 1215 tellectu,
2479 1141 2908 1220 per'aspectum
2934 1147 3363 1213 misericordize,
3399 1166 3502 1204 oro
3535 1167 3630 1204 me
3663 1167 3804 1223 quo-

2195 1255 2306 1311 que
2325 1236 2771 1292 misericorditer
2785 1239 2974 1308 aspice,
3000 1241 3060 1292 ut
3077 1253 3168 1292 me
3189 1237 3802 1294 illuminesintelleclu.

2192 1326 2414 1398 Aspice,
2446 1326 2708 1398 inquam,
2745 1329 2804 1380 et
2834 1327 2942 1380 hoc
2970 1327 3059 1381 fac
3079 1326 3367 1380 secundum
3372 1327 3408 1398 j
3414 1328 3655 1383 udicium
3679 1329 3804 1380 dili-

2190 1417 2429 1485 gentiam
2481 1430 2671 1470 nomen
2720 1423 2889 1470 tuum.
2933 1415 3096 1479 Quod
3127 1418 3214 1470 est
3261 1415 3449 1470 dicere
3491 1433 3506 1471 :
3553 1418 3638 1471 Ad
3669 1434 3802 1472 eum

2194 1505 2434 1559 modum
2457 1521 2548 1558 me
2579 1503 2765 1576 aspice
2779 1504 2850 1558 ad
2865 1521 3035 1575 quem
3059 1505 3296 1559 modum
3312 1505 3540 1576 judicas
3562 1506 3804 1578 diligen-

497 1589 715 1644 monia.
749 1591 877 1645 Haec
903 1593 1098 1646 autem
1123 1591 1452 1648 testimonia
1490 1595 1772 1648 scrutatus
1823 1611 1949 1648 sum
1993 1611 2095 1666 per
2193 1595 2278 1647 tes
2306 1609 2520 1647 nomen
2550 1595 2712 1647 tuum
2729 1592 3092 1664 aspiciendus
3110 1608 3249 1646 esse.
3269 1594 3346 1648 Ac
3369 1593 3413 1648 si
3436 1593 3591 1649 dicat
3618 1611 3630 1649 :
3657 1597 3800 1648 Cum

496 1693 706 1732 novam
740 1678 928 1750 legem
969 1681 1312 1750 susceptam,
1361 1697 1464 1751 per
1516 1681 1691 1736 ﬁdem
1741 1684 1800 1736 et
1838 1682 2093 1736 intellec-

2187 1679 2410 1752 judices
2426 1683 2484 1735 et
2499 1680 2768 1752 disponas
2781 1679 3088 1752 diligentes
3105 1697 3319 1736 nomen
3341 1685 3502 1736 tuum
3524 1682 3804 1754 aspicien-

496 1768 618 1820 tum
646 1783 660 1833 ;
693 1783 820 1838 qum
847 1769 933 1823 est
960 1768 1247 1824 declaratio
1292 1785 1590 1826 sermonum
1634 1777 1865 1839 tuorum,
1913 1771 1969 1826 id
2009 1774 2095 1825 est
2119 1758 2171 1817 Β
2193 1769 2298 1824 dos
2325 1785 2466 1835 esse,
2487 1784 2588 1822 oro
2611 1768 2791 1823 etiam
2819 1772 2880 1822 ut
2909 1785 3003 1822 me.
3027 1767 3286 1839 aspicias,
3313 1769 3411 1840 qui
3436 1787 3552 1825 non
3581 1773 3803 1842 repello

495 1869 625 1925 quae
653 1855 907 1910 declarat
935 1858 994 1910 et
1025 1857 1356 1914 manifestat
1385 1876 1682 1914 sermones
1710 1859 1916 1914 veteris
1955 1854 2094 1929 legis

497 1941 788 2000 obscuros.
819 1943 1125 2004 Declaratio
1155 1945 1310 2000 eni'm
1341 1962 1639 2002 sermonum
1665 1955 1874 2004 tuorum
1906 1947 2097 2001 illumi-

497 2036 614 2091 nat,
645 2038 694 2085 et
727 2029 1047 2088 intellectum
1087 2033 1183 2088 dat
1223 2036 1482 2106 parvulis.
1532 2036 1696 2101 Quod
1749 2040 1835 2092 est
1867 2037 2092 2092 dicere:

491 2119 631 2176 Ideo
661 2138 764 2194 per
791 2139 1001 2178 novam
1029 2125 1219 2195 legem
1268 2125 1391 2181 hinc
1435 2127 1770 2182 testimonia
1815 2131 2097 2184 scrutatus

496 2225 625 2264 sum
671 2211 736 2264 ut
776 2227 882 2282 per
915 2228 1042 2266 eam
1091 2211 1452 2283 illuminarer
1494 2214 1552 2268 in
1606 2213 1694 2269 his
1729 2215 2092 2272 testimoniis.

492 2297 624 2368 Ipsa
651 2297 808 2354 enim
840 2297 1082 2354 existens
1101 2299 1396 2356 declaratio
1418 2318 1714 2360 sermonum
1735 2311 1946 2360 tuorum
1971 2305 2094 2360 illu-

493 2387 668 2440 minat
696 2403 794 2442 eos
817 2387 910 2458 qui
943 2391 1077 2442 sunt
1099 2389 1316 2458 parvuli
1340 2390 1562 2463 spiritu,
1591 2391 1648 2446 id
1697 2395 1783 2446 est
1827 2394 2092 2462 humiles,

493 2489 616 2528 non
659 2474 888 2544 superbi
942 2478 1004 2528 ut
1059 2477 1258 2531 Judaei.
1308 2479 1374 2532 Et
1422 2479 1531 2534 hoc
1579 2481 1754 2534 modo
1801 2481 2094 2549 illuminat,

497 2561 650 2630 quod
685 2561 782 2615 dat
814 2561 948 2632 ipsis
965 2565 1210 2634 paruulis
1239 2567 1553 2624 intellectum
1573 2567 1909 2640 spiritalem,
1935 2571 2098 2640 juxta

495 2648 633 2703 illud
664 2649 1034 2706 llominicum
1068 2667 1082 2706 :
1118 2670 1146 2704 ι
1195 2653 1554 2710 Abscondisti
1589 2656 1712 2710 haec
1751 2673 1785 2711 a
1825 2656 2096 2729 sapienti-

495 2734 624 2802 bus,
651 2739 711 2792 et
740 2738 1001 2794 revelasti
1047 2757 1116 2794 ea
1162 2741 1408 2813 parvulis
1452 2743 1606 2811 (Luc.
1653 2763 1706 2811 κ,
1739 2747 1850 2815 2t).
1898 2767 1924 2794 »
1957 2746 2101 2810 Quia

498 2841 636 2880 vero
666 2841 770 2893 per
826 2827 1016 2898 legem
1073 2846 1283 2884 novam
1326 2834 1486 2886 vetus
1533 2832 1876 2900 declaratur,
1920 2851 1984 2888 ex
2013 2835 2100 2889 his

497 2914 800 2983 prophetae
849 2913 1012 2970 dictis
1065 2916 1354 2989 colligitur
1394 2935 1407 2974 :
1454 2942 1481 2968 «
1512 2920 1784 2988 Verbum,
1817 2944 1844 2970 η
1891 2923 2097 2994 inquit,

495 3018 970 3104 iconsummans
995 3007 1054 3058 et
1095 3005 1434 3062 abbrevians
1493 3008 1547 3062 in
1603 3009 1892 3082 aequitate,
1931 3012 2167 3104 facietC

2195 1873 2412 1911 nomen
2445 1860 2629 1922 tuum,
2663 1855 2817 1930 quod
2847 1859 2934 1910 est
2980 1856 3276 1924 Dominus,
3311 1861 3373 1912 ut
3418 1857 3599 1912 Judaei
3639 1859 3806 1914 dura:

2197 1943 2426 2000 cervicis
2446 1948 2504 2000 et
2530 1943 2950 2011 inobedientes,
2985 1945 3084 2000 sed
3115 1961 3224 2016 ego
3260 1945 3438 2018 diligo
3465 1946 3604 2000 illud
3635 1947 3806 2001 omni

2197 2033 2500 2088 atfectionc
2528 2037 2584 2087 et
2609 2033 2942 2088 obedientia
2962 2034 3299 2105 amplector.
3326 2033 3446 2087 Non
3471 2035 3656 2089 solum
3695 2053 3803 2089 au-

2195 2127 2316 2177 tem
2337 2139 2439 2178 oro
2473 2125 2534 2176 ut
2562 2139 2656 2177 me
2686 2121 2926 2194 aspicias
2950 2121 3268 2177 secundum
3308 2122 3806 2178 illuminationem

2195 2210 2536 2278 intellectus,
2565 2211 2665 2265 sed
2702 2209 2878 2266 etiam
2929 2227 3052 2278 oro,
3098 2210 3364 2277 Domine,
3422 2229 3628 2282 gressus
3661 2229 3810 2266 meos

2194 2298 2518 2366 interiores,
2549 2298 2606 2353 id
2638 2303 2723 2354 est
2751 2298 3084 2354 affectiones
3115 2315 3274 2354 meas
3307 2299 3478 2369 dirige
3509 2301 3808 2356 secundum

2193 2385 2463 2458 eloquium
2489 2393 2660 2453 tuum,
2695 2385 2751 2440 id
2791 2388 2876 2440 est
2905 2385 3151 2440 directas
3183 2388 3270 2442 fac
3291 2387 3363 2440 ad
3391 2387 3538 2442 bene
3554 2405 3806 2458 operan-

2195 2473 2355 2540 dum,
2387 2475 2700 2529 secundum
2730 2477 3282 2546 prteceptumtuum.
3305 2475 3567 2538 Quodest
3582 2477 3799 2531 dicere:

2195 2562 2318 2616 Non
2334 2563 2519 2616 solum
2543 2578 2645 2617 oro
2675 2566 2736 2616 ut
2757 2561 3088 2618 testimonia
3113 2565 3212 2616 tua
3242 2563 3586 2636 intelligam,
3610 2565 3708 2618 sed
3739 2570 3803 2618 ut

2198 2650 2268 2704 ad
2300 2651 2408 2705 hoc
2433 2650 2650 2722 dirigar
2679 2653 2742 2706 ut
2765 2667 2833 2705 ea
2860 2649 3148 2706 intellecta
3173 2668 3350 2723 opere
3372 2653 3802 2723 compleam.Et

2197 2737 2275 2792 sic
2299 2745 2477 2794 utnon
2505 2739 2806 2794 dominetur
2835 2741 2938 2794 mei
2961 2739 3228 2809 injustitia
3253 2742 3442 2804 omnis,
3477 2740 3534 2794 id
3581 2745 3668 2795 est
3693 2758 3800 2812 per

2199 2843 2404 2881 omnes
2423 2827 2506 2881 sui
2541 2830 2732 2899 partes
2763 2829 3020 2899 accepta.
3057 2828 3220 2891 Quod
3253 2831 3337 2882 est
3367 2827 3559 2884 dicere
3595 2847 3610 2884 :
3639 2830 3800 2884 Etsic

2199 2932 2232 2970 a
2257 2919 2310 2970 te
2338 2915 2555 2986 dirigar
2581 2920 2644 2970 ut
2672 2917 2829 2970 nulla
2862 2925 2994 2986 pars
3019 2915 3334 2986 injustitiaz,
3369 2935 3498 2989 quae
3529 2917 3670 2972 mihi
3699 2918 3801 2973 do-

2201 3003 2478 3066 minetur,
2498 3003 2552 3057 in
2583 3021 2675 3058 me
2704 2991 3024 3058 remaneat.
3054 3005 3146 3058 Est
3175 3008 3369 3060 autem
3405 3007 3672 3076 quasdam
3707 3005 3768 3060 in
3787 3039 3798 3046 -

501 3089 786 3144 Dominus
809 3107 982 3162 super
1010 3096 1224 3148 terram
1249 3093 1384 3160 (lsa.
1419 3113 1472 3162 χ,
1501 3101 1596 3165 22;
1624 3097 1780 3154 Rom.
1807 3117 1880 3164 ιχ,
1915 3101 2026 3168 ~23).
2068 3123 2094 3149 υ
2123 3089 2167 3104 “
2192 3091 2596 3162 justitia,uulla
2611 3091 2706 3146 Dei
2727 3093 3188 3164 mandataopere
3206 3095 3800 3165 cornplere.Aliavero

501 3177 572 3231 Ut
605 3181 799 3234 autem
831 3181 954 3235 haec
978 3181 1309 3238 testimonia
1345 3201 1447 3255 per
1477 3203 1686 3242 novam
1726 3189 1914 3259 legem
1968 3188 2094 3243 dili-

497 3266 728 3336 gentius
749 3268 987 3323 scrutari
1011 3287 1260 3342 possem,
1291 3290 1346 3324 os
1373 3287 1546 3328 meum
1578 3279 1802 3345 aperui;
1834 3277 1888 3331 id
1921 3279 2007 3330 est
2033 3294 2096 3331 os

495 3354 690 3408 cordis
721 3355 954 3410 dilatavi
984 3374 1088 3429 per
1112 3357 1314 3426 ﬁdem,
1346 3378 1462 3416 non
1495 3363 1789 3434 angustavi
1833 3381 1936 3436 per
1965 3365 2094 3420 inti-

498 3439 797 3497 delitatem
821 3461 834 3510 ;
863 3447 922 3498 et
951 3461 1050 3500 ore
1071 3449 1274 3517 aperto
1313 3452 1521 3505 attraxi
1543 3453 1810 3522 spiritum,
1834 3453 1887 3506 id
1916 3457 1998 3508 est
2025 3455 2098 3510 ad

495 3543 592 3582 me
624 3529 764 3584 traxi
793 3531 1060 3603 Spiritum
1091 3537 1374 3604 sanctum,
1407 3537 1621 3594 scilicet
1647 3543 1942 3611 amplexus
1969 3560 2096 3598 sum

498 3615 776 3688 Spiritum
807 3625 1093 3685 sanctum,
1135 3641 1309 3696 quem
1343 3627 1530 3683 nullus
1587 3629 1848 3684 obtinere
1887 3633 2094 3701 potest,

497 3703 544 3759 si
573 3705 762 3762 cordis
792 3724 856 3763 os
885 3710 1134 3779 claudat,
1173 3715 1235 3768 ut
1278 3714 1480 3770 Judaei.
1515 3716 1665 3771 Bene
1691 3717 1923 3788 quidem
1958 3719 2096 3773 dicit

495 3797 720 3849 attraxi.
755 3796 996 3853 Sanctus
1019 3800 1173 3854 enim
1199 3801 1463 3873 Spiritus,
1487 3808 1767 3876 quantum
2023 3808 2094 3862 ad

493 3897 657 3937 suam
691 3882 1143 3942 misericordiam
1179 3893 1388 3960 prtesto
1418 3895 1505 3946 est
1551 3909 1755 3948 omnes
1787 3893 2090 3950 illustrare.

495 3969 681 4033 Quem
708 3972 942 4043 quidem
979 3975 1084 4030 sibi
1118 3978 1376 4044 attrahit,
1403 3978 1660 4052 quisquis
1687 3997 1793 4052 per
1822 3983 1996 4038 fidem
2039 3986 2096 4038 et

496 4055 767 4114 intimam
799 4061 1168 4118 dilectionem
1201 4068 1260 4120 et
1279 4068 1515 4121 caeteras
1540 4067 1776 4124 virtutes
1796 4068 2090 4138 incedens,

493 4143 820 4214 ingressum
851 4148 1062 4205 animus
1094 4169 1210 4206 suae
1247 4169 1352 4224 per
1376 4153 1512 4208 vitia
1548 4154 1628 4209 illi
1688 4173 1803 4211 non
1857 4159 2089 4213 claudit.

495 4231 642 4296 Quia
670 4235 836 4306 ponit
863 4241 1072 4295 attraxi
1104 4241 1368 4310 spiritum,
1401 4260 1435 4296 a
1462 4241 1833 4299 similitudine
1873 4245 2088 4300 dictum

494 4323 578 4374 est
604 4325 967 4380 exaestuantis
999 4343 1012 4380 :
1049 4327 1165 4400 qui,
1193 4327 1239 4383 si
1269 4328 1325 4384 in
1358 4347 1551 4384 aerem
1569 4332 2002 4388 clementiorem
2037 4337 2096 4389 et

494 4426 727 4465 suavem
757 4411 1070 4480 devenerit,
1103 4433 1166 4471 os
1195 4416 1411 4487 aperit;
1445 4421 1504 4472 et
1540 4417 1724 4490 ipsum
1777 4437 1994 4488 aerem,
2033 4425 2095 4476 ut

494 4496 568 4566 ab
599 4513 668 4550 eo
691 4498 1083 4571 refrigeretur,
1116 4503 1222 4559 sibi
1255 4505 1509 4560 attrahit.
1527 4508 1608 4560 Ita
1625 4507 1809 4562 ﬁdelis
1829 4509 2090 4580 quisque,

493 4582 540 4636 si
579 4583 804 4640 fervore
837 4591 1270 4662 suggestionum
1317 4592 1642 4650 illicitarum
1693 4599 1984 4673 exmstuet,
2030 4614 2094 4652 os

491 4669 726 4738 animae,
783 4673 927 4730 sicut
973 4676 1190 4734 dictum
1241 4683 1348 4748 est,
1409 4681 1744 4754 aperiendo,
1812 4669 2092 4756 Spiritum

492 4762 756 4816 sanctum
781 4761 888 4818 sibi
912 4765 1202 4822 attrahere
1231 4768 1422 4824 debet.

567 4847 711 4912 Quia
735 4852 932 4906 autem
963 4852 1102 4908 dicit
1129 4872 1184 4909 os
1201 4854 1410 4912 animas
1436 4859 1640 4928 aperui,
1672 4859 1813 4914 nihil
1851 4861 1978 4933 plus
2007 4863 2092 4915 est

491 4952 666 5008 quam
706 4937 964 4995 animam
986 4941 1060 4996 ad
1089 4942 1484 5016 recipiendum
1517 4945 1793 5018 Spiritum
1825 4951 2088 5003 sanctum

2197 3179 2496 3250 injustitia,
2527 3197 2660 3235 cum
2688 3199 2820 3253 pars
2848 3198 3053 3236 eorum
3075 3183 3418 3252 completur,
3451 3199 3584 3253 pars
3623 3183 3803 3253 negli-

2199 3271 2406 3338 genter
2431 3267 2738 3323 omittitur.
2762 3270 2834 3324 Ut
2862 3272 3057 3324 autem
3085 3286 3292 3338 gressus
3321 3270 3801 3341 meidirigantur,

2199 3359 2356 3412 nulla
2386 3358 2654 3429 injustitia
2697 3356 2838 3412 mihi
2867 3358 3213 3426 donn'netur;
3247 3358 3441 3413 redime
3469 3377 3571 3425 me,
3618 3358 3676 3412 id
3713 3363 3808 3414 est

2195 3445 2381 3516 pretio
2431 3446 2634 3502 mortis
2678 3445 2910 3501 Domini
2951 3447 3082 3501 Jesu
3115 3447 3296 3501 libera
3327 3463 3422 3502 me
3452 3465 3484 3500 a
3521 3447 3806 3502 caiumm'is

2197 3533 2820 3599 hominumJudmorum
2835 3533 3808 3606 scilicet,quisimpliciterhomines

2196 3621 2634 3689 sunt,animales
2651 3637 2766 3676 non
2785 3621 3263 3693 spiritales.Quod
3277 3627 3367 3678 est
3387 3623 3576 3678 dicere
3591 3640 3605 3677 :
3618 3625 3804 3680 Judaei

2195 3709 2463 3764 homines
2484 3709 2831 3764 animaleset
2849 3709 3126 3766 increduli
3152 3727 3245 3766 me
3270 3711 3720 3777 calumniantur,
3743 3712 3805 3766 id

2193 3800 2280 3853 est
2309 3796 2449 3852 mihi
2483 3798 2883 3864 adversantur,
2917 3798 3134 3853 bonum
3153 3799 3520 3855 intellectum
3556 3803 3614 3854 et
3657 3817 3805 3870 opus

2193 3903 2390 3942 meum
2421 3886 2808 3942 convertendo
2829 3885 2886 3940 in
2912 3889 3161 3942 malum:
3179 3906 3213 3942 a
3229 3875 3477 3960 quorum
3495 3887 3802 3943 calumniis

2195 3992 2290 4030 me
2313 3975 2514 4045 libera,
2542 3991 2612 4029 ne
2639 3992 2740 4046 per
2762 3991 2824 4029 ea
2849 4008 2858 4025 ν
2880 3974 3166 4030 deliciam.
3220 3977 3286 4030 Et
3313 3977 3650 4048 redemptus
3677 3995 3800 4030 cas-

2192 4065 2395 4118 todiam
2410 4063 2669 4118 mandata
2683 4070 2879 4128 taa,ea
2895 4079 3070 4135 opere
3093 4065 3461 4137 compleudo;
3478 4081 3605 4137 qua:
3628 4066 3800 4120 aliter

2193 4168 2308 4206 non
2323 4168 2451 4206 com
2461 4151 3066 4224 plerem.Determinat
3077 4154 3269 4206 autem
3286 4153 3581 4224 quomodo
3594 4157 3719 4207 oret
3732 4153 3796 4208 in

2191 4257 2249 4294 se
2267 4239 2460 4312 aspici,
2480 4256 2610 4293 cum
2633 4239 2896 4309 superius
2909 4238 3116 4294 dixerit
3144 4257 3157 4294 :
3187 4239 3387 4311 Aspice
3417 4243 3474 4294 in
3493 4257 3590 4296 me.
3626 4242 3795 4296 Oravi

2191 4329 2361 4398 aspice
2400 4330 2458 4384 in
2485 4343 2587 4389 nte,
2611 4331 2668 4381 et
2715 4328 2821 4382 hoc
2853 4327 3025 4382 modo
3060 4328 3296 4400 quidem
3324 4329 3546 4402 aspice:
3577 4329 3802 4387 Facith

2194 4417 2456 4471 videlicet
2471 4425 2625 4472 tuam
2653 4417 3068 4488 illuminasuper
3090 4433 3302 4474 seruum
3320 4425 3493 4484 tuum,
3531 4419 3588 4472 id
3611 4422 3696 4474 est
3724 4421 3796 4473 il-

2191 4504 2632 4560 luminationem
2647 4503 2810 4559 faciei
2833 4508 2942 4560 tua,
2961 4522 3109 4576 pone
3130 4506 3479 4578 in'superiori
3496 4510 3657 4577 parte
3673 4525 3796 4561 ser-

2192 4594 2242 4648 vi
2265 4594 2487 4660 tui,mci
2505 4593 2747 4658 scilicet,
2769 4593 2822 4648 id
2843 4597 2929 4648 est
2951 4593 3004 4648 in
3030 4593 3247 4649 anima.
3268 4595 3432 4659 Quod
3453 4600 3537 4650 est
3553 4596 3744 4650 dicere
3775 4613 3792 4651 :

2191 4684 2274 4738 Da
2301 4683 2441 4737 mihi
2475 4681 2965 4738 illuminationem
2995 4683 3114 4738 Filii
3149 4683 3250 4750 tui,
3283 4687 3344 4738 ut
3371 4701 3462 4739 me
3493 4685 3550 4739 in
3596 4685 3798 4740 anima

2190 4770 2477 4826 illuminet
2506 4771 2828 4837 intellectu;
2859 4773 2957 4842 qui
2987 4771 3158 4827 facies
3176 4775 3270 4826 tua
3295 4772 3525 4839 dicitur,
3549 4790 3618 4828 eo
3634 4773 3792 4844 quod

2189 4878 2293 4932 per
2320 4877 2452 4914 eum
2487 4859 2765 4916 visibilem
2780 4860 2996 4915 factum
3018 4861 3089 4915 ab
3109 4861 3382 4916 omnibus
3397 4861 3791 4932 cognosceris,

2187 4966 2320 5004 cum
2351 4949 2652 5004 invisibilis
2682 4950 2779 5017 sis,
2809 4949 2954 5004 sicut
2977 4966 3082 5021 per
3103 4950 3311 5005 faciem
3345 4953 3498 5006 totus
3513 4952 3797 5007 homoeo-

487 5028 841 5098 praaparavi;
871 5030 971 5086 sed
997 5047 1032 5085 a
1055 5029 1428 5088 similitudine
1458 5036 1818 5092 exaestuantis
1857 5036 2084 5105 dicitur,
2187 5036 2503 5109 gnoscitur.
2535 5036 2612 5090 Et
2638 5053 2741 5108 per
2783 5037 3268 5094 illuminationem
3317 5037 3485 5094 faciei
3526 5041 3638 5094 tua:
3666 5039 3796 5095 doce

490 5112 609 5185 qui,
633 5115 871 5185 ceujam
891 5117 1108 5174 dictum
1130 5123 1234 5187 est,
1257 5137 1321 5176 os
1350 5121 1424 5176 ad
1449 5138 1646 5178 aerem
1677 5123 2086 5180 attrahendum
2181 5141 2264 5180 me
2292 5126 2698 5200 justi/icatjunes
2740 5133 2878 5192 tuas,
2920 5127 2978 5181 id
3033 5128 3292 5197 estjusta
3349 5131 3638 5200 praecepta
3692 5132 3796 5184 tua

490 5201 694 5272 aperit.
712 5203 822 5257 Per
842 5204 951 5260 hoc
969 5209 1164 5262 autem
1186 5205 1467 5279 Spiritum
1489 5213 1754 5265 sanctum
1795 5212 2086 5268 attrahere
2181 5215 2307 5268 doce
2333 5232 2435 5282 me,
2688 5216 2746 5268 et
2764 5215 3078 5270 secundum
3095 5197 3389 5272 scientiam
3405 5197 3794 5272 etsecundum

488 5289 849 5362 merui,quia
875 5295 1133 5350 mandata
1165 5303 1278 5364 tua,
1309 5297 1368 5352 id
1395 5301 1479 5352 est
1511 5315 1678 5354 novas
1702 5298 1844 5370 legis
1859 5317 1986 5371 quae
2001 5301 2088 5355 de-
2187 5303 2608 5374 operationem.
2643 5304 2736 5358 Vel
2768 5304 2892 5358 doce
2921 5320 3002 5360 me
3027 5304 3450 5375 iustiﬁcationes
3491 5322 3610 5360 esse
3651 5313 3791 5372 tuas,

484 5378 785 5436 siderabam
814 5384 1130 5455 complere,
1163 5402 1281 5440 non
1317 5403 1384 5440 ea
1410 5387 1775 5458 repuli,sicut
1800 5388 1980 5443 ,πιλάωί
1999 5391 2087 5444 in-
2187 5391 2244 5446 id
2273 5394 2357 5445 est
2386 5391 2496 5446 hoc
2525 5391 2680 5462 quod
2710 5393 2836 5463 quis
2860 5392 3213 5462 justilicatur
3243 5393 3299 5447 in
3335 5394 3794 5464 praeceptistuis.

489 5465 728 5522 creduli.
755 5467 950 5524 Nullus
971 5471 1183 5542 quippe
1197 5471 1474 5544 Spiritum
1499 5478 1760 5530 sanctum
1779 5475 1882 5530 sibi
1902 5479 2088 5546 potest
2187 5495 2254 5532 ex
2285 5483 2340 5533 te
2381 5497 2494 5534 non
2520 5495 2585 5533 ex
2608 5496 2666 5534 se
2685 5481 3051 5551 justiticatur.
3083 5482 3177 5536 Vel
3211 5481 3288 5536 sic
3312 5499 3511 5536 versus
3541 5482 3646 5536 iste
3659 5498 3798 5540 con-

489 5554 802 5623 attrahere,
837 5557 946 5612 nisi
969 5557 1254 5615 desideret
1283 5563 1340 5614 et
1377 5561 1759 5634 amplectatur
1799 5570 2087 5637 praecepta
2193 5566 2448 5623 tinuatur
2471 5571 2531 5623 ut
2567 5569 2854 5624 sententia
2882 5585 2998 5624 non
3032 5573 3328 5624 mutetur:
3365 5571 3434 5626 Ut
3461 5570 3724 5626 redimar
3761 5618 3796 5656 ἃ
