4016 6030
236 313 377 393 tam

1175 327 1533 393 EXPOSI’I‘IO
1572 335 1640 392 IN
1679 332 2013 394 PSALMOS.
2055 363 2123 380 -ι
2166 331 2361 396 PSAL.
2407 333 2609 395 CXVlli

3408 331 3428 395 l
3443 336 3548 396 302

238 459 527 517 calumniis
564 457 858 526 hominum,
879 455 1076 529 faciem
1117 461 1266 514 luam
1300 459 1567 530 illumina,
1609 464 1716 517 etc.
1743 460 1841 517 Vel
1858 467 1918 526 Ἀ
1941 465 1999 518 et
2003 462 2346 534 justum.Vel
2363 463 2493 518 ideo
2516 457 2672 535 quod
2705 475 2839 516 vera
2855 459 2925 516 sit
2947 458 3003 516 in
3021 457 3398 534 promissione
3416 462 3554 518 bea-

238 549 323 604 sic
349 549 716 606 continuatur
745 562 758 601 :
791 545 980 614 Oravi,
1013 549 1203 619 aspice,
1237 567 1340 604 oro
1373 567 1601 622 quoque
1644 551 1840 620 faciem

242 645 396 692 tuam
423 637 888 704 illumina,etc.Ne
911 653 1044 692 vero
1077 637 1366 692 videretur
1387 655 1490 709 pro
1506 643 1845 710 contemptu

242 730 305 782 et
337 724 703 796 depressione
749 725 1080 780 Judzeorum
1145 729 1203 781 et
1233 743 1336 798 pro
1367 727 1451 780 sui
1483 727 1731 783 elatione
1761 745 1848 782 sn-

241 813 476 888 periora
503 812 727 878 dixisse,
756 813 1005 868 ostendit
1029 831 1090 868 se
1131 815 1200 869 de
1224 817 1482 884 ipsorum
1511 832 1708 870 e;rore
1729 817 1846 871 val-

241 903 317 958 de
346 901 728 966 condoluisse,
755 901 833 956 sic
863 919 874 956 :
920 902 1033 956 Hoc
1060 903 1216 974 quod
1245 903 1381 967 dixi,
1420 904 1688 970 Domine,
1723 905 1846 957 ani-

239 1006 335 1044 ma
367 1009 482 1044 mea
511 997 747 1044 scrutata
770 997 843 1044 est
875 993 1170 1045 testimonia
1192 997 1304 1056 tua,
1341 995 1397 1046 et
1417 1011 1472 1044 os
1496 1007 1672 1046 meum
1709 1010 1846 1062 ape-

242 1079 356 1146 rui,
397 1079 554 1150 quod
581 1079 761 1133 Judaei
797 1096 912 1133 non
943 1079 1224 1145 fecerunt,
1253 1082 1490 1151 etquod
1529 1081 1685 1134 oravi
1717 1082 1854 1135 recli-

245 1183 423 1222 meme
439 1184 471 1220 a
501 1167 781 1220 calumniis
803 1167 1278 1234 .ludteorummon
1297 1167 1409 1222 dixi
1437 1167 1508 1222 ad
1532 1184 1732 1222 eorum
1762 1169 1857 1223 de-

249 1255 634 1326 pressionem,
665 1257 723 1309 et
754 1254 869 1309 mei
897 1255 1210 1310 elationem
1235 1273 1248 1310 :
1273 1273 1405 1310 cum
1438 1273 1638 1310 eorum
1671 1256 1854 1310 errori

251 1344 400 1399 adeo
428 1360 758 1414 compassus
787 1343 916 1409 sim,
945 1343 1100 1414 quod
1129 1345 1268 1398 oculi
1297 1347 1400 1398 mei
1427 1344 1738 1400 exteriores
1765 1346 1854 1400 dc-

250 1435 537 1499 tluxerunt,
573 1431 629 1486 id
655 1434 740 1486 est
776 1432 929 1488 foras
959 1433 1242 1487 miserunt
1269 1437 1438 1487 exitus
1469 1451 1764 1506 aquarum,
1801 1434 1858 1488 id

254 1525 343 1575 est
373 1537 649 1592 magnam
680 1519 907 1592 cupiam
953 1521 1360 1592 lacrymarum.
1397 1523 1560 1586 Quod
1591 1525 1676 1576 est
1705 1522 1856 1576 dice-

255 1627 320 1664 re
349 1626 360 1663 :
397 1609 569 1662 Valde
606 1609 735 1662 [levi
767 1625 871 1680 pro
899 1609 1000 1674 eis,
1029 1612 1155 1680 quia
1179 1626 1288 1664 non
1313 1611 1672 1665 custodierunt
1697 1611 1862 1678 legem

258 1707 434 1764 tuam,
467 1697 718 1752 nolendo
748 1713 879 1751 eam
929 1695 1250 1769 intelligere
1281 1699 1634 1770 spiritaliter.
1660 1698 1856 1752 Exitus

1947 551 2206 606 titudinis
2221 555 2474 607 aeternae.
2489 551 2578 606 Vel
2603 551 2679 606 sic
2699 567 2713 605 :
2737 549 3358 615 Mandastimihinimis,
3395 551 3451 607 id
3472 551 3557 606 est

1947 641 2066 695 solo
2081 641 2356 695 mandato
2374 640 2456 694 vol
2469 639 2806 694 unlatistua:
2826 639 3032 694 dedisti
3049 639 3188 693 mihi
3205 640 3551 708 valde,etse-

1947 729 2199 782 cundum
2215 729 2572 784 intellectum
2588 732 2647 782 et
2659 727 2971 782 secundum
2994 727 3389 798 operationem
3401 728 3559 793 ,veri-

1951 820 2128 871 tatem
2149 817 2390 882 tuam,id
2407 819 2491 871 est
2504 819 2694 888 legem
2710 815 3120 880 novam.Quod
3135 819 3222 870 est
3237 816 3557 871 dicerezFe-

1951 905 2070 960 cisti
2099 923 2191 960 me
2209 905 2367 960 valde
2389 905 2714 976 intelligere
2733 907 2790 958 et
2805 905 3099 976 complere
3112 903 3468 959 verissimam
3483 902 3560 958 lé-

1953 1011 2086 1064 gem
2103 997 2260 1047 tuam
2274 1011 2480 1048 novam
2494 1034 2506 1046 .
2537 995 2646 1047 Per
2661 993 2769 1047 hoc
2787 996 2980 1046 autem
3001 993 3156 1064 quod
3175 992 3314 1047 mihi
3338 993 3556 1047 manda-

1953 1084 2023 1137 sti
2037 1083 2298 1150 justitiam
2321 1087 2378 1136 et
2398 1085 2668 1136 veritatem
2919 1083 3160 1152 apparet
3175 1080 3306 1153 quia
3312 1081 3493 1150 justus
3511 1098 3562 1135 es

1956 1171 2266 1236 Domine,in
2288 1173 2568 1225 naturaet
2593 1189 2705 1224 non
2733 1172 2916 1225 solum
2941 1171 3120 1241 justus
3147 1170 3204 1224 in
3224 1175 3430 1226 natura
3461 1171 3563 1225 sed

1958 1265 2006 1314 et
2025 1267 2250 1324 rectum,
2280 1264 2363 1312 est
2378 1260 2649 1330 judicium
2679 1259 2915 1326 tuum,id
2934 1261 3022 1312 est
3050 1262 3266 1313 rectum
3288 1262 3374 1313 est
3400 1258 3564 1330 quid-

1961 1347 2331 1419 quidjudicas
2354 1349 2490 1402 dare
2513 1351 2570 1400 et
2592 1345 3566 1418 disponis.Mandasti,inquam,mi-

1961 1437 2017 1490 bi
2045 1437 2452 1506 veramlegem
2493 1439 2647 1489 tuam
2675 1435 2746 1488 ad
2791 1435 3233 1506 intelligendum
3285 1438 3344 1489 et
3385 1451 3564 1506 opere

1961 1526 2392 1597 complendum.
2429 1525 2566 1580 Inde
2589 1541 2722 1580 vero
2745 1523 3111 1594 comprobari
3133 1525 3322 1596 potest
3344 1540 3436 1578 me
3467 1539 3568 1578 no-

1961 1632 2090 1668 vam
2105 1615 2295 1684 legem
2319 1613 2480 1667 valde
2503 1613 2797 1683 complere
2815 1611 3103 1684 quia,cum
3121 1613 3240 1684 ipsa
3253 1611 3570 1682 jubeatini-

1965 1703 2143 1758 micos
2168 1703 2428 1774 diligere,
2461 1718 2570 1772 ego
2607 1701 2665 1754 in
2692 1704 2916 1755 tantum
2936 1700 3112 1772 diligo
3130 1701 3408 1772 eos,quod
3425 1701 3562 1755 zelus

255 1803 520 1857 aquarum
543 1783 778 1856 ponitur
819 1802 920 1856 pro
957 1785 1124 1857 copia
1168 1788 1576 1858 lacrymarum,
1606 1805 1674 1841 eo
1708 1786 1864 1858 quod
1893 1802 1943 1860 Β
1963 1791 2189 1853 meus,id
2214 1794 2298 1845 est
2317 1789 2527 1844 nimius
2549 1806 2714 1844 amor
2737 1806 2898 1844 meus
2913 1789 3286 1860 quemliaheo
3310 1805 3449 1860 erga
3477 1789 3560 1859 ip-

259 1873 532 1929 usualiter
563 1873 754 1928 dicere
781 1873 1037 1928 solemus
1060 1877 1230 1928 exitus
1258 1893 1528 1948 aquarum
1561 1875 1655 1929 ubi
1697 1892 1863 1947 aquae

255 1963 416 2033 large
448 1962 519 2016 de
550 1961 804 2016 fontibus
825 1964 1099 2016 exeuntes
1127 1963 1479 2018 redundant.

331 2050 476 2104 Sane
497 2049 712 2120 iustitia
755 2048 869 2103 sive
897 2051 1182 2105 consolatio
1215 2051 1650 2122 interpretatur.
1693 2053 1864 2107 Com-

262 2141 526 2211 petenter
545 2137 717 2209 igitur
739 2137 906 2208 hujus
931 2139 1196 2194 clausulae
1221 2157 1485 2194 versuum
1508 2143 1592 2196 est
1611 2141 1866 2207 initium,

264 2227 324 2281 in
352 2244 466 2298 qua
482 2226 682 2280 ﬁdeles
707 2228 888 2280 Deum
903 2225 1126 2297 justum
1149 2245 1270 2282 esse
1288 2229 1756 2292 ostendunt,cu1n
1786 2228 1867 2283 eis

255 2314 540 2387 justitiam
567 2331 730 2369 suam
766 2314 1012 2381 dederit,
1046 2315 1261 2370 scilicet
1291 2317 1622 2372 testimonia
1660 2316 1867 2372 veteris

261 2404 426 2476 legis,
459 2421 585 2475 quze
599 2420 768 2458 causa
789 2404 968 2458 esteis
980 2403 1426 2475 justiﬁcationis.
1452 2407 1531 2460 De
1553 2423 1666 2478 qua
1682 2405 1866 2476 adipi-

260 2493 472 2548 scenda
484 2492 542 2547 in
561 2492 840 2562 superiori
852 2494 1042 2547 clausa
1057 2495 1716 2550 oravermit.0stendunt
1731 2511 1870 2565 quo-

261 2597 373 2652 que
395 2579 477 2635 eis
497 2581 694 2636 datam
717 2597 920 2635 novam
942 2583 1334 2653 legem.quam
1353 2581 1526 2636 nimis
1542 2582 1872 2637 custodiunt

262 2669 407 2724 adeo
436 2673 496 2724 ut
517 2669 692 2724 etiam
717 2668 978 2724 inimicos
999 2669 1372 2742 diligant,pro
1389 2689 1636 2742 quorum
1651 2688 1867 2737 errore,

263 2757 464 2812 dolore
482 2757 1015 2812 tabescunt.Dicunt
1030 2757 1205 2812 etiam
1223 2759 1376 2830 quod
1394 2759 1524 2814 licet
1540 2759 1612 2813 ab
1629 2743 1883 2813 inimicis.

269 2844 586 2917 contempti
614 2845 728 2899 sint
759 2847 816 2898 et
866 2845 1267 2900 tribulationes
1296 2850 1353 2900 et
1391 2845 1685 2917 angustias
1723 2844 1871 2916 passi

268 2932 402 2998 sint,
445 2934 639 2986 tamen
665 2949 778 2986 non
805 2931 933 2987 ideo
972 2949 1182 2987 novam
1205 2951 1393 3004 neque
1409 2937 1664 2988 veterem
1684 2934 1871 3003 legem

269 3020 432 3076 obliti
445 3021 740 3092 sunt,quia
754 3019 887 3092 ipsa:
905 3021 1270 3092 suntiustitia
1281 3025 1338 3076 et
1351 3021 1624 3076 veritaset
1637 3021 1875 3092 inquitas

277 3110 628 3164 deducentes
657 3111 1043 3182 completores
1071 3110 1271 3164 suosin
1293 3114 1598 3164 aitcrnum.
1625 3109 1764 3164 Cum
1779 3127 1876 3163 au-

269 3201 385 3252 tem
396 3197 419 3268 j
430 3197 662 3252 ndicant
676 3197 781 3253 sibi
795 3199 983 3269 legem
1000 3201 1302 3270 utramque
1316 3203 1373 3254 et
1384 3198 1697 3253 secundum
1715 3198 1876 3252 intel-

268 3286 480 3340 lectum
493 3287 552 3340 et
567 3285 882 3350 secundum
901 3285 1300 3358 operationem
1314 3285 1510 3340 datam
1533 3302 1876 3354 esse,conso-

271 3374 549 3430 lationem
583 3391 705 3429 scse
739 3373 1056 3428 maximam
1075 3375 1132 3428 in
1171 3375 1282 3430 hoc
1299 3375 1610 3430 ostendunt
1635 3374 1874 3446 adeptos

268 3462 572 3522 fuisse.Mul
585 3465 704 3516 tum
718 3462 876 3517 enim
894 3462 1050 3517 estin
1069 3463 1418 3518 conscientia
1431 3464 1758 3518 consolatus
1775 3461 1873 3534 qui

269 3549 407 3607 boni
427 3549 749 3604 intellectus
767 3553 825 3605 et
841 3551 1008 3606 home
1027 3551 1380 3621 operationis
1399 3554 1484 3605 est
1497 3551 1872 3606 concius.Hoc

271 3642 461 3694 autem
483 3655 552 3694 θ).
574 3638 899 3694 intentione
913 3639 1173 3694 referunt
1191 3638 1252 3693 in
1270 3640 1533 3710 exemplo
1546 3639 1630 3692 sui
1648 3638 1871 3692 audito-

273 3744 364 3782 res
377 3726 619 3782 invitent
637 3727 710 3781 ad
729 3727 880 3781 hanc
899 3727 1166 3781 eamdem
1183 3727 1770 3799 consolationem,per
1793 3725 1876 3779 in-

273 3815 566 3872 tellectum
588 3818 645 3870 et
686 3815 1083 3887 operationem
1109 3815 1560 3888 utriusquelegis
1577 3815 1872 3886 inquiren-

275 3903 407 3959 dam
418 3945 430 3958 .

343 3992 530 4048 Justus
549 4009 619 4058 es,
652 3991 901 4058 Domine,
944 3996 1051 4048 etc.
1081 3992 1385 4048 Secundus
1415 3991 1584 4062 hujus
1611 3991 1875 4045 clausulae

274 4098 464 4136 versus
485 4081 562 4135 sic
585 4081 1452 4153 priuslcgitur,etsuperioribus
1471 4077 1871 4151 conjungitur:

279 4171 466 4232 Oraci,
497 4169 747 4235 Domine,
771 4172 942 4240 aspice
971 4173 1028 4224 in
1055 4188 1156 4236 me,
1190 4174 1248 4226 et
1281 4187 1490 4241 gressus
1511 4187 1649 4224 meos
1685 4169 1874 4238 dirige,

279 4259 474 4312 redime
503 4277 604 4325 me,
634 4277 667 4311 α
703 4259 994 4314 calumniis
1022 4260 1324 4327 hominum,
1351 4267 1398 4314 et
1421 4261 1616 4328 faciem
1639 4269 1786 4312 tuam
1820 4257 1880 4311 il-

1967 1881 2211 1949 sos,/ecit
2222 1895 2302 1933 me
2319 1877 2657 1944 tabcsccre,id
2669 1880 2754 1931 est
2779 1893 2992 1947 magno
3009 1893 3224 1948 angore
3239 1877 3483 1931 deﬁcere
3509 1877 3568 1930 in

1969 1969 2164 2024 anima
2185 1984 2289 2039 pro
2324 1966 2474 2039 ipsis,
2506 1968 2634 2038 quia
2658 1967 2863 2020 inimici
2899 1967 3005 2020 mei
3043 1964 3222 2019 Judaei
3263 1965 3420 2020 obliti
3437 1969 3564 2017 sunt

1967 2059 2127 2112 verba
2151 2057 2394 2110 tua.Non
2409 2054 2546 2109 dicit
2559 2055 2710 2108 obliti
2733 2054 2886 2125 quod
2903 2071 2970 2108 ea
2983 2051 3378 2117 sciverint,sed
3399 2051 3556 2107 idem

1908 2192 1918 2203 ,
1969 2149 2052 2201 est
2083 2163 2147 2200 ac
2173 2145 2218 2199 si
2244 2143 2397 2199 dicat
2425 2144 2799 2214 neglexerunt
2821 2142 2975 2198 verba
3017 2149 3132 2208 tua,
3167 2140 3380 2195 scilicet
3410 2155 3560 2211 prie-

1969 2235 2134 2304 cepta
2155 2231 2449 2302 utriusque
2472 2229 2646 2302 legis:
2671 2247 2704 2284 a
2734 2227 3109 2284 similitudine
3140 2228 3289 2282 illius
3310 2227 3405 2300 qui
3426 2227 3570 2282 illud

1969 2321 2147 2376 tradit
2197 2318 2468 2376 oblivioni
2503 2317 2657 2390 quod
2683 2317 2940 2389 negligit.
2969 2315 3103 2372 Dico
3136 2316 3292 2388 quod
3313 2316 3570 2370 tabescere

1967 2427 2050 2465 me
2067 2409 2195 2480 fecit
2231 2407 2370 2462 zelus
2394 2405 2694 2468 meus,ideo
2715 2407 2842 2477 quia
2890 2407 3098 2461 inimici
3123 2405 3230 2460 mei
3251 2403 3410 2458 obliti
3446 2409 3574 2458 sunt

1969 2500 2128 2555 verba
2141 2503 2252 2551 tua.
2273 2495 2339 2550 Et
2357 2511 2488 2550 vere
2509 2494 2919 2548 tabescendum
2951 2495 3036 2547 est
3059 2509 3162 2564 pro
3185 2492 3286 2554 eis,
3310 2508 3379 2546 eo
3413 2491 3566 2563 quod

1972 2604 2086 2642 non
2119 2583 2446 2641 custodiant
2477 2585 2763 2653 praecepta
2795 2585 2910 2647 tua,
2930 2580 3216 2652 .quoniam
3245 2581 3473 2648 ignitum
3487 2579 3575 2632 est

1971 2677 2236 2747 eloquium
2260 2680 2412 2726 tuum
2439 2673 2786 2736 cehementer,
2815 2669 2872 2723 id
2904 2671 2988 2724 est
3017 2671 3368 2740 praeceptum
3405 2671 3570 2721 tuum

1973 2765 2206 2835 igneum
2239 2763 2344 2826 est,
2389 2775 2734 2813 consumens
2786 2756 3001 2811 scilicet
3025 2756 3187 2810 valde
3219 2755 3276 2809 in
3310 2755 3575 2808 fidelibus

1975 2849 2376 2924 peccaminum
2407 2848 2624 2914 sordes,
2657 2849 2714 2900 et
2742 2845 3075 2900 illuminans
3105 2844 3162 2898 in
3194 2843 3579 2902 intellectu,et

1973 2937 2189 2993 faciens
2217 2952 2314 2991 eos
2343 2933 2584 2990 interius
2611 2932 2890 2988 charitate
2915 2933 3200 2986 ferventes
3231 2931 3303 2986 ad
3332 2929 3575 2985 modum

1975 3027 2126 3098 ignis
2151 3025 2246 3097 qui
2277 3022 2586 3088 consumit,
2616 3025 2673 3076 et
2699 3021 3004 3086 illuminat,
3037 3023 3094 3073 et
3115 3020 3314 3073 fervet.
3346 3019 3414 3071 Et
3441 3033 3574 3071 cum

1977 3116 2121 3170 adeo
2156 3113 2290 3168 utile
2313 3111 2386 3166 sit
2413 3110 2709 3182 eloquium
2739 3108 3094 3174 tuum,valde
3124 3107 3470 3162 damnosum
3497 3105 3580 3160 eis

1977 3207 2062 3258 est
2075 3219 2201 3257 rem
2219 3201 2299 3255 ita
2324 3200 2524 3255 utilem
2549 3197 2817 3252 amittere
2840 3213 2906 3251 ex
2925 3194 3574 3266 negligentiannitum,

1976 3293 2240 3363 inquam,
2260 3289 2527 3361 eloquium
2541 3292 2695 3342 tuum
2720 3285 2876 3358 quod
2901 3285 2974 3339 ab
2992 3283 3243 3339 inimicis
3268 3282 3580 3354 negligitur

1976 3385 2034 3436 et
2061 3396 2191 3434 cum
2217 3377 2468 3450 ignitum
2499 3376 2575 3431 sit
2594 3392 2774 3430 servus
2801 3381 2919 3428 tuus
2953 3373 3139 3428 dilexit
3162 3371 3312 3440 illud,
3346 3387 3458 3442 ago
3496 3369 3578 3424 vi-

1977 3468 2182 3523 delicet
2209 3465 2306 3538 qui
2353 3481 2480 3519 sum
2539 3464 2700 3519 omni
2740 3461 2915 3518 modo
2949 3460 3052 3516 tibi
3084 3459 3360 3516 obediens
3410 3462 3468 3513 et
3517 3458 3577 3512 in

1976 3555 2134 3610 nullo
2160 3554 2463 3608 resultans.
2522 3553 2631 3606 Per
2675 3551 2784 3606 hoc
2811 3553 3006 3605 autem
3037 3548 3191 3620 quod
3221 3547 3363 3602 illud
3391 3546 3578 3612 dilexi,

1974 3644 2156 3698 lactus
2180 3657 2306 3696 sum
2338 3639 2771 3704 adolescentulus,
2804 3637 2863 3692 id
2892 3640 2978 3690 est
3023 3637 3187 3691 valde
3227 3633 3473 3706 juvenis,
3505 3633 3580 3686 vi-

1977 3730 2184 3787 delicet
2213 3726 2530 3784 conformis
2560 3743 2708 3780 novo
2740 3724 2964 3780 homini
2994 3723 3242 3789 Christo,
3273 3737 3379 3793 per
3399 3719 3576 3774 virtu-

1975 3822 2081 3886 tes,
2115 3817 2212 3890 qui
2243 3820 2418 3871 antea
2449 3813 2764 3870 conformis
2791 3829 2952 3868 eram
2967 3811 3148 3866 veteri
3179 3827 3285 3882 per
3313 3809 3468 3863 vitia.

2047 3903 2887 3975 Adolescentul-us,inquam,sum
2903 3918 2996 3971 ego
3027 3907 3076 3955 et
3095 3899 3228 3954 licet
3247 3899 3579 3953 adolescen-

1979 3997 2149 4062 tulus,
2179 3998 2376 4049 tamen
2403 3993 2558 4064 quod
2591 3991 2834 4046 minime
2865 3989 3090 4044 videtur
3121 3987 3331 4053 dicere,
3365 4003 3491 4041 sum
3506 3984 3580 4039 ab

1979 4083 2226 4140 inimicis
2252 4082 2465 4136 Judieis
2493 4087 2908 4151 contemptus,eo
2931 4077 3086 4149 quod
3111 4078 3299 4148 legem
3327 4075 3581 4130 veterem

1978 4171 2313 4244 spiritaliter
2343 4169 2750 4241 intelligam,et
2781 4167 2935 4239 quod
2963 4168 3151 4238 legem
3176 4180 3386 4219 novam
3409 4161 3582 4218 susci-

1982 4263 2158 4334 piam.
2195 4261 2261 4314 Et
2289 4259 2422 4314 licet
2439 4257 2544 4312 sim
2568 4275 2638 4312 ea
2659 4255 2958 4311 occasione
2973 4259 3320 4324 contemptus,
3362 4268 3469 4303 non
3495 4253 3580 4302 ta-

279 4347 487 4402 lumina
515 4365 667 4418 super
692 4365 901 4400 servum
941 4354 1112 4412 tuum,
1137 4351 1193 4401 et
1217 4365 1346 4402 ecce
1393 4347 1470 4402 im
1481 4346 1694 4418 petravi
1723 4345 1880 4418 quod
1901 4321 1954 4380 D
1983 4368 2114 4406 men
2138 4349 2268 4404 ideo
2283 4363 2400 4402 sum
2427 4347 2620 4401 oblitus
2639 4345 3206 4415 justi'ﬁcati'onestuas,
3240 4339 3296 4392 id
3327 4343 3414 4391 est
3430 4336 3586 4405 jusla

283 4435 608 4492 0ravi..\'am
624 4438 681 4490 tu
703 4435 974 4488 mandasti
977 4435 1251 4504 justitiam
1266 4437 1567 4487 testia-iunia
1597 4434 1774 4499 tua,id
1797 4435 1884 4487 est

283 4527 402 4581 solo
439 4525 714 4580 mandato
730 4523 1036 4578 voluntatis
1055 4525 1164 4577 tuae
1187 4521 1393 4577 dedisti
1411 4521 1701 4590 justitiam
1719 4519 1880 4586 mihi,

289 4612 504 4668 scilicet
525 4595 857 4667 testimonia
879 4616 996 4678 tua,
1027 4611 1083 4666 id
1119 4609 1424 4665 estdedisti
1453 4609 1728 4664 mihisolo
1743 4609 1884 4663 velle

285 4707 382 4756 tuo
401 4705 686 4773 przecepta
703 4705 798 4755 tua
811 4701 1016 4755 veteris
1037 4700 1197 4771 legis.
1227 4699 1611 4754 etsecundum
1630 4697 1883 4752 intellec-

284 4793 411 4842 tum
429 4793 486 4842 et
507 4789 822 4843 secundum
839 4789 1172 4859 operatione
1185 4805 1263 4854 m;
1293 4805 1421 4860 qua!
1441 4804 1545 4858 per
1561 4785 1887 4856 emphasim

289 4875 584 4945 dicunturj
597 4875 878 4940 ustitia,eo
897 4877 1212 4948 quodjusta
1224 4877 1612 4931 nimissuntet
1624 4871 1892 4929 homines

281 4962 675 5035 justiﬁcantia.
709 4963 852 5018 Cum
871 4965 1010 5018 dicit
1037 4965 1326 5028 mandasti,
1353 4980 1629 5035 magnam
1649 4979 1770 5016 esse
1795 4959 1894 5015 Dei

286 5050 834 5125 potentiaminnuit,
863 5053 962 5124 qui
983 5055 1104 5108 solo
1124 5054 1406 5108 mandato
1427 5051 1739 5108 voluntatis
1770 5066 1888 5104 sua:

291 5141 390 5196 dat
429 5141 850 5212 praeceptorum
887 5157 1125 5195 suorum
1149 5141 1501 5197 intellectum
1526 5144 1586 5194 et
1609 5138 1894 5211 Operatio-

294 5245 451 5286 ncm.
491 5227 795 5295 Mandasti,
825 5229 1086 5300 inquam,
1121 5231 1418 5284 testimonia
1446 5234 1544 5282 tua
1584 5233 1797 5283 vetera.
1825 5227 1900 5280 Et

295 5316 472 5371 etiam
497 5316 782 5371 mandasti
804 5317 946 5371 mihi
965 5319 1236 5371 veritatem
1257 5324 1404 5371 luam
1423 5319 1604 5382 uimis,
1631 5316 1686 5370 id
1707 5318 1792 5370 est
1814 5315 1898 5368 ni-

299 5405 478 5460 miam
494 5405 768 5460 veritatem
783 5411 951 5472 tuam,
973 5405 1404 5460 scilicetnovam
1432 5407 1778 5476 legem,quae
1799 5420 1901 5474 per

301 5491 626 5565 emphasim
645 5491 852 5548 dicitur
869 5493 1050 5548 nimia
1071 5493 1294 5554 veritas,
1318 5511 1386 5548 eo
1408 5493 1562 5564 quod
1585 5492 1746 5546 valde
1770 5507 1904 5545 vera

305 5581 459 5648 sit,id
481 5580 591 5655 estj
605 5585 748 5651 usta,
775 5579 917 5636 nihil
938 5581 1275 5655 praecipiens
1297 5580 1408 5638 nisi
1429 5581 1586 5653 quod
1612 5597 1809 5636 verum
1835 5581 1908 5635 sit

1983 4440 2270 4508 prmecpta
2301 4435 2594 4504 utriusque
2627 4432 2769 4502 legis
2793 4450 2805 4484 :
2832 4433 2889 4483 et
2918 4427 3128 4482 idcirco
3156 4443 3274 4479 non
3297 4440 3423 4478 sum
3445 4421 3586 4478 obli-

1987 4531 2074 4580 lns
2102 4527 2358 4579 veterem
2392 4523 2601 4590 legem,
2631 4519 2765 4589 quia
2765 4517 2984 4588 justitia
3000 4522 3111 4580 tua,
3139 4513 3198 4568 id
3217 4515 3301 4568 est
3317 4515 3475 4566 vetus
3494 4512 3582 4565 lex

1985 4630 2112 4684 quae
2137 4609 2453 4682 justissima
2477 4611 2562 4660 est
2592 4609 2649 4660 et
2677 4622 2711 4658 a
2739 4609 2794 4659 te
2821 4604 2957 4659 data
2986 4606 3070 4658 est
3111 4602 3324 4673 iustitia
3362 4601 3417 4653 in
3440 4605 3588 4654 aeter-

1986 4715 2136 4764 num,
2167 4697 2379 4751 ducens
2403 4711 2500 4749 eos
2516 4694 2612 4765 qui
2639 4709 2770 4748 eam
2798 4691 3129 4764 spiritaliter
3173 4688 3502 4759 intelligunt
3529 4687 3588 4740 et

1989 4787 2304 4858 complent.
2333 4783 2408 4838 Et
2439 4783 2568 4838 ideo
2593 4799 2698 4838 non
2740 4796 2860 4838 rum
2883 4780 3079 4836 oblitus
3128 4793 3336 4834 novam
3367 4777 3584 4846 legem,

1992 4875 2128 4948 quia
2158 4875 2242 4928 ιε»
2281 4877 2378 4927 tua
2409 4888 2555 4926 nova
2582 4875 2668 4926 est
2699 4873 2910 4937 veritas,
2956 4873 3020 4923 ut
3047 4868 3107 4922 in
3135 4863 3389 4921 secundo
3419 4875 3587 4916 versu

1994 4963 2162 5034 hujus
2183 4961 2450 5015 clausulae
2467 4961 2681 5016 dictum
2705 4963 2810 5014 est.
2836 4959 2998 5014 Unde
3009 4954 3262 5024 Baptista
3280 4953 3533 5006 Joannes
3573 4963 3587 5001 :

1998 5075 2025 5101 ‹‹
2061 5053 2167 5105 Lex
2201 5065 2302 5119 per
2331 5049 2556 5120 Moysen
2583 5049 2718 5104 data
2737 5044 3037 5116 est,gratia
3051 5046 3108 5097 et
3125 5039 3332 5096 veritas
3360 5053 3465 5111 per
3491 5037 3586 5090 Je-

1998 5155 2126 5195 sum
2158 5137 2444 5191 Christum
2465 5136 2616 5190 facta
2645 5138 2731 5190 est
2756 5133 2941 5200 (Joan.
2975 5147 3015 5198 ι,
3051 5129 3158 5199 17).
3190 5149 3218 5176 »
3243 5127 3367 5182 Non
3397 5125 3590 5180 solum

1999 5229 2193 5283 autem
2245 5231 2567 5294 contemptus
2617 5239 2746 5276 sum
2777 5221 2848 5275 ab
2876 5216 3146 5281 inimicis,
3177 5214 3280 5270 sed
3318 5212 3497 5268 etiam
3527 5211 3593 5264 ut

2001 5315 2278 5371 mandata
2309 5317 2406 5366 tua
2431 5310 2809 5372 obliviscerer,
2842 5305 3116 5360 tribulatio
3149 5303 3210 5357 in
3245 5314 3489 5370 corpore
3521 5313 3590 5350 ex

2001 5400 2506 5474 persecutiouihus.
2539 5402 2597 5451 et
2621 5396 2866 5464 angustia
2911 5393 2970 5446 in
3005 5391 3202 5446 anima
3253 5389 3325 5442 ah
3379 5385 3603 5474 eisdem

2005 5473 2253 5544 inimicis
2291 5487 2458 5542 illatae
2489 5487 2801 5538 invenerunt
2846 5497 2946 5547 me,
2979 5480 3057 5534 sic
3085 5482 3146 5532 ut
3176 5475 3348 5530 nimis
3373 5473 3600 5544 afﬂige—

2007 5581 2142 5636 rent
2195 5580 2254 5632 et
2293 5578 2486 5631 tamen
2514 5571 2788 5631 meditatio
2823 5583 2938 5636 mea
2967 5575 3040 5625 est
3077 5563 3335 5625 mandata
3384 5565 3501 5630 tua,
3541 5557 3601 5615 id
