4016 6030
429 288 452 349 l
462 291 568 350 303

991 287 1055 351 S.
1092 286 1440 348 BRUNONIS
1476 282 2109 347 CARTHUSIANORUM
2144 283 2616 346 lNSTlTUTORlS
2653 286 2809 347 OPP.
2850 286 3028 347 PARS
3062 289 3105 347 Ι.

3594 284 3766 348 1305

424 412 655 472 assidue
684 411 939 472 meditor
969 414 1032 471 ut
1046 412 1367 488 intelligam
1393 414 1452 471 et
1474 415 1799 488 compleam
1829 410 2031 468 utrius—
2052 421 2107 485 Α
2127 409 2358 486 Repetit
2383 415 2581 471 autem
2624 413 2780 488 quod
2821 413 2983 483 dixit,
3021 414 3269 479 clamavi,
3308 416 3370 472 ut
3409 414 3592 472 addat
3616 413 3715 471 sic
3739 426 3761 467 :

428 521 542 578 que
573 505 723 579 legis
752 504 1049 561 mandata.
1081 503 1252 560 Aliud
1283 506 1476 559 autem
1500 506 1719 560 estnon
1748 501 2022 570 oblivisci,

427 598 487 650 et
516 592 671 650 aliud
695 592 1123 661 meditari,licet
1152 610 1330 648 unum
1352 592 1706 665 intelligatur
1733 609 1799 648 ex
1820 593 2024 646 altero.

431 682 576 737 Cum
605 681 743 737 dicit
773 683 1082 736 invenerunt
1129 698 1231 749 me,
1284 684 1451 737 notat
1477 698 1538 737 se
1582 684 1945 737 constantem
1973 681 2031 735 et

429 770 748 826 ideoneum
766 768 961 836 fuisse,
983 769 1081 841 qui
1100 769 1499 825 tribulationes
1518 772 1576 824 et
1595 769 1890 841 angustias
1908 768 2035 823 viri-

430 858 565 915 liter
586 858 930 913 toleraret.N
936 874 1011 913 on
1023 856 1178 911 enim
1199 856 2031 922 atribulationibusinvenitur,

434 946 533 1020 qui
559 946 769 1002 timore
801 946 1074 1002 deficiens
1102 946 1251 1019 ipsas
1282 946 1399 1017 pati
1426 946 1575 1019 fugit
1600 963 1634 1001 a
1661 945 2035 1001 similitudine

436 1033 636 1089 militis
665 1033 884 1100 inertis,
912 1034 1032 1106 qui,
1056 1050 1189 1087 cum
1219 1033 1428 1089 debeat
1457 1033 1712 1105 incipere
1744 1032 2033 1105 proelium,

2132 501 2399 571 Clamavi,
2429 503 2689 578 inquam,
2719 505 2790 562 ad
2817 510 2867 561 te
2888 505 3217 577 respiciens,
3245 505 3343 578 qui
3379 509 3545 579 potes
3570 507 3630 561 et
3658 505 3763 560 vis

2128 593 2397 648 exaudire
2424 609 2627 649 omnes
2653 594 2827 665 digne
2857 596 3172 651 clamantes
3184 596 3256 651 ad
3278 596 3449 651 ιε.Αο
3469 595 3517 651 si
3538 596 3703 651 dicat
3736 608 3755 648 :

2132 682 2276 737 Cum
2302 683 2357 735 te
2390 681 2464 737 ad
2488 682 2597 738 hoc
2622 685 2922 755 potentem
2958 687 3017 738 et
3034 685 3331 740 volentem
3360 683 3757 756 inspicerem,

2133 770 2288 826 bona
2310 771 2663 827 confidentia
2691 772 2762 826 ad
2795 779 2844 826 te
2863 772 3113 840 clamavi,
3144 772 3337 828 dicens
3362 773 3629 830 :Salvum
3654 788 3761 827 me

2131 859 2245 928 fac,
2269 859 2534 927 Domine,
2558 860 2629 915 ab
2649 860 2918 931 inimicis,
2946 878 3019 916 ne
3060 860 3143 916 eis
3173 862 3535 929 conformer;
3569 863 3632 917 et
3657 862 3760 917 sic

2134 948 2340 1004 salvum
2365 949 2470 1003 'me
2500 950 2613 1019 fac,
2652 956 2709 1004 ut
2751 951 3047 1006 custodiam
3074 952 3331 1007 mandata
3363 959 3477 1020 tua,
3508 968 3657 1007 nova
3680 953 3758 1006 et

2136 1039 2350 1091 vetera.
2376 1036 2456 1091 Ac
2481 1037 2526 1091 si
2556 1037 2710 1093 dicat
2740 1055 2754 1094 :
2792 1039 3015 1095 Inimici
3044 1040 3160 1096 mei
3202 1058 3297 1096 me
3330 1042 3613 1097 devorare
3653 1040 3758 1095 in-

436 1122 608 1195 fugit,
640 1124 698 1177 et
727 1121 805 1177 sic
834 1121 905 1176 ab
954 1120 1203 1176 inimicis
1234 1138 1351 1176 non
1377 1121 1684 1177 invenitur.
1740 1121 1873 1177 ldeo
1902 1136 2036 1175 vero
2140 1125 2709 1182 tenduutacustodia
2730 1126 3140 1185 mandatorum
3160 1132 3414 1198 tuorum,
3440 1131 3540 1186 sed
3570 1133 3633 1184 tu
3652 1145 3761 1184 me

433 1210 653 1283 jugiter
682 1208 935 1266 meditor
962 1208 1257 1282 utriusque
1286 1210 1429 1282 legis
1459 1210 1734 1265 mandata
1746 1208 1881 1281 quia
1897 1209 2039 1263 tesli-
2139 1212 2229 1268 fac
2260 1229 2328 1267 ea
2348 1214 2655 1282 custodire,
2673 1215 2732 1270 id
2756 1218 2841 1272 est
2861 1233 3035 1288 opere
3051 1220 3367 1290 complere,
3397 1236 3526 1291 quae
3555 1221 3758 1273 custo-

440 1300 621 1353 monia
679 1305 770 1352 tua
826 1296 1121 1370 utriusque
1160 1297 1322 1370 legis,
1361 1298 1629 1354 ducentia
1658 1298 2043 1370 completores
2143 1301 2239 1357 dia
2267 1301 2409 1357 mihi
2438 1302 2549 1357 erit
2579 1304 2745 1359 salus.
2781 1305 2849 1360 Et
2867 1305 3087 1376 justum
3113 1310 3200 1361 est
3227 1311 3287 1362 ut
3310 1324 3403 1362 me
3423 1309 3645 1363 salvum
3663 1306 3759 1361 fa-

443 1404 576 1443 suos
596 1388 653 1442 in
671 1392 948 1454 alemum,
968 1388 1190 1459 aequitas
1216 1389 1481 1458 sunt,per
1501 1387 1844 1459 emphasim,
1874 1386 1932 1441 id
1958 1388 2045 1441 est
2144 1388 2278 1453 cias,
2302 1393 2361 1445 et
2383 1391 2651 1447 exaudias
2669 1395 2907 1465 propter
2934 1395 3057 1450 haec
3086 1396 3295 1451 merita
3314 1412 3466 1464 mea,
3490 1397 3629 1469 quia
3641 1412 3758 1467 ego

444 1475 775 1549 aequissima
805 1478 959 1542 sunt,
984 1475 1063 1530 nil
1086 1474 1479 1546 praecipientia
1509 1475 1617 1530 nisi
1638 1476 1794 1547 quod
1811 1491 2045 1547 mquum
2147 1478 2332 1533 adhuc
2361 1479 2579 1550 positus
2607 1482 2665 1534 in
2690 1484 3094 1551 immaturitate,
3127 1483 3187 1538 id
3216 1488 3300 1540 est
3325 1484 3383 1540 in
3432 1485 3762 1540 immatura

448 1566 554 1619 est.
587 1564 703 1618 Hoc
732 1564 929 1617 autem
954 1562 1113 1634 quod
1134 1562 1227 1617 hic
1239 1562 1375 1618 dicit
1388 1565 1610 1636 aquilas
1624 1565 1924 1618 testimonia
1955 1570 2049 1617 tua
2149 1569 2339 1636 aetate,
2361 1568 2575 1625 scilicet
2594 1570 2651 1624 in
2658 1571 2983 1643 juventute,
3005 1590 3133 1645 quia
3154 1576 3241 1628 est
3260 1577 3399 1629 mtas
3414 1573 3757 1637 immatura,

448 1651 607 1708 idem
629 1653 715 1705 est
731 1651 886 1723 quod
903 1650 1160 1722 superius
1185 1650 1588 1722 dixit,justitia
1614 1659 1727 1719 tua,
1756 1652 1964 1723 iustitia
1997 1653 2052 1706 in
2082 1715 2128 1736 ῃ
2150 1657 2377 1711 fervens
2405 1661 2463 1713 et
2486 1674 2672 1729 prona
2710 1660 2783 1716 ad
2817 1660 3028 1729 .omnia
3064 1661 3199 1717 vitia
3236 1663 3421 1735 magis
3459 1679 3635 1736 quam
3676 1679 3767 1717 se-

451 1746 710 1795 azternum
733 1745 782 1793 et
832 1739 914 1794 lex
949 1745 1042 1793 tua
1066 1742 1299 1808 veritas;
1353 1741 1453 1795 sed
1484 1741 1559 1796 ad
1590 1740 1743 1795 aliud
1776 1740 2050 1812 positum,
2080 1715 2130 1773 Β
2155 1749 2352 1801 nectus
2367 1748 2610 1818 praeveni
2634 1748 2694 1803 in
2735 1749 2901 1804 bonis
2943 1750 3229 1822 eperibus,
3261 1752 3317 1807 id
3335 1715 3446 1807 c,est
3466 1715 3767 1807 1anteveni

453 1828 530 1884 ad
551 1829 663 1883 hoc
678 1826 897 1882 scilicet
922 1827 1079 1899 quod
1091 1827 1233 1883 dixit
1250 1829 1505 1883 mandata
1530 1836 1621 1883 tua
1635 1829 1910 1883 meditatio
1940 1846 2055 1883 mea
2155 1837 2394 1890 caeteros
2417 1836 2614 1892 ﬁdeles
2638 1854 2652 1906 ;
2681 1837 2778 1909 qui
2799 1838 3035 1894 tandem
3065 1838 3126 1894 in
3153 1842 3468 1904 senectute,
3482 1858 3610 1913 qua:
3631 1856 3763 1894 ma,-

454 1923 553 1985 esl,
595 1915 887 1989 Equitas,
932 1915 1195 1988 inquam,
1230 1918 1529 1973 testimonia
1566 1924 1682 1984 tua,
1717 1918 1850 1973 ldeo
1883 1917 2057 1990 igitur
2158 1926 2288 1979 tura
2316 1928 2454 1979 mtas
2479 1928 2586 1989 est,
2607 1930 2905 1998 coeperunt
2933 1927 3082 1983 bene
3113 1928 3361 2000 operari.
3388 1931 3467 1984 Ac
3486 1947 3533 1985 St
3563 1928 3763 1984 dicat:

458 2021 582 2072 0P0,
609 2003 875 2071 Domine,
900 2004 1085 2076 magis
1114 2007 1172 2059 et
1202 2004 1387 2076 magis
1416 2005 1476 2059 in
1509 2004 1594 2060 his
1624 2006 1693 2059 da
1725 2007 1861 2060 mihi
1906 2005 2057 2060 ίηιεί-
2159 2013 2413 2084 Dignum
2444 2016 2529 2068 est
2551 2016 2613 2068 ut
2640 2013 2771 2070 ideo
2798 2032 2892 2071 me
2922 2017 3191 2072 exaudias
3229 2020 3288 2073 et
3314 2019 3537 2073 salvum
3561 2018 3766 2083 facias,

460 2091 1019 2165 lectumspiritualem
1043 2109 1056 2160 ;
1076 2098 1125 2147 et
1154 2092 1231 2148 sic
1260 2095 1437 2148 vivam
1463 2094 1521 2149 in
1551 2093 2059 2166 completioneho-
2162 2101 2439 2173 quoniam
2465 2119 2499 2156 a
2520 2102 2822 2174 juventute
2851 2105 2996 2176 coepi
3022 2105 3171 2161 bene
3219 2106 3444 2178 operari
3480 2109 3538 2161 et
3575 2106 3771 2178 magis

459 2196 615 2243 rum.
644 2179 859 2235 δοίὶὶθθι
887 2196 958 2235 ea
976 2181 1304 2254 complebO.
1336 2182 1493 2254 (ἰυοά
1513 2181 1659 2237 mihi
1690 2182 1800 2237 erit
1825 2182 1960 2237 Vita.
2163 2193 2430 2261 operatus
2455 2207 2584 2246 sum
2614 2208 2790 2264 quam
2842 2193 2940 2264 qui
2984 2211 3019 2248 a
3045 2196 3338 2250 senectute
3379 2194 3771 2267 inceperunt.

816 2289 963 2346 COPH
996 2290 1410 2362 interpretatur
1456 2289 1717 2345 conclusio
1754 2290 1839 2344 vel
1871 2291 2059 2360 aspice.
2161 2282 2380 2339 Matura
2408 2283 2546 2336 mtas
2576 2285 2837 2337 senectus
2866 2283 3091 2351 dicitur,
3124 2301 3193 2340 eo
3211 2285 3443 2357 quodin
3467 2287 3775 2340 senectute

464 2376 889 2433 Convenienter
918 2395 1058 2450 ergo
1088 2377 1238 2450 Coph
1266 2378 1398 2434 huic
1429 2377 1768 2434 inscribitur
1797 2380 2064 2434 clausula:
2164 2387 2233 2426 6X
2261 2375 2468 2427 natura
2492 2370 2838 2427 maturiores
2855 2389 3046 2428 mores
3065 2374 3329 2429 homines
3349 2376 3622 2431 habeant.
3654 2376 3775 2430 lm-

463 2465 594 2533 toti,
625 2463 686 2520 in
717 2482 831 2536 qua
858 2466 1117 2521 fidelium
1148 2483 1354 2535 massa,
1387 2484 1512 2539 quae
1531 2467 2068 2539 abinimicisperse-

467 2551 762 2609 cntionem
789 2552 1025 2627 patitur,
1051 2558 1110 2609 et
1134 2557 1357 2610 tantam
1385 2557 1447 2610 ut
1474 2572 1540 2610 ex
1564 2558 1683 2611 toto
1708 2556 1976 2611 conclusa
1994 2556 2066 2611 ab

470 2641 550 2698 eis
578 2641 869 2699 videatur:
903 2659 938 2698 a
964 2641 1346 2700 similitudine
1375 2643 1531 2699 illius
1567 2644 1686 2717 qui,
1714 2645 1787 2700 ab
1810 2644 2069 2700 hostibus

2167 2463 2397 2517 matura
2418 2477 2551 2517 vero
2583 2464 2722 2516 aetas
2752 2461 2960 2517 dicitur
2984 2463 3276 2535 juventus,
3319 2481 3386 2520 eo
3426 2466 3586 2537 quod
3615 2464 3776 2535 inju-

2168 2550 2400 2603 ventute
2417 2549 2719 2622 contingat
2738 2566 2805 2605 ex
2826 2551 3032 2606 natura
3051 2568 3245 2608 mores
3257 2553 3470 2608 habere
3496 2553 3777 2608 immatu-

2168 2639 2369 2694 riores.
2392 2639 2660 2707 Praeveni,
2687 2638 2949 2711 inquam,
2979 2641 3120 2696 alios
3150 2641 3207 2696 in
3235 2641 3400 2697 bonis
3421 2642 3697 2713 operibus
3715 2643 3776 2697 in

467 2731 768 2787 conclusus
808 2734 866 2786 et
893 2730 1378 2801 circumvallatus,
1411 2749 1529 2788 non
1569 2736 1762 2805 potest
1790 2733 2067 2805 effugere,
2168 2727 2589 2783 immaturitate
2616 2728 2835 2798 positus
2863 2735 2914 2784 et
2944 2731 3077 2785 tunc
3118 2733 3173 2783 in
3221 2730 3344 2802 ipsa
3386 2733 3781 2785 immaturitate

470 2818 725 2876 ostendit
739 2837 798 2876 se
814 2820 886 2875 ad
907 2820 1515 2877 Dominumclamasse
1535 2825 1598 2876 ut
1618 2839 1675 2877 se
1693 2821 1993 2877 exaudiret
2012 2824 2072 2877 et
2169 2818 2401 2872 clamavi
2432 2815 2660 2871 intensa
2694 2817 3020 2884 devotione,
3055 2817 3114 2873 in
3153 2836 3268 2890 qua
3316 2818 3481 2889 pauci
3520 2820 3783 2874 clamare

464 2908 688 2964 faceret
730 2908 1172 2980 justiﬁcationes
1215 2911 1337 2982 ejus
1383 2908 1676 2983 requirere
1706 2914 1765 2965 et
1799 2910 2072 2966 mandata
2171 2907 2376 2962 solent.
2401 2907 2552 2961 [stud
2572 2908 2805 2961 clamavi
2827 2906 3268 2978 intelligendum
3286 2911 3371 2963 est
3394 2908 3566 2962 fuisse
3589 2907 3780 2963 inalio

469 2997 776 3065 custodire,
800 2998 1070 3054 addendo
1102 2999 1311 3055 merita
1340 3000 1399 3055 et
1427 2998 1848 3065 necessitatem,
1891 3014 2069 3070 quare
2094 3000 2141 3061 C
2174 2998 2438 3066 tempore
2460 3011 2635 3067 quam
2661 2994 2815 3050 aliud
2839 2994 3072 3049 clamavi
3097 2995 3254 3068 quod
3284 2995 3535 3068 positum
3564 2996 3672 3050 fuit
3716 2996 3779 3051 in

468 3086 626 3159 quod
657 3086 846 3142 oravit
869 3085 1237 3159 impetraret.
1269 3087 1435 3151 Quod
1457 3104 1527 3143 ea
1556 3086 2073 3143 intentionerefert
2174 3083 2456 3155 principio
2510 3082 2737 3155 psalmi.
2788 3084 2944 3138 Istud
2997 3083 3153 3139 enim
3202 3083 3647 3156 intelligendum
3688 3086 3786 3139 est

469 3177 534 3229 ut
562 3175 853 3231 auditores
889 3173 1158 3242 instruat,
1193 3178 1476 3247 quatenus
1503 3174 1549 3229 si
1584 3175 1897 3247 aliquando
1914 3173 2071 3229 simi-

469 3263 588 3317 lem
618 3263 1052 3319 conclusionem
1084 3262 1233 3336 passi
1261 3262 1497 3331 fuerint,
1513 3263 1587 3318 ad
1600 3262 2078 3319 Dominumsimi-

470 3350 603 3407 liter
631 3351 905 3418 clament,
936 3368 1009 3406 ne
1042 3352 1115 3406 ab
1146 3350 1287 3424 ipsis
1317 3353 1677 3422 separentur.
1710 3351 1875 3416 Quod
1906 3353 2076 3422 plano

472 3437 754 3505 innuitur,
785 3454 853 3493 ex
881 3438 935 3494 vi
964 3439 1134 3510 hujus
1178 3439 1695 3511 interpretationis;
1730 3457 1857 3512 quae
1881 3443 1966 3495 est
1990 3458 2075 3495 as-

467 3530 605 3600 pice,
633 3543 699 3582 ac
719 3525 764 3581 si
789 3528 1057 3599 patenter
1083 3526 1266 3583 dicat:
1299 3530 1444 3583 Cum
1489 3545 1597 3601 ego
1644 3545 1760 3596 me,
1801 3529 1874 3584 ab
1905 3529 2079 3585 hosti-

474 3615 580 3672 bus
606 3616 1226 3681 conclusum,referam
1245 3618 1319 3673 ad
1336 3617 1647 3673 Dominum
1665 3619 2079 3687 clamassc,tioc

477 3703 551 3761 ad
589 3704 670 3760 tui
700 3705 1145 3762 instructionem
1174 3705 1345 3775 facio,
1374 3706 1624 3775 auditor,
1659 3707 1986 3781 quicunque
2017 3724 2078 3763 es

480 3794 552 3851 ab
578 3793 829 3851 inimicis
857 3794 1307 3851 concludendus.
1332 3796 1473 3852 Cum
1507 3812 1648 3868 ergo
1669 3796 1750 3850 sic
1779 3797 2082 3852 conclusus

480 3886 667 3956 perte
712 3883 1038 3957 nequiveris
1064 3884 1340 3957 effugere,
1383 3884 1570 3958 aspice
1600 3884 1676 3939 ad
1719 3885 1819 3941 Dei
1860 3885 2082 3941 miseri-

482 3971 767 4040 cordiam,
796 3974 855 4027 et
877 3973 1085 4037 clama,
1137 3976 1197 4028 et
1222 3972 1302 4027 sic
1333 3973 1540 4028 evades
1567 3984 1585 4030 :
1641 3990 1675 4029 a
1703 3972 2084 4029 similitudine

481 4059 715 4132 captivi,
746 4059 845 4132 qui
875 4060 948 4115 ab
978 4060 1239 4115 hostibus
1259 4062 1580 4128 conclusus,
1613 4060 1762 4116 cives
1781 4079 1912 4117 suos
1932 4061 2083 4133 aspi-

484 4147 584 4216 cit,
612 4148 700 4202 vel
718 4146 1033 4203 Dominum
1063 4162 1253 4213 suum,
1291 4150 1351 4203 et
1378 4149 1454 4203 ad
1485 4165 1584 4204 eos
1615 4150 1832 4205 clamat
1862 4153 1923 4205 ut
1949 4166 2085 4205 eum

487 4233 757 4308 eripiant.

2111 4285 2165 4345 D

2174 3170 2349 3226 fuisse
2379 3171 2437 3226 in
2465 3172 2765 3244 juventute
2791 3189 2804 3240 ;
2829 3171 2966 3227 illud
2983 3189 3115 3227 vero
3137 3174 3443 3245 postquam
3467 3173 3783 3246 perfectior

2176 3260 2288 3316 fuit
2316 3261 2377 3315 in
2403 3261 2725 3316 sanctitate.

2246 3351 2513 3416 Ρνωυοηὶ,
2545 3350 2807 3423 inquam,
2837 3348 2978 3404 alios
3006 3350 3155 3405 bene
3185 3350 3483 3422 operando
3509 3352 3563 3406 et
3583 3349 3705 3404 iens
3723 3352 3785 3403 in

2178 3438 2334 3494 verba
2361 3446 2475 3505 tua,
2504 3437 2563 3493 id
2592 3440 2678 3493 est
2702 3437 2761 3493 in
2795 3440 3084 3509 praecepta
3116 3440 3212 3493 tua
3241 3454 3254 3505 ;
3288 3439 3435 3494 bene
3479 3439 3783 3510 operando

2175 3528 2556 3599 supersperavi,
2586 3526 2644 3581 id
2665 3530 2750 3581 est
2778 3525 2964 3598 magis
2987 3528 3045 3580 et
3075 3526 3262 3598 magis
3292 3527 3362 3582 de
3392 3527 3484 3582 die
3530 3526 3589 3581 in
3623 3525 3785 3581 diem

2178 3614 2398 3686 speravi
2466 3613 3023 3680 remunerationem,
3084 3614 3352 3670 addendo
3420 3632 3581 3687 spem
3634 3614 3783 3686 spei.

2180 3702 2303 3758 Non
2332 3703 2517 3758 solum
2550 3704 2745 3757 autem
2776 3700 2919 3756 alios
2942 3704 3186 3772 praeveni
3212 3703 3361 3759 bene
3395 3703 3690 3773 operando
3722 3704 3785 3756 in

2182 3793 2583 3858 immaturitate,
2616 3790 2716 3846 sed
2746 3789 2921 3844 etiam
2961 3791 3103 3845 oculi
3122 3791 3230 3846 mei
3254 3791 3577 3859 interiores,
3609 3791 3667 3847 id
3696 3794 3787 3847 est

2183 3881 2515 3937 affectiones
2552 3897 2698 3935 mea:
2736 3879 2809 3934 ad
2857 3882 2913 3934 te
2950 3879 3321 3953 respicientes
3350 3884 3431 3953 et
3450 3881 3681 3936 directa:
3720 3882 3783 3937 in

2183 3969 2437 4034 diluculo,
2471 3968 2530 4024 id
2560 3972 2645 4024 est
2672 3967 2730 4024 in
2761 3984 2990 4024 summo
3024 3952 3216 4037 mane,
3472 3976 3534 4022 ut
3560 3970 3783 4023 medita-

2186 4075 2269 4113 rer
2297 4059 2508 4131 eloquia
2553 4066 2667 4125 tua,
2720 4056 2777 4113 id
2826 4060 2914 4111 est
2960 4061 3248 4130 praecepta
3276 4060 3394 4125 tua,
3416 4064 3785 4129 praevenerunt

2186 4147 2519 4204 affectiones
2569 4147 2836 4203 aliorum.
2898 4147 3062 4212 Quod
3106 4151 3193 4202 est
3250 4147 3439 4202 dicere
3478 4164 3491 4202 :
3530 4145 3785 4202 Prmveni

2188 4236 2328 4292 alios
2359 4237 2419 4292 in
2459 4236 2838 4292 meditatione
2883 4239 3305 4309 praeceptorum
3345 4238 3602 4302 tuorum,
3652 4236 3791 4291 inci-

562 4322 813 4381 Clamavi
835 4325 891 4378 in
918 4328 1026 4380 toto
1044 4324 1218 4393 corde,
1238 4386 1243 4391 ,
1263 4326 1372 4382 etc.
1414 4324 1580 4390 Quod
1604 4324 1685 4381 ita
1704 4325 2090 4398 superioribus
2112 4322 2164 4345 ν
2190 4324 2401 4398 piendo
2445 4342 2479 4379 a
2518 4340 2747 4379 summo
2795 4340 2989 4391 mane,
3020 4341 3151 4379 cum
3181 4324 3373 4379 caeteri
3417 4324 3673 4380 dormire
3703 4341 3791 4378 so-

494 4430 531 4467 a
558 4414 829 4485 laptatur.
858 4412 978 4469 Dixi
1009 4414 1269 4486 superius
1300 4415 1456 4487 quod
1486 4414 1618 4469 licet
1647 4414 1857 4470 fuerim
1884 4415 1957 4471 ab
1980 4413 2088 4470 ini-

496 4499 661 4555 micis
673 4507 1017 4573 contemptus,
1040 4504 1260 4571 tamen,
1266 4503 1300 4575 j
1304 4504 1513 4573 ustiﬁca
1521 4505 1683 4559 tiones
1707 4510 1824 4557 tuas
1854 4522 1959 4559 non
1975 4521 2093 4558 sum

496 4585 720 4653 oblitus;
746 4590 806 4643 et
827 4588 1253 4647 licettribulatio
1270 4599 1322 4646 et
1349 4592 1599 4662 angustia
1631 4590 1959 4648 invenerint
1987 4610 2091 4660 me,

499 4676 699 4731 tamen
714 4677 1007 4733 testimonia
1029 4684 1143 4746 tua,
1174 4680 1449 4735 meditatio
1466 4697 1584 4735 mea
1608 4685 1706 4739 est.
1747 4680 1863 4737 Hoc
1897 4684 2091 4737 autem

498 4761 638 4819 inde
663 4764 911 4837 contigit
947 4766 1102 4838 quod
1116 4784 1223 4822 non
1251 4785 1368 4823 sum
1383 4769 1594 4836 oblitus,
1623 4772 1681 4824 et
1695 4785 1822 4824 sum
1850 4768 2093 4823 medita-

498 4851 613 4921 tus,
644 4852 799 4925 quia,
821 4869 954 4909 cum
983 4853 1057 4910 ab
1086 4853 1334 4911 inimicis
1364 4873 1551 4912 essem
1579 4858 1877 4914 conclusus
1916 4858 1974 4912 et
1992 4856 2098 4911 cir-

501 4940 829 5008 cumdatus,
844 4941 1096 5011 clamavi,
1112 4942 1172 4998 id
1187 4946 1272 4999 est
1295 4944 1549 5000 clamore
1567 4944 1792 5000 intenso
1824 4945 1937 5016 egi,
1976 4961 2095 5001 non

499 5027 741 5084 remisse
769 5042 864 5085 me
915 5028 1111 5086 habui.
1144 5029 1213 5086 Et
1241 5046 1359 5087 non
1411 5031 1538 5088 dico
1590 5049 1685 5088 me
1711 5031 1955 5088 exterius
1981 5034 2096 5089 cla-

499 5130 711 5185 masse,
743 5118 900 5189 quod
912 5134 1194 5192 magnum
1211 5136 1329 5177 non
1350 5123 1518 5187 esset;
1539 5122 1639 5178 sed
1652 5121 1888 5179 clamavi
1913 5124 1972 5177 in
1990 5129 2097 5178 toto

499 5201 674 5272 corde,
703 5203 765 5260 id
793 5208 879 5261 est
900 5204 1145 5263 clamavi
1172 5207 1413 5265 interius
1429 5210 1550 5266 tota
1565 5210 1756 5266 cordis
1773 5209 2095 5278 affectione,

499 5290 730 5349 dicens:
783 5292 1026 5362 Exaudi,
1070 5312 1153 5352 me
1199 5296 1446 5367 Domine,
1476 5299 1549 5354 de
1595 5300 1705 5355 hoc
1743 5302 1806 5355 ut
1830 5316 2098 5373 requiram

488 5379 900 5454 iustiﬁcationes
930 5389 1069 5452 tuas,
1082 5382 1143 5438 id
1157 5386 1245 5440 est
1266 5385 1604 5459 frequenter
1621 5404 1881 5461 quaram
1901 5405 2097 5444 secun-

496 5467 637 5525 dum
669 5469 990 5541 appetitum
1011 5472 1180 5529 bonae
1194 5473 1502 5530 voluntatis
1527 5478 1585 5531 et
1600 5476 1917 5533 intellectus
1924 5477 2092 5549 justi-

498 5554 800 5615 ﬁcationes
815 5561 966 5629 tuas,
987 5560 1048 5617 id
1064 5564 1151 5619 est
1164 5562 1318 5636 justa
1338 5568 1630 5637 praecepta
1648 5566 1790 5642 legis
1801 5567 2096 5642 utriusque

2190 4415 2347 4469 leant
2368 4415 2425 4468 et
2445 4412 2757 4485 quiescere.
2788 4413 2883 4467 Vel
2910 4411 2989 4467 sic
3016 4428 3029 4467 :
3066 4412 3225 4467 Oculi
3268 4414 3388 4479 mei,
3430 4412 3490 4467 id
3529 4415 3615 4467 est
3650 4412 3788 4467 afl'e-

2191 4501 2409 4558 ctiones
2438 4517 2584 4556 mea:
2611 4500 2916 4555 existentes
2940 4501 3003 4556 in
3041 4500 3293 4567 diluculo,
3319 4500 3375 4555 id
3405 4504 3490 4555 est
3520 4500 3576 4555 in
3610 4498 3793 4555 nimia

2193 4591 2450 4647 claritate
2466 4590 2762 4655 virtutum,
2778 4597 3151 4661 pra’venerunl
3175 4590 3337 4655 alios,
3364 4590 3435 4644 ad
3456 4593 3512 4643 te
3536 4589 3789 4657 directae,

2194 4686 2253 4733 ut
2268 4678 2762 4749 meditarereloquia
2778 4684 2891 4732 tua.
2921 4677 3085 4742 Quod
3107 4680 3191 4732 est
3205 4677 3396 4732 dicere
3423 4678 3520 4732 :ln
3543 4678 3792 4732 diluculo

2194 4769 2471 4824 virtutum
2496 4767 2734 4840 positus,
2757 4766 3039 4822 intensior
3060 4766 3183 4821 aliis
3216 4766 3294 4820 fui
3326 4766 3384 4820 in
3416 4766 3793 4822 meditatione

2196 4856 2559 4929 eloquiorum
2588 4859 2841 4911 tuorum.
2872 4854 3157 4919 Quoniam
3195 4871 3335 4927 ergo
3350 4872 3587 4926 pravem
3613 4861 3663 4909 et
3691 4855 3797 4909 cla-

2194 4947 2358 5013 mavi,
2411 4962 2588 5000 vocem
2639 4962 2811 4999 meam
2866 4944 3002 4998 audi
3054 4943 3341 4998 secundum
3382 4943 3798 4998 misericordiam

2198 5041 2366 5101 tuam,
2413 5033 2661 5101 Domine,
2710 5032 2771 5088 id
2822 5035 2907 5088 est
2936 5030 3069 5088 audi
3100 5047 3215 5100 me,
3248 5034 3311 5086 ut
3353 5030 3453 5086 des
3480 5031 3637 5104 quod
3666 5047 3792 5094 oro,

2197 5122 2410 5178 scilicet
2457 5125 2517 5177 ut
2554 5138 2650 5177 me
2693 5120 2938 5176 vivificcs
2984 5121 3044 5175 in
3076 5118 3365 5175 mandatis
3406 5119 3521 5174 tuis
3553 5136 3566 5173 :
3600 5122 3659 5173 et
3686 5118 3795 5173 hoc

2196 5212 2285 5267 fac
2313 5211 2629 5268 secundum
2656 5212 2981 5281 respectum
3020 5208 3422 5265 misericordiae
3440 5211 3572 5275 tuae,
3594 5210 3653 5263 et
3675 5223 3792 5262 non

2197 5301 2514 5359 secundum
2560 5300 2744 5355 solam
2790 5296 3278 5364 misericordiam;
3321 5297 3421 5351 sed
3453 5297 3629 5352 etiam
3656 5297 3793 5350 vivi-

2196 5392 2297 5459 βαι
2326 5408 2408 5444 me
2460 5388 2519 5443 in
2569 5388 2783 5443 eisdem
2823 5386 3111 5441 mandatis
3164 5387 3226 5439 ut
3270 5401 3338 5439 ea
3362 5384 3583 5457 jugiter
3610 5386 3794 5439 custo-

2196 5479 2377 5545 diam,
2406 5481 2464 5533 ct
2488 5478 2595 5532 hoc
2642 5477 2929 5532 secundum
2961 5474 3180 5544 justum
3218 5473 3490 5542 judicium
3530 5479 3703 5537 tuum,
3736 5473 3795 5528 id

2196 5570 2283 5622 est
2317 5566 2631 5622 secundum
2670 5564 2826 5638 quod
2863 5561 3085 5635 justitia
3108 5565 3207 5617 tua
3236 5560 3429 5633 exigit,
3463 5563 3524 5615 ut
3559 5577 3657 5616 me
3686 5576 3793 5633 pro
