4016 6030
334 292 355 353 1
369 294 471 352 303

1289 294 1643 357 EXPOSl’l‘lO
1679 297 1749 356 IN
1786 293 2123 357 PSALMOS.
2177 324 2246 342 --—
2277 296 2472 359 PSAL.
2512 295 2714 358 EXVlll

3504 306 3640 366 1306

324 410 549 471 meritis
571 411 715 473 meis
741 414 1030 489 iustiﬁces.
1051 418 1287 479 Necesse
1308 424 1394 480 est
1423 427 1618 481 autem
1645 425 1708 481 ut
1734 442 1932 483 vocem
1955 427 2014 490 Α
2054 422 2229 491 tatur,
2255 440 2383 496 quae
2437 424 2659 482 decitur
2684 430 2864 500 caput,
2915 424 3030 485 sive
3050 430 3317 503 primatus
3346 427 3643 499 virtutum,

327 520 525 561 meam
556 506 774 575 audias,
798 510 855 564 et
886 511 948 564 ut
987 528 1082 566 me
1116 510 1380 583 viviﬁces,
1429 515 1562 587 quia
1580 523 1939 589 persequentes

328 610 415 649 me
445 599 1001 669 appropinquaverunt
1025 602 1209 673 magis
1234 605 1292 659 et
1320 604 1505 676 magis
1530 607 1805 677 iniquitati
1830 606 1935 661 sci-

329 683 465 739 licet
492 700 624 739 cum
653 686 813 757 prius
832 688 969 745 satis
988 689 1169 763 iniqui
1187 692 1424 761 fuerint,
1442 695 1732 767 peccando
1753 696 1937 768 magis

331 776 693 829 accesserunt
717 777 792 831 ad
834 776 1219 850 iniquitatem,
1254 781 1311 836 id
1337 784 1423 836 est
1450 782 1634 854 magis
1658 783 1790 838 facti
1807 787 1941 839 sunt

334 860 544 933 iniqui,
565 861 818 919 nitentes
834 882 927 921 me
948 867 1334 937 conformare,
1355 886 1388 925 a
1407 871 1777 928 similitudine
1790 872 1940 928 illius

333 950 431 1021 qui
452 952 732 1008 recedens
748 970 782 1008 a
802 955 947 1023 luce,
975 956 1032 1011 in
1059 961 1318 1030 cryptam
1336 961 1700 1016 tenebrosam
1724 962 1936 1017 tenditt

335 1042 552 1109 quanto
576 1057 711 1096 vero
735 1043 919 1116 magis
940 1045 1012 1100 ad
1034 1048 1298 1102 tenebras
1313 1049 1552 1115 accedit,
1572 1053 1733 1105 tanto
1758 1050 1941 1122 magis

336 1126 693 1184 obscuratur.
719 1130 1322 1206 Appropinquaverunt,
1355 1136 1616 1209 inquam,
1649 1141 1939 1212 iniquitati,

331 1233 366 1270 a
395 1216 504 1287 lege
529 1227 710 1275 autem
741 1227 834 1276 tua
861 1222 1010 1294 longe
1045 1225 1188 1294 [acti
1228 1233 1370 1281 sunt.
1400 1228 1565 1292 Quod
1598 1233 1684 1285 est
1709 1230 1938 1286 dicere:

338 1304 566 1371 Quanto
595 1311 779 1381 magis
813 1311 1098 1384 iniquitati
1126 1316 1751 1389 appropinquaverunt,
1782 1324 1942 1377 tanto

334 1395 585 1466 amplius
596 1398 1025 1472 periniquitatis
1035 1407 1521 1477 accessum,alege
1534 1409 1945 1464 mandatorum

334 1487 568 1541 tuorum
593 1488 766 1560 longe
780 1490 915 1545 facti
935 1494 1086 1546 sunt.
1108 1492 1186 1548 Ne
1208 1494 1386 1566 igitur
1423 1499 1481 1550 et
1498 1513 1591 1551 me
1608 1496 1821 1553 faciant
1843 1497 1947 1553 ini-

338 1573 543 1644 quitati
561 1577 1158 1649 appropinquare,eta
1172 1583 1296 1653 lege
1312 1585 1408 1638 tua
1425 1584 1681 1656 elongari
1693 1627 1705 1652 ,
1717 1603 1945 1642 necesse

337 1664 422 1716 est
449 1665 510 1716 ut
535 1679 733 1718 vocem
765 1682 959 1721 meam
1002 1667 1220 1737 audias,
1259 1673 1317 1725 et
1346 1689 1438 1726 me
1468 1672 1525 1726 in
1556 1672 1860 1730 virtutibus
1888 1677 1948 1730 et

2047 515 2413 582 caaterarnm,
2446 531 2514 571 eo
2539 515 2694 588 quod
2722 516 2952 572 initium
2977 520 3063 573 est
3093 521 3150 574 et
3174 517 3385 592 prima,
3425 536 3551 592 quas
3577 536 3646 576 ex

2038 604 2312 660 omnibus
2336 603 2639 661 virtutibus
2658 606 2925 669 habetur,
2946 608 3002 661 ct
3021 606 3297 678 quoniam
3314 607 3438 680 ipsa
3461 608 3645 664 aﬂde-

2035 692 2183 747 libus
2212 693 2408 749 habita
2437 696 2624 750 custos
2640 697 2729 749 est
2758 695 3019 750 omnium
3040 695 3335 764 virtutum,
3360 712 3492 752 cum
3522 696 3647 751 sine

2039 780 2164 853 ipsa
2198 800 2402 839 omnes
2430 782 2669 839 virtutes
2691 783 2910 839 debiles
2930 782 3042 838 sint
3071 786 3130 838 et
3156 783 3408 851 inutiles,
3439 784 3583 840 sicut
3611 801 3646 839 a

2040 873 2227 944 capite
2259 872 2416 945 quod
2440 872 2757 944 principale
2788 873 2874 926 est
2920 871 2980 927 in
3002 875 3123 928 toto
3154 887 3418 946 corpore,
3448 872 3646 929 omnia

2039 964 2247 1017 caetera
2264 961 2836 1033 membra‘reguntur.
2855 960 2976 1025 Quo
3001 961 3212 1027 ablato,
3234 966 3419 1016 totum
3440 976 3645 1032 corpus

2038 1050 2239 1106 inutile
2270 1053 2356 1106 est
2410 1053 2469 1106 et
2514 1049 2676 1123 quasi
2702 1051 2938 1104 truncus
2968 1050 3254 1106 exanime.
3289 1050 3453 1106 Unde
3469 1049 3645 1105 etiam

2042 1133 2248 1196 dicitur
2274 1141 2477 1214 regina
2503 1139 3226 1212 virtutum,sicutsuperbia
3244 1139 3447 1211 regina
3473 1138 3647 1194 vitio-

2043 1247 2193 1285 rum.
2227 1230 2376 1287 Nihil
2409 1234 2604 1286 autem
2636 1229 2882 1302 impedit
2933 1229 3088 1300 quod
3113 1227 3315 1283 beatus
3337 1226 3649 1299 Gregorius

2044 1320 2247 1375 asserit
2273 1317 2614 1374 charitatem
2644 1332 2767 1373 esse
2791 1316 3046 1372 radicem
3070 1316 3331 1372 omnium
3349 1315 3642 1371 virtutum.

2044 1408 2261 1464 Dicitur
2281 1407 2439 1464 enim
2457 1406 2751 1462 humilitas
2776 1406 3053 1461 virtutum
3071 1408 3242 1475 caput
3270 1407 3327 1459 et
3344 1403 3646 1477 primatus.

2046 1514 2114 1552 eo
2142 1498 2296 1568 quod
2317 1496 2507 1568 prima
2534 1495 2731 1551 habita
2760 1496 2946 1550 custos
2996 1496 3081 1549 est
3108 1496 3449 1549 caeterarum
3475 1492 3650 1547 virtu-

2045 1589 2190 1641 tum.
2227 1584 2486 1641 Charitas
2509 1587 2702 1640 autem
2743 1583 2952 1639 dicitur
2992 1582 3173 1650 radix,
3206 1599 3275 1637 eo
3307 1580 3547 1654 quodin
3586 1596 3656 1634 ea

2048 1689 2250 1728 omnes
2275 1672 2397 1728 sitae
2420 1672 2528 1727 sint
2555 1671 2814 1733 virtutes,
2847 1674 2925 1737 et,
2953 1687 3021 1726 ea
3050 1671 3266 1737 habita,
3294 1669 3451 1726 nulla
3481 1667 3653 1724 deha—
3701 1673 3715 1688 '

337 1751 594 1807 custodia
645 1755 1056 1812 mandatorum
1101 1761 1334 1815 tuorum
1386 1760 1651 1817 viviﬁces.
1706 1765 1784 1819 Ea
1809 1780 1943 1821 vero
1967 1750 2020 1811 B
2044 1761 2266 1818 beatur.
2314 1762 2493 1818 Minus
2523 1763 2716 1817 autem
2747 1762 2865 1816 Deo
2898 1759 3163 1816 odiosum
3204 1760 3291 1813 est
3317 1759 3500 1813 solam
3546 1756 3649 1810 hu-

338 1840 693 1897 conlidentia
723 1858 824 1898 oro
858 1845 921 1899 ut
948 1861 1042 1900 me
1072 1845 1336 1913 vivifices,
1392 1849 1528 1921 quia
1575 1867 1738 1923 prope
1765 1870 1816 1907 es
1863 1860 1941 1921 tu,

337 1925 588 1996 Domine,
646 1929 705 1986 id
758 1936 843 1987 est
888 1938 1121 2005 paratus
1176 1952 1235 1990 es
1301 1937 1601 1994 subvenire
1676 1940 1945 1997 omnibus

340 2018 723 2074 clamantibus
776 2021 845 2075 ad
900 2025 973 2089 te,
1007 2029 1056 2076 et
1096 2023 1226 2079 ideo
1258 2026 1435 2081 etiam
1476 2027 1611 2100 quia
1639 2046 1814 2084 omnes
1846 2032 1945 2086 vim

343 2111 448 2160 tuae
469 2147 488 2171 ,
510 2106 570 2161 id
588 2110 674 2162 est
688 2108 890 2164 omnia
908 2109 1131 2181 judicia
1159 2116 1278 2180 tua,
1298 2131 1539 2186 perque:
1562 2115 1798 2181 incedis,
1814 2120 1947 2173 sunt

342 2196 555 2261 veritas,
579 2195 638 2251 id
652 2200 736 2251 est
750 2214 883 2253 vera
902 2202 1035 2253 sunt
1052 2202 1109 2255 et
1128 2200 1304 2271 justa.
1328 2202 1493 2267 Quod
1515 2207 1600 2259 est
1620 2222 1688 2260 ac
1709 2205 1755 2260 si
1772 2206 1941 2261 dicat:

343 2281 486 2338 Cum
515 2283 740 2340 videam
765 2288 824 2342 te
854 2305 921 2342 ex
970 2288 1366 2346 misericordia
1403 2292 1649 2348 naturali
1680 2298 1946 2365 paratum

342 2387 463 2426 esse
484 2373 557 2427 ad
573 2374 1026 2432 subveniendum
1057 2379 1326 2434 omnibus
1356 2381 1429 2435 ad
1458 2383 1516 2435 te
1544 2382 1946 2452 clamantibus,

343 2463 401 2514 ct
430 2478 561 2516 cum
605 2462 779 2518 sciam
808 2467 863 2518 te
897 2465 1053 2521 nihil
1078 2466 1360 2537 judicare,
1410 2468 1517 2524 nisi
1549 2471 1703 2543 quod
1723 2470 1946 2542 justum

344 2550 705 2620 est,[confido
728 2553 882 2624 quod
906 2554 1063 2625 justo
1076 2556 1291 2627 judicio
1318 2559 1415 2613 tuo
1448 2558 1613 2627 mihi,
1641 2560 1715 2615 ad
1746 2562 1800 2615 te
1832 2562 1945 2616 cla-

343 2638 527 2692 manti
544 2642 601 2693 et
625 2640 779 2695 bona
796 2642 907 2697 vita
931 2659 1063 2698 mea
1084 2644 1356 2701 auxilium
1377 2650 1538 2702 tuum
1562 2649 1942 2718 promerenti,

341 2726 717 2783 auxiliaberis.
748 2730 1075 2787 Notandum
1121 2734 1275 2806 quod
1312 2735 1403 2790 hic
1434 2735 1570 2793 dicit
1596 2752 1799 2792 omnes
1826 2736 1944 2792 vias

340 2815 571 2871 Domini
596 2833 716 2872 esse
743 2818 1062 2889 veritatem,
1095 2839 1226 2876 cum
1260 2822 1414 2877 idem
1439 2823 1576 2879 alibi
1603 2824 1756 2880 dicat
1779 2841 1791 2879 :
1813 2825 1945 2880 Om-

337 2918 441 2957 nes
460 2903 563 2959 viae
586 2905 816 2962 Domini
842 2913 975 2964 sunt
1018 2910 1411 2966 misericordia
1432 2915 1489 2967 et
1530 2912 1739 2968 veritas
1769 2913 1938 2984 (Psat.

2043 1850 2351 1906 militatem
2376 1867 2552 1923 quam
2573 1864 2778 1905 omnes
2790 1848 3026 1903 virtutes
3036 1864 3167 1903 cum
3180 1845 3449 1919 superbia
3470 1845 3649 1901 habe-

2040 1954 2122 1993 re.
2143 1939 2303 1994 Unde
2315 1938 2663 2011 Augustinus
2682 1954 2696 1993 :
2726 1958 2754 1987 «
2783 1937 2917 1992 Sola
2931 1935 3199 2009 superbia
3218 1935 3279 1990 in
3299 1934 3468 1990 rectis
3486 1932 3652 1989 iactis

2046 2026 2298 2081 cavenda
2310 2028 2413 2081 est.
2437 2042 2468 2078 ι
2484 2026 2564 2080 De
2580 2024 2750 2096 hujus
2763 2026 2957 2078 autem
2979 2021 3318 2087 humilitatis
3343 2022 3649 2077 observan-

2047 2113 2126 2168 tia
2152 2130 2256 2169 nos
2279 2113 2340 2169 in
2372 2112 2680 2184 Evangelio
2713 2111 2991 2168 Dominus
3019 2110 3267 2178 instruit,
3304 2126 3436 2165 cum
3466 2107 3605 2165 dicit
3635 2124 3649 2163 :

2046 2224 2075 2254 «
2107 2202 2313 2259 Discite
2347 2221 2382 2258 a
2429 2219 2523 2258 me
2553 2201 2689 2276 quia
2743 2200 2897 2256 mitis
2925 2216 3052 2256 sum
3105 2203 3162 2255 et
3191 2198 3423 2255 humilis
3475 2198 3651 2255 corde

2047 2290 2271 2362 (Matth.
2298 2308 2374 2359 xl,
2405 2291 2518 2363 29).
2544 2313 2573 2341 »
2605 2292 2674 2345 Et
2702 2289 2858 2346 idem
2885 2289 3039 2345 alibi.
3071 2312 3098 2338 ‹‹
3129 2290 3319 2344 Estote
3337 2288 3652 2360 prudentes

2048 2379 2191 2434 sicut
2220 2383 2517 2453 serpentes
2545 2378 2768 2451 (Matth.
2802 2396 2859 2446 x,
2896 2382 3001 2441 16).
3036 2398 3065 2426 »
3091 2379 3172 2433 Ac
3202 2377 3249 2432 si
3272 2379 3540 2448 patenter
3564 2374 3650 2429 di-

2047 2471 2173 2523 cat:
2204 2467 2361 2523 Sicut
2389 2484 2645 2540 serpens,
2661 2467 2759 2539 qui
2776 2469 2861 2521 est
2881 2465 3102 2522 animal
3122 2467 3395 2532 astutum,
3419 2478 3651 2535 semper

2046 2560 2219 2630 caput
2248 2557 2457 2624 munit,
2478 2557 2622 2614 neiu
2650 2572 2718 2611 eo
2739 2555 3095 2628 percutiatur
3109 2557 3167 2609 et
3177 2556 3395 2626 pereat,
3419 2552 3499 2608 sic
3514 2556 3573 2608 et
3584 2555 3649 2607 tu

2047 2645 2376 2718 quicunque
2398 2648 2650 2701 mortem
2672 2648 2952 2700 aeternam
2962 2642 3123 2714 cupis
3133 2643 3397 2709 evadere,
3412 2640 3645 2697 humili-

2043 2736 2225 2789 tatem
2249 2738 2408 2789 tuam
2452 2731 2889 2803 conserva,quia
2917 2733 3087 2802 caput
3124 2733 3211 2785 est
3234 2732 3293 2785 et
3319 2731 3507 2785 custos
3532 2729 3645 2784 vir-

2043 2825 2233 2876 tutum
2257 2823 2621 2876 casterarum.
2664 2822 2745 2876 De
2773 2817 3106 2890 hujusmodi
3134 2817 3342 2888 capite,
3374 2816 3436 2871 id
3467 2818 3555 2872 est
3571 2817 3643 2873 de

2042 2908 2368 2965 humilitate
2414 2909 2476 2963 in
2507 2910 2614 2964 hac
2670 2909 2922 2964 clausula
2948 2907 3159 2978 agitur.
3191 2906 3335 2961 Nam
3368 2904 3645 2978 quoniam

335 3008 480 3059 xxxv,
513 2996 628 3059 10).
663 2995 760 3050 lite
803 3012 936 3051 vero
994 2998 1294 3053 sententia:
1345 2998 1487 3054 nihil
1518 3001 1893 3056 adversantur
1922 3018 1936 3071 ;
1961 3024 2009 3085 α
2044 2999 2303 3054 ﬁdelium
2318 2998 2575 3055 collectio
2598 2996 3081 3072 superiusmerita
3107 3012 3211 3051 sua
3233 2994 3643 3085 praetenderat,

336 3095 467 3135 cum
499 3097 674 3136 omne
731 3085 886 3156 quod
916 3101 1023 3157 per
1051 3085 1507 3142 misericordiam
1546 3092 1837 3161 operatur,
1868 3090 1942 3146 sit
1973 3083 2006 3085 '7
2045 3087 2239 3143 dicens
2265 3104 2279 3143 :
2312 3088 2543 3145 clamavi
2559 3089 2615 3140 in
2632 3093 2737 3141 toto
2756 3086 2927 3154 corde,
2950 3092 2999 3140 et
3026 3086 3264 3157 praveni
3297 3085 3353 3138 in
3397 3083 3646 3138 immta-

338 3168 515 3224 ctiam
546 3172 759 3238 veritas,
794 3170 853 3226 id
895 3176 982 3227 est
1000 3174 1244 3245 justitia.
1296 3177 1519 3231 Justum
1569 3176 1725 3233 enim
1767 3180 1944 3234 estut

334 3273 468 3312 cum
502 3258 831 3316 misericors
859 3261 932 3316 sit
952 3262 1009 3316 in
1035 3266 1263 3326 natura,
1296 3263 1752 3321 misericordiam
1778 3284 1940 3323 suam

337 3346 669 3404 miserendo
701 3354 981 3408 exerceat.
1033 3352 1127 3406 Vel
1160 3352 1237 3407 sic
1266 3369 1459 3408 versus
1519 3353 1625 3408 iste
1682 3355 1893 3428 legitur
1923 3373 1937 3411 :

340 3434 474 3491 Dico
498 3438 649 3507 quod
681 3440 1239 3512 appropinquavemnt
1256 3448 1616 3514 persequentes
1636 3459 1717 3498 me
1744 3444 1940 3516 iniqui-

340 3526 461 3579 tati.
497 3525 656 3580 Unde
690 3529 885 3583 tamen
917 3528 1325 3585 inexcusabites
1355 3532 1505 3600 sunt,
1550 3534 1608 3585 et
1667 3534 1747 3597 tu,
1773 3533 1940 3600 Deus,

341 3613 755 3682 iuaccusabilis,
804 3616 938 3688 quia
956 3635 1127 3690 prope
1168 3636 1220 3671 es
1244 3625 1319 3685 tu,
1360 3619 1606 3687 Domine,
1641 3619 1698 3673 id
1728 3623 1814 3674 est
1844 3637 1944 3693 pa-

345 3704 501 3756 ratus
514 3719 573 3756 es
602 3720 668 3757 ex
706 3704 1100 3761 misericordia
1142 3706 1389 3761 naturali
1448 3724 1545 3763 eos
1575 3706 1855 3764 vivificare
1886 3709 1947 3764 in

343 3789 665 3854 virtutibus,
698 3792 743 3847 si
769 3795 981 3849 vellent
1022 3795 1095 3850 ad
1124 3797 1178 3850 te
1208 3795 1484 3851 converti.
1517 3796 1583 3850 Et
1614 3800 1673 3852 tu
1702 3814 1834 3853 cum
1873 3796 1949 3852 sis

346 3878 424 3932 eis
454 3895 654 3950 prope,
678 3883 737 3935 et
759 3881 1292 3955 ipsinolinttibiper
1303 3884 1707 3957 paenitentiam
1738 3902 1947 3958 appro-

344 3966 647 4039 pinquare,
677 3986 855 4025 omnes
879 3972 978 4026 viae
999 3978 1122 4037 tuas,
1156 3971 1213 4026 id
1246 3975 1332 4027 est
1356 3972 1557 4028 omnia
1579 3973 1796 4045 judicia
1826 3976 1945 4041 tua,

343 4071 468 4126 qua:
500 4054 559 4111 in
587 4055 666 4112 eis
695 4073 941 4126 exerces,
967 4062 1101 4114 sunt
1128 4062 1341 4127 veritas,
1374 4060 1431 4115 id
1462 4062 1548 4115 est
1581 4060 1829 4132 justitia;
1851 4062 1944 4133 ju-

343 4146 492 4199 stum
525 4145 738 4219 quippe
760 4149 846 4201 est
871 4148 1025 4220 quod
1057 4148 1148 4204 hic
1174 4152 1549 4218 excmceutur,
1576 4154 1634 4206 et
1662 4151 1719 4205 in
1755 4152 1946 4208 futuro

341 4230 461 4287 sine
495 4232 606 4288 line
635 4234 964 4307 puniantur.
995 4237 1127 4292 Ideo
1158 4238 1332 4293 etiam
1366 4255 1467 4294 oro
1499 4242 1559 4293 ut
1587 4255 1681 4295 me
1706 4239 1949 4297 vivifices

2043 3180 2220 3246 ritate,
2268 3180 2377 3233 etc.
2412 3177 2492 3231 Ne
2522 3176 2812 3230 videretur
2841 3175 2966 3228 haec
3007 3190 3073 3229 ex
3110 3170 3391 3244 jactantia
3419 3170 3645 3232 dixisse,

2041 3266 2431 3322 humilitatem
2446 3283 2505 3321 se
2525 3265 2739 3320 habere
2758 3263 2819 3318 in
2842 3263 2949 3318 hac
2975 3262 3226 3317 clausula
3249 3260 3644 3324 demonstrat;

2041 3355 2202 3425 cujus
2224 3354 2606 3427 gratiaDeum
2632 3356 2779 3420 orat,
2812 3355 2874 3406 ut
2896 3367 3026 3406 eam
3050 3350 3123 3406 ab
3142 3348 3391 3405 inimicis
3418 3347 3644 3420 eripiat,

2043 3461 2116 3498 ne
2147 3443 2371 3513 scilicet,
2394 3442 2475 3499 eis
2490 3443 2888 3499 conformetur
2907 3481 2920 3495 .
2962 3441 3046 3496 Ne
3068 3456 3202 3497 vero
3218 3439 3510 3495 videretur
3537 3438 3648 3492 hoc

2044 3548 2211 3587 orare
2242 3535 2303 3587 ut
2331 3532 2409 3587 sic
2440 3532 2511 3586 ab
2534 3531 2614 3586 eis
2638 3530 2934 3603 eripiatur,
2966 3547 3040 3586 ne
3058 3546 3192 3586 eum
3209 3528 3647 3602 persequantur;

2044 3620 2307 3676 concedit
2349 3621 2414 3675 ut
2447 3618 2584 3693 ipsae
2603 3619 3029 3689 persecutiones
3067 3616 3648 3688 eicontingant,qua-

2046 3725 2178 3763 rum
2208 3707 2505 3763 occasione
2531 3709 2659 3762 orat
2687 3722 2721 3760 a
2747 3705 3058 3760 tormentis
3081 3704 3140 3760 in
3156 3705 3350 3760 futuro
3366 3700 3576 3758 redimi
3592 3702 3653 3755 et

2045 3795 2336 3851 vivificari.
2388 3793 2650 3852 Ostendit
2701 3809 2930 3866 quoque
2989 3793 3209 3863 justam
3276 3793 3646 3864 peccatorum

2049 3884 2506 3950 damnationem,
2534 3881 2670 3955 quia
2680 3880 3116 3953 justiﬁcationes
3135 3880 3236 3937 Dei
3260 3895 3377 3936 non
3405 3877 3647 3951 exquisi-

2047 3975 2238 4039 erunt,
2269 3973 2327 4026 et
2351 3972 2560 4026 multas
2585 3986 2706 4024 esse
2728 3967 3149 4024 misericordias
3173 3965 3423 4033 Domini,
3446 3964 3651 4037 quibus

2048 4062 2175 4115 orat
2204 4059 2491 4126 viviﬁcari,
2525 4058 2792 4114 addendo
2819 4074 3048 4131 quoque
3079 4056 3288 4112 merita
3315 4054 3519 4128 quibus
3542 4054 3652 4110 hoc

2048 4147 2285 4222 adipisci
2313 4148 2542 4204 debeat.
2576 4147 2693 4203 Hoc
2720 4150 2916 4202 autem
2930 4148 3117 4203 totum
3135 4163 3205 4202 ea
3228 4143 3551 4200 intentione
3570 4141 3650 4196 fa-

2049 4237 2125 4293 cit
2140 4241 2203 4293 ut
2228 4237 2516 4293 auditores
2528 4236 2601 4292 ad
2613 4235 2954 4291 humilitatis
2973 4233 3396 4292 observantiam
3425 4229 3648 4292 invitet,

343 4319 398 4374 in
427 4301 725 4378 virtutibus
745 4326 803 4376 et
827 4323 885 4377 in
913 4325 1200 4379 mandatis
1220 4326 1350 4392 tuis,
1379 4327 1656 4397 quoniam
1687 4330 1859 4396 initio,
1890 4328 1950 4385 id
1970 4301 2024 4361 D
2049 4327 2209 4399 cujus
2236 4326 2425 4399 gratia
2480 4326 2774 4398 postulent
2798 4341 2833 4378 a
2884 4327 2998 4379 Deo
3042 4323 3117 4378 ab
3142 4319 3389 4375 inimicis
3417 4316 3560 4389 eripi
3591 4320 3650 4372 et

346 4411 430 4462 est
456 4426 560 4481 per
590 4409 820 4465 initium
850 4415 1072 4479 cognovi
1088 4412 1151 4465 de
1184 4414 1494 4466 testimoniis
1524 4415 1647 4479 tuis,
1679 4414 1738 4469 id
1758 4419 1847 4470 est
1877 4416 1949 4470 de

347 4499 647 4569 pra-ceptis
679 4498 805 4565 tuis,
839 4501 961 4570 quia
987 4499 1231 4569 [mutasti
1255 4517 1335 4567 ea,
1366 4500 1423 4554 id
1454 4502 1539 4555 est
1566 4500 1813 4556 ﬁrmiter
1839 4505 1949 4558 sta-

346 4586 498 4641 tuisti
519 4586 659 4641 eain
684 4586 944 4642 ﬁdelibus
975 4588 1084 4642 tuis
1112 4590 1167 4641 in
1196 4594 1473 4655 wlernum,
1505 4588 1561 4643 id
1583 4592 1667 4643 est
1688 4592 1750 4644 ut
1769 4606 1867 4646 eos
1886 4589 1945 4645 in

346 4677 627 4729 aeternum
651 4675 881 4729 ducant.
910 4676 1073 4740 Quod
1099 4680 1184 4731 est
1213 4676 1401 4732 dicere
1427 4693 1440 4730 :
1476 4676 1617 4731 Cum
1644 4678 1945 4733 considero

346 4761 418 4814 ad
443 4761 692 4829 initium,
726 4762 1161 4819 idestadAdam
1181 4765 1268 4819 cui
1300 4763 1505 4819 dedisti
1521 4769 1813 4836 praecepta
1829 4769 1944 4835 tua,

346 4849 443 4903 sed
460 4865 577 4903 non
605 4851 839 4904 fuerunt
868 4850 925 4904 in
957 4868 1025 4906 eo
1049 4852 1305 4920 fundata,
1339 4855 1401 4907 ut
1427 4852 1485 4908 in
1517 4853 1600 4908 eis
1617 4869 1945 4925 persevera-

345 4938 453 5005 ret,
476 4936 720 5009 ideoque
741 4938 934 4992 amisit
949 4939 1353 4995 aeternitatem:
1370 4943 1595 5010 cognovi
1610 4959 1640 4997 e
1653 4941 1945 4998 contrario

347 5043 411 5081 ex
439 5025 898 5082 consideratione
947 5026 1113 5097 hujus
1152 5027 1320 5096 iuitii,
1353 5030 1478 5100 quia
1510 5028 1568 5083 in
1599 5029 1944 5102 quibuscnu-

346 5131 455 5187 que
508 5117 798 5186 praecepta
843 5117 939 5169 tua
965 5114 1228 5184 fundasti,
1260 5116 1325 5169 ut
1351 5114 1410 5169 in
1442 5116 1524 5171 eis
1552 5121 1945 5188 perseverent,

344 5202 449 5274 ipsi
480 5218 585 5275 per
605 5218 805 5258 eorum
826 5202 1245 5258 observantiam
1272 5202 1330 5273 in
1343 5207 1626 5260 aeternum
1644 5205 1945 5265 ducentur.

344 5292 592 5363 Ideoque
625 5307 726 5346 oro
759 5294 820 5345 ut
850 5308 944 5345 me
973 5291 1217 5347 viviﬁces
1241 5292 1539 5349 fundendo
1562 5310 1631 5349 ea
1659 5294 1717 5351 in
1740 5311 1857 5358 me,
1887 5299 1950 5351 ut

346 5378 421 5441 sic
451 5378 628 5433 ducar
657 5379 715 5432 in
739 5383 1044 5435 aeternum.

645 5469 749 5521 Ras
778 5474 955 5539 caput,
973 5468 1087 5524 sive
1098 5472 1365 5539 primatus
1388 5468 1815 5541 interpretatur.
1842 5473 1949 5527 Per

346 5560 517 5628 caput
568 5560 764 5613 autem
822 5558 937 5611 sive
992 5558 1309 5629 primatum
1341 5601 1355 5628 ,
1415 5560 1709 5617 humilitas
1764 5561 1953 5618 deuo~

2047 4414 2343 4483 viviﬁcari;
2372 4415 2449 4469 sic
2465 4417 2661 4469 tamen
2689 4416 2752 4467 ut
2776 4413 2884 4466 hoc
2904 4411 3062 4466 idem
3082 4425 3185 4481 per
3204 4407 3304 4464 Dei
3329 4405 3648 4462 misericor-

2049 4503 2205 4557 diam
2236 4501 2472 4574 adipisci
2502 4501 2851 4570 exspectent,
2892 4500 2951 4552 et
2979 4496 3052 4551 ad
3084 4496 3193 4552 hoc
3212 4493 3645 4568 adipiscendum

2046 4590 2266 4646 meritis
2287 4589 2564 4645 virtutum
2594 4590 2653 4642 et
2671 4588 2958 4641 honorum
2976 4600 3218 4657 operum
3247 4583 3572 4640 intendant.

2125 4679 2258 4732 Vide
2285 4676 2654 4742 humilitatem,
2713 4676 2818 4730 etc.
2881 4674 3046 4739 Quod
3102 4673 3181 4728 sic
3227 4671 3641 4728 continuatur:

2047 4765 2167 4823 Dixi
2211 4764 2506 4839 superius:
2550 4765 2739 4821 Vocem
2765 4762 3099 4829 meamaudi,
3140 4764 3204 4817 ut
3233 4778 3327 4815 me
3353 4761 3426 4815 ab
3456 4758 3646 4814 inimi-

2047 4854 2125 4911 cis
2152 4854 2361 4928 eripias
2386 4855 2445 4909 et
2471 4852 2733 4909 vivifices.
2782 4852 2853 4907 Ut
2877 4854 3072 4906 autem
3098 4848 3253 4921 quod
3282 4846 3440 4902 oravi
3467 4844 3647 4919 impe-

2046 4946 2216 5011 trem,
2251 4958 2465 5015 quteso,
2518 4941 2784 5007 Domine,
2815 4940 2935 4996 vide
2965 4936 3325 4993 humilitatem
3354 4950 3546 5003 meam,
3580 4932 3643 4990 id

2047 5036 2132 5088 est
2152 5031 2280 5088 vide
2302 5047 2476 5104 quam
2498 5022 2731 5085 humilis
2754 5029 2884 5095 sim,
2911 5030 2970 5082 et
3000 5041 3177 5099 quam
3199 5021 3554 5080 devotustibi
3578 5022 3641 5078 in

2046 5120 2337 5180 omnibus.
2369 5118 2494 5176 Non
2526 5118 2652 5175 dico
2680 5117 2799 5172 vide
2827 5115 2983 5188 quod
3011 5116 3124 5171 hoc
3150 5129 3267 5169 non
3296 5112 3510 5179 videas,
3542 5109 3641 5184 qui

2047 5209 2245 5265 omnia
2266 5208 2445 5275 vides,
2477 5207 2579 5263 sed
2589 5206 2707 5262 vide
2729 5205 2827 5271 sic,
2849 5206 2913 5259 nt
2940 5220 3045 5276 per
3065 5218 3196 5259 eam
3222 5198 3366 5257 mihi
3379 5200 3644 5257 con-feras

2047 5298 2202 5369 quod
2231 5297 2405 5353 oravi.
2423 5294 2857 5366 Vide,inquam,
2890 5299 2939 5349 et
2968 5294 3206 5365 propter
3233 5306 3363 5345 eam
3393 5291 3531 5360 eripe
3559 5305 3644 5343 me

2048 5386 2119 5442 ab
2145 5384 2412 5450 inimicis,
2426 5400 2498 5439 ne
2520 5382 2661 5438 mihi
2682 5382 2741 5437 in
2762 5381 2959 5437 anima
2972 5380 3345 5454 praevaleant.
3380 5375 3645 5433 Ostendit

2054 5477 2247 5530 autem
2259 5471 2644 5528 humilitatem
2657 5487 2841 5536 suam,
2874 5486 3006 5524 cum
3024 5467 3099 5522 sic
3113 5465 3272 5522 addit
3302 5483 3315 5520 :
3345 5466 3481 5520 Dixi
3509 5464 3643 5520 Vide

2030 5560 2622 5630 humilitatem,scilicet
2633 5560 2781 5616 hanc
2800 5555 3372 5629 humilitatem,quod
3395 5570 3501 5611 non
3524 5569 3644 5611 sum
