4016 6030
407 247 550 314 I307

1019 252 1083 321 s.
1121 249 1466 322 nauseans
1505 252 2136 323 GABTHUSIANORUM
2172 258 2640 324 lNS’l‘t’l‘U’l‘ORlS
2678 239 2834 323 ohe.
2872 263 3110 325 PARS!

3577 263 3728 327 I308

411 380 611 439 oblitus
639 381 806 457 legem
831 387 1002 458 tuam,
1019 385 1078 444 id
1099 389 1184 444 est
1212 386 1630 445 institutionem
1646 384 2007 450 humilitatis;
2037 395 2091 456 Α
2113 387 2268 443 tores
2289 403 2321 442 a
2353 386 2594 460 peccatis
2624 388 2870 456 revocet,
2888 387 2945 444 et
2969 387 3044 444 ad
3073 383 3458 444 humilitatem
3491 385 3724 444 invitet.

409 488 542 545 qua:
564 473 703 530 mihi
727 478 814 532 est
841 477 927 532 lex
959 479 1018 532 et
1065 495 1335 533 mensura
1364 477 1586 532 vivendi
1617 519 1631 544 ,
1662 493 1839 550 quam
1871 474 2012 531 mihi

413 561 638 632 dedisti,
661 564 856 620 dicens
885 583 900 622 :
935 588 964 617 ‹‹
1003 567 1228 632 Quanto
1261 567 1448 638 major
1477 584 1535 622 es
1564 607 1578 632 ,
1607 566 1846 622 humilia
1872 568 1926 620 te
1953 565 2009 620 in

412 651 682 708 omnibus
697 653 892 726 (Eccli.
915 671 996 722 in,
1024 655 1173 727 20),»
1205 657 1273 711 Et
1297 656 1428 711 alibi
1454 673 1466 710 :
1491 656 1636 720 «Qui
1659 673 1717 710 se
1745 654 2014 710 liumiliat

411 741 914 812 exaltabiturtLuc
943 761 1050 811 xiv,
1080 747 1174 812 ll;
1207 761 1359 810 xvm,
1399 747 1460 800 l-t
1491 745 1528 814 ).
1562 763 1592 797 δ
1621 745 1803 808 Quam
1835 743 2010 798 etiam

405 827 548 882 mihi
570 831 834 902 exemplo
859 831 1124 898 tribuisti,
1151 849 1302 898 cum,
1332 833 1610 888 Dominus
1639 835 1698 886 et
1726 831 2009 902 Magister,

406 916 582 986 pedes
629 917 1037 990 discipulorum
1066 921 1244 976 lavisti
1275 924 1333 976 et
1371 938 1501 976 cum
1535 937 1636 992 pro
1667 922 1846 976 salute
1881 937 2011 974 mea

406 1004 659 1075 flagella,
679 1011 866 1078 sputa,
889 1009 1162 1076 convicia,
1189 1027 1419 1065 crucem
1442 1013 1500 1065 et
1527 1012 1772 1064 mortem
1796 1009 1866 1064 ad
1887 1007 2012 1062 ulti-

403 1107 547 1148 mun
587 1095 920 1152 sustinuisti.
955 1099 1239 1162 Quoniam
1287 1097 1732 1155 indeterminate
1791 1098 2010 1152 dixerat

403 1183 565 1253 eripe,
599 1201 668 1239 ne
722 1185 1012 1240 videretur
1041 1187 1117 1241 sic
1149 1204 1315 1242 orare
1363 1187 1745 1258 ereptionem,
1780 1189 1841 1240 ut
1883 1185 2008 1239 nul-

405 1271 522 1326 lam
573 1275 868 1346 pateretur
923 1277 995 1330 ab
1045 1275 1292 1330 inimicis
1345 1275 1796 1340 tribulationem,
1848 1276 1905 1330 et
1932 1273 2009 1331 sic

401 1359 524 1432 jam
569 1362 642 1415 ab
683 1363 1007 1418 humilitate
1027 1363 1374 1430 dissentiret,
1415 1363 1575 1419 addit
1608 1363 1855 1433 :judiea,
1897 1364 2004 1416 etc.

409 1448 574 1512 Quod
620 1449 697 1504 sic
718 1450 1024 1524 jungitur:
1085 1453 1238 1508 Licet
1267 1443 1552 1508 oraverim
1605 1454 1763 1523 eripe,
1811 1454 2006 1505 tamen

407 1551 528 1592 non
585 1535 664 1591 ita
732 1556 833 1593 oro
887 1539 1029 1613 eripi
1091 1543 1153 1594 ut
1205 1541 1345 1596 nihil
1395 1539 1776 1596 tribulationis
1824 1537 2010 1609 patiar

405 1622 466 1677 in
527 1641 808 1697 corpore;
859 1628 959 1683 sed
1013 1645 1117 1684 oro
1146 1631 1204 1684 et
1259 1630 1512 1684 concedo
1521 1629 1714 1699 judica
1735 1628 2008 1699 judicium

2112 475 2190 530 Ne
2221 494 2352 532 vero
2381 481 2618 549 propter
2636 493 2838 532 eorum
2866 477 3299 533 damnationem
3319 477 3536 550 justam
3571 479 3724 533 Deus

2110 566 2523 623 immisericors
2543 567 2853 634 videretur,
2877 571 3138 623 removet
3155 568 3285 635 hoc,
3313 567 3390 622 sic
3410 585 3422 621 :
3439 567 3722 632 Quamvis

2113 655 2265 725 longe
2314 658 2383 711 sit
2431 675 2462 709 a
2509 657 2875 728 peccatoribus
2905 656 3044 710 salus
3077 697 3091 721 ,
3145 655 3525 710 misericordim
3591 662 3718 721 tua,

2111 743 2360 812 Domine,
2409 745 2602 810 niultre,
2635 745 2695 799 id
2725 747 2811 799 est
2853 743 3132 799 beneﬁcia
3167 743 3571 800 misericordia!
3603 746 3718 798 tua:

2113 835 2292 889 multa
2318 837 2468 900 sunt,
2505 851 2632 906 quin
2673 833 2730 888 in
2765 833 3032 888 omnibus
3083 831 3356 888 creatuxi;
3383 833 3490 887 tuis
3523 833 3720 886 mulli-

2109 922 2374 976 formiter
2416 922 2692 994 eperaris.
2754 923 2884 976 Plus
2915 939 3046 976 vero
3080 921 3248 976 datur
3288 921 3550 993 intelligi,
3582 937 3716 975 cum

2109 1009 2553 1066 indeterminate
2588 1010 2725 1065 dicit
2755 1011 3124 1065 misericordiae
3162 1017 3266 1064 tum
3309 1011 3507 1074 multae,
3539 1021 3716 1080 quam

2109 1099 2154 1154 si
2181 1099 2300 1170 ejus
2333 1099 2784 1156 misericordiam
2821 1115 2923 1169 per
2953 1101 3142 1170 partes
3189 1099 3517 1155 denotarct.
3553 1097 3714 1152 ldem

2108 1190 2257 1242 valet
2286 1208 2349 1244 ac
2376 1190 2418 1244 si
2452 1190 2696 1244 diceret:
2717 1189 2819 1257 Tu,
2855 1187 3116 1255 Domine,
3150 1189 3398 1242 multum
3429 1189 3488 1242 et
3517 1187 3714 1241 inetia-

2108 1277 2302 1334 l:i|iter
2319 1279 2642 1334 misericors
2663 1296 2740 1334 es.

2179 1369 2377 1439 Longe,
2407 1369 2664 1441 inquam,
2697 1368 2805 1422 erit
2850 1386 2883 1421 α
2922 1368 3282 1439 peccatoribus
3330 1368 3490 1433 salus,
3546 1383 3579 1420 a
3619 1383 3715 1422 me

2109 1475 2242 1512 vero
2277 1476 2390 1514 non
2418 1458 2490 1512 sit
2514 1460 2664 1528 longe
2690 1458 2832 1512 salus
2857 1457 3218 1525 ;sedz-‘iviﬁca
3241 1475 3321 1510 me
3351 1456 3464 1510 vita
3493 1458 3716 1510 teter-na

2107 1546 2391 1601 secundum
2409 1547 2677 1616 judicium
2709 1553 2880 1610 tuuni,
2915 1545 2971 1600 id
2998 1547 3083 1600 est
3109 1545 3422 1599 secundum
3450 1543 3606 1615 quod
3631 1544 3720 1613 ju-

2107 1637 2257 1688 stum
2283 1633 2566 1704 judicium
2598 1635 2758 1688 tuum
2784 1632 3016 1704 expetit.
3043 1632 3204 1697 Quod
3221 1635 3304 1686 est
3335 1633 3545 1686 dicere:
3572 1631 3716 1685 Cum

403 1729 602 1781 meum,
653 1712 708 1768 id
765 1719 851 1770 est
897 1717 1099 1787 judica
1119 1735 1211 1773 me
1236 1718 1352 1788 pati
1385 1717 1779 1772 tribulationes
2033 1713 2082 1772 Β
2109 1726 2165 1777 ιιι
2187 1723 2372 1794 justus
2395 1723 2567 1793 judex
2609 1723 2702 1790 sis,
2730 1723 2944 1792 vivi/ica
2981 1741 3082 1788 me,
3111 1738 3239 1776 cum
3263 1721 3483 1792 justum
3521 1720 3592 1774 sit
3624 1737 3720 1774 me

405 1817 520 1886 hic,
579 1819 736 1890 quod
769 1819 1056 1892 judicium
1090 1823 1163 1878 sit
1206 1840 1426 1890 meum,
1483 1823 1542 1878 id
1583 1825 1668 1878 est
1698 1822 1841 1876 mihi
1872 1821 2006 1875 utile

405 1911 464 1961 et
499 1909 882 1978 salutiferum,
937 1919 986 1966 et
1038 1928 1143 1984 per
1198 1913 1306 1967 hoc
1343 1911 1626 1982 judicium
1687 1910 2006 1965 tribulatio-

405 2013 546 2054 num
597 2001 1003 2074 temporalium
1062 2001 1256 2056 redime
1287 2020 1368 2056 me
1424 2001 1483 2056 in
1539 2000 1730 2055 futuro
1777 2017 1810 2054 a
1843 2017 2011 2072 poma

402 2086 556 2158 ignis
579 2105 726 2160 ;qua
750 2092 879 2161 post
903 2093 1154 2145 mortem
1177 2089 1432 2146 salvandi
1465 2089 1884 2161 purgabantur,
1913 2087 2010 2159 qui

400 2176 494 2231 hic
508 2194 612 2249 per
631 2179 979 2252 temporales
999 2179 1398 2236 tribulationes
1420 2178 1648 2252 purgati
1669 2195 1785 2233 non
1818 2180 2006 2233 erunt.

401 2263 564 2318 Unde
579 2265 900 2335 Apostolus:
928 2267 1018 2322 «Si
1035 2265 1194 2338 cujus
1213 2284 1355 2338 opus
1369 2266 1574 2322 arserit
1591 2265 2008 2321 detrimentum

402 2350 672 2422 patietur,
713 2353 834 2423 ipse
865 2371 998 2410 vero
1029 2357 1212 2410 salvus
1243 2355 1453 2422 erit,sic
1483 2359 1676 2410 tamen
1708 2355 1866 2425 quasi
1907 2369 2010 2424 per

401 2435 602 2508 ignem
633 2437 945 2511 (100nm,
1003 2442 1108 2512 13).
1133 2461 1160 2491 ι)
1196 2443 1263 2496 Et
1299 2443 1617 2514 propheta:
1654 2442 2008 2514 liliomphaea

400 2523 554 2595 ignis
602 2527 788 2598 posita
818 2531 905 2582 est
933 2529 1007 2584 ad
1037 2529 1375 2584 vestibulum
1403 2529 1650 2600 paradisi
1682 2528 1817 2601 (Isa.
1862 2546 2004 2584 va1.

408 2613 518 2685 lii).
553 2617 614 2670 ln
659 2616 860 2671 Genesi
895 2635 1124 2690 quoque
1159 2617 1369 2688 legitur
1403 2617 1537 2690 quia
1567 2620 1694 2689 post
1723 2619 2005 2690 eXpulsio-

402 2719 538 2758 nem
564 2704 695 2760 Adae
717 2705 787 2760 de
814 2706 1078 2778 paradiso
1103 2706 1289 2780 posuit
1306 2705 1581 2762 Dominus
1597 2707 1930 2774 Cherubim,
1951 2711 2008 2762 et

404 2792 742 2848 flammeum
757 2794 1013 2865 gladium
1029 2798 1200 2866 atque
1223 2795 1567 2862 versatilem,
1597 2796 1665 2850 ad
1687 2795 2008 2851 custodien-

407 2879 546 2934 dum
565 2880 864 2936 introitum
897 2881 1145 2952 paradisi
1165 2884 1320 2954 (Gen.
1351 2885 1554 2952 111,25).
1584 2885 1850 2955 Congrue
1872 2901 2005 2938 vero

406 2969 772 3039 purgatorins
792 2969 940 3042 ignis
960 2969 1057 3026 ille
1088 2989 1191 3044 per
1214 2988 1386 3044 quem
1419 2972 1672 3028 salvandi
1715 2971 2005 3027 transituri
2033 2993 2080 3052 ο

401 3059 554 3123 sunt,
603 3057 828 3128 gladius
875 3057 1082 3115 dicitur
1132 3063 1190 3115 et
1219 3059 1768 3126 versatilis.Gladius,
1813 3059 1909 3132 qui
1951 3060 2006 3115 in

403 3145 718 3215 purgandis
737 3163 940 3202 omnes
956 3148 1356 3219 peccaminum
1374 3149 1572 3204 sordes
1589 3147 2012 3219 amputabit,ad

405 3229 840 3288 similitudinem
901 3235 1078 3306 gladii
1141 3237 1471 3308 amputatis.
1526 3236 1833 3303 Versatilis,
1875 3235 2011 3308 quia

407 3335 539 3373 cum
556 3321 848 3377 celeritate
864 3339 970 3394 per
993 3340 1126 3379 eum
1164 3325 1362 3380 ﬁdeles
1393 3324 1630 3396 perfecti
1652 3324 2008 3389 transibunt,

404 3408 471 3459 ut
495 3406 568 3461 ab
589 3423 657 3462 eo
689 3425 807 3462 non
842 3410 1148 3479 laedantur,
1172 3428 1206 3466 a
1235 3411 1610 3466 similitudine
1637 3411 1812 3484 gladii
1831 3429 2010 3468 versa-

400 3491 534 3560 tilis,
568 3495 641 3550 ad
658 3511 831 3567 quem
853 3496 898 3552 si
915 3497 1119 3571 aliquis
1139 3499 1414 3566 offendat,
1446 3503 1504 3554 et
1523 3518 1768 3556 acumen
1791 3501 1914 3572 ejus
1941 3519 2008 3556 ex

399 3581 772 3654 eolvertatur,
817 3603 934 3643 non
979 3588 1226 3644 laeditur.
1257 3589 1477 3645 Dicitur
1505 3589 1681 3645 etiam
1711 3591 2005 3658 versatilis,

401 3675 681 3742 quantum
703 3674 777 3730 ad
811 3675 962 3750 ipsos
991 3677 1088 3750 qui
1110 3677 1187 3733 ibi
1216 3679 1638 3750 purgabantur.
1673 3679 1825 3734 Licet
1849 3679 2007 3734 enim

401 3761 690 3832 purgandi
720 3761 798 3818 ibi
825 3764 1136 3836 patiantur,
1161 3769 1356 3822 tamen
1381 3767 1436 3821 in
1461 3769 1745 3822 aeternum
1774 3785 1890 3822 non
1913 3785 2010 3840 pa-

399 3847 638 3918 tientur,
661 3851 761 3906 sed
778 3851 888 3908 cito
919 3854 1184 3922 evadent,
1218 3873 1251 3910 a
1284 3854 1658 3910 similitudine
1688 3855 1862 3926 gladii
1886 3873 2008 3912 ver-

389 3935 597 4002 satilis,
626 3938 698 3992 ad
730 3956 904 4011 quem
933 3940 976 3995 si
1008 3941 1212 4014 aliquis
1237 3943 1585 4010 offendatur,
1613 3943 2004 4016 etaliquantu-

397 4023 516 4078 lum
537 4025 798 4092 tradatur,
831 4031 1023 4084 tamen
1038 4029 1084 4084 si
1104 4034 1359 4086 vertatur
1380 4031 1574 4087 minus
1590 4031 1816 4088 laeditur
1828 4050 2002 4105 quam

399 4109 446 4164 si
476 4127 594 4166 non
623 4116 962 4170 verteretur.
1691 4121 1696 4125 ’

470 4197 696 4254 Redime
725 4218 826 4266 me,
855 4201 1189 4274 inquam,et
1211 4221 1328 4260 non
1357 4207 1540 4262 solum
1561 4209 1692 4276 hoc,
1717 4209 1816 4262 sed
1833 4209 2007 4263 etiam

2107 1811 2376 1867 viviﬁcari
2403 1813 2467 1866 Et
2496 1829 2625 1867 ecce
2653 1813 2806 1883 quod
2842 1813 3064 1883 justum
3099 1811 3192 1876 sit,
3231 1813 3290 1863 ut
3323 1827 3416 1863 me
3443 1808 3717 1862 viuiﬁees.

2109 1899 2282 1955 .llIulti
2307 1899 2458 1956 enim
2491 1903 2624 1955 sunt
2652 1903 2748 1972 qui
2783 1905 3180 1971 persequuntur
3201 1898 3314 1968 '_me,
3348 1896 3604 1967 fuganda
3645 1897 3720 1949 de

2110 1988 2337 2043 civitate
2372 1989 2428 2043 in
2450 1988 2738 2044 civitatem
2771 1991 3008 2060 propter
3037 1990 3114 2055 te,
3147 1993 3194 2040 et
3223 1986 3480 2040 tribulant
3511 2003 3592 2038 me
3612 1984 3716 2038 tri-

2110 2076 2497 2132 bulationibus
2535 2077 2592 2132 in
2625 2093 2886 2149 corpore,
2922 2079 2984 2131 ut
3010 2093 3104 2130 me
3133 2078 3381 2146 coganta
3429 2071 3720 2128 mandatis

2109 2167 2221 2224 tuis
2243 2169 2554 2232 declinare;
2615 2171 2672 2222 et
2700 2170 2896 2223 tamen
2929 2185 3034 2220 non
3069 2165 3347 2231 declinavi,
3383 2163 3438 2218 id
3465 2167 3550 2218 est
3598 2180 3721 2217 non

2111 2256 2338 2311 discessi
2377 2275 2409 2311 α
2436 2258 2746 2311 testimoniis
2795 2258 2918 2324 tuis,
2947 2255 3003 2308 id
3053 2257 3137 2309 est
3170 2269 3204 2308 a
3249 2251 3536 2308 mandatis
3585 2251 3718 2304 tuis.

2110 2347 2178 2400 Et
2203 2346 2332 2400 ideo
2365 2363 2591 2418 quoque
2627 2364 2718 2400 me
2749 2345 2923 2400 debes
2953 2337 3253 2409 viviﬁcare,
3277 2340 3552 2414 quoniam
3569 2340 3719 2394 adeo

2107 2437 2392 2506 perfectus
2421 2452 2548 2490 sum
2577 2435 2732 2507 quod
2754 2435 2866 2488 vidi
2881 2439 3314 2505 praevertt-antes,
3341 2431 3396 2485 id
3427 2432 3514 2484 est
3535 2429 3719 2501 negli-

2107 2525 2746 2596 genter"prmtercuntes
2775 2523 3050 2578 mandata
3083 2525 3196 2588 tua,
3231 2528 3280 2574 et
3311 2519 3491 2574 nimio
3515 2520 3718 2573 dolore

2110 2629 2222 2684 pro,
2241 2612 2376 2682 ipsis
2403 2613 2728 2667 tabescebam
2759 2612 2815 2666 in
2849 2610 3060 2677 anima,
3093 2609 3188 2682 qui
3220 2625 3328 2664 non
3358 2607 3720 2664 custodierunt

2107 2700 2310 2771 eloquia
2343 2709 2458 2765 tua,
2493 2700 2547 2754 id
2579 2701 2666 2754 est
2705 2699 2982 2754 mandata
3013 2702 3127 2753 tua.
3161 2697 3324 2762 Quod
3356 2700 3440 2751 est
3467 2695 3656 2751 dicere
3699 2711 3713 2748 :

2108 2788 2239 2843 ldeo
2261 2788 2839 2843 medebosviviﬁcare
2867 2787 3000 2860 quia
3031 2787 3254 2842 tabesco
3283 2786 3353 2839 de
3378 2801 3575 2839 errore
3601 2783 3713 2837 ini-

2108 2876 2390 2931 micorum
2423 2893 2710 2944 meorum,
2753 2879 3028 2932 mandata
3070 2879 3169 2930 tua
3191 2873 3711 2946 prasvaricantium.

2108 2967 2243 3036 lpst,
2276 2965 2534 3038 inquam,
2557 2967 2827 3020 mandata
2859 2969 2954 3020 tua
2983 2982 3099 3020 non
3127 2963 3522 3018 custodierunt
3551 2978 3568 3023 ;
3602 2977 3714 3031 ego

2110 3059 2302 3110 autem
2317 3054 2660 3110 etcustodivi
2685 3057 2743 3109 et
2769 3053 2956 3109 dilexi.
3003 3055 3070 3108 Et
3088 3053 3196 3108 hoc
3217 3052 3352 3118 cide,
3373 3055 3432 3105 tu
3463 3051 3712 3116 Domine,

2109 3143 2167 3198 in
2194 3147 2280 3198 est
2310 3141 2450 3198 mihi
2485 3143 2641 3197 testis
2671 3143 3017 3230 est0,508
3045 3143 3296 3214 quoniam
3334 3140 3587 3192 mamlata
3619 3145 3713 3191 tua

2109 3231 2287 3285 dilexi.
2303 3231 2460 3298 Vide,
2492 3231 2751 3304 inquam,
2771 3227 2888 3286 no'n
2905 3227 3070 3302 qdod
3094 3231 3201 3284 hoc
3229 3245 3348 3282 non
3380 3227 3588 3293 videas,
3611 3227 3712 3282 sed

2110 3317 2236 3374 vide
2266 3322 2326 3374 ut
2364 3322 2602 3392 prepter
2647 3321 2757 3374 hoc
2806 3335 2898 3373 me
2943 3317 3207 3375 viviﬁces.
3247 3318 3314 3371 Et
3360 3333 3478 3371 non
3522 3317 3707 3370 solum

2111 3411 2352 3480 propter
2383 3409 2502 3463 ham
2547 3424 2680 3462 mea
2725 3407 2936 3462 merita
2965 3423 3066 3462 oro
3099 3409 3160 3461 ut
3186 3421 3278 3459 me
3310 3405 3576 3470 viviﬁccs,
3609 3403 3709 3457 sed

2110 3503 2287 3558 ctiam
2319 3504 2529 3572 vivi/ica
2546 3521 2628 3558 me
2648 3505 2704 3557 in
2733 3502 3090 3557 misericordia
3117 3507 3230 3569 tua,
3263 3499 3320 3555 id
3339 3503 3424 3554 est
3448 3499 3504 3553 in
3527 3498 3708 3553 consi-

2109 3592 2405 3648 deratione
2435 3591 2842 3646 misericordia:
2877 3595 3007 3645 tuae.

2178 3681 2377 3746 Dileri,
2409 3679 2944 3752 iuquam,mam1ata
2975 3686 3088 3734 tua.
3115 3679 3182 3733 Et
3207 3678 3336 3733 ideo
3367 3677 3548 3743 ditari,
3577 3675 3711 3746 quia

2106 3771 2322 3836 t‘critas,
2342 3768 2398 3823 id
2421 3771 2506 3824 est
2523 3768 2658 3840 justi
2669 3767 2747 3824 tia
2769 3769 3106 3823 etbonestas
3137 3771 3223 3821 est
3239 3767 3568 3838 princzjnium
3595 3781 3709 3818 rer-

2109 3857 2292 3912 borum
2313 3864 2546 3924 tuorum,
2573 3856 2631 3912 id
2643 3860 2728 3910 est
2755 3855 3084 3928 principalis
3107 3856 3283 3910 eausa
3304 3854 3708 3909 mandatorum

2107 3949 2360 4001 tuorum.
2391 3945 2555 4009 Quod
2575 3946 2661 4000 est
2680 3945 2870 4000 dicere
2899 3961 2911 3998 :
2939 3945 3069 3998 ldeo
3102 3961 3171 3998 ea
3199 3943 3364 3998 dilexi
3389 3942 3524 4014 quia
3549 3941 3708 3995 video

2107 4033 2262 4104 quod
2275 4031 2606 4104 principalis
2625 4049 2793 4087 causa
2809 4031 3216 4086 mandatorum
3239 4030 3516 4103 ipsorum,
3531 4045 3708 4101 quare

2109 4137 2178 4174 ea
2206 4118 2466 4175 fidelibus
2497 4119 2724 4188 dedisti,
2767 4124 2854 4175 est
2883 4121 2990 4175 hoc
3031 4119 3186 4191 quod
3211 4119 3453 4173 honesta
3484 4120 3614 4171 sunt
3651 4120 3708 4170 et

2102 4208 2278 4279 justa,
2311 4211 2368 4262 ct
2397 4208 2704 4263 honestum
2736 4207 3036 4278 etjnstum
3077 4207 3183 4263 fuit
3233 4209 3294 4260 ut
3350 4223 3419 4261 ea
3448 4205 3710 4260 ﬁdelibus

402 4289 610 4358 vivi/ica
636 4307 738 4352 me,
771 4293 988 4346 interna
1017 4292 1150 4359 vita,
1173 4296 1227 4347 et
1249 4294 1356 4349 hoc
1380 4296 1470 4350 fac
1494 4303 1714 4366 propter
1739 4297 2006 4368 eloquium
2032 4295 2084 4354 D
2113 4297 2220 4352 tuis
2259 4297 2608 4369 injungeres.
2646 4300 2723 4370 Ac
2753 4295 2796 4350 si
2830 4297 2980 4350 dicat
3009 4313 3021 4350 :
3056 4297 3202 4352 Sunt
3249 4311 3433 4349 causa:
3490 4293 3707 4359 multis,

396 4383 573 4443 tuum,
607 4377 665 4433 id
697 4381 782 4434 est
811 4384 1048 4454 propter
1073 4386 1425 4456 praeceptum
1443 4375 1628 4451 tuum,
1662 4403 1805 4441 ame
1824 4389 2009 4441 custo-

402 4460 608 4529 ditum,
639 4467 724 4520 vel
755 4471 991 4538 propter
1017 4469 1314 4542 eloquium
1343 4473 1528 4539 tuum,
1560 4471 1616 4527 id
1649 4475 1733 4528 est
1770 4477 2008 4546 propter

400 4549 747 4618 promissum
778 4558 964 4609 tuum.
990 4557 1304 4614 Promisisti
1334 4559 1514 4624 enim,
1539 4560 1762 4616 dicens:
1798 4585 1824 4610 (ι
1852 4560 2008 4616 Beati

401 4635 500 4707 qui
555 4641 1014 4710 persecutionem
1081 4646 1376 4717 patiuntur
1431 4652 1668 4720 propter
1699 4649 2005 4721 justitiam,

400 4728 678 4797 quoniam
718 4729 972 4802 ipsorum
996 4737 1080 4788 est
1109 4751 1352 4806 regnum
1384 4738 1662 4792 caelorum
1695 4740 1711 4808 (
1741 4737 2004 4796 Matth.v.

405 4820 490 4874 lO.
518 4839 546 4867 ››
577 4818 714 4874 Dico
737 4821 948 4888 vici/ica
977 4839 1078 4888 me,
1111 4824 1266 4894 quod
1293 4841 1422 4880 vere
1451 4826 1779 4881 faciethec
1810 4830 2006 4882 autem

399 4905 540 4960 salus
586 4906 974 4964 vivificationis
1004 4909 1154 4980 longe
1197 4911 1307 4966 erit
1334 4929 1368 4965 α
1414 4915 1778 4983 peccatoribus
1807 4915 2002 4970 crimi-

400 4992 610 5050 naliter
630 4997 1018 5067 peccantibus,
1056 5002 1114 5054 et
1158 4999 1386 5056 merito.
1440 5001 1580 5068 Quia
1599 5002 2006 5074 justiﬁeationes

400 5089 516 5136 tuas
539 5083 631 5138 hic
659 5103 766 5141 non
801 5089 1182 5158 exquisierunt,
1235 5087 1290 5143 id
1323 5092 1408 5144 est
1464 5090 1673 5146 intima
1702 5091 2007 5146 atl'ectione

398 5186 517 5226 non
547 5173 898 5244 quaesierunt.
927 5175 1321 5233 tribulationes
1338 5180 1684 5250 temporales
1705 5179 1844 5250 pati,
1877 5196 2006 5250 quin

395 5261 530 5314 sunt
548 5260 984 5330 justiﬁcationes
1013 5282 1117 5336 per
1147 5282 1288 5336 quas
1319 5266 1516 5321 ﬁdeles
1535 5269 1663 5322 tuos
1681 5266 1770 5321 hic
1796 5283 2007 5339 purgas

393 5350 452 5401 et
470 5347 770 5416 justiﬁcas.
807 5351 970 5416 Quod
1019 5357 1104 5407 est
1141 5354 1362 5410 dicere:
1396 5354 1528 5410 Ideo
1563 5356 1618 5410 in
1661 5355 1856 5412 futuro
1887 5372 2006 5410 non

390 5435 778 5505 salvabuntur,
820 5438 1096 5512 quoniam
1129 5439 1220 5495 hic
1243 5457 1344 5513 per
1371 5442 1771 5498 tribulationes
1790 5443 2006 5513 justiﬁ-

391 5522 510 5576 cari
537 5524 946 5584 refutaverunt.
983 5526 1096 5582 Hoc
1127 5530 1322 5584 autem
1349 5529 1478 5590 ideo
1519 5529 1673 5599 dicit,
1705 5535 1765 5586 ut
1793 5547 1989 5606 pecca-

2107 4386 2311 4458 quibus
2334 4403 2403 4442 ea
2423 4385 2734 4458 injunxisti,
2757 4386 2862 4440 hoc
2883 4383 3263 4455 scilicetqnod
3295 4384 3352 4437 in
3384 4400 3442 4437 se
3470 4383 3709 4436 honesta

2106 4477 2240 4529 sunt
2270 4478 2326 4531 et
2349 4475 2524 4546 jnsta,
2553 4479 2612 4530 et
2651 4473 3012 4530 exsecutione
3039 4472 3234 4542 digna,
3263 4488 3379 4526 una
3408 4487 3577 4524 causa
3601 4472 3707 4524 est.

2109 4563 2254 4628 Quid
2282 4563 2435 4619 enim
2461 4562 2754 4618 honestius
2786 4565 2872 4617 est
2901 4564 2959 4617 et
2979 4560 3186 4632 justius
3215 4576 3390 4632 quam
3423 4559 3599 4613 Deum
3642 4574 3707 4610 ex

2109 4656 2229 4708 toto
2255 4651 2396 4708 code
2419 4650 2682 4724 diligere,
2705 4653 2948 4712 castum,
2975 4648 3273 4711 humilem,
3293 4650 3352 4702 et
3381 4646 3710 4701 modestum

2108 4757 2252 4806 esse,
2285 4743 2342 4794 et
2366 4742 2599 4794 cunctas
2647 4737 2881 4792 virtutes
2936 4737 3148 4792 habere
3174 4737 3200 4790 ?
3229 4735 3354 4789 Alia
3381 4751 3512 4790 vero
3542 4749 3712 4787 causa

2107 4829 2194 4882 est
2223 4842 2328 4898 pro
2355 4844 2470 4898 qua
2489 4843 2558 4881 ea
2587 4825 2890 4891 dedisti,ut
2907 4841 3008 4896 per
3033 4839 3234 4879 eorum
3250 4811 3709 4877 observationem

2107 4915 2403 4971 beatitudo
2417 4917 2906 4986 paretur-interna.
2929 4913 3042 4967 lloc
3059 4928 3192 4966 vero
3218 4911 3371 4983 quod
3385 4911 3625 4964 honesta
3654 4910 3712 4962 et

2101 5003 2258 5075 justa
2285 5007 2416 5058 sunt
2447 5002 2505 5056 in
2535 5019 2594 5058 se
2627 5002 2754 5057 ideo
2778 4999 3105 5073 principalis
3134 5015 3304 5054 causa
3335 4997 3558 5062 dicitur,
3577 4996 3712 5068 quia

2107 5091 2392 5162 imprimis
2410 5091 2804 5146 consideratur
2819 5090 3123 5160 anjustum
3155 5091 3212 5142 et
3237 5088 3542 5142 honestum
3568 5085 3626 5138 in
3650 5101 3711 5140 se

2107 5179 2180 5239 sit
2209 5179 2364 5250 quod
2380 5181 2526 5234 Deus
2559 5179 3166 5250 prmcepitJ’ostquam
3190 5174 3556 5245 verojuslum
3592 5189 3714 5226 esse

2111 5270 2267 5338 patet
2297 5270 2354 5322 et
2373 5267 2678 5322 honestum
2698 5283 2711 5335 ;
2731 5265 3006 5336 quaeinde
3036 5263 3246 5317 utilitas
3268 5263 3555 5332 sequetur,
3581 5262 3716 5313 tunc

2111 5355 2347 5411 demum
2393 5355 2722 5428 inquiritur.
2757 5354 2887 5408 Haec
2924 5355 3117 5406 autem
3151 5347 3477 5423 principalis
3505 5364 3715 5402 eorum

2061 5485 2068 5493 .
2111 5461 2301 5507 causa,
2333 5443 2547 5500 scilicet
2596 5444 2802 5509 veritas,
2865 5441 2922 5495 id
2980 5443 3058 5495 est
3117 5440 3387 5494 honestas
3413 5440 3470 5489 et
3493 5435 3720 5505 justitia

2099 5550 2323 5598 eorum,
2351 5532 2562 5593 fecitnt
2588 5531 2888 5606 diligerem
2916 5527 3190 5584 mandata
3223 5541 3444 5584 eorum.
3475 5524 3541 5581 Et
3571 5523 3704 5582 ideo
