3966 6034
325 283 344 351 l
359 291 462 352 309

1282 289 1638 352 EXPOSITIO
1673 289 1744 350 IN
1776 281 2114 350 PSALHOS.
2145 316 2218 338 -ι
2255 287 2449 350 PSAL.
2491 285 2692 352 CVXlli

3490 281 3628 344 l3i0

323 419 510 478 adhuc
525 417 688 477 dilexi
711 422 952 477 mantela
975 427 1066 476 tua
1095 396 1268 495 :quia
1294 419 1512 494 judicia
1537 419 1762 494 iustitiae
1792 426 1919 489 tuae,
1940 418 1997 480 A
2027 434 2156 477 rum
2186 421 2416 478 tuorum
2447 421 2771 497 diligerem.
2802 423 2917 480 Hoc
2939 421 3113 480 etiam
3143 415 3386 495 contigit
3405 422 3472 476 ex
3501 425 3629 492 per-

322 509 382 567 id
412 515 496 567 est
519 510 674 580 justa
704 511 979 567 mandata
999 513 1258 584 tua,quae
1287 513 1346 566 tu
1376 510 1652 582 compleri
1674 509 1920 580 judicas,

321 602 455 655 sunt
483 599 750 656 ducentia
773 601 828 653 in
852 607 1108 655 aeternum
1137 617 1265 656 com
1275 601 1520 672 pletores
1539 615 1688 654 suos.
1723 600 1794 654 Ut
1815 598 1922 671 igi-

321 691 417 744 tur
445 691 505 745 et
533 703 626 744 me
657 689 871 746 ducant
901 691 955 744 in
983 697 1259 759 aeternum,
1289 689 1453 744 dilexi
1480 705 1547 744 ea
1569 687 1644 744 sic
1673 691 1734 743 ut
1761 704 1923 744 coma

321 780 562 850 plerem.

393 867 502 923 SEN
525 885 682 941 super
706 868 893 922 vulnus
933 867 1360 940 interpretatur.
1395 868 1558 934 Quod
1590 885 1722 923 vero
1751 883 1924 940 super

318 959 526 1013 vulnus
546 957 867 1013 sanandum
887 957 1141 1030 ponitur,
1157 961 1336 1014 estvel
1357 961 1647 1032 malagma
1665 957 1919 1030 aliquod.

318 1045 406 1100 vel
435 1047 834 1119 emplastrum,
855 1049 938 1102 vel
955 1047 1223 1119 quaelibet
1245 1047 1355 1103 alia
1375 1047 1796 1102 medicina.Per
1809 1045 1923 1102 Sen

323 1149 463 1205 ergo
490 1151 662 1206 super
690 1135 890 1190 vulnus
917 1135 1378 1208 interpretatam,
1405 1153 1532 1208 quae
1559 1136 1690 1190 huic
1720 1133 1919 1190 inscri—

320 1221 478 1277 bitur
506 1224 792 1288 clausulae,
827 1223 1088 1280 innuitur
1116 1226 1272 1298 quod
1321 1225 1518 1280 fideles
1550 1223 1640 1278 hic
1685 1225 1921 1295 agentes

323 1311 635 1366 ostendunt
663 1311 1110 1382 persecutiones,
1141 1330 1284 1384 quas
1324 1329 1428 1384 pro
1457 1314 1572 1367 Deo
1603 1311 1918 1382 patiuntur,

319 1415 440 1454 esse
458 1416 629 1472 super
645 1401 868 1467 vulnus,
890 1400 947 1455 id
961 1405 1045 1456 est
1065 1417 1184 1456 esse
1209 1400 1552 1456 medicinam
1577 1419 1690 1473 qua
1718 1417 1924 1454 sanau-

319 1489 414 1542 tur
450 1489 690 1543 vulnera
715 1493 1103 1562 peccatorum,
1129 1507 1255 1562 quae
1278 1490 1403 1560 jam
1440 1489 1497 1544 in
1546 1489 1626 1544 eis
1656 1489 1800 1544 adeo
1831 1505 1918 1543 sa-

320 1579 458 1631 nata
487 1579 621 1632 sunt
662 1580 722 1632 ut
759 1577 1124 1649 iniquitatem
1169 1579 1302 1634 odio
1361 1579 1630 1645 habeant,
1685 1581 1744 1632 et.
1791 1595 1921 1631 eam

2020 511 2406 568 secutionibus
2426 512 2589 581 meis,
2619 513 2774 584 quod
2793 529 2901 585 ego
2919 513 2973 567 in
2995 513 3078 567 die
3096 512 3366 568 virtutum
3383 504 3621 582 positus,

2023 599 2081 656 id
2111 605 2196 656 est.
2225 601 2282 656 iu
2315 601 2571 658 claritate
2593 602 2864 679 virtutum
2897 601 3013 657 dixi
3049 603 3150 657 tibi
3179 601 3406 668 laudem,
3439 600 3498 654 et
3521 610 3622 652 ore

2025 693 2082 746 et
2111 691 2286 748 corde
2313 695 2372 748 et
2398 709 2572 764 opere
2600 695 2802 765 septies,
2850 693 2908 748 id
2948 695 3035 748 est
3081 708 3187 764 per
3233 692 3412 746 totam
3444 687 3622 744 vitam

2022 795 2372 853 meam,quae
2387 798 2490 853 per
2501 781 2890 854 septenarium
2916 796 3224 835 numerum
3243 776 3619 847 intelligetur,

2022 884 2090 923 eo
2117 869 2271 940 quod
2298 887 2401 942 per
2431 869 2550 926 dies
2578 873 2802 942 septem
2833 870 3110 926 volvatur.
3135 867 3228 920 Vel
3248 867 3369 921 dixi
3397 865 3495 934 tibi
3506 865 3622 916 lau-

2020 956 2135 1013 dem
2164 961 2370 1030 septies,
2401 958 2458 1014 id
2485 962 2570 1014 est
2600 959 2655 1014 in
2688 961 2909 1031 septem
2951 955 3118 1012 donis
3156 954 3398 1028 Spiritus
3441 947 3622 1006 sancti

2021 1063 2148 1117 quae
2181 1047 2318 1102 mihi
2343 1047 2566 1102 dedisti.
2603 1050 2676 1102 Ex
2708 1049 2816 1104 hoc
2847 1049 3040 1102 autem
3086 1044 3240 1117 quod
3280 1038 3372 1098 hic
3415 1037 3624 1096 dieitur

2019 1137 2202 1206 septies
2231 1139 2294 1196 in,
2314 1137 2398 1190 die
2423 1137 2632 1192 laudem
2663 1138 2780 1191 ἀέλ-ι’
2807 1137 2926 1203 tibi,
2957 1153 3088 1190 usus
3124 1134 3228 1188 iste
3271 1133 3330 1188 in
3375 1126 3622 1186 Ecclesia

2021 1221 2276 1289 inolevit,
2307 1227 2370 1278 ut
2400 1225 2607 1298 septies
2632 1224 2690 1279 in
2724 1224 2814 1280 die
2847 1226 2964 1280 laus
2983 1226 3098 1279 Deo
3121 1241 3155 1278 a
3179 1219 3396 1277 clericis
3412 1218 3624 1274 refcra-

2019 1315 2133 1378 tur,
2167 1312 2223 1368 in
2257 1314 2542 1370 Matutinis
2571 1313 2804 1381 scilicet,
2829 1317 2886 1368 et
2917 1313 2972 1367 in
2999 1311 3212 1378 Prima,
3245 1312 3303 1364 et
3325 1308 3384 1364 in
3405 1305 3618 1367 Tertia,

2021 1403 2078 1455 et
2112 1402 2168 1457 in
2199 1403 2388 1468 Sexta,
2422 1407 2480 1458 et
2509 1403 2568 1458 in
2601 1405 2782 1470 Nona,
2816 1401 2950 1457 etin
2973 1399 3255 1472 Vesperis,
3287 1397 3427 1452 etin
3455 1395 3620 1450 Com—

2021 1491 2286 1563 pletorio.
2303 1491 2360 1548 Si
2387 1509 2520 1548 vero
2541 1491 2828 1548 Matutinae
2851 1493 3018 1545 nocte
3041 1489 3326 1554 dicantur,
3346 1483 3486 1540 nihil
3517 1483 3623 1536 im-

2020 1580 2199 1650 pedit,
2229 1580 2362 1653 quia
2392 1581 2514 1636 dies
2543 1585 2600 1635 et
2625 1597 2740 1636 nox
2780 1581 2849 1635 ab
2899 1575 3272 1634 arithmeticis
3311 1570 3621 1644 aliquando

321 1665 754 1731 abominentur,
772 1668 830 1720 et
860 1667 1128 1720 laetentur
1155 1683 1327 1736 super
1355 1667 1583 1738 eloquia
1606 1665 1835 1722 Domini
1865 1669 1924 1722 et
1949 1728 1994 1738 __
2024 1671 2214 1724 totum
2239 1669 2407 1724 simul
2429 1669 2551 1724 dies
2570 1673 2820 1724 vocatur.
2838 1667 3264 1738 Dixi,inquam,
3286 1663 3385 1720 tibi
3413 1659 3624 1714 laudem

317 1755 512 1827 legem
557 1753 680 1824 ejus
727 1728 991 1826 diligant,
1039 1757 1098 1810 et
1133 1728 1343 1828 septies
1372 1755 1430 1810 in
1456 1728 1568 1822 die,
1609 1755 1839 1810 laudem
1871 1753 1920 1810 ei
1947 1728 1996 1786 Β
2021 1761 2304 1814 contuens
2329 1775 2484 1830 super
2501 1758 2715 1829 judicia
2732 1757 2958 1827 justitioe
2984 1728 3110 1822 tua",
3142 1754 3199 1808 id
3243 1728 3328 1808 est
3356 1749 3621 1806 conside-

319 1843 535 1908 dicant,
569 1846 625 1896 et
655 1843 901 1898 salutare
927 1843 1049 1914 ejus
1079 1847 1426 1916 exspectent.
1467 1845 1582 1900 Hoc
1611 1848 1803 1900 autem
1854 1861 1923 1900 ca

2021 1862 2156 1900 rans
2177 1846 2334 1918 justa
2357 1845 2576 1917 judicia
2599 1849 2713 1912 tua,
2731 1844 2944 1900 scilicet
2961 1841 3548 1917 persecutiones,quae
3564 1839 3622 1891 tu

319 1929 644 1986 intentione
674 1931 872 1985 dicunt
918 1935 980 1986 ut
1028 1931 1106 1987 sic
1152 1932 1441 1988 auditores
1492 1933 1566 1988 ad
1623 1932 1922 2004 patiendas
2011 1933 2242 2005 judicas
2288 1934 2488 1990 ﬁdeles
2531 1937 2657 1990 tuos
2693 1933 2809 2007 pati
2843 1935 2905 1987 ut
2944 1949 3050 2004 per
3087 1948 3182 1986 eas
3215 1928 3620 2002 justiﬂcentur.

316 2019 754 2091 persecutiones
775 2019 1038 2075 invitent.

388 2107 670 2178 Principes
689 2111 956 2178 persecuti
979 2115 1105 2164 sunt
1129 2124 1230 2174 me,
1279 2113 1388 2164 etc.
1419 2110 1582 2176 Quod
1626 2109 1705 2165 ita
1751 2126 1916 2182 supe-

317 2195 570 2250 rioribus
591 2197 910 2268 copulatur.
945 2197 1065 2252 Dixi
1092 2198 1370 2269 superius,
1403 2199 1556 2270 quod
1588 2199 1748 2253 multi
1787 2202 1921 2253 sunt

316 2285 415 2357 qui
431 2291 822 2357 persequuntur
848 2303 956 2354 mr;
985 2289 1044 2340 et
1089 2287 1168 2342 ita
1207 2290 1293 2343 est
1332 2288 1655 2359 :Principes
1702 2287 1916 2342 terreni

309 2374 573 2444 persecuti
595 2378 718 2426 sunt
733 2376 1005 2442 megratis,
1027 2373 1238 2430 scilicet
1267 2392 1358 2430 me
1382 2393 1497 2430 non
1525 2377 1914 2448 promerente,

315 2462 472 2515 nullo
499 2479 628 2517 meo
650 2465 809 2517 reatu
829 2462 984 2518 illam
1005 2463 1462 2535 persecutionem
1495 2465 1756 2536 exigente
1779 2481 1794 2532 ;
1825 2481 1915 2518 re-

316 2567 418 2620 ges
447 2550 655 2605 scilicet
685 2553 742 2605 et
773 2550 944 2606 duces
991 2555 1050 2606 et
1090 2553 1280 2608 caeteri
1315 2553 1622 2626 principes,
1661 2555 1918 2608 volentes

319 2655 412 2693 me
441 2638 756 2694 formidine
783 2657 1085 2712 poenarum
1113 2657 1318 2713 cogere
1341 2643 1410 2697 ad
1439 2643 1746 2697 defectum.
1765 2643 1830 2696 Et
1859 2645 1919 2696 ut

317 2744 519 2782 eorum
543 2729 970 2799 persecutiones
989 2748 1106 2785 non
1134 2730 1531 2796 formidarem,
1551 2735 1610 2786 et
1628 2729 1706 2785 sic
1718 2731 1920 2785 deﬁce-

318 2833 467 2882 rem,
497 2817 813 2886 formidavit
840 2835 930 2872 cor
957 2837 1132 2872 meum
1176 2821 1425 2873 aeternas
1464 2835 1680 2889 poenas,
1712 2821 1770 2872 et
1798 2820 1920 2873 iure

317 2903 572 2958 formido
603 2905 848 2976 contigit
875 2922 907 2958 a
938 2905 1101 2959 verbis
1121 2908 1244 2960 tuis.
1267 2905 1460 2960 Dixisti
1493 2922 1763 2976 namque,
1788 2906 1922 2960 deli-

320 2990 534 3046 cientes
563 2991 622 3046 in
650 2995 936 3047 aeternum
977 3009 1098 3047 esse
1149 2993 1546 3060 damnandos';
1573 2993 1737 3064 juxta
1780 2993 1920 3048 illud
1942 2974 1990 3034 C

313 3079 602 3152 Evangelii
637 3097 650 3134 :
685 3099 715 3132 ει
743 3081 848 3146 Qui
875 3085 1034 3136 amat
1063 3081 1317 3136 animam
1351 3097 1534 3149 suam,
1562 3082 1763 3152 perdet
1787 3099 1919 3136 eam

315 3169 502 3239 (Joan.
557 3185 654 3235 xu,
705 3168 817 3240 2t).
847 3188 878 3220 »
907 3171 1034 3225 Hcce
1086 3169 1263 3242 igitur
1321 3171 1572 3225 formido
1625 3175 1918 3244 perpetuae

316 3255 708 3311 damnationis
733 3257 1104 3314 formidinem
1123 3259 1338 3331 expulit
1367 3257 1701 3331 temporalis
1726 3276 1917 3332 perse-

311 3344 576 3399 cutionis.
601 3346 674 3398 Ex
697 3345 786 3400 his
798 3349 990 3401 autem
1017 3347 1507 3418 perseeutionibus
1519 3363 1658 3419 quas
1679 3346 1918 3402 sustinui

311 3432 719 3504 aprincipibus
757 3433 816 3488 in
861 3437 1089 3489 tantum
1141 3436 1426 3507 perfectus
1471 3453 1597 3491 sum
1653 3436 1808 3508 quod
1857 3436 1912 3490 in

315 3537 584 3593 pressura
633 3521 877 3577 istarum
931 3541 1048 3578 non
1103 3523 1486 3579 contristabor
1529 3524 1784 3592 amodo;
1816 3524 1916 3578 sed

311 3625 405 3677 ego
434 3609 554 3679 ipse
587 3610 809 3682 patiens
835 3611 1047 3664 laetabor
1073 3611 1334 3665 ﬁrmatus
1367 3615 1422 3665 et
1453 3611 1723 3667 fundatus
1762 3629 1920 3683 super

313 3696 520 3769 eloquia
552 3703 664 3764 tua,
696 3698 756 3752 id
785 3701 870 3753 est
895 3716 1068 3770 super
1097 3699 1378 3771 promissa
1405 3701 1522 3766 tua,
1548 3703 1684 3754 sicut
1715 3701 1812 3772 qui
1834 3702 1916 3753 in-

310 3787 458 3840 venit
480 3787 646 3858 spolia
667 3786 860 3842 multa.
899 3787 1065 3852 Quod
1109 3790 1194 3841 est
1227 3787 1418 3842 dicere
1450 3803 1464 3841 :
1498 3787 1656 3842 Sicut
1695 3787 1788 3865 ille
1819 3787 1916 3860 qui

315 3875 530 3928 multas
554 3875 784 3928 exuvias
810 3875 1088 3945 pretiosas
1120 3874 1356 3941 invenit,
1391 3876 1618 3929 laetatur
1665 3875 1736 3930 de
1784 3875 1919 3947 ipsis

313 3961 528 4032 spoliis,
546 3960 625 4014 ita
641 3977 748 4034 ego
766 3962 1041 4017 fundatus
1061 3978 1233 4034 super
1247 3962 1530 4034 promissa
1550 3963 1918 4018 beatitudinis

314 4052 569 4118 aeternae,
584 4051 824 4105 laetabor
841 4051 912 4105 de
929 4067 1026 4122 spe
1042 4050 1215 4121 ipsius
1233 4050 1616 4106 beatitudinis.
1637 4051 1920 4106 Promissa

315 4135 529 4207 quippe
560 4141 678 4202 tua,
716 4138 1162 4193 fundamentum
1204 4143 1338 4193 sunt
1369 4139 1510 4194 mihi
1543 4138 1792 4204 laetitiis;
1832 4141 1917 4194 vel

427 4224 544 4316 :AEx
566 4226 1067 4316 persecutionibus
1087 4227 1385 4316 continget
1411 4227 1562 4300 quod
1587 4244 1694 4298 080
1945 4256 1996 4316 D

315 4310 407 4364 hic
439 4310 716 4365 fundatus
745 4331 900 4382 super
936 4315 1142 4386 eloquia
1183 4321 1296 4378 tua,
1331 4314 1388 4368 id
1429 4318 1514 4369 est
1557 4332 1729 4386 super
1775 4333 1918 4387 prae-

315 4402 481 4470 cepta
513 4401 632 4465 tua,
659 4416 784 4470 quae
808 4401 1070 4456 custodio
1093 4402 1334 4472 jugiter,
1369 4402 1585 4455 betabor
1623 4403 1679 4456 in
1726 4405 1919 4459 futuro

315 4487 386 4541 de
417 4490 640 4542 aeterna
670 4488 1024 4542 beatitudine
1077 4489 1313 4543 tandem
1362 4489 1727 4557 invenienda,
1777 4491 1923 4546 sicut

315 4573 674 4630 ille'laetatur
703 4578 801 4648 qui
825 4577 1025 4631 invenit
1043 4577 1210 4648 spolia
1232 4577 1422 4631 multa.

388 4663 656 4735 Congrue
673 4664 1231 4736 quidem,beatitudo
1253 4667 1472 4720 aeterna
1483 4665 1675 4737 spoliis
1694 4683 1924 4738 compa-

315 4753 494 4805 ratur.
523 4752 717 4822 Spolia
732 4751 890 4807 enim
930 4753 1166 4824 proprie
1188 4753 1456 4808 dicuntur
1481 4754 1694 4809 exuviae
1717 4771 1844 4826 quae
1871 4754 1944 4808 vi-

315 4838 678 4894 auferuntur.
704 4842 787 4895 Ita
808 4857 941 4896 vero
965 4842 1260 4896 beatitudo
1279 4846 1499 4897 aeterna
1525 4842 1686 4914 quasi
1708 4843 1759 4896 vi
1787 4859 1922 4914 qua-

317 4925 451 4980 dam
477 4927 1149 4999 acquiritur;jejunando
1169 4929 1403 4994 scilicet,
1424 4929 1735 5000 vigilando,
1757 4933 1813 4984 et
1826 4929 1922 4984 ad-

314 5028 477 5067 versa
507 5014 758 5084 plurima
789 5015 1082 5086 patiendo.
1117 5016 1278 5070 Unde
1303 5015 1361 5070 in
1395 5016 1698 5087 Evangelio
1722 5032 1736 5070 :
1759 5037 1787 5066 «
1819 5017 1922 5071 Re-

314 5115 499 5170 gnum
518 5102 792 5156 cuelorum
820 5103 930 5156 vim
956 5103 1253 5174 patitur,et
1278 5103 1508 5158 violenti
1533 5104 1919 5176 rapiuntillud

311 5185 538 5257 (Matth.
573 5206 647 5253 xi,
706 5193 812 5258 t2).
857 5213 883 5239 ››
917 5191 1030 5246 Hoc
1075 5191 1251 5247 etiam
1303 5209 1368 5244 ex
1431 5191 1920 5262 persecutionibus

319 5276 568 5350 contigit
598 5279 755 5350 quod
782 5280 1121 5351 iniquitatem
1150 5280 1268 5333 odio
1312 5280 1493 5346 habui,
1541 5283 1597 5334 et
1625 5280 1916 5335 intantum

315 5365 448 5420 odio
475 5365 651 5421 habui
678 5367 834 5438 quod
865 5385 993 5422 eam
1027 5370 1358 5423 abominatus
1385 5386 1524 5434 sum,
1557 5368 1615 5422 id
1645 5371 1730 5422 est
1760 5369 1916 5424 illam

313 5456 796 5519 exsecratussum;
822 5455 986 5520 legem
1011 5465 1187 5511 autem
1213 5464 1360 5511 luam
1381 5457 1562 5525 dilexi,
1581 5457 1640 5512 id
1670 5461 1755 5512 est
1779 5475 1912 5512 con-

311 5542 444 5615 tigit
480 5560 549 5598 ex
579 5543 714 5614 ipsis
743 5545 1256 5614 persecutionibus,
1289 5549 1349 5600 ut
1374 5546 1567 5618 legem
1595 5549 1912 5621 praecepto-

2021 2022 2184 2087 Quod
2211 2027 2295 2078 est
2320 2023 2510 2078 dicere
2541 2039 2556 2078 :
2593 2024 2672 2078 De
2717 2019 3208 2094 persecutionibus
3232 2015 3374 2072 meis
3399 2012 3625 2070 laudavi

2019 2113 2097 2177 te,
2124 2111 2496 2167 considerans
2525 2111 2679 2182 quod
2704 2111 2794 2165 hae
2841 2109 2956 2164 sint
2997 2124 3166 2164 causa
3203 2100 3626 2177 justiﬁcationis

2021 2199 2182 2255 mihi.
2204 2201 2302 2256 Vel
2329 2198 2407 2256 sic
2433 2217 2445 2254 :
2475 2199 2714 2254 Laudem
2733 2199 2852 2254 disci
2881 2199 2979 2252 tibi
2997 2213 3097 2252 ore
3123 2198 3180 2250 et
3208 2193 3382 2250 corde
3411 2191 3622 2247 funda-

2018 2290 2112 2343 tus
2132 2305 2288 2359 super
2294 2288 2510 2360 judicia
2529 2289 2763 2358 justitia.’
2793 2293 2920 2348 tuae,
2943 2285 2999 2340 id
3017 2287 3103 2341 est
3134 2298 3304 2354 super
3315 2282 3470 2354 justa
3482 2297 3620 2353 prae-

2017 2381 2184 2448 cepta
2214 2381 2332 2441 tua,
2361 2393 2489 2449 quae
2513 2376 2736 2448 judicas
2766 2391 2886 2430 esse
2908 2372 3274 2446 complenda,
3294 2387 3421 2443 quae
3445 2367 3620 2424 etiam

2017 2464 2316 2539 complevi.
2361 2465 2505 2530 Quia
2553 2464 2775 2520 dixerat
2814 2463 2984 2519 dilexi
3025 2462 3189 2532 legem
3234 2467 3400 2524 tuam,
3429 2457 3622 2528 posset

2017 2553 2194 2628 quaeri
2221 2571 2348 2626 quae
2371 2554 2584 2610 utilitas
2599 2553 2708 2608 erit
2727 2552 2814 2607 bis
2829 2551 2924 2625 qui
2948 2549 3196 2615 dliiguut
3209 2551 3397 2619 legem
3420 2547 3578 2600 tuam
3592 2543 3622 2596 ?

2016 2641 2102 2698 Ad
2133 2643 2286 2716 quod
2314 2642 2392 2696 sic
2421 2641 2736 2712 respondet
2767 2657 2780 2694 :
2813 2639 2938 2694 Pas:
2958 2639 3128 2692 multa
3147 2632 3509 2692 interiuserit
3535 2631 3616 2686 di-

2019 2731 2298 2799 ligentibus
2324 2730 2484 2800 legem
2508 2737 2678 2784 tuoin.
2712 2730 2788 2783 Ac
2815 2727 2860 2782 si
2884 2729 3106 2784 dicatur
3133 2742 3146 2779 :
3179 2723 3334 2778 Licet
3375 2719 3621 2775 exterius

2021 2817 2431 2874 adversitatum
2451 2815 2890 2872 sollicitudinem
2914 2813 3251 2876 sustineant,
3269 2807 3622 2865 tameninte-
3649 2849 3653 2853 .
3706 2815 3724 2832 ’

2023 2905 2138 2961 rius
2163 2909 2250 2960 est
2279 2905 2362 2960 eis
2392 2905 2574 2960 multa
2602 2921 2708 2976 pax
2740 2921 2773 2958 a
2796 2902 2965 2968 vitiis,
2994 2917 3068 2956 ne
3097 2900 3170 2954 ab
3193 2895 3623 2968 illicitissugge-

2020 2995 2298 3051 stionibus
2319 2993 2488 3050 nimis
2501 2996 2836 3065 urgeantur.
2853 2993 2932 3047 De
2954 3007 3067 3062 qua
3091 3005 3230 3060 pace
3255 2985 3533 3042 Dominus
3563 2983 3622 3038 in

2021 3084 2329 3155 Evangelia
2371 3082 2508 3138 dicit
2541 3099 2554 3137 :
2585 3099 2614 3134 ι
2644 3083 2851 3137 Pacem
2883 3095 3074 3134 meam
3105 3077 3182 3132 do
3213 3075 3392 3142 vobis,
3422 3089 3621 3145 pacem

2019 3172 2282 3244 relinquo
2313 3171 2472 3227 vobis
2499 3169 2686 3244 (Joan.
2737 3185 2846 3235 xxv,
2892 3167 3006 3238 27).
3037 3187 3066 3215 »
3095 3166 3174 3221 Ne
3199 3179 3333 3220 vero
3387 3162 3459 3217 de
3485 3177 3622 3233 pace

2019 3261 2319 3316 mundana
2349 3258 2554 3315 dixisse
2593 3258 2903 3323 videretur,
2955 3253 3175 3310 addidit
3206 3271 3219 3308 :
3257 3273 3280 3300 ο
3311 3252 3435 3306 Non
3481 3265 3623 3324 quo-

2017 3349 2192 3405 modo
2221 3349 2470 3404 mundus
2495 3347 2612 3412 dat,
2645 3363 2754 3418 ego
2778 3345 2851 3401 do
2877 3343 3038 3400 vobis
3076 3341 3280 3414 (Ibid).
3315 3361 3344 3389 ιι
3600 3345 3608 3358 ’

2092 3439 2234 3505 Paw,
2267 3437 2529 3508 inquam,
2559 3437 2644 3491 est
2672 3434 3007 3504 diligentibus
3049 3431 3212 3502 legem
3247 3435 3417 3486 tuam.
3465 3429 3533 3482 Et
3576 3427 3620 3482 si

2019 3525 2380 3597 aliquatenus
2407 3541 2440 3579 a
2462 3523 2612 3578 vitiis
2643 3521 2930 3594 aliquibus
2975 3521 3396 3592 pertententur,
3422 3519 3620 3572 tamen

2018 3631 2122 3667 non
2151 3619 2226 3667 est
2256 3613 2360 3666 illis
2387 3611 2720 3672 scandalum,
2750 3610 2806 3665 id
2830 3611 2916 3664 est
2934 3605 3320 3664 conturbatio.
3349 3604 3514 3669 Quod
3539 3605 3625 3658 est

2017 3699 2234 3756 dicere:
2262 3700 2384 3754 Non
2419 3701 2661 3769 possunt
2695 3713 2793 3752 eos
2819 3695 3174 3768 perturbare,
3207 3692 3284 3747 sic
3315 3694 3379 3746 ut
3412 3709 3447 3746 a
3495 3691 3624 3762 lege

2019 3787 2119 3843 Dei
2140 3787 2528 3842 retrahuntur.
2553 3785 2652 3839 Vel
2675 3801 2792 3839 non
2821 3785 2910 3838 est
2931 3782 3042 3838 illis
3056 3780 3386 3838 scandalum
3404 3779 3462 3834 in
3486 3778 3620 3843 fide,

2018 3877 2102 3930 vel
2121 3891 2236 3930 non
2254 3877 2340 3929 est
2357 3873 2466 3928 illis
2486 3873 2816 3928 scandalum
2839 3871 2897 3926 in
2917 3868 3292 3942 prosperitate
3309 3867 3594 3922 malorum
3607 3907 3620 3931 ,

2019 3966 2076 4018 et
2105 3963 2163 4017 in
2193 3961 2536 4018 adversitate
2564 3962 2872 4016 bonorum.
2897 3958 3012 4014 Hoc
3039 3957 3214 4012 etiam
3244 3953 3527 4028 contingit
3556 3971 3624 4008 ex

2020 4053 2128 4107 hoc
2149 4051 2299 4122 quod
2319 4049 2605 4124 principes
2621 4048 2901 4121 persecuti
2925 4057 3058 4103 sunt
3081 4063 3208 4113 me;
3237 4045 3392 4116 quod
3415 4041 3622 4099 merito

2021 4139 2313 4212 patientiae
2333 4140 2586 4211 ipsarum
2605 4136 3067 4210 persecutionum
3085 4134 3450 4206 easpectabam
3467 4132 3620 4202 jam-

2021 4229 2236 4284 dudum
2270 4228 2504 4282 salutare
2527 4234 2696 4292 (ltum,
2714 4226 2770 4280 id
2789 4228 2874 4280 est
2893 4223 3270 4280 salvationem
3295 4224 3450 4276 tuam
3470 4218 3525 4273 in
3539 4219 3622 4272 fu-

2021 4319 2171 4372 turo.
2189 4316 2264 4371 Et
2278 4320 2338 4370 ut
2357 4318 2740 4388 exspectatam
2764 4326 3164 4382 consequerer,
3181 4309 3353 4363 dileari
3373 4306 3624 4362 mandata

2021 4411 2118 4458 tua
2148 4421 2314 4457 nova.
2342 4405 2456 4457 Hoc
2483 4405 2678 4456 autem
2700 4400 2854 4455 idem
2887 4397 3112 4452 videtur
3135 4413 3256 4450 esse
3285 4393 3438 4466 quod
3461 4408 3623 4462 supe-

2023 4491 2142 4545 rius
2163 4489 2324 4557 dixit,
2353 4489 2522 4558 legem
2553 4497 2700 4544 tuam
2727 4486 2922 4551 dilexi,
2943 4484 3043 4540 sed
3073 4483 3145 4538 ad
3175 4482 3330 4538 aliud
3357 4481 3447 4536 hic
3463 4497 3622 4554 repe-

2020 4578 2196 4632 titum
2240 4580 2344 4631 est.
2393 4577 2514 4629 Non
2560 4576 2747 4630 solum
2777 4577 2970 4628 autem
3011 4571 3184 4626 dilexi
3231 4571 3487 4627 mandata
3529 4575 3624 4623 tua

2022 4682 2188 4731 nova,
2209 4664 2307 4718 sed
2325 4663 2503 4718 etiam
2521 4661 2996 4718 custodioitanima
3013 4677 3130 4717 mea
3149 4659 3355 4715 intima
3371 4656 3624 4712 dilectio-

2022 4770 2094 4807 ne
2126 4753 2420 4807 testimonia
2452 4757 2544 4805 tua
2576 4753 2789 4805 vetera.
2839 4750 3004 4815 Quod
3047 4752 3134 4805 est
3180 4749 3392 4803 dicere.
3441 4743 3620 4800 Dilexi

2021 4857 2170 4896 nova
2199 4845 2258 4896 et
2287 4843 2483 4896 vetera
2495 4843 2912 4913 praeceptatua.
2932 4839 3008 4894 Et
3029 4854 3144 4892 non
3167 4838 3455 4904 utcunque
3475 4830 3618 4885 dile-

2021 4928 2101 4982 xit
2131 4946 2198 4983 ea
2228 4928 2426 4983 anima
2451 4944 2602 4995 mea,
2635 4929 2734 4983 sed
2764 4927 2951 4982 diletit
2985 4943 3048 4980 ea
3077 4925 3420 4986 vehementer,
3447 4919 3506 4974 id
3532 4921 3620 4974 est

2021 5017 2204 5073 valde.
2243 5019 2306 5072 Et.
2339 5024 2455 5072 non
2491 5019 2717 5072 tantum
2738 5016 2927 5080 dilexi,
2952 5013 3051 5068 sed
3095 5011 3266 5066 etiam
3297 5010 3526 5074 servavi,
3558 5007 3617 5062 id

2021 5109 2105 5160 est
2134 5122 2308 5177 opere
2340 5105 2621 5176 complevi
2645 5109 2890 5160 mantnta
2923 5109 3016 5156 tua
3042 5117 3209 5167 nova,
3236 5106 3285 5154 et
3319 5099 3618 5154 testimonia

2021 5201 2113 5248 tua
2141 5197 2364 5258 vetera;
2396 5197 2454 5248 et
2477 5195 2586 5248 hoc
2605 5193 2759 5264 quod
2773 5209 2842 5246 ea
2869 5190 3042 5246 dilexi
3063 5192 3122 5244 et
3147 5189 3376 5254 servavi,
3408 5203 3526 5242 non
3549 5202 3618 5240 ex

2022 5300 2114 5337 me
2136 5282 2331 5348 habui,
2361 5282 2458 5336 sed
2486 5281 2621 5336 inde
2649 5283 2774 5352 quia
2799 5296 2973 5336 omnes
2995 5281 3096 5334 viae
3125 5293 3270 5344 meae,
3294 5275 3349 5330 id
3385 5277 3472 5328 est
3497 5291 3620 5330 om-

2019 5387 2119 5426 nes
2150 5369 2530 5440 cogitationes
2545 5371 2602 5420 et
2619 5368 2984 5439 Operationes
3005 5382 3150 5420 meae
3167 5364 3371 5436 quibus
3392 5362 3618 5427 incedo,

2017 5461 2150 5514 sunt
2175 5461 2230 5511 in
2249 5463 2524 5528 conspectu
2550 5455 2730 5528 tuo,in
2750 5459 2835 5510 est
2855 5457 2912 5512 in
2950 5454 3262 5526 conspectu
3295 5449 3618 5506 misericor-

2015 5548 2125 5603 diae
2153 5551 2289 5601 tuae.
2323 5527 2486 5610 Quod
2515 5548 2601 5601 est
2854 5544 3042 5600 dicere
3086 5561 3100 5596 :
3149 5539 3623 5596 Consideratione
