3966 6034
418 295 545 357 1311

1016 284 1076 355 S.
1102 294 1460 356 'BBUNONIS
1498 288 2131 354 CARTHUSIANORUM
2172 289 2639 350 lNSTl’l‘U'l‘OPdS
2677 292 2833 350 OPP.
2874 286 3050 349 PARS
3085 288 3110 348 ι

3578 286 3718 347 ιω

413 412 820 474 misericordiae
840 414 973 485 tum,
997 432 1201 473 omnes
1223 415 1343 473 vias
1364 432 1526 472 meas
1551 411 1899 488 disposuisti,
1927 411 2017 469 vel
2034 414 2091 476 Α
2116 428 2317 485 quare,
2346 411 2406 468 in
2434 412 2628 468 futuro
2666 427 2800 467 vero
2827 410 2950 483 ipsa
2979 409 3064 466 rei
3093 406 3448 485 experientia
3476 405 3718 467 intrare.

414 505 492 561 sic
523 520 538 562 :
567 505 703 563 Dico
722 506 888 562 dilexi
910 507 970 561 et
994 507 1223 574 servavi,
1249 507 1309 560 et
1343 505 1415 561 de
1448 506 1559 560 hoc
1585 521 1704 560 non
1741 502 2013 570 mentior,

416 610 548 649 cum
579 597 767 650 certus
785 594 893 650 sim
929 594 1083 666 quod
1111 609 1285 649 omnes
1304 596 1406 650 viae
1433 610 1578 661 meae,
1606 592 1663 647 id
1693 596 1777 647 est
1805 591 2019 663 cogita~

416 682 606 738 tiones
634 686 692 739 et
721 682 1089 755 operationes
1117 682 1232 737 sint
1283 685 1338 737 in
1375 689 1651 753 conspectu
1694 688 1806 735 tuo.
1848 681 1926 733 Ac
1971 678 2017 734 si

418 770 572 825 dicat
603 787 616 825 :
646 770 789 826 Cum
816 773 1083 827 constans
1114 771 1255 825 mihi
1279 771 1352 825 sit
1382 773 1436 825 te
1468 770 1586 825 vias
1617 785 1774 824 meas
1814 784 2017 824 omnes

416 858 771 933 conspicere,
800 858 1199 915 stultissimum
1230 860 1378 913 esset
1402 858 1447 912 si
1478 856 1838 912 mendaciter
1865 855 2016 911 dice-

416 962 542 1002 rem
555 964 651 1003 me
667 946 864 1003 omnia
880 948 1278 1019 praeceptatna
1304 946 1563 1002 dilexisse
1590 950 1646 1001 et
1667 946 2014 1001 observasse.

413 1034 514 1091 Vel
534 1035 613 1091 sic
636 1054 650 1091 :
675 1034 878 1098 Dileci,
903 1035 1162 1107 inquam,
1198 1038 1255 1089 et
1281 1037 1492 1091 servavi
1519 1034 1774 1091 mandata
1803 1040 1852 1087 et
1883 1036 2020 1088 testi-

416 1126 599 1182 monia
622 1131 734 1192 tua,
765 1125 921 1197 quod
951 1124 1085 1180 inde
1115 1125 1528 1198 comprobatur
1558 1124 1691 1197 quia
1721 1140 1895 1181 omnes
1919 1124 2020 1179 τίετε

418 1227 562 1279 vtem,
584 1212 643 1267 id
657 1212 1581 1286 estcogitationesetoperationes
1614 1230 1759 1268 mea:
1790 1216 1926 1268 sunt
1963 1213 2019 1265 in

416 1306 693 1371 conspectu
723 1306 833 1367 tuo,
854 1300 913 1355 id
944 1304 1030 1356 est
1058 1300 1113 1356 in
1133 1301 1572 1373 beneplacentia
1601 1304 1717 1356 tua.
1740 1300 1900 1365 Quod
1934 1301 2021 1354 est

418 1385 607 1443 dicere
641 1404 655 1444 :
688 1388 832 1443 Cum
864 1388 1005 1444 nihil
1035 1406 1207 1460 agam
1256 1390 1341 1444 vel
1391 1389 1665 1461 cogitem,
1699 1388 1806 1444 nisi
1862 1388 2017 1460 quod

418 1475 522 1530 tibi
555 1476 983 1549 beneplacitum
1029 1480 1134 1546 est,
1164 1480 1360 1550 procul
1411 1477 1584 1532 dubio
1636 1479 1859 1532 constat
1910 1492 2016 1530 me

418 1564 699 1620 mandata
729 1567 787 1621 et
815 1565 1150 1621 testimonia
1185 1570 1285 1621 tua
1311 1565 1568 1621 dilexisse
1590 1568 1647 1621 et
1667 1566 2013 1631 observasse,

418 1652 607 1708 adhuc
647 1651 885 1724 diligere
913 1655 972 1708 et
1002 1654 1325 1708 observare.

489 1740 604 1796 TAU
652 1739 1068 1812 interpretatur
1151 1745 1369 1810 erravit,
1435 1741 1550 1797 sive
1612 1742 2012 1797 consummavit.

360 1840 369 1844 ‘
420 1828 832 1900 Competenter
846 1845 987 1901 erga
1001 1828 1119 1883 Tau
1134 1830 1382 1885 versibus
1406 1830 1626 1887 octonis
1642 1831 1808 1902 hujus
1825 1829 2018 1885 inscri-

418 1915 576 1971 bitur
602 1917 888 1985 clausulas,
917 1917 974 1972 in
996 1918 1156 1989 cujus
1184 1918 1299 1974 line
1321 1918 1575 1975 ﬁdelium
1611 1936 1795 1973 massa
1824 1922 2018 1973 osten-

419 2001 523 2071 dit,
539 2005 694 2077 quod
706 2020 812 2076 per
829 2006 1013 2061 Adam
1028 2022 1061 2060 a
1082 2006 1268 2079 patria
1284 2006 1511 2075 erravit,
1538 2007 1837 2063 occasione
1859 2006 2020 2077 cujus

419 2090 633 2148 erroris
656 2095 803 2159 orat,
835 2096 898 2148 ut
937 2094 1365 2167 appropinquet
1401 2098 1458 2151 et
1501 2094 1679 2150 intret
1709 2094 1930 2150 meritis
1962 2098 2021 2148 et

419 2179 776 2236 orationibus
797 2181 909 2236 suis
929 2183 1001 2237 ad
1032 2183 1304 2255 patriam,
1320 2200 1354 2238 a
1384 2199 1497 2255 qua
1527 2200 1630 2255 per
1656 2185 1841 2238 Adam
1860 2184 2020 2238 aber-

418 2268 586 2336 ravit,
606 2271 668 2323 ut
683 2271 877 2325 autem
896 2272 1278 2342 appropinquat
1294 2274 1352 2327 et
1390 2273 1547 2325 intret
1577 2274 1704 2327 orat
1748 2271 1871 2327 dari
1912 2270 2018 2326 sibi

416 2353 774 2412 intellectum
804 2357 864 2412 in
888 2357 1389 2429 justificationibus
1416 2359 2021 2427 Domini,uteructent

416 2442 571 2498 labia
600 2443 722 2514 ejus
750 2445 1059 2516 hymnum,
1095 2450 1153 2500 et
1182 2451 1311 2502 orat
1344 2448 1415 2502 ab
1444 2448 1553 2502 hac
1594 2447 1709 2502 vita
1750 2446 1916 2518 eripi.
1940 2447 2019 2502 Ne

418 2545 555 2585 vero
575 2530 866 2586 videretur
880 2533 1065 2588 adhuc
1083 2550 1204 2588 esse
1219 2534 1280 2589 in
1312 2551 1508 2590 errore
1526 2536 1743 2608 peccati
1766 2535 2017 2606 origina-

418 2617 508 2681 lis,
536 2618 788 2675 ostendit
824 2621 979 2692 quod
1011 2621 1137 2692 jam
1174 2622 1323 2677 Deus
1353 2640 1482 2678 eam
1506 2622 1579 2677 in
1610 2624 1910 2678 sanctitate
1942 2622 2020 2678 sic

416 2707 839 2762 consummavit
870 2711 931 2763 ut
956 2709 1233 2764 mandata
1260 2710 1360 2765 Dei
1395 2711 1654 2783 elegerit,
1687 2714 1745 2767 et
1774 2712 2020 2766 salutare

313 2810 329 2824 ·
419 2793 543 2865 ejus
572 2795 949 2868 concupierit,
964 2796 1090 2852 etin
1110 2798 1238 2870 lege
1265 2799 1388 2870 ejus
1410 2799 1889 2855 meditetur.Cum
1918 2798 2019 2870 igi-

420 2884 514 2937 tur
537 2882 596 2937 in
624 2884 928 2940 sanctitate
964 2884 1091 2956 jam
1147 2891 1551 2943 consummata
1602 2888 1692 2957 sit,
1720 2891 1779 2943 et
1831 2888 2017 2943 adhuc

416 2971 609 3026 tamen
640 2970 712 3026 sit
742 2971 800 3025 in
831 2989 919 3040 ea,
952 2989 1071 3028 non
1092 2989 1256 3029 error
1284 2975 1541 3048 quidem,
1562 2977 1663 3031 sed
1680 2992 1851 3048 poena
1864 2992 2016 3031 erro-

415 3056 518 3126 ris,
535 3060 857 3115 mortalitas
883 3060 1116 3129 scilicet,
1147 3066 1205 3117 et
1229 3063 1591 3134 passibilitas,
1612 3067 1668 3120 et
1690 3064 2019 3137 peregrina-

418 3145 497 3201 tio
521 3163 556 3202 a
576 3147 782 3218 patria,
814 3152 943 3204 orat
973 3152 1036 3205 ut
1068 3167 1196 3205 eam
1231 3151 1621 3207 misericordia
1650 3152 1882 3209 Domini
1914 3170 2019 3225 per

416 3249 659 3289 manum
684 3252 847 3291 suam
861 3237 1140 3308 perducat
1169 3238 1242 3293 ad
1266 3239 1665 3308 salvationem,
1691 3240 1903 3295 scilicet
1935 3244 2013 3308 ut,

420 3322 492 3376 ad
519 3322 769 3392 patriam
795 3324 1052 3392 reducta,
1080 3325 1227 3381 vivat
1247 3327 1304 3381 in
1329 3329 1812 3401 aeternum,quam
1838 3327 2014 3384 vitam

419 3408 527 3464 sibi
558 3428 626 3464 ex
650 3411 1005 3467 confidentia
1024 3412 1330 3484 promittit.
1364 3415 1479 3470 Hoc
1511 3420 1702 3470 autem
1733 3418 1919 3471 totum
1949 3433 2019 3471 ea

421 3495 747 3553 intentione
777 3498 934 3567 dicit,
969 3502 1031 3554 ut
1052 3502 1314 3573 exemplo
1347 3519 1447 3558 suo
1478 3500 1678 3559 invitet
1702 3521 1798 3560 eos
1829 3504 1927 3577 qui
1954 3503 2014 3559 in

420 3585 633 3641 erroris
662 3586 833 3659 hujus
863 3604 1030 3661 paena
1054 3590 1240 3645 adhuc
1287 3592 1438 3658 sunt,
1471 3591 1544 3647 ad
1573 3592 1821 3665 patriam
1847 3595 2016 3648 teter-

418 3690 557 3730 nam
578 3675 882 3748 suspirare,
915 3679 974 3732 et
1010 3677 1080 3732 de
1107 3677 1228 3749 ejus
1254 3678 1444 3734 reditu
1473 3696 1659 3737 orare.

488 3761 895 3837 Appropinquet
928 3765 1218 3836 deprecatio
1242 3782 1379 3835 mea,
1407 3771 1515 3823 etc.
1552 3769 1712 3833 Quod
1743 3770 1824 3826 ita
1848 3786 2014 3841 supe-

417 3848 557 3905 riori
582 3851 849 3907 clausulae
868 3853 1260 3925 conjungitur.
1284 3854 1427 3923 Dixi,
1445 3856 1708 3926 Domine,
1742 3859 1897 3930 quod
1916 3876 2018 3913 ser-

418 3939 547 3993 vavi
579 3939 840 3996 Mandata
866 3945 965 3997 lua
988 3948 1037 3996 el
1073 3945 1367 3999 testimonia
1393 3950 1488 3999 tua
1517 3962 1533 3997 :
1556 3946 1630 4000 ob
1653 3963 1779 4018 quas
1808 3947 2017 4003 merita

419 4040 521 4081 oro
544 4029 928 4099 appropinquet
951 4028 1251 4103 deprecatio
1280 4046 1396 4086 mea
1422 4033 1478 4086 in
1506 4042 1784 4104 conspectu
1823 4041 1935 4099 luo,
1959 4036 2017 4090 id

418 4113 505 4166 est
524 4112 851 4184 deprecatio
870 4131 1000 4170 mea
1025 4118 1081 4169 in
1093 4126 1370 4189 conspectu
1395 4126 1486 4176 tuo
1510 4120 1728 4185 habita,
1760 4121 1820 4177 id
1845 4125 1930 4178 est
1954 4122 2014 4177 in

2115 500 2306 567 Intret,
2351 501 2611 573 inquam,
2626 498 2921 572 postulatio
2953 516 3067 553 mea
3112 515 3240 572 qua:
3264 496 3388 553 talis
3418 499 3521 554 est.
3555 497 3722 569 Eripe

2116 589 2497 658 me,Domine,
2519 590 2590 644 ab
2622 588 2791 660 hujus
2818 589 2947 643 vita:
2979 586 3210 642 miseria
3233 603 3337 658 per
3364 587 3550 642 carnis
3571 603 3723 642 reso-

2116 678 2396 733 lutionem
2408 720 2421 746 ,
2445 680 2504 733 et
2525 679 2634 733 hoc
2658 676 2749 732 fac
2766 676 3056 734 secundum
3072 676 3344 748 eloquium
3371 684 3543 741 tuum,
3558 675 3617 731 id
3632 677 3720 729 est

2116 767 2432 821 secundum
2464 765 2813 839 promissum
2846 769 3030 819 tuum.
3065 764 3382 819 Promisisti
3422 764 3579 818 enim
3614 780 3717 835 per

2118 856 2463 927 prophetam
2485 853 2706 909 dicens:
2726 876 2753 904 «
2769 854 2988 909 Tollam
3003 853 3215 925 quippe
3231 869 3328 907 vos
3345 853 3413 907 de
3432 853 3719 925 gentibus,

2119 948 2176 998 et
2197 944 2561 1015 congregabo
2588 959 2685 997 vos
2714 942 2783 997 de
2817 941 3005 1009 terris,
3031 943 3088 995 et
3117 940 3389 996 inducam
3412 940 3471 994 in
3504 944 3720 996 terram

2118 1035 2366 1087 vestram
2402 1031 2613 1103 (Ezecli.
2650 1048 2830 1097 xxxvr,
2864 1030 2975 1101 24).
3007 1049 3038 1081 »
3073 1029 3193 1085 Dixi
3228 1047 3240 1084 :
3269 1030 3358 1084 Da
3390 1031 3522 1084 milii
3563 1029 3721 1085 intel-

2121 1121 2311 1175 lectum
2340 1123 2762 1192 praeceptorum
2793 1122 3058 1173 tuorum:
3095 1123 3155 1173 ut
3186 1136 3254 1173 ea
3276 1136 3370 1173 me
3397 1119 3623 1173 doceas.
3658 1119 3723 1172 Et

2118 1225 2236 1265 cum
2255 1209 2488 1263 docueris
2512 1208 3014 1279 mejustiticationes
3038 1214 3176 1274 tuas,
3208 1207 3263 1261 id
3297 1211 3383 1261 est
3394 1207 3553 1278 justa
3579 1224 3721 1278 prce-

2120 1300 2285 1369 cepta
2301 1280 2363 1368 5
2385 1280 2401 1368 Ι
2439 1280 2455 1367 Ι
2522 1300 2639 1365 tua,
2655 1296 2797 1351 labia
2812 1313 2925 1352 mea
2942 1295 3228 1351 exteriora
3244 1296 3722 1366 eruclabunlhym-

2118 1405 2267 1453 num,
2294 1385 2350 1441 id
2402 1388 2487 1441 est
2516 1404 2581 1440 ex
2612 1384 2818 1440 intima
2849 1385 3155 1440 affectione
3182 1384 3368 1440 cordis
3424 1384 3720 1457 proferent

2119 1474 2220 1529 tibi
2246 1473 2499 1541 laudem,
2521 1490 2555 1527 a
2572 1472 2951 1528 similitudine
2974 1473 3144 1540 illius,
3166 1472 3261 1545 qui
3285 1490 3349 1528 ex
3372 1473 3554 1528 nimia
3574 1477 3720 1527 satu-

2118 1563 2287 1618 ritate
2307 1561 2552 1617 exterius
2567 1564 2809 1616 eructat.
2830 1561 2994 1626 Quod
3022 1564 3107 1616 est
3133 1560 3319 1616 dicere
3357 1577 3369 1614 :
3399 1560 3583 1615 Tanta
3611 1560 3720 1615 erit

2118 1650 2342 1706 atl'ectio
2375 1649 2615 1705 interior
2645 1651 2799 1723 quod
2825 1651 2978 1705 labia
2994 1668 3112 1705 non
3130 1652 3402 1721 poterunt
3432 1650 3717 1705 abstinere

2118 1739 2363 1795 exterius
2385 1739 2456 1794 ab
2481 1739 2723 1811 hymno.
2752 1739 2949 1794 Etnon
2976 1738 3343 1793 solummodo
3366 1739 3612 1794 laudabo
3640 1740 3715 1804 te,

2120 1845 2345 1883 mecum
2382 1827 2607 1899 agendo
2649 1826 2719 1882 de
2752 1830 2827 1893 te,
2862 1827 2960 1881 sed
2991 1826 3176 1882 etiam
3188 1827 3565 1898 pronuntiabit
3594 1826 3719 1881 aliis

2120 1917 2301 1986 lingua
2324 1932 2460 1981 mea,
2485 1915 2754 1986 eloquium
2773 1923 2945 1982 tuum,
2962 1914 3020 1969 id
3042 1918 3129 1971 est
3152 1918 3505 1986 prazceptum
3533 1917 3716 1969 tuum.

2119 2008 2187 2060 Et
2212 2006 2518 2060 honestum
2544 2002 2779 2075 quidem
2796 2008 2960 2058 estea
2982 2003 3379 2076 pronuntiare,
3398 2004 3522 2074 quia
3543 2004 3718 2057 omnia

2119 2093 2377 2148 mandata
2421 2098 2512 2145 tua
2540 2094 2674 2145 sunt
2723 2094 2966 2163 tequilas,
3004 2108 3106 2163 per
3154 2091 3505 2162 emphasim,
3536 2091 3591 2145 id
3634 2092 3719 2145 est

2119 2180 2444 2253 aequissima
2468 2182 2616 2236 sunt.
2645 2180 2713 2234 Et
2737 2179 2861 2253 quis
2894 2182 3073 2236 nollet
3096 2181 3430 2253 aequitatem
3462 2197 3717 2251 pronun-

2122 2270 2264 2325 tiare
2281 2270 2309 2324 ‘t

2192 2356 2694 2422 Quoniam‘autcm
2717 2357 2774 2412 in
2794 2358 2902 2413 hac
2929 2357 3401 2430 pronuntiatione
3418 2360 3596 2413 multa
3620 2375 3717 2431 pa-

2121 2445 2233 2501 tiar
2252 2446 2322 2500 ab
2350 2445 2675 2501 inﬁdelibus
2696 2446 2954 2514 adversa,
2979 2464 3050 2501 ne
3074 2450 3207 2501 tunc
3232 2447 3519 2512 deliciam,
3536 2464 3719 2500 manus

2122 2541 2234 2600 tua,
2278 2534 2336 2589 id
2361 2537 2445 2590 est
2474 2535 2750 2589 exercitus
2782 2540 2910 2590 tuus
2936 2535 3245 2608 angelicus,
3278 2535 3374 2607 qui
3408 2534 3718 2590 destinatus

2120 2626 2206 2677 est
2231 2623 2302 2677 ad
2331 2623 2719 2678 auxiliandum
2744 2624 3136 2690 lidelibus,lial
3166 2623 3305 2677 mihi
3336 2622 3394 2677 in
3423 2621 3715 2689 auxilium,

2120 2717 2180 2766 ul
2198 2711 2364 2767 salvat
2390 2727 2492 2779 me,
2520 2710 2578 2766 id
2606 2714 2691 2766 est
2717 2698 2788 2765 sit
2820 2711 2960 2766 mihi
2988 2728 3157 2767 causa
3185 2710 3516 2766 salvationis
3541 2710 3599 2765 in
3633 2710 3715 2764 fu-

2119 2801 2271 2867 turo,
2295 2799 2392 2871 qui
2418 2798 2461 2854 si
2493 2799 2800 2854 deficerem
2831 2817 2949 2854 non
2978 2802 3245 2854 salvarer.
3272 2800 3565 2871 Leguntur
3594 2797 3715 2870 qui-

2119 2887 2252 2942 dem
2285 2887 2474 2960 angeli
2507 2887 2855 2960 martyribus
2879 2887 3095 2955 multis,
3127 2887 3185 2942 in
3218 2886 3504 2960 passionis
3532 2902 3715 2958 agone

2043 3001 2092 3064 Ο
2118 2975 2335 3048 positis,
2358 2975 2430 3031 ad
2452 2976 2727 3031 auxilium
2760 2975 3001 3032 venisse.
3049 2976 3141 3031 Vcl
3170 2975 3268 3043 sic,
3302 2992 3494 3030 manus
3516 2983 3630 3043 tua,
3663 2974 3715 3029 id

2118 3066 2203 3118 est
2232 3063 2493 3135 potentia
2513 3063 2923 3119 misericordia:
2950 3066 3062 3120 tuae
3076 3065 3175 3134 ﬁat
3206 3063 3348 3118 mihi
3364 3063 3455 3117 hic
3482 3062 3538 3117 in
3561 3062 3715 3117 auxi-

2117 3151 2258 3208 lium
2292 3169 2365 3206 ne
2396 3152 2679 3219 deliciam,
2705 3159 2763 3205 ut
2793 3152 2852 3207 in
2880 3153 3074 3209 futuro
3105 3153 3269 3208 salvet
3295 3170 3375 3207 me
3405 3151 3715 3206 salvatione

2118 3244 2355 3297 aeterna.
2373 3241 2439 3294 Et
2466 3239 2708 3311 dignum
2740 3244 2845 3309 est,
2874 3242 3002 3313 quia
3026 3241 3279 3295 mandata
3307 3246 3397 3294 tua
3427 3240 3558 3309 elegi
3586 3255 3717 3311 pro-

2120 3328 2385 3384 nuntiare
2409 3328 2564 3396 aliis;
2596 3329 2698 3383 sed
2729 3331 2786 3383 et
2816 3328 2951 3401 quia
2981 3331 3258 3400 concupiui
3282 3328 3516 3383 salutare
3544 3334 3715 3393 luunt,

2115 3415 2364 3484 Domine,
2398 3415 2455 3472 id
2486 3420 2572 3471 est
2601 3417 2762 3472 valde
2795 3416 3113 3472 desideravi
3146 3417 3526 3472 salvationem
3558 3418 3717 3470 tuam

2116 3503 2393 3569 futuram,
2411 3510 2459 3558 et
2481 3505 2541 3557 ut
2558 3505 2806 3559 salutare
2826 3506 2986 3561 tuum
3013 3505 3071 3560 in
3098 3506 3290 3561 futuro
3318 3522 3609 3577 assequar,
3632 3503 3719 3558 hic

2118 3592 2199 3649 lex
2224 3600 2316 3648 tua
2343 3586 2616 3649 meditatio
2644 3612 2760 3649 mea
2791 3603 2886 3662 est,
2930 3595 2989 3650 id
3019 3600 3104 3651 est
3131 3595 3221 3650 hic
3250 3595 3502 3650 meditor
3526 3597 3717 3667 legem

2116 3684 2540 3754 praeceptorum
2564 3686 2817 3738 tuorum.
2850 3681 3172 3756 Concupivi,
3199 3684 3460 3756 inquam,
3483 3682 3721 3738 salutare

2118 3777 2289 3837 tuum,
2308 3770 2365 3824 id
2386 3772 2472 3825 est
2491 3769 2665 3825 vitam
2692 3774 3004 3839 aeternam;
3034 3775 3092 3827 et
3121 3772 3234 3827 scio
3257 3772 3412 3844 quod
3438 3788 3570 3826 eam
3600 3774 3721 3825 tan-

2118 3859 2254 3914 dem
2308 3857 2609 3930 adipiscar.
2652 3860 2804 3914 Vivet
2835 3860 3099 3916 videlicet
3128 3862 3311 3915 anima
3340 3878 3455 3914 mea
3501 3863 3722 3915 acterna

2115 3946 2249 4013 vita,
2281 3952 2331 4003 el
2362 3946 2603 4002 vivendo
2647 3946 2887 4003 laudabit
2918 3955 2965 4002 te
2995 3948 3116 4004 sine
3150 3949 3286 4016 line,
3320 3948 3547 4003 intensa
3580 3948 3721 4002 dile-

2117 4034 2324 4102 ctiode,
2346 4040 2396 4089 et
2422 4035 2496 4090 ad
2514 4035 2623 4089 hoc
2651 4038 2711 4089 ut
2732 4035 2921 4090 vivam
2950 4037 3285 4108 adjuvabunl
3307 4054 3387 4090 me
3400 4036 3616 4107 judicia
3631 4041 3724 4090 tua

2108 4122 2283 4194 justa,
2312 4123 2546 4191 scilicet,
2585 4140 2718 4178 cum
2746 4124 2887 4178 nihil
2927 4142 3181 4197 unquam
3207 4124 3580 4196 judicaveris,
3616 4123 3721 4178 nisi

416 4198 854 4305 beneplacentia
877 4204 976 4305 tua
999 4220 1095 4259 me
1119 4205 1291 4305 faciat
1323 4208 1787 4305 appropinquare
1813 4211 2014 4282 patriae
2040 4244 2092 4305 D
2115 4211 2270 4283 quod
2284 4210 2508 4283 justum
2535 4215 2639 4279 est;
2666 4228 2770 4267 nec
2798 4213 2870 4267 de
2888 4229 2983 4267 me
3009 4214 3156 4269 bene
3173 4213 3492 4287 promerito
3510 4213 3723 4283 injuste

415 4288 629 4347 cosleati
654 4288 713 4345 in
738 4289 846 4346 hac
875 4289 988 4347 vita
1008 4308 1111 4364 per
1126 4295 1699 4368 contemplationem,
1724 4301 1782 4353 et
1801 4299 2016 4353 bonam

421 4377 842 4448 operationem;
862 4379 950 4435 his
971 4381 1126 4437 enim
1148 4383 1339 4439 modis
1354 4383 1421 4438 fit
1446 4384 1504 4439 in
1518 4385 1627 4440 hac
1648 4385 1762 4441 vita
1791 4387 1864 4442 ad
1885 4404 2015 4442 eam

419 4465 924 4539 appropinquatio.
939 4470 1440 4543 Appropinquare,
1454 4471 1714 4545 inquam,
1739 4492 1832 4530 me
1845 4475 2017 4531 faciat

420 4552 748 4623 deprecatio
762 4570 914 4623 mea,
935 4556 1131 4613 dicens
1145 4558 1239 4614 illa
1268 4560 1595 4632 deprecatio
1630 4579 1644 4616 :
1677 4562 1720 4617 Ο
1744 4564 2012 4633 Domine,

420 4639 490 4693 da
513 4641 648 4695 mihi
679 4642 1023 4711 intellectum,
1056 4646 1152 4717 qui
1184 4646 1256 4701 sit
1281 4648 1443 4717 juxta
1461 4650 1726 4722 eloquium
1746 4658 1923 4720 tuum,
1955 4652 2015 4709 id

419 4730 506 4782 est
542 4728 708 4800 juxta
744 4734 1099 4803 praeceptum
1141 4735 1325 4789 tuum.
1353 4736 1517 4800 Quod
1548 4740 1633 4792 est
1663 4738 1851 4794 dicere
1885 4758 1896 4796 :
1926 4742 2014 4797 Da

416 4817 553 4873 mihi
572 4818 899 4874 intellectum
919 4823 1342 4893 praeceptorum
1364 4827 1619 4894 tuorum,
1636 4829 1799 4883 utsic
1819 4829 1887 4884 ad
1911 4846 2013 4900 pa-

411 4904 588 4961 triam
610 4907 1093 4981 appropinqnem.
1119 4908 1242 4964 Non
1263 4912 1447 4967 solum
1471 4917 1665 4970 autem
1692 4932 1787 4972 me
1807 4917 1900 4971 hic
1927 4918 2012 4972 fa-

413 4992 527 5049 ciat
579 4996 1044 5068 appropinquare
1089 4997 1382 5069 deprecatio
1434 5019 1570 5070 mea,
1630 5003 1729 5058 sed
1780 5004 2012 5076 insuper

412 5080 581 5136 intret
586 5082 880 5152 postulatio
910 5100 1027 5140 mea
1058 5087 1114 5139 in
1143 5095 1419 5158 canspectv
1459 5096 1571 5145 tuo.
1606 5088 1771 5153 Quod
1811 5094 1895 5146 est
1924 5092 2010 5147 di-

411 5183 542 5224 cere
569 5183 582 5223 :
613 5168 923 5226 Postulatio
944 5186 1077 5226 mea
1096 5172 1295 5228 habita
1320 5177 1374 5228 in
1403 5182 1679 5248 conspectu
1708 5183 1820 5245 tuo,
1840 5178 1898 5234 id
1927 5182 2011 5235 est

404 5254 467 5310 in
494 5256 935 5328 beneplacentia
962 5261 1082 5326 tua,
1122 5261 1303 5329 intret,
1335 5262 1394 5318 id
1429 5267 1515 5319 est
1545 5282 1640 5320 me
1680 5264 1899 5322 intrare
1931 5268 2012 5324 fa-

404 5342 520 5400 ciat
544 5343 604 5400 in
634 5344 829 5400 futuro
862 5345 1048 5417 ipsam
1078 5349 1335 5420 putriam
1368 5352 1679 5408 caelestem.
1708 5354 1884 5427 Magis
1910 5373 2009 5411 au-

405 5433 528 5486 tem
549 5434 635 5485 est
663 5431 883 5487 intrare
913 5451 1089 5505 quam
1135 5438 1626 5513 appropinquare.
1669 5442 1768 5497 llic
1799 5443 2012 5517 quippe

409 5520 496 5570 est
514 5533 617 5588 per
642 5518 824 5575 bonas
843 5521 1223 5594 cogitationes
1244 5528 1302 5579 et
1322 5541 1501 5601 opera
1520 5530 1675 5585 bona
1704 5532 2012 5608 appropin-

2109 4299 2412 4371 judicabis,
2435 4299 2536 4354 sed
2559 4316 2653 4355 me
2668 4300 2824 4371 justo
2842 4300 3061 4371 judicio
3076 4301 3401 4358 viviﬁcabis.
3419 4302 3561 4356 Cum
3586 4300 3725 4356 dicit

2115 4388 2255 4444 vicet
2281 4388 2488 4455 anima,
2515 4391 2712 4459 aperte
2736 4388 3001 4460 designat
3015 4390 3167 4461 quod
3194 4393 3349 4445 totus
3361 4392 3415 4444 et
3435 4389 3493 4444 in
3519 4389 3727 4444 anima

2115 4476 2263 4531 vivet
2285 4476 2423 4531 etin
2456 4493 2718 4548 corpore.
2747 4476 2891 4540 Quia
2922 4477 3164 4545 dixerat,
3185 4479 3283 4547 ﬁat
3318 4496 3504 4533 manus
3540 4485 3638 4531 tua
3672 4482 3726 4529 ut

2113 4564 2277 4619 solvet
2320 4582 2420 4631 ine,
2455 4568 2512 4619 et
2559 4566 2695 4619 vivet
2746 4566 2929 4619 anima
2975 4583 3113 4631 mea,
3138 4570 3330 4637 posset
3360 4565 3535 4638 quaeri
3566 4565 3729 4621 unde

2115 4651 2217 4708 tibi
2248 4669 2478 4707 necesse
2509 4656 2595 4707 est
2622 4653 2846 4721 salvari,
2871 4656 2928 4707 et
2955 4654 3133 4708 vitam
3161 4654 3434 4725 adipisci?
3479 4654 3566 4708 Ad
3620 4655 3729 4707 hoc

2114 4757 2253 4812 ergo
2275 4741 2587 4812 respondet
2610 4740 2718 4795 sic:
2740 4741 2872 4795 ldco
2900 4741 3056 4796 oravi
3086 4745 3409 4813 tantopere“,
3425 4745 3601 4796 utme
3616 4742 3727 4796 sal-

2114 4849 2207 4887 ves
2232 4831 2564 4886 reducendo
2595 4831 2668 4886 ad
2700 4832 2950 4902 patriam
2977 4832 3127 4900 vitae,
3160 4833 3438 4905 quoniam
3468 4849 3502 4887 a
3529 4832 3730 4904 patria

2114 4918 2212 4974 illa
2237 4922 2430 4986 erravi,
2454 4918 2513 4975 id
2542 4922 2627 4974 est
2657 4936 2762 4991 per
2795 4937 3056 4976 errorem
3091 4920 3230 4976 Adae
3258 4922 3432 4992 longe
3464 4920 3728 4985 discessi,

2114 5010 2172 5062 et
2200 5008 2449 5063 errando
2480 5007 2646 5078 perii,
2680 5008 2864 5063 factus
2919 5009 3179 5064 mortalis
3235 5013 3293 5064 et
3319 5010 3631 5083 passibilis,
3673 5014 3731 5064 et

2111 5093 2418 5151 incidenda
2448 5095 2602 5150 inter
2629 5096 2842 5165 hostes,
2871 5097 3138 5152 videlicet
3162 5097 3316 5153 inter
3345 5099 3652 5154 daemones
3674 5102 3731 5154 et

2110 5182 2262 5251 vitia,
2286 5200 2413 5256 quae
2436 5200 2529 5238 me
2549 5184 2897 5240 mortiﬁcare
2920 5185 3428 5255 nituntur.Erravi,
3452 5188 3728 5260 inquam,

2108 5274 2169 5326 et
2197 5271 2343 5344 perii
2374 5274 2509 5328 sicut
2533 5274 2643 5327 ovis
2674 5273 2866 5345 aliqua
2903 5291 3020 5346 qua:
3051 5275 3123 5330 ab
3156 5275 3289 5330 ovili
3320 5276 3639 5345 aberravit,
3674 5280 3731 5331 et

2111 5357 2420 5415 incidendo
2451 5360 2606 5414 inter
2633 5362 2798 5433 lupos
2815 5364 2999 5432 periit.
3016 5363 3087 5417 Ut
3106 5379 3244 5435 ergo
3266 5363 3459 5419 reduci
3478 5365 3727 5435 possim,

2112 5464 2244 5503 cum
2277 5448 2613 5518 erraverim,
2645 5468 2819 5522 quaere
2851 5467 2945 5505 me
2975 5469 3181 5506 servum
3233 5457 3405 5519 tuum,
3448 5454 3725 5521 Domine,

2111 5536 2442 5592 reducendo
2474 5537 2546 5592 ad
2585 5539 2836 5609 patriam
2874 5543 3003 5613 post
3033 5542 3308 5609 mortem,
3348 5541 3442 5614 qui
3465 5542 3604 5612 jam
3632 5561 3729 5599 me
