4016 6030
366 302 507 374 isis

1352 288 1710 357 EX'POSmO
1749 295 1818 353 1N
1859 279 2192 351 pSALMos.
2226 319 2293 331 -—
2322 273 2518 345 PSAL.
2562 274 2711 348 CXIX

3540 277 3679 345 iam

362 434 667 511 quaesivisti
698 422 1030 489 reducendo
1061 422 1131 482 de
1150 424 1488 480 inﬁdelitate
1525 421 1811 484 adﬁdem,
1840 436 1872 472 a
1898 416 1971 471 si-
1996 423 2050 480 Α
2074 414 2449 469 constitutum
2480 412 2568 466 sit.
2606 409 2824 464 Dicitur
2853 410 3048 463 autem
3061 401 3338 463 Dominus
3362 410 3563 465 octava
3586 412 3679 465 die

362 507 689 584 militudine
717 523 853 577 boni
888 517 1129 592 pastoris
1154 515 1371 570 dictum
1391 515 1475 566 est
1494 511 1588 582 qui
1605 525 1769 565 ovem
1788 507 1973 578 perdi-

360 622 483 671 tam
517 613 824 686 queerit,et
850 607 1082 663 adovile
1112 602 1333 658 reducit
1361 618 1373 655 :
1403 600 1656 671 Dignum
1673 600 1758 650 est
1775 598 1968 649 autem

362 708 425 758 ut
455 717 549 756 me
570 715 818 772 quaeras,
850 698 975 768 quia
993 695 1127 749 licet
1155 690 1409 762 primum
1424 703 1527 760 per
1554 687 1737 741 Adam
1767 700 1800 738 a
1821 687 1873 737 te
1886 698 1972 735 er-

359 770 630 860 raverim,
665 791 862 842 tamen
904 786 1208 854 postquam
1259 775 1616 832 mihivocato
1661 772 1735 827 ad
1792 770 1967 824 ﬁdem

360 858 641 934 mandata
661 879 759 930 tua
778 869 1094 944 injunxisti,
1117 865 1373 923 mandata
1405 871 1497 918 tua
1526 878 1637 917 non
1690 875 1805 915 sum
1834 858 1966 912 obli-

361 974 462 1035 tus,
487 967 551 1020 ut
577 964 786 1030 Adam,
819 960 920 1016 sed
941 974 1030 1021 ea,
1054 959 1116 1011 ut
1144 951 1512 1028 potui,dilexi
1537 952 1594 1005 et
1611 964 1783 1021 opere
1813 962 1969 1001 com-

358 1055 530 1128 plevi.

843 1139 911 1192 IN
953 1134 1275 1193 PSALMUM
1315 1130 1482 1188 CXIX.

429 1231 642 1289 Psalmi
674 1227 970 1286 centesimi
1001 1224 1211 1281 decimi
1242 1222 1383 1278 noni
1402 1220 1616 1275 titulus.
1678 1214 1964 1271 Canticum

355 1324 645 1393 graduum.
680 1318 846 1384 Quod
866 1317 942 1372 sic
956 1313 1263 1385 exponitur
1286 1328 1300 1365 :
1320 1310 1580 1375 Psalmus
1605 1306 1711 1360 iste
1726 1306 1962 1359 vocatur

357 1414 625 1470 Canticum
644 1408 930 1479 graduum,
956 1404 1013 1458 id
1043 1406 1130 1458 est
1169 1398 1459 1472 jucundus
1499 1396 1772 1450 tractatus
1826 1407 1961 1462 gra-

360 1502 560 1567 duum,
593 1497 825 1563 scilicet,
856 1492 1159 1548 continens
1186 1489 1245 1543 in
1285 1504 1345 1542 se
1367 1501 1547 1540 unum
1577 1499 1641 1537 ex
1668 1480 1962 1553 gradibus,

357 1608 463 1663 per
488 1605 632 1661 quos
678 1582 1064 1655 unusquisque
1094 1578 1279 1633 ﬁdelis
1326 1573 1635 1631 ascendere
1690 1570 1861 1624 debet
1890 1567 1964 1622 ad

359 1679 671 1739 canticum,
702 1674 760 1728 id
781 1676 865 1727 est
881 1671 955 1725 ad
967 1671 1255 1725 ccelestem
1270 1661 1750 1737 jucundissimam
1771 1674 1964 1712 remu-

2075 503 2402 569 surrexisse,
2435 501 2570 572 quia
2590 514 2721 553 cum
2755 496 2911 569 prius
2940 497 3118 551 inhac
3145 498 3258 555 vita
3300 497 3492 564 fuerit,
3552 516 3679 570 qua:

2073 607 2175 662 per
2203 591 2321 645 dies
2352 592 2575 660 septem
2608 585 2872 652 volvitur,
2896 585 2969 638 ad
2987 584 3136 638 hanc
3162 585 3373 639 iterum
3395 585 3571 641 vitam
3584 589 3683 642 ha~

2070 678 2321 733 bendam
2356 694 2473 732 non
2506 673 2770 740 surrexit,
2826 671 2925 726 sed
2978 672 3052 725 ad
3109 674 3411 742 aeternam,
3466 676 3678 746 quaeiu

2070 769 2269 819 octava
2293 763 2489 831 iudicii
2511 764 2603 818 die
2633 760 2896 841 fidelibus
2922 757 3169 813 dabitur.
3205 759 3319 814 Seu
3377 760 3553 815 etiam
3574 779 3680 834 per

2069 852 2428 908 octonarium
2448 850 2657 906 idcirco
2667 848 3098 903 Testamentum
3114 847 3331 902 Novum
3345 846 3681 920 designatur

2068 941 2344 1011 quoniam
2375 939 2563 1010 ipsum
2586 954 2621 992 a
2644 936 2905 990 ﬁdelibus
2943 951 3063 989 non
3093 934 3353 989 contuitu
3379 937 3677 1007 tempora-

2064 1027 2227 1096 lium,
2251 1027 2352 1083 sed
2380 1026 2637 1083 contuitu
2667 1022 3151 1079 remunerationis
3181 1024 3395 1079 octava:
3427 1022 3540 1078 diei
3571 1025 3673 1081 ob-

2064 1120 2338 1171 servatur.

2134 1204 2276 1259 Cum
2307 1204 2483 1275 igitur
2512 1219 2616 1275 per
2638 1202 2850 1257 horum
2882 1199 3131 1255 duorum
3172 1199 3676 1257 Testamentorum

2059 1292 2506 1363 completionem
2519 1290 2731 1363 gradus
2742 1289 2833 1343 isti
2850 1289 2943 1360 qui
2960 1289 3018 1343 in
3033 1288 3068 1342 h
3078 1288 3121 1341 is
3134 1287 3686 1360 psalmisZostendun-

2060 1382 2173 1449 tur,
2189 1380 2591 1447 ascendantur,
2605 1379 3011 1449 competentur
3028 1392 3274 1431 numero
3292 1376 3676 1448 quindenario

2062 1469 2459 1525 includuntur.
2484 1468 2629 1521 Nam
2660 1466 2781 1520 sine
2827 1464 3492 1535 utriusqueTestamenti
3516 1480 3677 1519 com-

2062 1558 2339 1630 pletione,
2383 1553 2735 1627 impossibile
2766 1555 2853 1607 est
2880 1551 2968 1605 his
3019 1551 3293 1629 gradibus
3327 1551 3400 1606 ad
3434 1552 3684 1607 cmlestia

2065 1650 2263 1701 sancta
2282 1648 2612 1699 sanctorum
2637 1639 2967 1695 ascendere.
2986 1623 3298 1693 Sciendum
3340 1639 3495 1711 quod
3514 1638 3571 1694 in
3594 1639 3683 1693 his

361 1726 760 1823 ηρωιίοῌξῐέιῖ
854 1776 969 1814 non
984 1774 1051 1813 ex
1064 1726 1296 1810 ιιιίειίιίᾷ
1318 1752 1491 1807 debet
1521 1746 1852 1812 ascendere,
1868 1743 1967 1798 sed
1992 1736 2043 1799 B
2069 1734 2337 1789 omnibus
2352 1729 2685 1804 quindecim
2700 1728 2934 1800 psalmis
2947 1727 3229 1798 graduum
3246 1726 3682 1798 ﬁdelesperfeeti

360 1872 491 1911 cum
513 1853 760 1913 cantico,
789 1849 848 1903 id
879 1851 962 1901 est
991 1862 1119 1900 cum
1141 1838 1718 1914 jucundahilaritate.
1752 1833 1970 1888 Dicitur

363 1949 560 2000 autem
590 1942 845 2013 psalmus
872 1937 977 1992 iste
1033 1935 1300 1989 canticum
1353 1927 1638 1998 graduum,
1672 1927 1729 1979 et
1776 1921 1969 1976 ceteri

362 2028 800 2106 quatuordecim
821 2025 918 2097 qui
941 2023 1260 2095 sequuntur
1287 2018 1439 2083 ideo,
1456 2013 1667 2087 quiain
1690 2011 1771 2065 eis
1800 2009 1968 2082 quin-

363 2097 552 2176 decim
574 2116 787 2189 gradus
812 2110 1209 2175 ostendantur,
1250 2123 1353 2177 per
1382 2119 1525 2176 quos
1544 2101 1741 2156 ﬁdeles
1757 2097 1970 2170 quique

360 2208 520 2278 cumj
533 2188 860 2261 ucunditate
874 2200 993 2273 spei
1006 2196 1208 2253 etﬁdei
1224 2198 1500 2250 caateraru
1510 2206 1681 2262 mque
1693 2188 1970 2242 virtutum

366 2296 676 2352 ascendere
707 2272 921 2346 debent
953 2287 1027 2343 ad
1079 2286 1288 2341 Sancta
1343 2283 1674 2335 sanctorum
1731 2272 1973 2329 caelestis

366 2383 745 2448 Hierusalem,
771 2395 899 2433 cum
913 2377 1038 2448 jam
1054 2374 1146 2429 hic
1169 2372 1283 2426 sint
1301 2386 1405 2443 per
1434 2368 1608 2422 ﬁdem
1655 2364 1715 2418 in
1728 2360 1975 2417 Ecclesia

369 2472 564 2545 positi.
586 2469 750 2534 Quod
773 2465 1051 2521 nimirum
1080 2462 1139 2516 in
1159 2460 1376 2530 templo
1394 2452 1721 2511 Salomonis
1734 2453 1819 2505 est
1834 2465 1977 2521 pra:-

372 2561 688 2632 signatum,
716 2558 775 2611 in
803 2571 915 2626 quo
952 2548 1286 2624 quindecim
1321 2545 1533 2618 gradus
1587 2542 1842 2606 fuerunt,
1872 2553 1977 2608 per

374 2664 519 2720 quos
547 2648 620 2701 ab
645 2624 912 2701 exteri—ori
933 2639 1150 2710 templo
1169 2636 1342 2690 semel
1366 2635 1424 2688 in
1446 2646 1600 2687 anno
1623 2629 1774 2683 solus
1786 2624 1975 2699 ponti-

368 2738 460 2792 fex
492 2737 549 2790 in
573 2734 784 2790 Sancta
808 2732 1135 2786 sanctorum
1169 2723 1533 2781 ascendebat.
1568 2719 1780 2774 Dicitur
1800 2716 1976 2770 etiam

377 3002 476 3056 sed
508 3000 683 3055 etiam
698 2998 768 3052 ad
783 2996 1130 3069 praesentem
1152 2979 1810 3048 remunerationem,llic
1822 2977 1977 3034 enim

374 3090 551 3144 etiam
586 3104 716 3142 suos
763 3083 1138 3140 ascendentes
1167 3080 1315 3133 Deus
1343 3075 1700 3137 remunerat,
1730 3084 1860 3123 cum
1884 3082 1980 3122 eos

374 3181 606 3233 orantes
619 3174 940 3234 cxaudit,et
968 3170 1025 3224 in
1046 3166 1347 3223 virtutibus
1362 3165 1420 3216 et
1445 3162 1499 3215 in
1522 3159 1687 3215 bonis
1712 3155 1980 3227 operibus

370 3265 733 3337 augmentat.
764 3262 914 3315 Bene
943 3274 1078 3313 vero
1115 3248 1694 3328 pluralitergraduum
1719 3244 1900 3318 ponit,
1919 3246 1981 3297 ut

368 3357 562 3427 plures
586 3353 791 3406 innuat
820 3363 940 3402 esse
971 3346 1202 3418 gradus.
1236 3343 1365 3395 Haec
1404 3342 1601 3394 autem
1620 3352 1725 3391 vox
1747 3350 1873 3405 quae
1896 3334 1981 3385 est

373 3423 590 3513 gradus,
615 3437 899 3509 significat
925 3439 981 3489 et
1010 3433 1223 3505 gradus
1240 3429 1364 3484 illos
1385 3443 1488 3498 per
1518 3440 1661 3497 quos
1687 3423 1749 3475 ﬁt
1782 3436 1977 3474 ascen-

370 3548 485 3597 sus,
510 3532 569 3583 et
601 3529 724 3582 illos
763 3522 1096 3596 perquostit
1123 3521 1444 3581 descensus,
1475 3509 1735 3584 quamvis
1755 3508 1843 3562 hic
1862 3523 1976 3560 non

376 3595 491 3673 sint
514 3595 836 3688 accipiendi
867 3595 961 3667 alii
991 3608 1221 3682 gradus,
1252 3605 1358 3660 nisi
1381 3618 1484 3674 per
1504 3615 1648 3672 quos
1677 3598 1741 3651 ﬁt
1777 3595 1849 3650 ad
1867 3612 1976 3649 coe-

368 3707 574 3761 lestem
590 3704 942 3759 Hierusalem
956 3712 1241 3754 ascensus.

440 3794 545 3849 Ubi
575 3809 708 3848 vero
732 3808 836 3846 nos
891 3788 1169 3843 habemus
1203 3780 1490 3853 graduum,
1540 3774 1717 3832 Grzeci
1764 3772 1979 3827 habent

370 3882 747 3945 enabat/imos;
772 3894 898 3950 qua:
919 3893 1026 3930 vox
1056 3868 1461 3929 tantummodo
1492 3859 1980 3937 signiﬁcatgradus

371 3973 704 4028 ascensorios.
721 3968 985 4037 Congrue
1016 3961 1292 4016 nimirum
1320 3956 1533 4029 gradus
1552 3954 1567 4007 i
1588 3952 1640 4006 ,ti
1660 3949 1977 4022 quindena—

373 4060 460 4115 rio
492 4073 738 4113 numero
755 4054 1117 4109 clauduntur.
1153 4048 1296 4103 Cum
1329 4046 1488 4101 enim
1546 4055 1821 4095 numerus
1875 4035 1980 4089 iste

376 4149 599 4202 constet
629 4163 691 4200 ex
726 4140 1050 4214 septenario
1084 4142 1142 4193 et
1171 4133 1489 4194 octonario,
1532 4143 1636 4201 per
1666 4124 1983 4198 quindena-

375 4236 528 4292 rium
561 4234 655 4305 qui
675 4211 1044 4304 gradibushis
1060 4223 1360 4297 competit,
1385 4214 1806 4286 daturintellipi
1828 4211 1984 4285 quod

376 4340 481 4397 per
500 4300 855 4379 tot-am‘hanc
873 4317 1073 4382 vitam,
1097 4328 1224 4384 qua-
1240 4310 1585 4382 perLscptem
1610 4305 1731 4359 dies
1744 4300 1985 4357 volvitur
2008 4319 2061 4380 D

374 4408 727 4477 assidue,his
753 4405 1025 4479 gradibus
1046 4402 1117 4455 ad
1144 4402 1359 4454 octavae
1400 4394 1511 4449 diei
1548 4391 1862 4463 jucundam
1894 4405 1984 4441 re-

376 4499 841 4557 munerationem
861 4492 1025 4548 nobis
1040 4486 1423 4543 annitendum
1441 4479 1681 4537 est-Sive
1693 4494 1793 4548 per
1807 4480 1990 4547 septe-

376 4590 604 4645 narium
654 4589 837 4640 totum
892 4579 1323 4635 Testamentum
1377 4572 1550 4625 Vetus
1602 4566 1894 4638 accipitur,
1929 4565 1991 4615 ut

379 4682 565 4733 totum
588 4676 787 4745 aperte
809 4669 1164 4739 designetur,
1209 4680 1280 4717 eo
1333 4658 1559 4733 quodin
1586 4654 1773 4709 Veteri
1802 4652 1991 4705 Testa-

378 4768 579 4820 mento
601 4764 670 4816 de
684 4758 1081 4815 observatione
1100 4750 1484 4821 dieiseptimm
1497 4747 1721 4817 agatur.
1744 4742 1869 4796 Sive
1888 4755 1991 4809 per

380 4849 772 4924 septenarium
789 4846 999 4901 idcirco
1010 4830 1442 4897 Testamentum
1464 4837 1633 4889 Vetus
1650 4828 1991 4899 intelligitur

383 4916 659 5014 quoniam
674 4934 847 4992 fuerit
864 4934 1020 4988 idem
1049 4930 1480 4986 Testamentum
1501 4940 1535 4976 a
1559 4919 1736 4993 priori
1774 4916 1988 4990 pepulo

382 5046 499 5084 non
527 5043 697 5081 causa
715 5022 1052 5088 cmlestium,
1076 5019 1175 5073 sed
1191 5031 1359 5071 causa
1381 5010 1693 5069 mundanm
1710 5002 1992 5078 prosperi-

381 5117 533 5184 tatis,
584 5111 968 5187 adipiscendm
1032 5106 1579 5178 completum:quae
1627 5111 1764 5151 sane
1796 5108 1991 5147 rerum

381 5205 809 5262 mundanarum
834 5196 1201 5273 prosperitas,
1225 5209 1327 5264 per
1344 5194 1499 5261 septe
1509 5185 1735 5242 narium
1750 5182 1988 5237 deuota-

382 5300 497 5362 tur,
531 5309 600 5349 eo
632 5291 787 5365 quod
817 5287 1117 5345 mundana
1135 5284 1252 5337 vita
1280 5282 1403 5335 haec
1463 5293 1566 5350 per
1595 5273 1716 5328 dies
1768 5273 1990 5341 septem

383 5383 644 5439 volvitur.
674 5382 781 5435 Per
806 5375 1167 5434 octonarium
1191 5374 1387 5425 autem
1415 5364 1850 5420 Testamentum
1879 5358 1988 5411 No-

384 5489 518 5529 vum
540 5467 897 5541 exprimitur,
959 5481 1027 5519 eo
1059 5460 1211 5535 quod
1245 5458 1399 5513 idem
1426 5451 1859 5510 Testamentum
1887 5460 1992 5518 per

383 5535 863 5629 resurrectionem
894 5549 1147 5618 Domini,
1172 5562 1299 5624 qua:
1332 5545 1424 5602 die
1469 5544 1670 5599 octava
1719 5535 1987 5608 contigit,

2071 1822 2425 1894 accipiuntur
2448 1818 2605 1892 loqui
2628 1817 2755 1890 :qui
2779 1833 2907 1870 cum
2933 1815 3060 1886 jam
3103 1814 3210 1869 hos
3251 1813 3463 1884 gradus
3493 1831 3687 1871 ascen-

2071 1911 2283 1979 derint,
2311 1911 2381 1965 de
2404 1907 2623 1963 eisdem
2657 1904 2932 1978 gradibus
2981 1905 3199 1975 agunt;
3232 1906 3294 1956 ut
3342 1902 3540 1957 ﬁdeles
3586 1904 3685 1975 qui

2071 1999 2335 2053 nondum
2367 2012 2465 2051 eos
2490 1994 2894 2059 ascenderunt,
2924 1991 2997 2045 ad
3027 1989 3456 2044 ascendendum
3494 1990 3686 2046 taliter

2072 2087 2333 2142 invitent.
2366 2085 2579 2139 llorum
2626 2085 2819 2137 autem
2847 2078 3131 2152 graduum
3148 2078 3370 2151 primus
3391 2078 3461 2133 de
3481 2095 3595 2150 quo
3626 2080 3685 2134 in

2068 2174 2339 2247 prmsenti
2371 2174 2594 2244 psalmo
2615 2171 2824 2241 agitur,
2858 2168 2987 2223 talis
3026 2171 3129 2222 est.
3163 2166 3556 2221 Perfectorum
3569 2168 3685 2223 col-

2074 2264 2242 2318 lectio
2269 2261 2520 2317 ostendit
2548 2276 2606 2314 se
2632 2258 2704 2313 ad
2753 2256 3062 2314 Dominum
3095 2257 3393 2323 clamasse,
3424 2271 3556 2309 cum
3583 2256 3685 2311 ab-

2072 2349 2357 2408 bmreticis
2409 2351 2529 2403 eta
2558 2344 2913 2417 blasphemis
2962 2344 3445 2399 tribularetur:et
3493 2359 3685 2399 orasse

2075 2444 2138 2495 ut
2161 2439 2439 2493 darentur
2469 2434 2573 2490 sibi
2602 2434 2825 2506 sagitta:
2845 2432 2917 2487 ad
2934 2449 3032 2487 eos
3049 2430 3491 2499 convincendos,
3508 2435 3565 2486 et
3593 2433 3688 2487 de-

2074 2525 2332 2583 solatorii
2362 2523 2659 2590 carbones,
2694 2521 2767 2576 ad
2790 2536 2990 2575 eorum
3023 2518 3525 2591 impugnationem
3556 2536 3687 2574 eva-

2077 2615 2349 2671 dendam.
2382 2613 2528 2678 Quia
2558 2614 2751 2667 autem
2774 2608 2909 2663 dicit
2939 2608 3251 2662 clamorem
3269 2622 3437 2660 suum
3457 2607 3687 2662 exaudi.

2076 2706 2202 2758 tum
2229 2718 2371 2769 esse,
2400 2716 2515 2755 non
2549 2698 2803 2770 pertinet
2830 2696 2904 2750 ad
2933 2696 3087 2749 hunc
3129 2693 3387 2766 primum
3417 2694 3687 2764 gradum,

2078 2791 2177 2845 sed
2200 2790 2272 2844 ad
2302 2787 2652 2843 secundum:
2679 2784 2778 2838 sed
2828 2783 2957 2838 ideo
2991 2782 3069 2835 sic
3116 2785 3393 2854 properat
3454 2797 3514 2834 se
3568 2798 3689 2836 esse

1963 2931 1977 2956 ,
2079 2876 2434 2944 cxauditum,
2467 2889 2750 2939 asserens,
2777 2873 2841 2924 ut
2865 2885 2970 2941 per
3015 2869 3125 2923 hoc
3168 2868 3355 2939 magis
3414 2868 3692 2923 accendat

2079 2967 2389 3027 auditores,
2415 2962 2487 3018 ed
2517 2959 2891 3015 clamandum
2939 2957 3012 3011 ad
3041 2955 3387 3024 Dominum;
3421 2958 3483 3010 ut
3507 2960 3565 3010 et
3584 2955 3690 3026 ipsi

2079 3055 2395 3112 clamantes
2453 3048 2715 3104 similiter
2757 3043 3013 3099 exaudiri
3044 3047 3398 3097 mereantur.

2148 3141 2243 3197 Ad
2261 3140 2551 3194 Dominum
2583 3154 2703 3190 cum
2756 3132 3053 3199 tribularer,
3111 3134 3219 3186 etc.
3278 3132 3357 3185 Ac
3386 3132 3433 3185 si
3490 3132 3685 3187 dicat:

2078 3232 2188 3286 Vos
2209 3229 2403 3284 ﬁdeles
2432 3226 2642 3298 quique
2655 3240 2785 3279 cum
2816 3218 3231 3276 tribulabimiui
3259 3236 3291 3272 a
3324 3219 3477 3275 labiis
3497 3222 3689 3291 iniquis

2079 3320 2572 3391 blaspbcmorum,
2605 3312 2899 3382 etalingua
2934 3308 3111 3362 dolosa
3132 3307 3566 3375 hiereticorum,
3590 3323 3689 3363 vos

2081 3408 2186 3463 sibi
2217 3406 2583 3461 conformare
2613 3399 2947 3465 nitentium,
2978 3397 3223 3450 clamate
3251 3395 3324 3449 ad
3380 3395 3691 3451 Dominum

2081 3495 2345 3565 exemplo
2378 3491 2515 3559 mei,
2544 3489 2757 3544 utinde
2786 3503 2882 3540 vos
2907 3482 3132 3556 eripiat.
3149 3483 3266 3553 Ego
3290 3498 3544 3554 namque
3570 3500 3689 3537 cum

2080 3583 2360 3637 tribularcr
2388 3579 2616 3633 clamavi
2644 3575 2715 3629 ad
2741 3573 3069 3627 Dominum:
3098 3576 3147 3622 cl
3175 3569 3453 3624 exaudivit
3465 3586 3547 3622 me
3575 3571 3690 3625 cla-

2079 3672 2362 3725 mantem.
2384 3664 2646 3723 Ostendit
2672 3665 2866 3716 autem
2900 3674 3003 3731 pro
3045 3674 3158 3729 qua
3182 3656 3554 3710 tribulatione
3578 3657 3690 3713 cla-

2078 3760 2266 3825 mavit,
2299 3772 2429 3811 cum
2445 3747 3016 3812 sicadditzClamavi,
3048 3744 3312 3816 inquam,
3346 3743 3424 3798 sic
3455 3744 3649 3798 dicens
3676 3774 3689 3813 ε

2077 3848 2323 3914 Domine,
2341 3844 2503 3898 libera
2516 3840 2759 3895 animam
2775 3851 2970 3901 meam,
3003 3835 3111 3887 etc.
3153 3832 3227 3886 Ac
3258 3833 3303 3885 si
3332 3831 3521 3886 dicat:
3547 3831 3692 3886 Cum

2081 3938 2286 4009 potens
2316 3933 2389 3986 sis
2414 3929 2488 3984 ad
2537 3922 2927 3988 liberandum,
2986 3917 3266 3974 Dominus
3296 3917 3451 3972 enim
3482 3933 3562 3984 es,
3590 3932 3693 3971 oro

2081 4040 2200 4078 non
2216 4018 2448 4076 liberari
2468 4031 2678 4088 corpus
2694 4031 2727 4068 a
2747 4008 3107 4083 passionibus
3127 4004 3697 4073 tribulationum,sed

2083 4113 2244 4174 libera
2271 4110 2507 4164 animam
2534 4117 2748 4158 meama
2779 4098 2935 4154 labiis
2962 4097 3157 4168 iniquis
3195 4094 3694 4166 blasphemorum,

2083 4209 2130 4257 et
2161 4219 2191 4255 a
2219 4200 2406 4269 lingua
2437 4193 2611 4248 dolosa
2640 4188 3066 4252 hereticorum,
3101 4199 3173 4238 ne
3205 4182 3276 4238 ab
3301 4181 3435 4253 ipsis
3460 4180 3519 4234 in
3565 4195 3693 4235 ma-

2084 4299 2198 4352 lam
2212 4267 2437 4360 partem
2452 4281 2749 4355 trajicitur.
2768 4275 3030 4332 Ostendit
3048 4286 3279 4343 quoque
3296 4267 3588 4339 quomodo
3602 4267 3701 4321 de-

2086 4372 2429 4432 liberaverat
2446 4389 2503 4426 se
2518 4353 2747 4425 liberari
2758 4367 2837 4433 ,ut
2857 4362 3062 4416 innuat
3076 4370 3355 4427 magnum
3367 4353 3538 4408 fuisse
3551 4354 3697 4424 peri-

2088 4467 2281 4519 culum
2299 4455 2700 4519 tribulationis,
2721 4455 2779 4505 et
2803 4465 2904 4520 per
2924 4449 3031 4501 hoc
3045 4444 3289 4498 instruat
3314 4441 3568 4512 magisin
3586 4442 3692 4496 hu-

2084 4549 2337 4624 jusmodi
2364 4531 2822 4616 5I3periculo
2866 4533 3081 4605 positos
3118 4546 3304 4585 orare.
3358 4530 3421 4583 In
3475 4545 3692 4600 magno

2091 4616 2301 4712 quippe
2334 4633 2584 4706 periculo
2606 4626 2793 4682 nonin
2814 4637 3012 4695 parvo,
3037 4617 3373 4674 deliberatio
3389 4616 3510 4673 ﬁeri
3528 4619 3691 4672 solet.

2090 4704 2209 4783 lloc
2232 4704 2374 4795 ergo
2406 4722 2482 4777 sic
2515 4716 2682 4774 dicit:
2706 4714 2840 4771 Dico
2858 4710 3013 4785 quod
3041 4708 3289 4774 clamavi,
3311 4707 3508 4761 dicens
3531 4721 3544 4759 :
3581 4704 3693 4758 Do-

2090 4820 2251 4884 mine,
2286 4813 2467 4879 libera,
2492 4812 2601 4864 etc.
2627 4806 2908 4862 Cmterum
2931 4802 3279 4870 anteaquam
3302 4792 3694 4859 clamaverim,

2090 4908 2170 4963 ita
2201 4917 2431 4960 mecum
2453 4893 2769 4954 deliberavi
2794 4890 3083 4954 mihimet,
3115 4882 3278 4956 quasi
3310 4897 3569 4953 personae
3600 4879 3695 4935 alii

2091 4999 2349 5069 loquens.
2386 4987 2526 5056 Quid
2556 4996 2851 5041 armorum
2881 4977 3035 5031 detur
3065 4974 3162 5027 tibi
3184 4970 3255 5024 ad
3284 4970 3528 5038 linguam
3557 4967 3699 5023 dolo-

2091 5055 2205 5141 sam
2234 5078 2636 5137 hmreticorum
2656 5063 3077 5125 devincendam
3096 5059 3124 5114 ‘l
3138 5058 3258 5112 Aul
3272 5056 3317 5112 si
3346 5055 3485 5111 nihil
3505 5071 3696 5111 armo-

2092 5190 2223 5229 rum
2253 5171 2420 5225 detur
2445 5165 2517 5220 ad
2547 5177 2645 5217 eos
2675 5149 3108 5227 expugnandos,
3140 5147 3347 5201 saltem
3377 5144 3507 5217 quid
3534 5155 3698 5216 muni

2092 5259 2275 5319 menti
2304 5255 2619 5327 apponatur,
2652 5245 2709 5299 id
2740 5245 2825 5297 est
2872 5232 3221 5310 adjungatur
3253 5234 3355 5288 tibi
3415 5248 3451 5287 a
3479 5234 3595 5288 Deo
3626 5232 3698 5286 ad

2093 5314 2573 5420 linguam‘clolosam
2594 5329 2922 5388 evitandam
2933 5368 2947 5395 ,
2963 5342 3034 5380 ne
3050 5328 3104 5379 te
3122 5323 3308 5379 valeat
3324 5314 3696 5392 expugnare?

2093 5405 2317 5495 Dictum
2346 5432 2476 5485 esta
2497 5418 2871 5480 similitudine
2890 5412 3075 5487 clypei
3090 5412 3173 5465 vel
3198 5408 3411 5476 loricae,
3441 5423 3569 5479 quin
3589 5405 3701 5461 sibi

2093 5494 2258 5587 miles
2278 5514 2521 5595 apponit
2543 5515 2606 5568 ut
2630 5525 2734 5587 per
2753 5507 2875 5564 haec
2905 5520 2938 5560 a
2960 5498 3169 5574 jaculis
3194 5495 3446 5554 hostium
3472 5494 3700 5553 munia~
