3966 6034
435 308 571 385 isis

1038 313 1097 387 's.
1136 306 1485 388 BaUNo‘ms
1522 309 2153 389 animamus
2188 314 2661 394 iNsmU'ro'ms
2693 325 2858 396 ‘orp.
2903 318 3082 397 luas
3120 327 3143 398 ἶ

3614 348 3751 402 Diti

426 460 540 510 tur.
566 454 680 509 Hoc
719 454 914 509 autem
945 457 1058 510 tale
1107 458 1212 524 est,
1246 473 1310 510 ac
1329 457 1373 511 si
1432 456 1509 512 sic
1558 457 1847 513 diceretur
1867 476 1883 514 :
1903 459 2038 524 Quae
2064 460 2387 532 Asalutem,
2416 468 2472 518 et
2512 464 2759 537 cupiens
2784 483 2883 520 eos
2912 466 2984 521 ad
3006 484 3214 539 pacem
3242 466 3502 525 Ecclesim
3524 472 3743 526 reduci.

425 560 587 598 arma
610 546 842 615 possent
867 560 899 598 a
931 544 1176 599 Domino
1198 544 1475 598 mihidari
1495 545 1567 599 ad
1589 545 1848 616 linguam
1883 548 2047 602 dolo-
2142 550 2250 605 Per
2273 552 2379 606 hoc
2396 553 2686 608 auditores
2715 555 2968 622 instruit,
2994 573 3122 611 cum
3149 558 3398 613 inimicis
3418 561 3574 630 pacis
3599 562 3750 632 paci-

423 648 546 686 sam
564 631 1009 703 expugnandam
1025 631 1053 686 ?
1067 634 1179 686 Aut
1195 633 1240 686 si
1262 632 1437 686 armis
1452 648 1712 699 caruero,
1731 651 1858 705 quas
1878 641 2039 705 pote-

420 724 559 774 runt
583 719 724 774 mihi
764 720 886 774 dari
918 719 1289 787 munitiones,
1319 737 1390 775 ne
1420 737 1453 774 a
1474 722 1670 792 lingua
1687 722 1883 777 dolosa
1897 738 2034 776 con-

416 809 640 862 former
656 808 683 862 ?
701 808 1025 862 Notandum
1046 808 1179 879 quia
1197 825 1328 862 cum
1348 808 1418 861 de
1452 809 1647 879 lingua
1674 809 1872 864 dolosa
1890 810 2027 864 deli-

418 897 781 951 berationem
801 897 990 963 faciat,
1006 901 1062 951 et
1079 898 1150 950 de
1165 896 1329 951 labiis
1350 897 1560 952 dolosis
1581 898 2025 965 minime,datur

412 984 657 1056 intelligi
681 986 868 1056 magis
896 1001 1014 1039 esse
1032 985 1414 1055 periculosum
1443 1002 1614 1055 agere
1628 990 1829 1040 contra
1859 987 2020 1041 dolo-

411 1072 645 1128 sitatem
663 1072 1188 1143 hmreticorum,qui
1204 1073 1489 1127 rationem
1504 1074 1715 1127 habere
1728 1073 2018 1141 videntur,

412 1176 589 1232 quam
603 1164 803 1215 contra
818 1159 1015 1232 iniqua
1028 1160 1200 1215 verba
1213 1161 1327 1214 Deu
1339 1177 1393 1214 m
1408 1164 1605 1231 aperte
1618 1161 2022 1234 blaspheman-

409 1250 578 1317 tium,
611 1247 708 1320 qui
761 1263 867 1302 nec
896 1248 954 1301 in
997 1248 1203 1302 umbra
1254 1248 1493 1303 rationis
1548 1252 1701 1305 sunt.
1759 1248 2021 1305 Ostendit

409 1340 604 1392 autem
635 1335 770 1408 quid
796 1339 1009 1407 poterit
1038 1336 1164 1391 dari
1191 1340 1291 1391 aut
1319 1336 1552 1407 apponi,
1587 1337 1663 1392 sic
1693 1354 1705 1391 :
1742 1338 2020 1409 Dicoquid

405 1426 581 1492 detur,
613 1432 707 1478 aut
735 1425 864 1496 quid
879 1432 1216 1495 apponatur;
1250 1425 1394 1490 haec,
1449 1426 1661 1479 scilicet
1691 1426 2015 1481 dabuntur:

402 1513 630 1583 Sagitta;-
675 1515 902 1583 potentis
949 1512 1430 1579 antonomastice,
1500 1513 1729 1581 Christi,
1780 1514 2015 1582 scilicet,

403 1609 595 1667 acuta",
627 1601 687 1655 id
707 1603 788 1654 est
813 1601 1113 1655 sententia:
1135 1601 1440 1655 verborum
1462 1602 1830 1657 DominiJesu
1854 1605 2014 1658 omni

403 1688 882 1761 penetrabiliores
902 1689 1320 1760 acumine,qua3
1333 1692 1466 1744 sunt
1498 1689 1763 1744 efficaces
1790 1690 1863 1745 ad
1883 1707 2015 1746 con-

2135 639 2275 695 ﬂcos
2294 657 2414 696 esse
2447 642 2678 697 debere.
2720 645 2883 700 Unde
2911 647 3190 718 Prosper:
3222 647 3559 703 Christianae
3612 667 3745 721 per-

2129 729 2396 789 fectionis
2433 736 2519 789 est
2573 732 2875 803 paciticum
2916 751 3058 801 esse,
3100 736 3274 790 etiam
3306 754 3436 791 cum
3492 738 3747 792 inimicis

2127 817 2301 886 pacis,
2334 835 2433 889 spe
2463 821 2853 886 correctionis,
2880 839 2993 876 non
3025 838 3311 878 consensu
3338 826 3740 896 malignitatis.

2124 903 2258 958 .Dico
2290 907 2442 977 quod
2461 909 2725 985 [iaci/ica:
2751 911 3089 977 existebam,
3122 919 3172 964 et
3202 929 3323 965 cum
3356 914 3607 985 loquebar
3631 916 3742 969 illis

2121 998 2341 1064 pacate,
2366 995 2443 1050 illi
2476 979 2539 1067 5
2708 999 3115 1070 impugnabant,
3143 1000 3200 1055 id
3217 1007 3303 1057 est
3325 979 3744 1074 oppugnabant

2120 1098 2203 1134 me
2227 1083 2415 1137 verbis
2432 1086 2770 1153 maledictis,
2799 1093 2857 1142 et
2882 1089 3199 1159 hocgrctis,
3224 1090 3380 1145 idest
3399 1091 3522 1145 sine
3544 1108 3736 1153 causa,

2121 1172 2177 1223 et
2199 1170 2319 1224 sine
2342 1173 2661 1253 rationevel
2693 1176 2890 1246 gratis,
2926 1178 2983 1231 id
3013 1182 3100 1232 est
3126 1178 3359 1247 frustra,
3388 1179 3738 1253 impotentes

2122 1274 2216 1312 me
2241 1250 2560 1317 devincere.

2527 1389 2531 1392 .
2616 1352 2687 1405 IN
2726 1352 3056 1410 PSALMUM
3087 1355 3233 1411 CXX.

2189 1433 2405 1490 Titulus
2429 1440 2724 1495 centesimi
2765 1441 3042 1500 vicesimi.
3098 1443 3386 1500 Canticum
3436 1448 3737 1517 grati-nm,

2118 1521 2227 1577 hoc
2250 1528 2309 1578 ut
2339 1527 2600 1596 superius
2665 1531 2998 1602 exponitur.
3034 1532 3228 1589 Primo
3256 1536 3442 1607 gradu
3473 1541 3729 1603 ostenso,

2115 1611 2347 1680 scilicet,
2368 1615 2475 1669 hoc
2488 1617 2642 1686 quod
2666 1618 2739 1671 ad
2753 1620 3063 1675 Dominum
3087 1621 3147 1676 in
3164 1623 3602 1680 tribulationem
3621 1628 3731 1680 cla-

2115 1700 2311 1767 mavit,
2339 1718 2511 1757 orans
2534 1704 2639 1759 sibi
2673 1705 2795 1760 dari
2818 1709 3507 1777 sagittasetdesolatories
3523 1714 3722 1768 carbo-

402 1777 715 1831 vincendos
744 1776 1064 1830 hmreticos.
1097 1777 1241 1830 sicut
1260 1783 1430 1830 acutae
1452 1778 1666 1846 sagitta?
1695 1794 1825 1832 cum
1850 1780 2011 1850 jacu-
2039 1788 2089 1847 B
2114 1805 2235 1855 nes,
2267 1790 2581 1845 secundum
2597 1793 2840 1862 gradum
2860 1794 2914 1849 in
2936 1799 3194 1868 sequenti
3212 1801 3722 1869 psalmoostendit,

400 1865 594 1920 lantur
622 1881 656 1919 a
678 1881 855 1919 manu
911 1865 1184 1936 potentis,
1219 1864 1277 1919 id
1319 1869 1404 1919 est
1434 1865 1537 1919 viri
1592 1866 1779 1934 fortis,
1809 1868 2010 1921 validae

399 1956 533 2007 sunt
553 1953 623 2007 ad
656 1953 954 2007 inimicum
980 1950 1470 2008 interficiendum.

467 2041 718 2110 Sagittae,
770 2041 1006 2112 inquam
1040 2043 1294 2112 potentis,
1345 2042 1573 2097 Domini
1610 2042 1920 2115 dabuntur,
1954 2048 2010 2099 et

396 2131 506 2184 hoc
529 2147 651 2183 cum
707 2129 1019 2184 carbonibus
1056 2129 1382 2185 desolatoriis
1432 2132 1811 2201 apponendis.
1843 2131 2008 2196 Quod

396 2222 483 2271 est
513 2218 737 2272 dicere:
764 2217 851 2271 Sic
884 2217 1106 2288 sagittas
1140 2217 1437 2272 dabuntur
1468 2219 1622 2289 quod
1649 2220 1825 2274 etiam
1847 2221 2006 2275 deso-

394 2306 877 2361 latoriicarbones
894 2307 1285 2377 apponentur,
1304 2305 1512 2377 quibus
1533 2308 2002 2379 contralinguam

394 2394 654 2448 dolosam
687 2392 791 2446 sim
826 2394 1102 2449 munitus.
1138 2393 1428 2447 Carbones
1465 2393 1841 2449 desolatorios
1870 2412 2002 2467 pro-

392 2481 596 2552 phetas
626 2480 763 2534 dicit
792 2484 849 2534 et
899 2482 1208 2549 apostolos,
1240 2481 1337 2551 qui
1368 2497 1572 2535 omnes
1597 2482 1843 2537 haereses
1890 2485 2002 2539 suis

393 2570 749 2640 temporibus
774 2568 1013 2623 desolati
1044 2573 1197 2635 sunt,
1223 2569 1660 2624 sicutcarbones
1685 2571 1830 2640 ignis
1844 2572 2005 2627 deso-

390 2658 585 2712 lantur
604 2657 874 2729 quaelibet
887 2656 1125 2711 aedilicia
1138 2697 1152 2722 ,
1165 2657 1261 2711 ubi
1276 2657 1492 2711 fuerint
1504 2658 2000 2730 accensi,ideoque

390 2744 1024 2799 dicunturdesolatorii.
1050 2745 1267 2799 Horum
1294 2744 1485 2816 itaque
1516 2747 1929 2816 prophetarum
1944 2752 2002 2802 ct

388 2834 783 2904 apostolorum
801 2832 1238 2887 auctoritatibus
1268 2836 1472 2888 contra
1488 2835 1786 2890 haereticos
1801 2836 2001 2891 ﬁdeles

386 2921 468 2976 illi
494 2921 957 2993 muniuntur,qui
976 2924 1152 2976 tantm.
1169 2921 1389 2993 peritia:
1413 2938 1529 2977 non
1548 2925 1699 2990 sunt,
1714 2926 1999 2980 utcontra

386 3029 485 3067 eos
505 3012 825 3066 rationibus
851 3026 1024 3081 agere
1068 3010 1375 3065 sufﬁciant.
1409 3011 1671 3067 Ostendit
1702 3013 1875 3067 etiam
1907 3013 1993 3067 ni-
2020 3039 2068 3097 α
2096 3026 2275 3082 τίοι-εδ
2295 3029 2353 3082 in
2382 3038 2604 3098 montes,

383 3100 561 3154 miam
581 3099 931 3155 anxietatem
968 3115 1083 3153 sum
1125 3099 1529 3167 tribulationis,
1553 3100 1631 3153 sic
1651 3117 1663 3155 :
1685 3101 1820 3155 Dico
1837 3103 1994 3172 quod

381 3189 618 3243 clamavi
671 3187 743 3240 ad
780 3187 1091 3253 Dominum,
1130 3205 1251 3241 cum
1306 3188 1610 3257 tribularer,
1653 3192 1711 3243 et
1763 3206 1993 3245 necesse

383 3278 620 3350 quidem
646 3276 753 3330 fuit
778 3277 1049 3330 clamare.
1083 3276 1507 3342 Nambeumilu’,
1531 3277 1589 3331 id
1624 3282 1709 3332 est
1730 3295 1810 3332 vas
1827 3278 1991 3340 mihi,

382 3368 596 3421 scilicet
614 3365 794 3419 nimia
812 3366 1045 3419 miseria
1071 3365 1180 3419 fuit
1206 3365 1368 3432 mihi,
1392 3362 1521 3420 ideo
1560 3369 1689 3437 quia
1737 3368 1992 3421 incolatus

379 3472 528 3509 meus
542 3455 890 3525 prolongatus
913 3460 1007 3519 eit,
1039 3453 1097 3507 id
1128 3456 1213 3507 est
1254 3455 1643 3526 peregrinatio
1665 3472 1793 3510 mea
1818 3457 1991 3512 nimis

382 3544 655 3599 diuturna
676 3544 827 3597 facta
849 3546 960 3611 est;
987 3542 1401 3614 peregrinatio,
1422 3542 1633 3597 scilicet
1648 3545 1816 3615 hujus
1839 3547 1986 3612 vitm,

380 3634 440 3688 in
463 3648 578 3705 qua
606 3631 742 3685 dum
772 3630 973 3696 existo,
1001 3648 1035 3685 a
1064 3631 1248 3702 patria
1272 3632 1483 3686 caelesti
1514 3635 1726 3689 exsule.
1771 3635 1984 3690 Notan-

377 3722 515 3775 dum
538 3719 691 3792 quod
715 3718 973 3773 non‘ideo
990 3719 1267 3789 quaeritur
1283 3719 1353 3772 de
1372 3720 1817 3790 prolongatione
1836 3722 1985 3778 ineo-

378 3810 544 3875 latus,
572 3811 633 3861 ut
652 3806 776 3877 jam
807 3806 942 3860 velit
967 3822 1208 3875 corpore
1261 3805 1510 3873 dissolvi,
1555 3823 1686 3861 cum
1720 3810 1979 3865 nondum

376 3898 447 3952 ad
475 3895 891 3967 perfectionem
917 3893 1264 3964 pervenerit,
1285 3894 1385 3947 sed
1407 3894 1536 3949 ideo
1568 3896 1842 3966 quoniam
1877 3917 1978 3954 an-

372 3988 559 4041 xiatur
588 3986 658 4040 de
676 3982 1101 4038 cohabitationc
1122 3999 1460 4053 pravorum,
1484 3986 1639 4055 quod
1663 3985 1719 4040 in
1740 4004 1980 4059 sequen-

369 4075 522 4131 tibus
545 4071 916 4127 manifestum
938 4073 1022 4123 est
1042 4070 1121 4123 sic
1142 4087 1155 4125 :
1173 4071 1241 4124 Et
1259 4070 1389 4126 ideo
1409 4071 1535 4127 dico
1551 4073 1653 4126 heu
1683 4077 1841 4129 milii!
1857 4094 1977 4132 esse

332 4164 425 4220 ,in
456 4158 898 4233 prolongatione
937 4157 1235 4223 incolatus,
1290 4159 1424 4230 quia
1453 4160 1509 4213 in
1566 4162 1674 4214 hoc
1726 4162 1975 4221 incolatu

365 4251 606 4307 habitavi
622 4247 998 4319 corporaliter
1020 4263 1136 4299 cum
1170 4247 1525 4302 habitantibus
1578 4249 1772 4319 Cedar,
1803 4253 1859 4307 id
1890 4258 1975 4309 est

363 4339 654 4405 tenebras,
686 4336 898 4390 scilicet
920 4352 1050 4389 cum
1103 4336 1454 4407 blasphemis
1480 4343 1537 4392 et
1561 4339 1842 4396 haereticis
1872 4345 1970 4415 qui

2092 4360 2410 4429 :omplutos.

365 4430 609 4483 manent
637 4426 694 4480 in
716 4424 970 4481 tenebris
999 4424 1741 4495 ignorantize.Determinat
1771 4437 1966 4489 autem

362 4533 423 4572 se
450 4514 611 4587 queri
638 4530 753 4567 non
781 4513 852 4566 de
884 4512 1138 4567 incolatu
1162 4514 1439 4584 corporis,
1465 4516 1563 4570 sed
1584 4518 1815 4588 animae,
1834 4539 1965 4579 cum

360 4604 525 4661 addit
548 4602 648 4668 sic,
680 4605 739 4654 et
758 4600 1070 4656 habitando
1100 4619 1221 4655 eum
1250 4603 1610 4659 habitantibus
1643 4606 1817 4662 Cellar
1846 4629 1966 4669 cor-

358 4691 661 4768 poraliter:
680 4690 990 4758 antequam
1005 4688 1075 4742 ad
1096 4691 1405 4747 Dominum
1425 4696 1759 4765 clamarem,
1783 4703 1964 4756 anima

355 4800 475 4837 inea
503 4780 615 4851 fuit
642 4776 835 4844 incola,
868 4775 923 4829 id
949 4779 1032 4830 est
1057 4779 1367 4848 peregrina
1400 4786 1456 4837 et
1487 4784 1593 4838 hoc
1624 4787 1873 4856 multum,
1907 4790 1963 4844 id

356 4874 443 4925 est
459 4869 623 4924 valde
634 4869 854 4921 remota
871 4866 1125 4920 acoelesti
1146 4868 1961 4945 patriacontemplanda,dum

357 4960 429 5013 ab
449 4955 839 5012 habitantibus
851 4953 1195 5027 Cedarsaepe
1210 4956 1382 5012 fuerit
1398 4959 1732 5032 inquietata.
1755 4965 1821 5018 Et
1842 4983 1957 5022 non

352 5048 537 5101 solum
560 5043 665 5117 ipsi
692 5059 822 5097 cum
854 5045 1058 5114 quibus
1086 5044 1330 5100 habitari
1374 5048 1607 5104 fuerunt
1634 5052 1960 5111 habitantes

352 5134 555 5198 Cedar,
585 5132 683 5186 sed
717 5130 892 5185 etiam
943 5131 1203 5186 odientcs
1230 5150 1430 5204 pacem
1482 5137 1615 5192 ﬁdei
1674 5140 1953 5213 Ecclesiae,

348 5222 600 5277 nitentes
628 5234 756 5273 eam
786 5218 981 5272 multis
999 5218 1310 5277 haeresibus
1341 5226 1701 5295 perturbare,
1751 5233 1810 5283 et
1834 5248 1955 5287 cum

315 5328 327 5369 ε,
345 5311 427 5364 his
454 5310 551 5380 qui
575 5306 798 5362 oderunt
818 5322 1007 5376 pacem
1028 5307 1581 5384 (hazreticisscilicet)
1604 5332 1763 5372 eram
1785 5318 1951 5375 habi-

341 5401 502 5463 tans;
536 5399 594 5449 et
620 5395 751 5449 ideo
781 5395 881 5448 heu
913 5396 1048 5448 milii
1074 5395 1200 5450 fuit.
1227 5398 1361 5454 Dico
1388 5402 1545 5471 quod
1592 5420 1713 5460 cum
1742 5409 1823 5463 liis
1855 5427 1949 5483 qui

343 5484 564 5537 oderunt
583 5498 775 5552 pacem
826 5500 973 5536 eram
1020 5484 1307 5554 habitans,
1368 5504 1476 5560 ego
1528 5492 1655 5549 dico
1705 5497 1950 5556 existens

337 5566 618 5650 paciﬁcus,
638 5568 698 5624 id
729 5573 813 5624 est
851 5573 1105 5650 pacatus,
1138 5573 1382 5647 diligens
1434 5578 1695 5639 videlicet
1742 5603 1945 5649 eorum

2111 1876 2325 1930 scilicet
2350 1895 2408 1932 se
2436 1877 2773 1949 impetrasse
2799 1883 2953 1953 quod
2985 1885 3186 1952 oravit,
3223 1887 3437 1942 habere
3464 1890 3721 1943 videlicet

2110 1964 2377 2019 notitiam
2394 1965 2511 2019 Scri
2521 1970 3303 2037 pturarnm,etauctoritaten:
3324 1993 3359 2030 a
3378 1978 3716 2032 tostolorum

2109 2055 2794 2124 etprophetarnm.Unde
2826 2060 2929 2113 sibi
2965 2078 3068 2132 per
3090 2064 3402 2119 Dominum
3451 2066 3717 2122 dicitesse

2106 2145 2410 2197 venturum
2434 2144 2729 2200 auxilium.
2750 2147 2859 2201 Per
2883 2148 2993 2201 hac
3012 2149 3405 2219 igiturinvitat
3422 2154 3713 2209 auditores

2106 2229 2179 2282 ad
2208 2231 2600 2300 clamandum,
2629 2237 2691 2287 ut
2715 2239 2772 2289 et
2803 2236 3240 2306 ipsiclamantes
3270 2239 3714 2311 impetrareme—

2103 2324 2360 2377 reantur.
2397 2321 2534 2375 Orat
2556 2322 2729 2377 etiam
2763 2325 3037 2397 deinceps
3064 2328 3339 2383 custodiri
3369 2347 3442 2384 ne
3481 2333 3716 2386 ulterius

2104 2414 2557 2477 commoveatur,
2582 2415 2679 2466 aut
2698 2412 2977 2467 dormitet
2999 2415 3057 2469 in
3076 2416 3208 2483 llde,
3235 2421 3294 2472 et
3324 2418 3395 2472 ad
3427 2410 3718 2474 certiludi-

2104 2510 2239 2548 nem
2270 2497 2599 2553 auditorum
2631 2500 2895 2554 enuntiat
2931 2518 3051 2557 esse
3098 2505 3254 2575 quod
3281 2511 3429 2561 orat.

2171 2584 2372 2639 Levavi
2397 2588 2593 2655 oculos,
2618 2593 2724 2642 etc.
2758 2591 2835 2644 Ac
2858 2592 2901 2645 si
2931 2591 3080 2646 dicat
3101 2611 3113 2647 :
3134 2595 3296 2649 Prius
3333 2596 3404 2649 ad
3422 2597 3709 2651 Dominum

2100 2673 2346 2741 clamavi,
2380 2692 2500 2728 cum
2531 2677 2834 2746 tribularer,
2866 2696 3038 2735 orans
3070 2683 3210 2736 mihi
3254 2684 3378 2738 dari
3399 2687 3636 2756 sagittas
3652 2690 3711 2740 et

2099 2761 2398 2816 carbones.
2435 2764 2500 2817 Et
2530 2764 2617 2819 his
2646 2768 2785 2821 mihi
2810 2769 2881 2822 ab
2903 2769 3327 2828 illuminatione
3354 2776 3710 2846 gratiaadivi-

2098 2864 2188 2901 nas
2215 2851 2516 2919 concessis,
2545 2870 2675 2908 cum
2705 2857 2866 2926 prius
2900 2860 3094 2914 oculos
3123 2861 3364 2916 rationis
3407 2863 3707 2935 depressos

2097 2936 2372 2992 haberem
2397 2939 2747 3013 ignorantia,
2782 2945 2954 3001 levavi
2997 2946 3122 3003 illos
3152 2951 3327 3004 oculos
3372 2970 3511 3006 meos
3554 2954 3701 3007 inte-

2650 3032 2707 3087 id
2758 3039 2843 3089 est
2901 3037 3053 3091 erexi
3103 3055 3201 3094 eos
3256 3042 3608 3096 attendendo
3640 3044 3698 3096 in

2096 3114 2418 3188 Scripturas
2432 3121 2845 3191 prophetarum
2861 3129 2917 3179 et
2931 3128 3446 3202 apostolorum,qui
3464 3135 3703 3201 propter

2094 3202 2529 3275 dignitatis‘sua:
2553 3210 2931 3267 eminentiam
2960 3218 3190 3269 montes
3221 3217 3507 3273 dicuntur.
3547 3218 3701 3274 Unde

2091 3295 2261 3346 veniet
2290 3296 2554 3350 auxilium
2586 3300 2742 3353 mihi.
2763 3302 2839 3354 Ac
2860 3302 2902 3356 si
2939 3302 3090 3357 dicat
3110 3321 3121 3357 :
3138 3305 3280 3359 Vere
3301 3305 3360 3359 in
3375 3306 3700 3379 Scripturas

2091 3382 2236 3436 oculi
2255 3388 2388 3438 sunt
2415 3386 2661 3441 levandi.
2680 3390 2816 3444 lnde
2840 3391 2976 3445 mihi
3001 3392 3271 3447 auxilium
3291 3395 3609 3467 continget,
3632 3400 3700 3450 ut

2090 3470 2343 3543 ipsarum
2385 3474 2725 3544 rationibus,
2747 3479 2879 3533 fidei
2896 3481 3233 3536 convincam
3256 3483 3696 3551 adversarios,et

2089 3561 2346 3616 munitus
2370 3567 2573 3620 contra
2632 3582 2731 3621 eos
2784 3568 3155 3623 cxistam.Ne
3213 3588 3346 3625 vero
3406 3573 3698 3627 videretur

2086 3650 2357 3704 auxilium
2388 3652 2494 3706 hoc
2526 3656 2891 3710 solummodo
2922 3658 3413 3727 amontibusesse,
3434 3668 3696 3717 removet

2082 3736 2191 3791 hoc
2214 3740 2407 3793 siczEt
2436 3741 2541 3795 hoc
2590 3743 2851 3797 auxilium
2907 3762 3082 3799 meum
3129 3748 3345 3819 quoda
3393 3751 3694 3805 montibus

2079 3829 2270 3891 veniet,
2302 3847 2333 3880 a
2364 3828 2594 3883 Domino
2609 3834 2802 3886 tamen
2827 3837 2930 3900 est,
2951 3835 3163 3891 scilicet
3190 3837 3268 3890 sic
3317 3838 3632 3894 auxiliabor
3653 3856 3692 3894 a

2082 3915 2374 3969 montibus
2412 3921 2473 3971 ut
2504 3919 2777 3973 auxilium
2808 3921 2914 3976 hoc
2952 3941 2984 3976 a
3012 3923 3243 3978 Domino
3292 3926 3690 3998 principaliter

2077 4003 2395 4074 contingat.
2428 4006 2477 4059 A
2512 4006 2764 4076 Domina,
2797 4010 3059 4081 inquam,
3106 4013 3202 4084 qui
3225 4019 3431 4084 potens
3490 4020 3574 4070 est
3603 4016 3681 4071 ad

2077 4092 2489 4162 adjuvandum,
2509 4097 2608 4166 qui
2633 4097 2762 4166 fecit
2816 4100 2999 4154 cmlum
3052 4109 3101 4153 et
3150 4110 3368 4171 terram,
3422 4105 3479 4159 id
3509 4110 3591 4160 est
3619 4111 3683 4160 et

2076 4178 2227 4251 ipsos
2255 4185 2481 4236 montes
2503 4184 2639 4238 fecit
2669 4186 2764 4256 qui
2806 4187 3038 4243 fuerunt
3067 4191 3212 4257 coeli,
3263 4191 3318 4245 id
3388 4198 3474 4248 est
3517 4211 3677 4249 com-

2071 4269 2336 4338 plnentcs
2356 4271 2632 4339 subditos,
2664 4281 2715 4326 el
2746 4282 2938 4330 terram
2971 4277 3123 4347 fecit,
3168 4280 3224 4333 id
3278 4285 3363 4336 est
3419 4284 3676 4341 subditos

2449 4361 2562 4415 Hoc
2593 4367 2783 4417 autem
2817 4365 2969 4433 quod
2999 4367 3275 4437 sequitur,
3307 4370 3517 4425 scilicet
3543 4371 3672 4427 Non

2067 4445 2171 4513 det,
2206 4452 2338 4518 etc.,
2370 4450 2453 4503 vel
2484 4453 2672 4521 potest
2696 4453 2879 4508 oratio
2907 4470 3027 4507 esse
3059 4456 3129 4509 de
3168 4457 3355 4529 seipso
3386 4464 3447 4513 ut
3470 4461 3538 4514 ad
3584 4478 3675 4515 se-

2065 4536 2315 4591 cundam
2342 4554 2674 4609 personam,
2701 4557 2772 4594 ne
2790 4549 3294 4613 commoveantur;
3330 4548 3413 4601 vel
3433 4548 3499 4602 de
3531 4566 3673 4603 uno-

2065 4640 2287 4695 quoque
2317 4626 2577 4680 auditore
2607 4627 2711 4681 sic:
2731 4628 2864 4684 Dico
2890 4631 3043 4701 quod
3057 4632 3181 4702 jam
3215 4635 3453 4689 oculosin
3473 4646 3671 4693 montes

2065 4712 2252 4779 levavi,
2287 4717 2344 4767 et
2372 4732 2442 4768 ne
2475 4715 2709 4769 ulterius
2761 4717 2832 4771 ab
2864 4718 2972 4773 illis
3000 4722 3293 4777 montibus
3355 4725 3558 4791 devies,
3601 4732 3670 4782 et

2064 4801 2250 4871 magis
2271 4806 2328 4856 et
2360 4803 2542 4874 magis
2589 4807 2783 4860 oculos
2814 4806 2871 4861 in
2934 4813 3162 4864 montes
3228 4812 3399 4881 leves,
3454 4832 3553 4867 non
3574 4816 3665 4870 det

2052 4889 2241 4958 pedem
2271 4897 2421 4944 tuum
2445 4891 2780 4948 interiorem
2814 4898 2867 4948 in
2879 4901 3299 4968 commotionem,
3318 4901 3373 4955 id
3389 4906 3470 4956 est
3488 4903 3663 4959 ﬁdem

2060 4993 2187 5048 qum
2209 4982 2293 5032 est
2314 4996 2411 5049 pes
2428 4996 2531 5050 per
2543 4998 2716 5053 quem
2742 4999 2905 5038 mens
2928 4986 2995 5039 ad
3015 4988 3315 5059 superiora
3334 4992 3665 5059 tendit,non

2059 5066 2358 5134 permittat
2389 5071 2787 5126 commoveria
2816 5073 3123 5129 stabilitate
3145 5076 3668 5149 Seripturarum,ut

2056 5152 2318 5209 concidat
2345 5155 2403 5211 in
2430 5173 2707 5214 errorem.
2729 5159 2916 5234 Neque
2935 5163 3131 5234 etiam,
3158 5167 3312 5236 quod
3343 5167 3529 5223 minus
3548 5176 3661 5235 est,

2054 5240 2319 5311 dormitet,
2348 5243 2403 5299 id
2422 5249 2505 5298 est
2531 5249 2587 5300 te
2617 5248 2934 5305 dormitare
2989 5254 3311 5323 permittat,
3354 5257 3561 5311 scilicet
3589 5259 3658 5315 in

2054 5328 2166 5383 fide
2184 5331 2463 5400 vacillare,
2486 5337 2543 5388 et
2558 5336 2749 5407 aliquo
2773 5339 2946 5393 modo
2968 5339 3256 5410 dubitare,
3276 5343 3368 5398 ille
3380 5347 3475 5416 qui
3488 5355 3665 5400 custo-

2050 5416 2130 5470 dit
2151 5425 2218 5486 te,
2253 5420 2801 5491 perinhabitantem
2848 5428 3098 5497 gratiam
3159 5432 3328 5499 Deus,
3376 5434 3584 5488 scilicet
3618 5454 3658 5493 a

2049 5507 2418 5563 similitudine
2434 5511 2819 5582 dormitantis,
2839 5517 2933 5588 qui
2950 5534 3055 5573 nec
3080 5536 3146 5574 ex
3164 5523 3284 5575 toto
3298 5522 3651 5589 dormit,nec

2047 5612 2113 5653 ex
2144 5598 2264 5652 toto
2285 5596 2498 5678 vigilat.
2520 5601 2735 5659 Eodem
2752 5609 2944 5662 autem
2976 5608 3152 5665 modo
3182 5611 3547 5688 etsequentia
3565 5613 3649 5690 ἀς
