3966 6034
245 292 389 378 iam

1221 297 1584 371 ’Errosmo
1608 286 1685 368 is
1727 283 2059 369 'psALno's.
2100 344 2170 356 -
2207 304 2402 374 PSAL.
2443 292 2592 373 diu

3415 298 3552 384 ms

251 446 436 517 seipso
453 449 691 518 possunt
711 441 845 515 legi,
870 435 1030 515 quasi
1049 439 1122 496 ad
1150 439 1384 494 tertiam
1418 453 1746 511 personam.
1773 437 1854 490 De
1875 438 1931 497 A
1961 438 2096 492 luna
2125 438 2497 508 otiuscantur,
2529 443 2586 495 et
2617 441 2758 496 cutis
2801 457 2917 499 suae
2969 442 3219 502 nitorem
3253 449 3550 516 amittunt,

252 534 510 589 auditore
543 533 778 605 quidem
810 545 1155 602 unoquoque
1187 528 1263 582 sic
1295 527 1601 598 adaptatur
1630 529 1689 579 ut
1731 542 1856 578 sen-

253 623 436 677 tentia
465 639 584 677 non
616 625 870 676 mutetur
899 637 912 674 :
941 619 1085 684 Dixi,
1129 634 1162 672 o
1193 617 1440 680 auditor,
1493 615 1646 687 quod
1689 615 1860 668 levavi

253 711 426 764 oculos
449 712 508 764 in
537 716 756 763 montes.
791 708 862 762 Ut
890 723 1023 761 vero
1055 709 1113 760 et
1142 709 1200 758 tu
1232 704 1497 759 similiter
1540 704 1708 766 leves,
1747 719 1856 756 non

253 800 338 852 det
363 801 414 852 in
431 801 830 852 commotionem
852 795 1036 866 pedem
1063 800 1236 855 tuum,
1270 808 1434 864 neque
1475 791 1722 844 dormitet
1766 790 1860 860 qui

253 886 480 940 custodit
511 895 560 942 te
593 905 610 939 :
643 886 752 940 hoc
780 888 841 938 ut
870 884 928 937 in
958 883 1070 936 alia
1107 880 1394 935 sententia
1422 877 1744 950 exponitur.
1778 877 1857 929 Ne

255 991 390 1030 vero
412 975 674 1030 videatur
700 991 766 1028 ex
799 971 1122 1027 difﬁdentia
1151 985 1366 1033 orasse,
1412 965 1676 1020 enuntiat
1704 963 1860 1038 quod

255 1063 441 1118 oravit
485 1063 613 1118 sic:
657 1062 769 1116 Oro
826 1077 932 1114 non
983 1058 1070 1112 det
1117 1059 1173 1110 in
1229 1057 1628 1110 commotionem
1670 1051 1860 1124 pedem

257 1157 430 1218 tuum,
466 1155 572 1205 etc.
611 1151 676 1204 Et
701 1163 812 1204 ecce
843 1147 901 1200 in
935 1145 1202 1218 prmsenti
1233 1143 1340 1198 erit
1383 1143 1538 1215 quod
1569 1159 1692 1196 oro.
1732 1139 1862 1194 Non

255 1239 564 1294 dormitabit
594 1254 758 1309 neque
783 1236 1028 1301 dormiet,
1072 1233 1130 1288 id
1169 1235 1254 1288 est
1299 1248 1414 1287 non
1471 1232 1769 1304 permittet
1806 1233 1861 1284 te

258 1327 577 1383 dormitare
601 1326 659 1380 in
688 1325 822 1392 fide,
853 1323 910 1378 id
944 1325 1030 1377 est
1055 1321 1338 1386 vacillare,
1371 1336 1558 1391 neque
1585 1317 1860 1384 dormire,

257 1415 315 1470 id
343 1420 430 1471 est
459 1432 526 1470 ex
555 1417 678 1469 toto
708 1409 1060 1468 commoveri
1088 1410 1146 1464 iu
1178 1408 1312 1476 fide,
1343 1408 1437 1462 ille
1463 1409 1558 1480 qui
1578 1423 1682 1478 per
1711 1405 1862 1461 anxi-

257 1503 402 1560 lium
427 1503 627 1575 gratiaz
651 1501 876 1556 custodit
906 1512 1381 1570 unumquemque
1411 1495 1508 1567 qui
1547 1480 1631 1550 est
1673 1493 1858 1560 Israel,

259 1610 332 1647 ne
351 1591 602 1658 deﬁciat,
623 1593 769 1646 Deus
786 1587 1018 1643 scilicet.
1039 1589 1168 1642 Plus
1191 1585 1466 1640 nimirum
1491 1586 1576 1638 est
1607 1581 1862 1637 dormire

259 1697 435 1752 quam
454 1679 788 1735 dormitare.
807 1676 940 1732 Dico
962 1693 1066 1729 non
1085 1675 1318 1728 dormita
1329 1672 1407 1727 bit
1434 1688 1598 1743 neque
1616 1670 1861 1736 dormiet,

259 1750 358 1822 sed
374 1768 490 1840 ipse
513 1767 772 1821 Dominus
794 1765 1062 1832 existens,
1088 1764 1332 1835 ideoque
1355 1763 1564 1833 potens
1582 1759 1654 1814 ad
1675 1763 1862 1813 custo-
1885 1750 1937 1808 B

261 1856 562 1922 diendum,
595 1855 820 1908 custodit
848 1862 895 1908 te
923 1869 1054 1906 cum
1088 1849 1537 1925 perseverantia.
1570 1848 1860 1911 Dominus,

261 1945 522 2016 inquam,
547 1943 644 2010 qui
671 1947 755 1997 est
766 1944 1022 2013 proiectio
1043 1948 1154 2007 tua,
1179 1939 1274 2010 qui
1305 1941 1358 1992 te
1382 1936 1634 2010 protegit
1657 1933 1863 1989 auxilio

260 2032 462 2103 gratiae
493 2049 564 2086 ne
595 2031 764 2086 cedas
795 2029 1217 2101 impugnationi
1246 2025 1636 2081 inimicorum.

333 2117 1148 2190 Domiuus,inqnam,existens
1160 2131 1265 2187 per
1280 2131 1521 2186 regnum
1534 2111 1732 2182 gratiae
1750 2127 1864 2164 sum

261 2227 418 2280 super
448 2226 666 2262 manum
693 2207 918 2261 dexterae
949 2213 1074 2268 tua,
1105 2205 1163 2258 id
1201 2208 1286 2258 est
1326 2219 1498 2274 super
1545 2199 1865 2273 potentiam

263 2315 390 2370 qua:
421 2313 590 2351 causa
607 2295 973 2350 eritdexterze
995 2298 1106 2348 tua:
1132 2309 1145 2347 :
1169 2308 1339 2364 super
1364 2289 1683 2361 potentiam
1707 2287 1864 2352 tldei,

262 2386 498 2454 scilicet,
531 2403 660 2458 quae
679 2401 846 2440 causa
869 2384 978 2438 erit
1007 2399 1112 2454 per
1148 2398 1323 2454 quam
1346 2380 1420 2434 ad
1450 2379 1741 2433 dexteram
1767 2375 1866 2430 Dei

210 2496 216 2501 ’
267 2474 560 2530 colloceris
594 2491 606 2529 :
640 2491 769 2546 qua;
801 2477 900 2526 tua
917 2471 1146 2538 dicitur,
1161 2487 1228 2524 eo
1257 2469 1410 2541 quod
1440 2467 1596 2522 illam
1621 2465 1720 2520 tibi
1744 2464 1867 2519 dari

267 2563 445 2634 cupis,
462 2566 524 2618 ut
545 2563 616 2618 ad
633 2562 788 2616 illam
807 2559 1197 2634 COIIOCiﬂWi‘I—S,
1217 2557 1372 2630 quod
1390 2559 1473 2611 est
1491 2556 1680 2611 dicere
1707 2571 1718 2609 :
1745 2555 1866 2626 Ipse

267 2630 638 2723 existitsuper
665 2652 966 2721 potentem
1211 2647 1386 2700 tidem
1440 2649 1622 2710 tuam,
1679 2641 1736 2696 id
1783 2644 1870 2696 est

271 2738 604 2794 dominatur
624 2737 754 2792 ﬁdei
773 2740 908 2804 tum,
931 2736 1079 2790 bene
1102 2751 1309 2806 regens
1338 2749 1492 2800 eam,
1516 2735 1573 2786 et
1593 2745 1870 2802 augmen-

268 2831 558 2898 tans,quze
587 2843 693 2897 per
719 2843 849 2880 eum
885 2829 1090 2897 potens
1117 2826 1203 2876 est
1233 2825 1290 2876 et
1319 2821 1525 2886 valida,
1556 2835 1662 2891 per
1692 2833 1868 2889 quam

268 2915 342 2970 ad
373 2916 670 2970 dexteram
698 2913 796 2969 Dei
838 2913 1020 2966 Patris
1063 2908 1453 2965 collocaberis.
1501 2930 1527 2957 ‹‹
1573 2907 1706 2961 Siue
1755 2905 1868 2960 fide

1955 527 2200 599 ideoque
2225 529 2311 582 uri
2341 530 2625 585 dicuntur.
2661 531 2926 586 Ustorum
2947 535 3104 590 enim
3137 541 3220 591 est
3246 538 3552 596 obfuscari.

1956 619 2114 672 Luna
2135 617 2366 689 quippe,
2385 618 2488 672 etsi
2519 635 2634 673 non
2659 620 2956 676 calefaciat
2989 625 3168 691 utsol,
3196 627 3324 681 talis
3353 631 3550 684 tamen

1958 709 2177 760 natura:
2209 710 2314 772 est,
2347 707 2500 777 quod
2523 707 2657 773 urit,
2680 707 2736 762 id
2770 713 2854 763 est
2877 713 3068 764 cutem
3110 712 3348 768 oti'uscat
3379 718 3435 768 et;
3467 717 3554 770 ni-

1957 810 2220 864 grescere
2243 793 2397 848 facit.
2431 795 2524 849 Sol
2545 799 2738 849 autem
2772 801 2829 850 et
2859 799 2996 852 luna
3013 799 3270 854 Christus
3299 801 3508 856 dicitur
3537 821 3550 858 :

1959 883 2040 936 sol
2063 882 2648 952 quidem,secundum
2677 883 2997 939 claritatem
3029 886 3368 956 divinitatis;
3403 890 3560 957 luna,

1959 969 2273 1024 secundum
2293 986 2549 1038 carmen,
2566 987 2691 1042 quae
2713 972 2786 1026 ad
2804 973 3046 1028 modum
3065 975 3214 1028 luna:
3233 976 3562 1032 decrescere

1959 1057 2168 1131 potuit,
2219 1075 2326 1129 per
2379 1059 2780 1114 adversilatem
2815 1065 2872 1114 et
2903 1065 3173 1130 mortem,
3213 1067 3272 1118 et
3309 1081 3562 1120 crescere

1961 1163 2066 1218 per
2089 1146 2380 1218 sospitatis
2401 1149 2864 1220 prosperitatem.
2896 1149 3022 1205 Non
3051 1151 3236 1205 solum
3263 1155 3456 1207 autem
3477 1171 3566 1208 cu-

1960 1235 2120 1290 stodit
2135 1241 2185 1292 te
2212 1235 2497 1304 Dominus,
2521 1254 2592 1291 ne
2632 1237 2812 1292 ureris
2827 1255 2928 1308 per
2951 1239 3090 1296 diem
3129 1242 3187 1294 et
3210 1248 3434 1308 noctem,
3465 1245 3560 1298 sed

1964 1327 2021 1378 et
2062 1323 2346 1392 Dominus,
2374 1328 2438 1378 nt
2468 1324 2866 1381 universaliter
2901 1327 3110 1394 dicam,
3141 1327 3368 1381 custodit
3420 1336 3467 1382 te
3499 1331 3567 1383 ab

1961 1413 2112 1468 omni
2138 1411 2300 1479 malo,
2333 1413 2639 1482 haeresum,
2695 1431 2767 1470 ne
2823 1431 2979 1470 erres
3021 1415 3091 1470 de
3149 1417 3569 1473 resurrectione

1964 1503 2350 1568 mortuorum,
2380 1502 2452 1556 de
2473 1503 2818 1575 baptismate
2851 1504 3244 1574 parvulorum,
3277 1507 3336 1558 et
3361 1504 3431 1559 de
3457 1521 3567 1558 cm-

1964 1589 2100 1644 teris
2119 1590 2451 1645 heresibus.
2469 1590 2753 1655 Quoniam
2783 1595 2977 1647 autem
3005 1593 3454 1648 indeterminate
3480 1592 3566 1647 di-

1961 1683 2124 1733 xerat
2141 1679 2210 1732 ab
2229 1681 2376 1732 omni
2394 1679 2552 1746 malo,
2573 1696 2644 1734 ne
2675 1679 3100 1752 intelligeretur
3120 1681 3276 1752 quod
3307 1681 3378 1734 de
3406 1681 3565 1736 omni

1963 1769 2116 1822 malo
2176 1765 2431 1839 corporis
2469 1767 2794 1822 custodiret
2831 1785 2986 1836 eum,
3020 1768 3118 1823 dat
3143 1769 3468 1839 intelligere
3499 1769 3570 1824 de

1963 1873 2078 1927 quo
2101 1855 2254 1909 malo
2277 1855 2449 1921 dicat,
2478 1871 2609 1909 cum
2637 1856 2887 1927 optativa
2916 1856 3078 1911 addit
3099 1855 3178 1910 sic
3207 1873 3220 1910 :
3256 1856 3392 1912 Dico
3413 1856 3570 1928 quod

1963 1943 2190 1997 custodit
2220 1949 2269 1996 te
2315 1943 2380 1997 ab
2408 1944 2558 1996 omni
2580 1943 2741 2010 malo,
2787 1948 2847 1998 et
2875 1945 2982 1998 hoc
3002 1944 3221 2016 jugiter
3255 1943 3449 2010 faciat,
3475 1962 3568 1998 cu-

1895 2067 1902 2076 .
1964 2031 2178 2094 stodiat,
2210 2031 2424 2085 scilicet
2449 2031 2734 2098 Dominus,
2777 2048 2894 2086 non
2924 2032 3050 2086 dico
3096 2048 3302 2104 corpus
3326 2048 3360 2086 a
3389 2032 3569 2087 tribu-

1967 2121 2202 2184 latione,
2227 2119 2326 2174 sed
2369 2121 2604 2173 animum
2651 2127 2800 2172 tuam
2831 2119 2904 2174 ab
2951 2119 3112 2174 omni
3153 2137 3368 2176 errore.
3399 2121 3466 2174 Et
3494 2119 3572 2173 sic

1967 2207 2202 2280 quidem
2231 2224 2358 2262 eam
2388 2207 2674 2275 custodiat,
2699 2207 2911 2262 scilicet
2937 2208 3202 2261 Dominus
3232 2223 3338 2280 per
3360 2207 3570 2262 illumi-

1967 2297 2266 2351 nalionem
2321 2296 2521 2367 gratiae
2553 2295 2812 2352 custodiat
2872 2298 3152 2350 introitum
3183 2303 3354 2364 tuum,
3384 2296 3442 2350 id
3486 2299 3573 2350 est

1967 2385 2144 2440 ﬁdem
2167 2388 2348 2451 tuam,
2368 2384 2426 2438 in
2461 2400 2634 2455 quam
2663 2385 2788 2455 jam
2819 2383 3088 2452 introisti,
3115 2386 3200 2440 vel
3225 2383 3467 2456 quastibi
3489 2387 3576 2438 est

1967 2471 2240 2528 introitus
2269 2472 2342 2526 ad
2374 2488 2550 2526 omne
2581 2471 2824 2526 bonum.
2861 2471 3092 2526 Initium
3125 2471 3280 2526 enim
3309 2471 3572 2527 omnium

1968 2561 2242 2616 virtutum
2269 2563 2374 2626 est,
2397 2565 2446 2615 et
2471 2559 2734 2615 custodiat
2761 2562 2963 2614 exitum
2995 2567 3169 2626 tuum,
3199 2560 3255 2614 id
3285 2562 3370 2614 est
3391 2559 3570 2614 finem

1967 2653 2156 2716 tuum,
2193 2665 2264 2702 ne
2289 2647 2522 2718 quando
2565 2647 2636 2702 de
2667 2648 2772 2702 bac
2798 2648 2914 2702 vita
2943 2647 3142 2714 exibis,
3171 2647 3362 2719 aliquo
3393 2646 3570 2702 modo

1969 2754 2004 2792 a
2034 2737 2143 2790 ﬁde
2187 2735 2508 2791 dissentias.
2539 2736 2608 2788 Jn
2654 2735 2806 2790 exitu
2839 2736 3052 2808 quippe
3083 2737 3280 2789 multm
3335 2736 3571 2790 occultae

1969 2823 2365 2896 suggestiones
2395 2826 2452 2877 et
2476 2822 2686 2878 illicita:
2707 2839 2739 2877 a
2763 2822 2992 2878 diabolo
3021 2822 3367 2877 inferuntur.
3387 2820 3573 2878 Custo-

1967 2912 2104 2974 (Ιίίιι,
2122 2911 2382 2982 inquam,
2415 2912 2719 2976 introitum,
2753 2911 2806 2966 id
2840 2913 2926 2964 est.
2947 2910 3122 2964 fidem
3149 2927 3214 2964 ex
3260 2910 3368 2964 hoc
3395 2927 3568 2975 nunc,

268 3003 478 3075 quippe
507 3001 854 3074 impossibile
882 3004 967 3054 est
992 3001 1218 3072 placere
1255 2998 1371 3052 Deo
1398 2995 1589 3067 (Hebr.
1622 3010 1698 3060 xl,
1735 2992 1812 3063 6).
1835 3013 1865 3043 ››

1974 3000 2026 3055 id
2049 3003 2134 3054 est
2161 3017 2224 3052 ex
2249 2999 2517 3070 praesenti
2540 3002 2804 3072 tempore
2825 2998 3125 3070 incipiens,
3144 3007 3194 3053 et
3219 3016 3382 3070 usque
3401 3001 3455 3053 in
3479 3015 3572 3053 sae-

264 3093 362 3146 Vel
395 3091 641 3145 existens
667 3107 822 3162 super
849 3105 1090 3158 manum,
1123 3091 1180 3141 et
1224 3101 1342 3140 non
1373 3099 1543 3155 super
1578 3081 1869 3136 sinistram
1909 3081 1940 3083 Γ
1969 3087 2146 3143 culum
2177 3087 2433 3141 futurum
2458 3103 2850 3158 perseverans.

267 3197 527 3247 manum,
570 3179 669 3232 sed
717 3195 870 3248 super
910 3193 1131 3230 manum
1171 3174 1440 3228 dexteram
1479 3178 1648 3238 tuam,
1690 3169 1748 3224 id
1787 3171 1872 3222 est

267 3285 440 3340 super
457 3267 668 3322 bonam
705 3265 1128 3337 operationem,
1145 3279 1273 3335 qua:
1287 3277 1390 3332 per
1415 3274 1655 3314 manum
1674 3257 1868 3312 dexte-

2450 3177 2520 3230 IN
2548 3174 2873 3230 PSALMUM
2911 3176 3081 3232 CXXI.

2041 3266 2252 3322 Psalmi
2271 3264 2568 3321 centesimi
2589 3264 2840 3319 vicesimi
2859 3265 3034 3338 primi
3061 3263 3568 3321 tilulus.Cnnticum

266 3374 392 3412 ram
418 3353 714 3425 δεεὶρίιιιν,
729 3368 858 3408 Cum
875 3369 978 3423 PGP
998 3353 1292 3406 dCchl‘am
1315 3364 1466 3418 Sa‘Pe
1484 3347 1638 3402 bona
1650 3347 1872 3400 ειοιεειιιὶ
1967 3356 2257 3426 graduum,
2271 3355 2380 3409 hoc
2393 3353 2571 3408 etiam
2585 3354 2916 3426 utsuperius
2929 3354 3572 3427 exponitur.Postqnam

270 3444 552 3500 denotari.
579 3443 740 3508 Quod
773 3445 860 3496 est
885 3441 1074 3495 dicere
1107 3457 1120 3494 :
1152 3439 1417 3491 Dominus
1446 3451 1561 3489 non
1585 3435 1769 3488 solum
1789 3435 1874 3487 est

255 3536 513 3607 proiectio
541 3539 654 3597 tua,
690 3549 760 3586 ne
794 3530 1160 3586 inimicorum
1205 3522 1631 3596 impugnationi
1681 3521 1868 3588 cedas,

267 3601 368 3678 sed
409 3623 527 3694 ipse
563 3621 738 3676 etiam
781 3618 1134 3684 dominatur,
1173 3618 1230 3670 et
1260 3615 1408 3669 bene
1462 3601 1612 3682 regit
1653 3610 1870 3664 bonam

267 3710 667 3783 operationem
703 3713 884 3769 tuam,
930 3709 993 3761 ut
1035 3721 1162 3760 eam
1207 3702 1393 3774 magis
1434 3701 1772 3771 augmentct
1801 3696 1872 3751 de

265 3801 359 3856 die
388 3800 444 3853 in
479 3799 653 3854 diem.
1128 3796 1137 3806 ’

337 3890 625 3953 Dominus,
658 3886 919 3956 inquam,
975 3881 1194 3937 costodit
1241 3888 1308 3945 te,
1351 3877 1615 3948 ideoque.
1661 3874 1872 3946 Solju-

270 3978 461 4038 stitiae,
493 3974 766 4042 Christus,
794 3991 898 4027 non
931 3979 1044 4026 uret
1086 3975 1137 4024 te
1174 3987 1274 4040 per
1320 3965 1482 4032 diem,
1518 3965 1575 4018 id
1621 3968 1707 4018 est
1755 3979 1871 4016 non

271 4064 567 4122 otl‘uscabit
597 4062 836 4118 rationis
867 4065 978 4116 tua}
1009 4058 1259 4114 nitidum
1301 4070 1544 4110 acumen
1583 4070 1684 4123 per
1711 4051 1870 4114 diem,

270 4155 326 4208 id
359 4157 444 4208 est
468 4169 572 4224 per
603 4151 846 4206 nimiam
878 4147 1201 4204 claritatem
1233 4141 1549 4200 divinitatis
1575 4157 1713 4210 suae,
1745 4155 1872 4210 quae

273 4241 394 4294 dies
425 4239 739 4292 rectissime
771 4237 998 4302 dicitur,
1018 4236 1088 4290 ad
1113 4238 1442 4306 respectum
1473 4227 1872 4295 humanitatis,

1971 3445 2028 3498 in
2066 3444 2178 3499 tide
2208 3443 2552 3498 confirmata
2598 3447 2684 3497 est.
2736 3442 2996 3498 collectio
3031 3443 3440 3514 perfectorum,
3471 3459 3574 3515 per

1973 3536 2202 3587 montes
2230 3531 2288 3584 in
2321 3547 2466 3602 quos
2501 3531 2695 3585 oculos
2724 3531 2947 3585 levavit.
2982 3529 3120 3595 Qua:
3159 3532 3418 3587 collectio
3443 3531 3574 3602 qui-

1973 3621 2105 3676 dem
2130 3618 2411 3674 secundus
2424 3617 2636 3688 gradus
2657 3619 2761 3683 est,
2776 3617 3030 3671 ostendit
3043 3617 3218 3672 etiam
3240 3618 3299 3672 in
3313 3616 3576 3688 sequenti

1974 3710 2194 3782 psalmo
2255 3723 2315 3760 se
2361 3705 2596 3760 tertium
2655 3703 2903 3775 gradum
2965 3705 3308 3771 ascendisse,
3362 3705 3576 3760 scilicet

1973 3813 2132 3869 spem
2164 3812 2269 3867 per
2299 3810 2474 3866 quam
2497 3795 2622 3864 jam
2655 3794 2713 3848 in
2745 3792 3069 3847 cmlestibus
3091 3796 3483 3859 conversatur,
3505 3793 3577 3848 de

1973 3901 2087 3958 qua
2117 3900 2215 3955 spe
2241 3900 2302 3937 se
2333 3881 2592 3936 laetitiam
2626 3880 2831 3936 asserit
2862 3880 3153 3948 habuisse,
3183 3885 3245 3936 ut
3273 3880 3459 3952 magis
3483 3897 3580 3936 au-

1975 3973 2188 4028 ditores
2217 3971 2290 4025 ad
2321 3968 2588 4024 eamdem
2623 3984 2786 4041 spem
2820 3967 3044 4022 invitet.
3071 3968 3330 4024 Ostendit
3350 3985 3580 4040 quoque

1973 4079 2076 4134 per
2101 4060 2219 4133 spei
2246 4076 2360 4114 sum
2405 4057 2810 4113 certitudinem
2843 4057 3036 4129 plures
3065 4074 3180 4112 sua:
3208 4057 3582 4112 confessionis

1975 4150 2244 4206 homines
2273 4149 2346 4204 ad
2375 4147 2648 4202 eamdem
2681 4162 2888 4218 pacem
2909 4147 3203 4200 caelestem
3225 4147 3351 4216 jam
3383 4162 3579 4200 ascen-

1976 4240 2144 4302 disse,
2165 4238 2235 4293 ad
2260 4254 2433 4311 quam
2451 4252 2552 4308 spe
2573 4235 2846 4301 tendunt,
2880 4251 3025 4306 quos
3046 4237 3173 4289 orat
3193 4237 3255 4288 ut
3278 4236 3487 4304 rogent
3513 4233 3584 4287 de

273 4345 400 4400 qum
423 4327 598 4381 etiam
621 4343 731 4379 nox
754 4324 962 4378 dicitur
996 4339 1064 4376 eo
1093 4305 1246 4393 quod
1282 4321 1453 4389 longe
1480 4316 1874 4386 minussplen-
1900 4305 1954 4364 Ι)
1977 4342 2116 4398 pace
2138 4305 2354 4393 illa;_ut
2379 4305 2677 4379 illis'detur
2713 4305 2979 4376 ﬁdelibus
3010 4321 3105 4392 qui
3133 4320 3318 4374 adhuc
3345 4319 3400 4374 in
3429 4323 3584 4373 terra

273 4411 409 4471 dida
435 4415 505 4469 sit
531 4414 602 4468 ad
633 4411 944 4467 divinitatis
973 4407 1494 4480 comparationem.
1517 4403 1704 4474 Neque
1723 4402 1876 4469 luna,

274 4507 331 4562 id
362 4507 448 4559 est
487 4501 759 4567 Christus,
790 4505 909 4552 uret
966 4505 1032 4565 te,
1065 4497 1122 4550 id
1169 4499 1257 4550 est
1305 4491 1602 4564 permittet
1660 4489 1743 4543 uri
1800 4493 1876 4555 te,

272 4595 504 4658 scilicet,
539 4607 654 4646 non
687 4587 984 4662 permittet
1013 4583 1253 4639 rationis
1285 4585 1395 4635 tute
1425 4594 1669 4633 acumen
1702 4577 1760 4630 in
1792 4593 1882 4630 ex-

273 4681 582 4739 caicatione
616 4675 879 4732 otl'uscari
900 4693 1001 4745 per
1028 4679 1250 4738 noctem,
1281 4669 1336 4723 id
1367 4671 1452 4722 est
1481 4683 1585 4739 per
1611 4663 1876 4719 humanis

274 4775 454 4828 tatem
482 4784 668 4834 suam,
717 4763 872 4838 quod
909 4767 994 4816 est
1038 4761 1230 4816 dicere
1266 4775 1278 4812 :
1309 4756 1398 4812 Sic
1441 4758 1494 4809 te
1530 4753 1795 4807 Dominus
1825 4755 1884 4806 et

275 4859 506 4914 custodit
537 4859 594 4910 et
623 4852 924 4920 custodiet,
960 4867 1030 4905 ne
1066 4847 1366 4922 permittat
1407 4841 1666 4898 otl‘uscari
1705 4839 1880 4894 ratio-

276 4964 411 5004 nem
442 4950 600 5000 tuam
632 4943 824 5014 aliquo
851 4955 1069 5006 errore,
1099 4937 1157 4990 in
1191 4931 1650 4990 consideratione
1677 4927 1881 4983 divini-

278 5036 430 5102 tatis,
461 5037 522 5088 ut
551 5031 706 5086 dicas
733 5046 865 5084 eum
894 5029 1138 5083 alterum
1169 5025 1356 5090 Deum
1397 5036 1516 5075 esse
1549 5035 1582 5072 a
1606 5019 1794 5082 Patre,
1827 5018 1886 5070 et

279 5125 567 5181 minorem
588 5137 678 5185 eo,
697 5123 760 5174 ut
783 5115 978 5172 Ariani
997 5114 1319 5178 voluerunt,
1340 5125 1524 5180 neque
1542 5107 1596 5160 in
1621 5108 1886 5178 respectu

278 5209 656 5269 humanitatis
685 5210 746 5262 ut
785 5206 938 5260 dicas
980 5219 1112 5258 eum
1162 5216 1279 5254 non
1325 5211 1525 5252 verum
1582 5193 1884 5248 hominem

281 5300 474 5366 fuisse,
515 5296 615 5351 sed
651 5292 1074 5366 phantasticum
1119 5303 1326 5358 corpus
1379 5280 1775 5354 assumpsisse,
1825 5282 1888 5334 ut

283 5383 580 5446 Manichaei
605 5384 987 5439 asserueruut.
1023 5377 1187 5442 Quod
1210 5375 1347 5429 dicit
1386 5390 1492 5426 non
1536 5377 1653 5425 uret
1707 5375 1756 5424 te
1789 5385 1891 5439 per

284 5478 418 5532 diem
447 5479 494 5529 et
520 5479 744 5540 noctem,
767 5470 985 5525 dictum
1035 5469 1120 5522 est
1155 5480 1188 5520 a
1233 5459 1611 5517 similitudine
1659 5457 1888 5512 illorum

287 5565 384 5658 qui
414 5565 502 5622 vel
531 5562 590 5620 in
621 5561 711 5618 die
743 5559 1080 5617 itinerantes
1114 5572 1148 5611 θ.
1205 5553 1347 5624 sole,
1376 5550 1463 5606 vel
1521 5549 1583 5605 in
1633 5549 1801 5604 nocte
1856 5561 1891 5602 ο.

1980 4416 2220 4484 degunL

2068 4485 2132 4572 5
2153 4486 2170 4571 I
2191 4485 2254 4571 6
2294 4500 2528 4555 Ltetutus
2585 4515 2724 4566 sum,
2759 4501 2868 4553 etc.
2899 4499 2976 4552 Ae
3021 4496 3064 4552 si
3098 4495 3250 4554 dicat
3281 4483 3451 4553 :Per
3479 4497 3588 4553 hoc

1982 4590 2138 4662 quod
2150 4589 2324 4643 oculos
2340 4591 2396 4642 in
2417 4595 2619 4640 montes
2632 4587 2821 4650 levavi,
2839 4587 2912 4642 ad
2940 4587 3189 4658 hocjam
3213 4586 3414 4642 deveni
3433 4587 3588 4658 quod

1983 4681 2190 4734 laetatus
2218 4694 2336 4732 sum
2369 4680 2424 4730 in
2455 4677 2553 4743 Ιιιῖς,
2583 4676 2640 4731 id
2673 4679 2759 4731 est
2787 4676 2846 4730 in
2877 4676 3340 4732 consideratione
3373 4677 3587 4730 horum

1981 4784 2100 4840 quae
2141 4765 2284 4820 dicta
2315 4771 2437 4819 sunt
2481 4765 2640 4832 mihi,
2671 4781 2704 4818 a
2736 4763 3044 4838 Scriptnris
3071 4765 3492 4836 prophetarum
3529 4765 3590 4814 et

1982 4855 2402 4927 apostolorum,
2433 4853 2665 4919 scilicet,
2717 4853 2934 4908 dictum
2963 4855 3048 4906 est
3073 4851 3228 4922 quod
3256 4865 3360 4903 nos
3386 4849 3587 4902 ﬁdeles

1984 4947 2113 5019 post
2138 4945 2388 4997 mortem
2425 4941 2614 4996 carnis
2642 4940 2835 4994 ibimus
2883 4942 2939 4992 in
2979 4937 3197 4990 domum
3249 4935 3494 5003 Domini,
3527 4935 3587 4990 id

1985 5031 2144 5088 estin
2176 5032 2467 5086 caelestem
2491 5028 2864 5083 Hierusalem.
2885 5025 3122 5079 Laetatus
3145 5039 3285 5090 sum,
3317 5023 3584 5095 inquam,

1986 5119 2122 5192 quia
2143 5119 2352 5174 ibimus.
2371 5118 2494 5171 Non
2511 5117 2693 5170 solum
2719 5117 2912 5168 autem
2931 5127 3080 5167 nunc
3100 5127 3261 5184 spem
3280 5111 3465 5168 habeo
3481 5126 3588 5164 nos

1987 5209 2120 5263 illuc
2146 5206 2506 5272 iturosesse,
2535 5202 2634 5256 sed
2683 5201 2860 5255 etiam
2897 5217 2965 5254 ex
2995 5215 3109 5271 quo
3136 5198 3209 5253 de
3238 5199 3348 5253 hoc
3379 5198 3587 5252 laetatus

1987 5313 2126 5361 sum,
2146 5293 2301 5365 pedes
2356 5292 2524 5346 nostri
2563 5295 2760 5343 stantes
2806 5293 2984 5356 erant,
3013 5287 3070 5342 id
3129 5291 3216 5341 est.
3255 5285 3587 5342 all‘ectione:

1989 5383 2109 5455 spei
2133 5383 2342 5436 nostrte
2362 5379 2485 5448 jam
2535 5379 2701 5431 erant
2739 5375 2986 5430 ﬁrmiter
3005 5374 3354 5440 habitantes,
3383 5390 3417 5428 o
3448 5372 3584 5427 Hie-

1990 5471 2241 5534 rusalem,
2273 5469 2327 5520 in
2365 5465 2523 5520 atriis
2577 5466 2701 5528 tuis,
2748 5462 2806 5518 id
2838 5463 3007 5534 estin
3038 5461 3421 5534 amplitudine
3452 5463 3585 5534 tua;

1993 5542 2142 5624 quod
2167 5531 2254 5596 est
2277 5537 2466 5594 dicere
2496 5551 2510 5592 :
2539 5534 2616 5593 Ex
2644 5551 2760 5612 quo
2785 5532 2992 5593 testatio
3015 5531 3234 5604 sumus,
3251 5547 3350 5608 spe
3373 5531 3498 5605 jam
3527 5531 3592 5594 in
