4016 6030
445 268 580 332 l3l9

435 400 492 452 te
525 394 924 463 habitavimus,
956 407 1084 466 quin
1114 408 1219 463 pro
1251 390 1332 446 tui
1365 389 1744 460 amplitudine
1776 386 2044 442 atriaha-
2070 418 2126 476 Α

436 483 572 537 bere
604 478 827 538 diceris.
849 482 992 536 Cum
1022 480 1159 534 dicit
1192 478 1561 551 singulariter
1588 493 1602 533 :
1638 476 1878 530 La’tatus
1906 492 2043 541 sum,

438 589 616 627 unam
635 587 886 626 massam
904 586 1024 623 esse
1043 568 1323 636 ostendit;
1347 584 1479 622 cum
1505 565 1642 621 dicit
1673 563 1833 636 pedes
1857 566 2051 629 nostri,

433 661 627 731 plures
641 676 763 715 esse
775 673 1051 731 personas
1071 656 1322 712 ostendit
1343 671 1439 710 eos
1457 654 1553 725 qui
1570 654 1661 707 hic
1706 653 2041 724 loquuntur.

438 747 797 804 Determinat
833 750 1027 801 autem
1059 744 1129 799 de
1158 760 1272 816 qua
1306 742 1658 796 Hierusalem
1707 740 1880 807 dicat,
1912 755 2044 795 cum

435 836 622 892 addit:
638 834 977 891 Hierusalem
997 832 1122 888 dico
1144 847 1263 903 qum
1278 829 1539 902 quotidie
1557 827 1865 902 aediﬁcatur
1899 827 2043 883 adeo

434 941 503 980 ex
531 922 793 978 fidelibus
822 922 891 976 de
922 922 1031 976 hoc
1070 918 1291 974 mundo
1342 917 1748 990 migrantibus,
1796 916 2044 970 existens

434 1029 555 1068 non
581 1026 780 1066 revera
803 1008 1014 1077 civitas,
1047 1006 1150 1063 sed
1186 1013 1247 1060 ut
1279 1008 1487 1073 civitas,
1518 1005 1733 1060 scilicet
1780 1002 1933 1058 dicta
1963 1002 2046 1057 ci-

434 1100 580 1155 vitas
598 1115 702 1171 per
722 1095 1176 1162 similitudinem,
1211 1112 1279 1149 eo
1310 1094 1464 1166 quod
1496 1110 1564 1147 ex
1592 1092 1730 1147 vivis
1759 1091 2046 1164 lapidibus

434 1189 554 1255 fiat,
576 1190 641 1242 ut
666 1185 860 1241 civitas
885 1200 951 1240 ex
978 1183 1264 1256 lapidibus
1306 1180 1659 1237 inanimatis.
1675 1180 1755 1234 Ne
1789 1195 1923 1235 vero
1954 1179 2041 1233 in-

435 1276 793 1347 telligeretur
821 1273 933 1328 hoc
961 1272 1179 1327 dictum
1209 1286 1330 1325 esse
1356 1270 1427 1325 de
1457 1269 1649 1341 aliqua
1673 1267 1897 1323 civitate
1916 1284 2043 1339 qua:

437 1379 591 1419 nunc
614 1361 1001 1418 aedificaretur
1026 1362 1083 1414 et
1104 1358 1462 1413 Hierusalem
1493 1359 1813 1423 vocaretur,
1843 1355 1916 1410 ad
1941 1355 2046 1409 dif-

434 1450 745 1507 ferentiam
773 1446 967 1502 addit:
988 1447 1087 1500 illa
1118 1444 1475 1499 Hierusalem
1505 1444 1632 1498 dico
1662 1443 1814 1513 cujus
1823 1444 2046 1513 partici-

425 1541 579 1611 patio
610 1539 696 1592 est
724 1534 1039 1606 ejus,‘quod
1065 1536 1151 1588 est
1180 1535 1236 1587 in
1266 1534 1435 1602 ipsum
1459 1531 1729 1599 tendens,
1763 1530 1822 1584 id
1872 1529 2041 1584 estin

434 1620 1332 1683 incommutabilitatem,scilicet
1352 1637 1479 1692 qua:
1506 1620 1605 1674 illo
1637 1620 1792 1674 bono
1817 1618 2045 1690 partici-

434 1719 535 1787 pat
573 1712 727 1785 quod
757 1708 1234 1766 incommutabile
1267 1712 1352 1763 est
1377 1712 1435 1763 et
1463 1710 1774 1762 aeternum.
1806 1709 1914 1761 Per
1933 1707 2043 1761 hoc
2065 1733 2117 1792 B

436 1804 607 1857 datur
633 1798 878 1870 intelligi
908 1798 1261 1852 Hierusalem
1293 1796 1555 1863 caelestis,
1583 1795 1745 1866 cujus
1776 1795 1923 1848 cives
1953 1794 2039 1849 in-

433 1886 862 1945 commutabilis
893 1883 1267 1940 beatitudinis
1307 1887 1440 1938 sunt
1486 1882 1812 1954 participes.
1839 1882 2040 1937 Osten-

434 1978 581 2034 dunt
609 1980 801 2032 autem
829 1972 1066 2047 perfecti
1093 1972 1191 2045 qui
1219 1972 1277 2026 in
1306 1972 1416 2026 hoc
1454 1972 1677 2042 psalmo
1707 1974 1888 2041 agunt
1914 1987 2040 2025 om-

436 2082 540 2122 nes
562 2064 760 2120 fideles
788 2061 1239 2135 prtedecessores
1257 2075 1388 2114 suos
1405 2059 1534 2130 jam
1577 2058 1635 2113 in
1666 2059 1908 2113 domum
1936 2060 2042 2113 Do-

435 2153 583 2209 mini
597 2152 792 2218 ivisse;
820 2148 973 2204 unde
1001 2148 1141 2203 certi
1159 2150 1293 2202 sunt
1324 2147 1478 2219 quod
1507 2150 1562 2201 et
1582 2146 1689 2218 ipsi
1718 2146 1885 2201 ibunt
1911 2147 1989 2201 sic
2021 2163 2035 2201 :

430 2241 655 2309 Ibimus,
674 2239 935 2311 inquam,
957 2239 1012 2290 in
1039 2237 1255 2290 domum
1284 2235 1529 2302 Domini,
1544 2239 1602 2289 et
1630 2235 1765 2289 inde
1792 2234 1932 2289 certi
1954 2252 2043 2289 su-

429 2347 581 2385 mus.
600 2327 738 2382 Illuc
752 2327 893 2381 enim
900 2325 1028 2396 jam
1050 2323 1399 2380 ascenderunt
1423 2322 1742 2378 secundum
1759 2323 2039 2391 animam,

432 2434 549 2473 non
571 2415 889 2471 secundum
916 2428 1142 2483 corpus,
1177 2411 1364 2469 tribus.
1395 2411 1538 2466 Cum
1569 2410 1709 2464 dicit
1741 2410 1914 2465 tribus
1945 2410 2044 2465 dat

432 2503 757 2574 intelligere
778 2499 1065 2566 homines,
1080 2498 1217 2570 quia
1237 2498 1417 2552 tribus
1441 2497 1746 2552 hominum
1775 2497 2040 2579 dicimus,

433 2608 553 2649 non
586 2589 949 2661 angelorum,
978 2602 1043 2640 ac
1071 2586 1119 2640 si
1140 2586 1291 2640 dicat
1324 2603 1337 2639 :
1371 2585 1510 2640 Inde
1539 2585 1679 2639 certi
1708 2602 1903 2639 sumus
1936 2602 2042 2641 nos

431 2692 764 2735 ascensuros
792 2690 936 2742 esse,
968 2672 1103 2746 quia
1124 2673 1247 2745 jam
1269 2673 1403 2727 illuc
1432 2672 1841 2745 generationes
1854 2673 2043 2728 homi-

433 2784 575 2824 num
606 2762 970 2820 ascenderunt.

501 2852 862 2911 Determinat
875 2852 1070 2905 autem
1095 2865 1222 2921 quae
1240 2848 1427 2916 tribus,
1445 2864 1575 2903 cum
1595 2848 1789 2904 addit:
1819 2848 2033 2915 Tribus,

1044 256 1103 325 s.
1143 253 1486 323 BR'UNONIS
1528 248 2167 321 CARTHUSIANORUM
2202 248 2673 319 INSTITUTOBIS
2711 256 2866 316 ore.
2909 254 3086 315 PARS
3123 245 3148 312 ι

3620 261 3771 317 13Ξῧ

2147 386 2311 442 sedes
2342 402 2613 459 quaecum
2638 384 2898 439 nondum
2914 382 3027 437 sint
3043 382 3225 447 sedes,
3249 381 3305 435 in
3323 380 3547 452 judicio
3566 382 3775 438 futuro

2146 474 2308 529 sedes
2337 476 2543 530 futurae
2581 476 2732 539 sunt,
2769 471 2923 543 quod
2952 473 3037 524 est
3069 470 3261 524 dicere
3295 469 3312 525 ἐ
3338 472 3599 541 Apostoli
3626 471 3776 526 illuc

2138 562 2263 632 jam
2292 562 2696 628 ascenderunt,
2730 563 2788 614 et
2816 558 2891 612 ibi
2911 557 3141 628 jamdiu
3164 556 3526 628 quieverunt,
3551 559 3651 630 qui
3678 558 3778 612 fu-

2144 651 2257 705 turi
2289 650 2666 719 suntjudices
2697 648 2755 702 in
2790 646 2882 701 die
2892 645 3092 717 judicii
3119 663 3274 716 super
3302 645 3518 699 domum
3558 647 3771 713 Dauni,

2144 738 2203 794 id
2234 742 2319 793 est
2348 754 2520 810 super
2547 736 3059 810 Ecclesia_m,_qua3
3107 732 3378 806 spiritalis
3422 734 3634 788 domus
3677 738 3765 789 est

2145 827 2372 895 Christi,
2399 806 2514 882 veri
2546 824 2740 881 David.
2768 806 2830 894 5
2852 807 2869 893 Ι
2890 806 2952 893 7
2990 822 3157 876 Juxta
3179 821 3319 876 illud
3344 821 3715 877 Dominieum
3744 841 3761 879 :

2148 937 2178 966 «
2209 913 2492 970 Sedebitis
2521 929 2692 984 super
2718 912 2879 966 sedes
2910 910 3239 979 duodecim,
3263 910 3594 981 judicantes
3621 911 3766 967 duo-

2145 1003 2333 1058 decim
2351 1002 2533 1057 tribus
2553 1001 2724 1056 Israel
2743 999 2961 1072 (Matth.
2986 1014 3096 1067 xIx,
3124 998 3232 1071 18).
3258 1018 3286 1049 »
3320 998 3524 1053 Domus
3547 998 3759 1067 David,

2143 1092 2203 1148 id
2225 1094 2309 1147 est
2334 1090 2540 1146 Christi
2575 1090 2845 1145 dicuntur
2874 1091 2932 1143 et
2968 1087 3109 1142 boni
3138 1087 3337 1142 fideles
3385 1090 3445 1142 et
3490 1088 3655 1152 mali,
3683 1106 3755 1143 eo

2145 1167 2299 1251 quod
2327 1196 2529 1235 omnes
2558 1177 2778 1233 eisdem
2806 1176 3196 1249 spiritualibus
3220 1176 3595 1232 sacramentis
3636 1176 3758 1231 ini-

2144 1267 2267 1322 tiati
2294 1267 2427 1323 sint.

2216 1354 2362 1419 Quia
2420 1355 2638 1411 dictum
2694 1358 2819 1411 erat
2848 1354 3034 1423 tribus,
3058 1356 3116 1408 et
3132 1353 3274 1409 sedes
3306 1353 3364 1409 in
3391 1354 3606 1408 domum
3638 1352 3755 1407 Do-

2142 1444 2290 1498 mini
2315 1444 2658 1511 ascendisse,
2693 1447 2821 1498 orat
2850 1443 2977 1498 illos
3006 1443 3104 1515 qui
3139 1443 3265 1514 jam
3294 1443 3666 1511 ascenderunt,
3692 1447 3757 1496 ut

2142 1535 2351 1603 rogent
2369 1548 2475 1603 pro
2500 1532 2581 1585 cis
2599 1531 2692 1603 qui
2710 1531 2899 1586 adhuc
2929 1531 3215 1586 ascensuri
3261 1536 3412 1598 sunt,
3452 1532 3531 1585 sic
3564 1548 3578 1587 :
3614 1532 3753 1585 Dico

2143 1620 2297 1691 quod
2326 1619 2465 1673 sedes
2496 1623 2553 1672 et
2581 1620 2747 1674 tribus
2789 1619 3154 1675 ascenderunt.
3194 1619 3261 1672 Et
3318 1636 3414 1673 vos
3472 1620 3567 1691 qui
3620 1620 3745 1690 jam

2142 1708 2491 1775 ascendistis,
2508 1715 2688 1777 rogate
2707 1707 2874 1762 nobis
2898 1726 2959 1761 ea
2989 1725 3107 1779 quae
3129 1713 3252 1761 sunt
3295 1707 3367 1759 ad
3392 1724 3583 1779 pacem
3610 1707 3752 1759 Hie-

2141 1796 2368 1850 rusalem
2382 1796 2620 1850 coelestis
2636 1796 3087 1867 adipiscendam,
3106 1794 3320 1850 scilicet
3334 1799 3533 1867 rogate
3563 1796 3749 1850 Deum

2144 1886 2206 1937 ut
2232 1884 2330 1937 det
2362 1883 2528 1938 nobis
2545 1883 2641 1957 qui
2670 1900 2864 1937 sumus
2895 1884 3082 1938 adhuc
3111 1883 3397 1937 ascensuri
3418 1900 3602 1955 eaper
3620 1900 3752 1954 quae

2142 1972 2440 2026 veniamus
2467 1972 2539 2026 ad
2571 1975 2854 2026 aeternam
2878 1987 3081 2044 pacem
3109 1971 3348 2026 cmlestis
3369 1971 3751 2028 Hierusalem.

2142 2060 2450 2131 Postquam
2484 2075 2581 2114 eos
2606 2059 2701 2131 qui
2724 2060 2847 2130 jam
2879 2058 3261 2114 ascenderunt
3288 2058 3545 2114 invitavit
3565 2059 3637 2114 ad
3660 2077 3755 2115 ro-

2141 2147 2398 2217 gandum
2421 2147 2491 2201 de
2513 2163 2654 2218 pace
2677 2147 2986 2218 illa,ipsam
3010 2150 3066 2201 et
3078 2148 3464 2220 perfectorum
3485 2148 3747 2202 collectio

2142 2233 2214 2290 de
2242 2251 2381 2307 pace
2411 2234 2509 2289 illa
2541 2238 2688 2303 orat,
2719 2239 2781 2289 ut
2806 2235 3097 2289 auditores
3136 2250 3302 2290 orare
3342 2235 3589 2290 instruat
3616 2235 3701 2290 sic
3733 2252 3747 2291 :

2142 2322 2397 2378 Dicimus
2428 2342 2440 2379 :
2468 2322 2675 2393 Regale
2704 2340 2822 2395 qua:
2849 2324 2920 2377 ad
2934 2340 3123 2395 pacem
3138 2330 3281 2391 sunt,
3305 2331 3352 2377 et
3373 2327 3599 2379 nosmet
3619 2341 3755 2378 ora-

2144 2428 2272 2466 mus
2293 2413 2354 2465 ut
2371 2412 2702 2466 abundantia
2739 2411 2811 2465 sit
2832 2412 3069 2467 tandem
3104 2412 3163 2466 in
3194 2412 3385 2467 futuro
3410 2411 3756 2482 diligentibus

2147 2504 2215 2568 te,
2232 2516 2265 2553 o
2289 2499 2640 2554 Hierusalem
2664 2499 2926 2567 caelestis,
2963 2500 3177 2555 scilicet
3206 2502 3501 2573 utxomnes
3527 2499 3616 2554 hic
3646 2500 3754 2554 ad-

2145 2586 2255 2641 huc
2285 2586 2585 2658 degentes,
2618 2588 2715 2660 qui
2741 2588 3179 2656 abundantiam,
3206 2605 3334 2660 qua
3366 2588 3425 2642 in
3448 2592 3505 2643 te
3528 2592 3631 2653 est,
3656 2604 3754 2642 cu-

2142 2673 2309 2745 piunt
2340 2674 2599 2746 adipisci,
2634 2677 2833 2745 utpote
2875 2675 3180 2746 diligentes
3216 2678 3295 2743 te,
3326 2675 3748 2730 abundantiam

2138 2762 2296 2816 illam
2340 2766 2788 2835 consequantur.
2822 2763 3066 2836 Exponit
3092 2767 3285 2818 autem
3315 2764 3385 2818 de
3415 2780 3530 2836 qua
3559 2764 3753 2818 abun-

2137 2850 2335 2905 dantia
2360 2853 2504 2919 oret,
2528 2868 2658 2906 cum
2682 2852 2843 2907 addit
2874 2869 2888 2907 :
2919 2852 3053 2907 Dico
3074 2852 3402 2907 abundantia
3419 2853 3493 2908 sit
3518 2853 3746 2923 diligen-

430 2939 960 3015 inquam,Dmnini,
979 2937 1035 2993 id
1057 2941 1142 2992 est
1164 2936 1244 2991 illi
1277 2936 1543 2992 homines
1580 2936 1912 3002 ascendent,
1936 2936 2034 3008 qui
2072 3009 2108 3015 __
2138 2938 2272 2993 tibus
2302 2942 2379 3007 te,
2421 2940 2636 2995 scilicet
2662 2940 2759 3009 ﬁat
2796 2940 2904 2995 illis
2935 2958 3049 3012 pax
3087 2943 3143 2994 in
3180 2943 3375 2995 virtute
3419 2947 3534 3009 tua,
3569 2940 3627 2996 id
3656 2947 3749 2997 est
3780 2934 3783 2937 ⁴

429 3009 760 3103 regenerati
789 3026 1006 3082 fuerint
1030 3024 1089 3079 in
1119 3024 1367 3079 Domino
1400 3040 1648 3096 ex‘aqua
1676 3023 2037 3095 baptismatis
2060 3009 2108 3068 Ο
2135 3044 2240 3099 per
2270 3028 2540 3082 virtutem
2586 3032 2767 3097 tuam,
2799 3009 3013 3084 scilicet
3052 3028 3221 3083 detur
3255 3028 3364 3083 illis
3378 3046 3495 3101 pax
3523 3033 3744 3084 aeterna

428 3124 489 3176 et
514 3118 729 3190 Spiritu
761 3117 959 3170 sancto
997 3116 1162 3186 juxta
1201 3112 1343 3167 illud
1370 3130 1388 3166 :
1421 3132 1453 3165 (ς
1486 3111 1594 3176 Qui
1642 3111 1949 3166 crediderit
1979 3116 2035 3166 et

425 3207 749 3279 baptizatus
763 3204 936 3259 fuerit
949 3203 1134 3257 salvus
1149 3199 1471 3271 erit(Marc.
1496 3215 1606 3263 xvr,
1639 3201 1744 3266 16).
1761 3221 1789 3249 ››
1816 3200 2030 3267 Tribus,

426 3288 1301 3366 inquam,Dominiascenderunt.
1328 3288 1395 3341 Et
1432 3287 1541 3341 hoc
1573 3290 1636 3341 ut
1675 3289 2033 3341 testimonium

426 3381 599 3435 Israel
614 3379 834 3445 asserit,
858 3377 916 3432 id
938 3380 1023 3431 est
1052 3379 1114 3429 ut
1128 3375 1303 3429 Jacob
1339 3375 1668 3446 patriarcha
1697 3375 2032 3430 testificatus

427 3473 513 3524 est
531 3468 591 3523 in
609 3467 826 3522 visione
857 3481 977 3531 sua,
1010 3463 1107 3536 qui
1140 3463 1279 3517 vidit
1303 3463 1543 3530 scalam,
1563 3465 1771 3536 et_eam
1796 3464 2032 3534 angelos

426 3555 803 3612 ascendentes
828 3556 885 3608 et
900 3551 1315 3607 descendentes
1338 3549 1493 3623 (Gen.
1518 3567 1705 3618 xxvm,
1724 3554 1829 3614 l2).
1865 3551 2031 3616 Quod

425 3644 662 3717 quidem
691 3642 919 3715 signum
947 3644 1070 3695 erat
1088 3643 1145 3694 et
1164 3639 1247 3694 rei
1266 3638 1599 3711 praeteritae,
1622 3641 1681 3693 et
1698 3639 1781 3693 rei
1798 3639 2025 3695 futuras.

421 3735 565 3791 Nam
588 3747 694 3805 per
713 3728 1147 3790 descendentes,
1162 3727 1352 3798 angeli
1373 3727 1611 3798 maligni
1626 3726 2026 3798 signabantur,

424 3823 521 3895 qui
541 3836 645 3894 per
666 3816 993 3887 superbiam
1018 3808 1474 3883 descenderunt;
1496 3831 1602 3885 per
1631 3815 2025 3884 ascendentes,

421 3909 603 3966 sancti
633 3908 731 3979 qui
758 3905 937 3960 futuri
968 3907 1103 3959 sunt
1130 3903 1414 3975 spiritales
1439 3906 1501 3957 ut
1531 3902 1741 3974 angeli,
1771 3906 1830 3959 et
1850 3904 1921 3959 ad
1942 3919 2030 3958 re-

420 3996 747 4071 parandum
777 4009 974 4049 casum
1004 3992 1235 4047 illorum
1263 3991 1359 4063 qui
1381 3991 1802 4046 descenderunt
1822 3991 2028 4046 suntil-

420 4087 512 4142 luc
542 4081 853 4149 ascensuri,
877 4083 934 4134 et
952 4080 1076 4151 jam
1104 4079 1343 4151 quidam
1364 4079 1767 4137 ascenderunt.
1789 4080 1888 4134 Vel
1907 4080 1983 4134 sic
2007 4097 2020 4136 :

420 4173 559 4230 Illuc
583 4168 927 4227 ascenderunt
975 4167 1142 4220 tribus
1188 4165 1412 4219 Domini
1457 4166 1762 4222 existentes
1794 4170 2022 4222 testimo-

2133 3131 2239 3186 per
2267 3114 2553 3170 Christum
2585 3117 2682 3188 qui
2708 3120 2794 3171 est
2822 3117 2997 3172 virtus
3026 3120 3145 3185 tua,
3170 3117 3386 3172 faciens
3421 3121 3475 3172 te
3517 3117 3735 3172 fortem

2134 3207 2193 3257 et
2219 3202 2750 3275 inexpugnabilem,
2773 3205 2852 3259 sic
2889 3208 2952 3258 ut
2981 3206 3167 3259 nullus
3191 3204 3446 3260 hostium
3499 3207 3745 3261 assultus

2132 3291 2236 3346 tibi
2270 3292 2393 3347 fieri
2430 3297 2621 3365 queat.
2654 3294 2754 3348 Vel
2791 3294 2869 3348 sic
2895 3310 2907 3349 :
2931 3293 3061 3347 Fiat
3091 3293 3200 3348 illis
3208 3311 3325 3365 pax
3357 3294 3648 3349 existendo
3680 3298 3741 3348 in

2131 3383 2325 3436 virtute
2355 3387 2467 3450 tua,
2494 3382 2550 3436 id
2581 3385 2665 3437 est
2693 3382 2772 3436 sic
2804 3382 2970 3437 detur
3009 3383 3090 3436 eis
3119 3398 3227 3451 pax
3262 3400 3388 3454 qua:
3440 3384 3498 3438 in
3542 3386 3598 3437 te
3628 3387 3738 3449 est,

2131 3473 2195 3524 ut
2224 3470 2399 3525 etiam
2420 3470 2855 3543 perseverentin
2876 3470 3182 3528 dilectione
3205 3471 3419 3539 divina,
3435 3488 3560 3544 qua:
3593 3471 3739 3526 dici-

2131 3560 2225 3613 tur
2246 3574 2351 3630 per
2374 3559 2836 3614 antonomasiam
2861 3559 3040 3613 virtus
3071 3563 3187 3627 tua,
3217 3576 3285 3615 eo
3317 3562 3471 3633 quod
3503 3560 3740 3633 dignior

2130 3647 2202 3701 sit
2225 3648 2385 3702 omni
2406 3648 2610 3702 virtute
2629 3651 2687 3702 et
2709 3648 3041 3704 durabilior.
3061 3648 3201 3704 Cum
3222 3649 3377 3704 enim
3409 3665 3611 3704 omnes
3640 3648 3737 3704 hic

2128 3735 2362 3790 virtutes
2391 3736 2736 3804 habeantur,
2770 3737 3046 3799 in,futuro
3074 3740 3195 3793 sola
3224 3737 3468 3792 charitas
3495 3737 3733 3791 habebi-

2128 3826 2241 3877 tur.
2282 3823 2445 3878 Unde
2492 3824 2702 3897 legitur
2730 3842 2743 3878 :
2771 3848 2799 3875 ‹‹
2827 3825 3004 3897 Major
3033 3830 3228 3880 autem
3275 3828 3363 3880 est
3414 3825 3659 3879 charitas
3681 3824 3743 3892 (Ι

2129 3909 2255 3966 Cor.
2274 3928 2391 3979 XIII,
2423 3913 2531 3984 l3),
2559 3934 2586 3962 ››
2615 3916 2672 3967 et
2701 3930 2819 3968 non
2845 3929 3021 3985 parva
3049 3931 3157 3985 pax
3181 3914 3279 3968 fiat
3299 3913 3401 3981 eis,
3435 3912 3535 3967 sed
3561 3913 3732 3967 abun-

2124 3999 2311 4055 dantia
2329 4000 2482 4072 pacis
2511 4001 2677 4055 detur
2701 4002 2804 4065 eis,
2837 4019 2964 4074 quae
2996 4002 3352 4058 abundantia
3380 4005 3469 4056 est
3502 4003 3628 4073 jam
3669 4004 3723 4055 in

2125 4088 2364 4144 turribus
2393 4091 2516 4157 tuis,
2548 4089 2762 4144 scilicet
2793 4093 2953 4145 tanta
2981 4090 3336 4145 abundantia
3365 4090 3533 4145 detur
3557 4090 3639 4144 eis
3664 4089 3722 4144 in

2123 4176 2338 4239 futuro,
2366 4181 2581 4248 quanta
2608 4182 2693 4233 est
2721 4178 2779 4233 in
2828 4179 3096 4251 apostolis
3124 4178 3273 4250 jam,
3314 4179 3411 4251 qui
3454 4178 3723 4233 dicuntur

419 4265 572 4318 nium
610 4256 796 4325 Israel,
829 4254 889 4310 id
928 4257 1014 4309 est
1051 4252 1424 4308 testificantes
1468 4271 1569 4309 suo
1610 4270 1847 4310 ascensu
1885 4256 2098 4342 illudD
2123 4267 2309 4319 turres
2334 4269 2468 4330 tum,
2494 4267 2581 4320 vel
2626 4271 2865 4339 propter
2910 4268 3323 4322 sublimitatem
3378 4267 3721 4323 meritorum

417 4352 576 4408 idem
607 4347 761 4421 quod
792 4343 1123 4400 testificatus
1166 4345 1252 4397 est
1290 4343 1459 4396 Israel
1491 4341 1726 4411 visione,
1753 4344 1909 4415 quod
1938 4348 2025 4399 est
2049 4341 2074 4342 ί
2123 4369 2381 4423 suorum,
2414 4354 2502 4409 vel
2542 4354 2677 4427 quia
2712 4354 3145 4411 munimentum
3177 4356 3433 4410 ﬁdelium
3464 4361 3596 4412 sunt
3622 4356 3723 4410 d0-

419 4440 609 4494 dicere
643 4453 656 4489 :
691 4434 834 4489 illud
878 4430 1171 4487 testificati
1219 4433 1353 4486 sunt
1397 4446 1597 4484 verum
1647 4448 1766 4487 esse
1824 4431 1883 4487 in
1936 4433 2020 4488 sui

420 4523 774 4589 ascensione,
806 4520 961 4593 quod
992 4520 1164 4574 Israel
1196 4518 1529 4574 testificatus
1565 4522 1651 4573 est
1686 4519 1745 4573 in
1784 4520 2019 4577 visione.

419 4609 806 4676 Ascenderunt,
833 4609 1094 4680 inquam,
1124 4607 1286 4661 tribus
1309 4625 1327 4673 ;
1361 4611 1418 4662 et
1447 4608 1554 4663 hoc
1580 4608 1650 4661 ad
1669 4609 2021 4679 conﬁtendum

418 4700 651 4759 laudem
680 4698 886 4752 nomini
910 4696 1152 4763 Domini,
1178 4696 1234 4750 id
1257 4699 1341 4750 est
1360 4696 1433 4750 ad
1458 4696 1812 4752 laudandum
1826 4699 2020 4754 Domi-

419 4806 563 4847 num
594 4805 662 4843 ex
699 4784 1161 4842 consideratione
1195 4784 1392 4855 magni
1421 4785 1675 4840 nominis
1691 4786 1835 4856 ejus,
1865 4789 2020 4859 quod

420 4881 506 4933 est
535 4871 1007 4945 Dominus,quod
1036 4873 1122 4926 est
1146 4871 1336 4925 dicere
1358 4887 1370 4925 :
1390 4872 1476 4925 Ad
1506 4872 1615 4927 hoc
1637 4874 2019 4931 ascenderunt

376 5009 380 5014 .
416 4972 479 5023 ut
504 4964 774 5039 perennis
800 4962 970 5018 laude
1012 4960 1333 5017 dilectionis
1362 4961 1545 5016 Deum
1586 4962 1844 5021 laudent.
1878 4966 2017 5020 inde

415 5070 644 5132 quoque
665 5051 806 5109 certi
835 5068 1032 5106 sumus
1051 5051 1205 5124 quod
1231 5052 1287 5104 in
1313 5049 1527 5104 domum
1555 5050 1780 5106 Domini
1807 5054 2015 5126 ibimus,

416 5144 553 5220 quia
580 5142 688 5198 illic
718 5142 842 5214 jam
881 5139 1123 5194 sederunt
1162 5137 1322 5206 sedes,
1367 5137 1426 5193 id
1465 5142 1551 5194 est
1597 5140 1656 5194 in
1703 5140 1877 5198 domo
1921 5144 2019 5200 illa

404 5231 636 5307 jamdiu
666 5233 753 5284 est
777 5226 931 5300 quod
953 5226 1292 5299 quieverunt
1314 5226 1559 5297 judices,
1579 5228 1676 5298 qui
1726 5230 2015 5301 accipiun-

412 5327 508 5377 tur
539 5334 641 5392 per
661 5317 821 5384 sedes,
853 5331 921 5370 eo
947 5313 1099 5386 quod
1147 5313 1411 5396 judicum
1449 5318 1536 5368 est
1578 5315 1739 5370 sedes
1777 5317 2012 5388 habere,

413 5409 502 5464 vel
530 5406 667 5479 quia
689 5405 852 5460 sedes
876 5402 975 5458 Dei
998 5405 1150 5470 sunt,
1170 5404 1227 5456 et
1249 5402 1597 5458 determinat
1616 5404 1850 5476 quando
1864 5407 2017 5478 judi-

414 5511 509 5552 ces
526 5496 866 5567 erunt,cum
882 5488 1044 5549 addit
1073 5506 1090 5562 ς
1118 5487 1185 5545 Ιη
1209 5488 1416 5564 judicio
1460 5490 1623 5564 sedes,
1662 5492 1719 5549 id
1769 5497 1855 5551 est
1898 5496 2010 5554 illa:

2124 4441 2308 4497 ctrina
2331 4446 2389 4497 et
2415 4443 2735 4514 patrocinia
2767 4445 3096 4500 orationum
3127 4462 3382 4500 suarum.

2193 4530 2646 4586 Ostensalaetitia
2678 4535 2736 4586 et
2758 4548 2857 4604 spe
2884 4550 2985 4588 sua
3021 4539 3080 4589 ct
3108 4534 3370 4589 oratione
3399 4533 3468 4588 de
3486 4550 3623 4605 pace
3645 4534 3725 4588 fa-

2123 4621 2235 4686 cta,
2269 4636 2383 4690 qua
2412 4619 2732 4675 intentione
2762 4622 2885 4675 huic
2905 4622 3088 4693 egerit
3118 4621 3369 4677 ostendit
3396 4622 3476 4675 sic
3506 4640 3519 4677 :
3552 4622 3674 4677 Dixi
3703 4639 3717 4677 :

2118 4708 2335 4762 Stantes
2363 4716 2515 4762 erant
2535 4709 2690 4773 redes
2714 4711 2888 4765 nostri
2908 4713 2970 4766 in
3008 4713 3159 4766 atriis
3196 4712 3321 4778 tuis,
3360 4710 3714 4776 Hierusalem,

2120 4799 2177 4851 et
2194 4797 2345 4851 oravi
2361 4797 2433 4851 de
2457 4814 2598 4869 pace
2613 4801 2733 4867 tua,
2759 4798 2988 4855 dicens:
3013 4799 3144 4854 Fiat
3149 4802 3407 4870 μίακαὶ-ρ.
3435 4801 3501 4854 Et
3523 4816 3627 4871 ego
3656 4799 3718 4853 de

2119 4891 2168 4937 te
2205 4900 2402 4955 agens,
2426 4901 2458 4938 ο
2493 4884 2865 4955 Hierusalem,
2890 4887 3138 4960 loquebar
3160 4905 3369 4959 pacem,
3408 4888 3466 4942 id
3497 4892 3583 4941 est
3612 4904 3717 4942 an-

2118 4972 2457 5026 nuntiabam
2476 4990 2677 5045 pacem
2701 4979 2854 5030 tuam
2866 4976 3099 5044 ,scilicet
3116 4976 3565 5048 quotiescunque
3577 4975 3648 5030 de
3666 4980 3720 5030 te

2119 5060 2232 5131 egi,
2266 5062 2601 5117 annuntiavi
2631 5063 2754 5118 aliis
2784 5067 3002 5137 quanta
3029 5065 3101 5119 sit
3130 5081 3238 5136 pax
3280 5067 3399 5119 tua.
3423 5064 3716 5137 Loquebar,

2117 5148 2380 5221 inquam,
2398 5168 2601 5222 pacem,
2624 5156 2681 5206 et
2704 5152 2814 5209 hoc
2823 5161 3043 5225 propter
3068 5155 3266 5225 fratres
3294 5170 3434 5209 meos
3463 5162 3513 5208 et
3530 5157 3717 5226 proxi-

2114 5252 2225 5293 mos
2244 5239 2467 5309 meos,id
2478 5243 2562 5294 est
2579 5257 2684 5312 pro
2707 5242 2968 5297 utulitate
2982 5242 3226 5297 fratrum
3245 5245 3301 5297 et
3318 5242 3718 5313 proximorum

2114 5342 2403 5396 meorum,
2421 5328 2566 5382 utad
2584 5329 2734 5383 hanc
2758 5345 2962 5400 pacem
3005 5329 3268 5386 tendant.
3296 5331 3522 5385 Fratres
3552 5335 3719 5387 vocat

2115 5430 2319 5470 omnes
2338 5414 2555 5485 fideles,
2570 5433 2638 5471 eo
2656 5417 2811 5489 quod
2825 5434 3030 5474 omnes
3049 5418 3150 5475 Dei
3168 5418 3267 5473 filii
3288 5418 3541 5492 adeptivi
3569 5419 3708 5478 sint.

2115 5499 2396 5558 Proximos
2414 5508 2606 5561 autem
2627 5504 2764 5561 dicit
2788 5507 3096 5580 perfectos,
3112 5507 3303 5583 quieis
3321 5507 3379 5566 iu
3402 5508 3715 5571 conformi-
