4016 6030
300 256 428 325 l32l

1238 260 1591 328 EXPOSITIO
1627 270 1697 326 IN
1736 262 2068 329 PSALBIOS.
2108 301 2180 316 --
2214 266 2409 330 PSAL.
2450 268 2649 328 CXXIII

3470 276 3603 339 I322

300 394 414 445 tate
435 391 567 445 sunt
590 387 857 460 proximi,
882 388 1037 461 quod
1064 406 1129 445 ex
1153 389 1266 445 alia
1291 392 1664 447 translatione
1686 393 1897 462 colligi-
1916 399 1971 458 Α
1997 408 2148 448 cesse
2199 396 2284 448 est
2324 394 2433 448 hoc
2465 410 2631 449 orare
2662 409 2675 449 :
2707 395 2835 466 quia
2861 394 2950 451 hic
2980 396 3165 469 repleti
3202 411 3385 454 sumus
3419 401 3601 473 despe-

297 481 393 533 tur
421 479 479 533 in
511 494 624 550 qua
652 478 896 534 habetur
923 481 1120 533 amicos
1170 496 1330 537 meos.
1363 480 1653 543 Quoniam
1702 484 1898 536 autem

296 570 534 638 possunt
561 583 682 621 esse
713 568 959 637 proximi
989 567 1048 622 in
1081 569 1255 634 malo,
1287 569 1359 623 ad
1386 569 1898 624 determinandum

294 670 440 725 quos
458 656 728 725 proximos
748 655 839 710 hic
879 656 1139 727 accipiat,
1166 656 1329 711 addit
1373 657 1470 723 sic,
1504 658 1717 712 scilicet
1745 675 1758 713 :
1795 658 1896 712 Lo-

292 744 491 815 quebar
503 762 695 815 pacem
714 750 932 815 propter
953 746 1167 800 domum
1195 746 1419 800 Domini
1434 746 1541 801 Dei
1570 754 1734 802 nostra
1766 747 1899 802 tedi-

292 832 602 900 ficandam,
631 832 689 887 id
709 836 795 888 est
816 834 889 888 ad
928 835 1035 888 hoc
1059 837 1120 888 ut
1146 834 1333 906 magis
1359 838 1417 889 et
1446 835 1630 907 magis
1654 836 1899 891 tendant

292 921 492 976 fideles
507 922 771 992 exemplo
794 938 939 976 meae
958 923 1261 978 locutionis
1282 923 1356 978 ad
1376 940 1580 995 pacem
1599 924 1755 979 illam
1775 925 1899 980 Hie-

291 1011 542 1065 rusalem
560 1011 822 1079 ccclesiis,
839 1014 898 1067 et
916 1012 994 1067 sic
1017 1012 1141 1085 ipsa
1161 1013 1477 1067 aediﬁcetur
1493 1013 1676 1085 magis
1690 1014 1898 1085 magis-

291 1115 426 1170 que,
450 1116 577 1172 qute
598 1100 700 1155 Dei
733 1100 940 1155 domus
966 1105 1069 1167 est,
1089 1104 1148 1155 et
1172 1101 1250 1156 sic
1273 1118 1286 1156 :
1320 1102 1365 1156 Ο
1395 1102 1603 1157 domus
1632 1104 1753 1169 Dei,
1775 1104 1898 1158 Hie-

292 1188 567 1255 rusalem,
596 1189 816 1259 quaesivi
872 1188 1004 1242 bona
1060 1189 1174 1255 tibi,
1228 1190 1285 1244 id
1339 1194 1423 1245 est
1468 1191 1740 1263 acquisivi
1792 1191 1898 1246 tibi

295 1276 482 1331 bonos
509 1276 677 1345 cives,
709 1276 781 1331 de
812 1277 1014 1349 quibus
1044 1277 1327 1333 aediﬁcata
1367 1279 1674 1349 gloriosior
1697 1279 1818 1348 ﬁas,
1842 1283 1900 1334 et

297 1365 487 1435 magis
505 1364 809 1420 honorata.

781 1454 849 1507 IN
884 1454 1209 1511 PSALMUM
1241 1456 1413 1511 CXXII

367 1541 573 1596 Psalmi
604 1541 899 1596 centesimi
922 1542 1174 1597 vicesimi
1204 1543 1440 1598 secundi
1468 1543 1901 1599 titulus.Canti-

298 1648 419 1686 cum
466 1630 751 1701 graduum.
802 1630 991 1685 Tertio
1039 1632 1230 1702 gradu.
1277 1635 1653 1703 pertractate,
1689 1633 1903 1688 scilicet

295 1718 640 1773 certitudine
670 1718 791 1791 spei
820 1735 935 1773 sua:
968 1718 1042 1773 ad
1072 1719 1510 1775 instructionem
1539 1721 1900 1776 audientium

298 1810 546 1873 ostensa,
568 1808 640 1862 ad
661 1808 1009 1881 earumdem
1024 1807 1461 1863 instructionem
1484 1813 1751 1880 quartum
1766 1826 1897 1881 gra-

298 1897 437 1950 dum
457 1912 517 1951 se
538 1896 790 1950 ostendit
820 1897 1161 1963 ascendisse,
1183 1897 1257 1952 ad
1277 1898 1405 1964 hoc,
1433 1899 1667 1965 scilicet,
1698 1903 1758 1952 ut
1770 1899 1899 1969 jam

292 1984 529 2040 rationis
542 2000 656 2038 suae
680 1986 873 2039 oculos
893 1985 1125 2039 lcvetad
1142 1986 1561 2040 attendendum
1578 1988 1898 2041 voluntates

292 2072 545 2140 Domini,
574 2076 636 2127 ut
664 2090 760 2127 eas
789 2073 1098 2145 compleat,
1131 2074 1285 2144 quod
1318 2074 1518 2128 tandiu
1548 2074 1685 2129 facit
1715 2076 1899 2130 donec

291 2161 344 2216 ei
374 2162 715 2216 misereatur
744 2161 1097 2228 reducendo,
1140 2161 1200 2215 in
1227 2161 1672 2217 immortalitem
1708 2166 1765 2216 et
1793 2163 1900 2217 im-

291 2249 746 2320 passibilitatem,
768 2249 838 2304 de
851 2265 965 2322 qua
984 2250 1159 2304 etiam
1183 2249 1552 2304 miseratione
1575 2254 1722 2319 orat;
1743 2251 1896 2305 unde

291 2338 371 2393 sic
403 2338 537 2393 dicit
564 2356 580 2391 :

361 2426 458 2480 Ad
478 2432 530 2481 te
551 2427 725 2481 levavi
749 2426 943 2493 oculos,
974 2427 1107 2493 etc.,
1134 2443 1199 2483 ac
1219 2427 1264 2481 si
1292 2426 1445 2482 dicat
1469 2444 1480 2482 :
1508 2427 1551 2482 Ο
1582 2427 1893 2494 auditores,

291 2518 599 2588 postquam
631 2516 807 2569 laetati
828 2516 1049 2570 fueritis
1084 2515 1155 2570 de
1182 2516 1289 2570 hoc
1312 2517 1467 2588 quod
1494 2517 1684 2571 ibimus
1714 2519 1770 2569 in
1800 2516 1894 2569 do-

290 2621 439 2658 mum
488 2603 731 2672 Domini,
753 2605 935 2658 levate
964 2604 1266 2659 interiores
1295 2607 1492 2660 oculos
1521 2604 1760 2659 rationis
1800 2621 1893 2658 ve-

297 2696 428 2747 stras
453 2692 525 2747 ad
546 2709 680 2746 eum
707 2692 803 2763 qui
823 2692 1045 2747 habitat
1066 2678 1129 2764 5
1150 2678 1167 2762 I
1188 2677 1251 2763 8
1272 2693 1332 2747 in
1367 2693 1539 2748 caelis.
1575 2693 1643 2746 Et
1673 2694 1781 2747 hoc
1810 2692 1895 2745 fa-

266 2781 409 2835 ~cite
441 2781 705 2851 exemplo
764 2796 917 2836 meo.
952 2781 1262 2852 Postquam
1292 2781 1450 2835 enim
1502 2780 1709 2835 laetatus
1754 2797 1894 2847 sum,

297 2868 665 2924 leoavioculos
686 2886 823 2923 meos
854 2868 1176 2936 interiores,
1211 2870 1406 2923 oculos
1434 2867 1698 2923 videlicet
1726 2867 1899 2921 ratio-

293 2958 403 3025 nis,
435 2956 507 3010 ad
527 2964 594 3019 te,
618 2959 713 3028 qui
734 2958 943 3010 habitas
971 2960 1027 3010 in
1057 2958 1212 3025 cozlz's,
1246 2956 1303 3010 id
1334 2959 1419 3011 est
1448 2957 1544 3027 qui
1578 2954 1897 3010 dominaris

1993 485 2184 550 ctione,
2205 500 2307 554 per
2332 484 2678 555 emphasim,
2708 484 2765 538 id
2797 489 2883 540 est
2912 487 3059 542 adeo
3080 489 3486 559 despcctibiles
3508 509 3572 546 su
3592 524 3611 539 ο

1995 587 2124 625 mus
2154 575 2216 626 ut
2241 572 2401 627 omni
2425 574 2629 643 repleti
2650 574 3020 644 despectione
3041 576 3361 632 videamur.
3390 580 3456 633 Et
3486 597 3605 635 non

1994 660 2181 714 solum
2212 659 2341 715 ideo
2373 677 2602 716 necesse
2633 665 2719 716 est
2749 663 2859 717 hoc
2894 678 3062 718 orare
3090 664 3226 735 quia
3271 666 3332 719 in
3362 682 3606 737 corpore

1995 764 2190 803 sumus
2220 748 2496 819 despecti,
2530 751 2631 805 sed
2675 751 2876 817 etiam,
2912 752 3071 823 quod
3103 753 3292 823 majus
3341 758 3447 823 est,
3479 759 3607 827 quia

1994 836 2223 890 multum
2280 837 2473 907 repleta
2519 846 2594 892 est
2644 840 2827 892 anima
2885 847 3065 894 nostra
3106 841 3448 911 despectione,
3488 845 3606 900 visa

1993 926 2349 995 opprobrium,
2384 927 2442 981 id
2495 930 2582 981 est
2631 927 2809 999 digna
2836 930 3174 999 opprobrio,
3215 932 3606 988 abundantibus

1995 1015 2054 1067 in
2084 1015 2326 1069 terrenis
2352 1015 2577 1081 divitiis,
2608 1016 2665 1070 id
2715 1020 2800 1071 est
2832 1016 3098 1072 divitibus
3127 1020 3298 1089 hujus
3322 1021 3532 1089 saeculi,
3555 1028 3605 1075 et

1994 1101 2112 1156 visa
2138 1103 2392 1172 superbis,
2421 1102 2479 1156 id
2510 1106 2597 1161 est
2645 1101 2865 1157 eisdem
2919 1104 3370 1172 abundantibus,
3404 1107 3502 1178 qui
3534 1092 3606 1163 de

1996 1187 2207 1242 divitiis
2235 1189 2348 1243 suis
2375 1189 2739 1261 superbiunt,
2770 1190 3054 1262 despectio,
3082 1192 3141 1246 id
3178 1195 3264 1247 est
3295 1192 3472 1263 digna
3503 1194 3603 1248 de-

1995 1277 2309 1349 spectione,
2328 1277 2484 1349 quod
2502 1281 2587 1332 est
2599 1278 2788 1334 dicere
2808 1295 2820 1332 :
2844 1279 3057 1334 Anima
3077 1284 3275 1336 nostra
3296 1281 3606 1353 despicitur

1998 1366 2056 1418 et
2085 1365 2395 1435 opprobrio
2420 1365 2596 1437 digna
2625 1382 2746 1421 esse
2763 1366 2786 1435 j
2801 1366 3064 1422 udicatur
3081 1385 3114 1423 a
3144 1368 3404 1440 superbis
3423 1369 3607 1425 diviti-

2000 1454 2152 1508 tibus
2169 1454 2336 1525 hujus
2356 1454 2723 1523 saeculi,dum
2756 1456 2932 1508 stulta
2964 1460 3022 1511 et
3050 1456 3256 1511 insana
3280 1457 3510 1519 dicitur,
3535 1474 3603 1511 eo

2001 1542 2157 1613 quod
2181 1544 2485 1598 mundana
2503 1546 2758 1615 spernat.

2464 1632 2531 1685 IN
2564 1630 2887 1688 PSALMUM
2919 1632 3136 1691 CXXIII.

2071 1718 2282 1774 Psalmi
2312 1719 2609 1774 centesimi
2631 1720 2880 1775 vicesimi
2900 1721 3056 1776 tertii
3083 1722 3301 1779 titulus.
3318 1720 3604 1781 Canticum

1997 1807 2284 1877 graduum.
2319 1806 2534 1871 Quarto
2566 1808 2749 1878 gradu
2780 1808 2851 1863 de
2881 1810 3203 1865 attentione
3233 1812 3595 1869 voluntatum

1999 1895 2100 1950 Dei
2121 1898 2370 1963 ostenso,
2390 1896 2461 1950 de
2483 1895 2687 1967 quinto
2708 1898 2892 1967 gradu
2914 1902 3095 1969 agunt
3105 1899 3365 1969 perfecti,
3385 1902 3599 1958 scilicet

1998 1986 2062 2037 ut
2089 2000 2220 2037 cum
2252 1987 2489 2054 propter
2503 1984 2886 2039 attentionem
2918 2002 3081 2040 suam
3116 1990 3411 2043 tententur
3432 1989 3502 2044 de
3533 2007 3603 2045 ea

1999 2071 2321 2127 attentione
2334 2072 2609 2137 revocari,
2626 2071 2683 2126 id
2703 2077 2788 2127 est
2800 2090 2832 2126 a
2850 2074 3275 2130 detractoribus
3287 2077 3373 2131 vel
3391 2094 3425 2131 a
3438 2078 3599 2133 blan-

2000 2161 2086 2214 dis
2108 2160 2528 2232 deceptoribus,
2553 2162 2610 2214 et
2630 2177 2748 2214 non
2775 2161 2996 2231 possint
3017 2180 3029 2229 ;
3048 2162 3198 2217 hanc
3215 2165 3600 2220 constantiam

1997 2264 2116 2302 non
2138 2248 2264 2315 sibi,
2293 2248 2393 2303 sed
2418 2248 2664 2304 Domino
2688 2248 2997 2317 ascribant,
3016 2252 3074 2304 et
3098 2251 3207 2305 hoc
3233 2251 3387 2307 idem
3409 2252 3599 2309 facere

1997 2353 2200 2391 omnes
2230 2336 2356 2391 illos
2377 2336 2473 2407 qui
2502 2338 2675 2392 Israel
2701 2353 2822 2392 esse
2850 2338 3183 2393 desiderant
3211 2339 3526 2400 instruunt.

2065 2425 2333 2497 Nisiquia
2360 2425 2627 2479 Dominus
2656 2432 2770 2480 erat
2800 2428 2856 2479 in
2881 2427 3051 2492 nobis,
3068 2426 3211 2481 dicat
3240 2446 3377 2483 nunc
3409 2428 3598 2501 Israel,

1995 2516 2128 2579 etc.;
2157 2529 2223 2568 ac
2242 2513 2287 2567 si
2308 2513 2494 2568 dicat:
2526 2514 2670 2567 Cum
2698 2513 2771 2568 ad
2795 2515 2978 2568 Deum
3010 2516 3205 2569 oculos
3225 2518 3478 2571 attentos
3504 2519 3601 2573 ha-

1996 2601 2319 2669 buerim,et
2347 2601 2707 2655 indevellent
2753 2617 2847 2655 me
2875 2618 3142 2657 revocare
3166 2604 3519 2660 detractores
3543 2610 3602 2661 et

1994 2690 2191 2744 blandi
2216 2691 2573 2762 deceptores,
2603 2693 2660 2743 et
2689 2706 2807 2744 non
2836 2692 3225 2760 possent,dixi
3249 2693 3360 2747 hoc
3389 2710 3510 2749 non
3532 2712 3601 2750 ex

1996 2794 2112 2845 me,
2140 2778 2240 2833 sed
2267 2796 2335 2833 ex
2381 2777 2630 2832 Domino
2661 2793 2781 2832 esse
2829 2779 2987 2848 quod
3018 2779 3095 2833 sic
3126 2781 3382 2835 attentus
3411 2798 3594 2837 eram.

1998 2867 2123 2931 Qua
2151 2867 2222 2922 de
2250 2884 2314 2921 re
2344 2866 2610 2935 exemplo
2641 2865 2756 2920 mei
2786 2865 3115 2938 quicunque
3139 2868 3268 2937 jam
3300 2871 3493 2925 oculos
3526 2872 3601 2926 ad

1998 2958 2181 3011 Deum
2228 2957 2425 3010 levans
2477 2958 2565 3008 est
2594 2955 2785 3021 Israel,
2826 2957 2885 3008 et
2913 2958 3164 3010 tentatus
3202 2956 3313 3010 fuit
3342 2961 3601 3016 revocari

290 3045 350 3100 in
380 3046 593 3101 civibus
622 3025 876 3101 ccclesiis
908 3045 1279 3100 Hierusalem.
1325 3025 1490 3108 Quod
1521 3047 1606 3099 est
1650 3044 1842 3098 dicere
1876 3061 1889 3098 :
1919 3025 1966 3084 Ο
1995 3044 2228 3110 frustra,
2261 3060 2381 3098 non
2429 3043 2539 3097 hoc
2588 3042 2697 3097 sibi
2739 3042 2985 3097 ascribat
3015 3044 3174 3115 quod
3217 3045 3295 3100 sic
3329 3051 3601 3104 constans

292 3134 495 3189 Oculos
524 3134 764 3189 rationis
790 3133 966 3188 levavi
1005 3133 1362 3188 attendendo
1393 3133 1716 3187 voluntates
1743 3135 1890 3199 tuas,

289 3227 353 3278 ut
378 3239 473 3278 eas
497 3224 871 3292 complerem,
904 3222 1002 3294 qui
1024 3222 1276 3294 depressi
1307 3225 1493 3289 erant,
1525 3221 1665 3276 dum
1691 3222 1764 3276 ad
1792 3238 1891 3277 vo-

288 3314 538 3368 luntates
562 3329 721 3367 meas
749 3311 1124 3382 complendas
1140 3310 1535 3376 attendebam,
1561 3313 1618 3364 et
1648 3310 1889 3380 dignum

287 3404 499 3456 eratut
523 3400 597 3455 ad
625 3405 682 3455 te
706 3402 900 3455 oculos
925 3401 1199 3466 levarem,
1232 3415 1363 3452 cum
1395 3401 1455 3452 tu
1485 3398 1558 3451 sis
1585 3396 1681 3452 ille
1713 3397 1810 3468 qui
1831 3397 1890 3450 in

286 3491 499 3545 civibus
525 3489 766 3545 cmlestis
783 3489 1137 3543 Hierusalem
1164 3486 1512 3554 dominaris;
1537 3486 1610 3540 ad
1642 3502 1890 3557 quorum

285 3580 638 3634 consortium
662 3595 779 3632 non
802 3577 1081 3642 venirem,
1102 3576 1206 3630 nisi
1227 3577 1420 3630 oculos
1439 3575 1514 3629 ad
1529 3578 1584 3629 te
1611 3575 1801 3629 levare
1812 3590 1887 3629 m.

286 3668 547 3722 Ostendit
567 3671 763 3722 autem
791 3666 946 3737 quod
969 3668 1188 3719 attente
1212 3665 1405 3718 oculos
1425 3662 1495 3717 ad
1524 3665 1707 3718 Deum
1738 3664 1889 3717 leva-

283 3757 429 3812 verit
449 3754 1072 3827 duplicisimilitudinc,
1092 3757 1152 3807 ut
1170 3753 1463 3808 auditores
1483 3753 1669 3823 magis
1691 3753 1763 3806 ad
1780 3753 1889 3806 boc

283 3846 440 3901 idem
470 3846 724 3900 attrahat
743 3845 841 3899 sic.
872 3843 1089 3909 Levavi,
1118 3843 1383 3914 inquam,
1419 3842 1489 3895 ad
1519 3849 1566 3896 te
1597 3843 1790 3895 oculos.
1823 3842 1890 3895 Et

285 3950 439 4002 ecce,
467 3950 500 3988 ο
525 3934 836 3998 auditores,
860 3932 919 3985 in
949 3934 1224 4002 promptu
1255 3933 1340 3986 est
1362 3948 1536 4002 quam
1569 3934 1789 3985 attente
1815 3928 1890 3984 ad

286 4024 468 4078 Deum
501 4023 695 4076 oculus
722 4020 1054 4086 levaverim,
1085 4023 1144 4074 et
1173 4019 1361 4074 adhuc
1406 4021 1550 4087 levo,
1576 4019 1731 4091 quia,
1754 4021 1889 4073 sicut

286 4111 426 4165 oculi
468 4128 734 4164 servorum
764 4112 899 4164 sunt
928 4108 1097 4180 positi
1147 4112 1202 4162 in
1259 4109 1502 4164 manibus
1549 4109 1887 4162 dominorum

286 4200 904 4268 suorum,attendentes
932 4200 990 4253 in
1016 4200 1163 4269 ipsas
1191 4215 1414 4266 manus,
1437 4203 1498 4253 ut
1518 4215 1883 4270 quacumque

1992 3133 2123 3197 fuit,
2153 3132 2254 3186 sed
2281 3130 2451 3185 Israel
2475 3147 2641 3199 nunc,
2664 3130 2723 3185 id
2754 3132 2841 3185 est
2869 3131 3108 3186 indilate
3142 3132 3295 3189 dicat
3324 3138 3382 3190 et
3411 3153 3511 3191 ore
3541 3140 3601 3193 et

1992 3220 2202 3275 mentis
2220 3218 2589 3290 reputatione
2609 3236 2622 3273 :
2646 3218 2774 3274 Nisi
2791 3219 2920 3273 ideo
2935 3220 3331 3289 remansisset,
3345 3226 3475 3295 quia
3487 3224 3600 3280 Do-

1989 3309 2170 3364 minus
2189 3315 2302 3363 erat
2322 3310 2377 3361 in
2393 3309 2540 3362 nobis
2566 3308 2885 3362 secundum
2902 3308 3282 3365 auxiliantem
3314 3314 3591 3384 gratiam,

1989 3398 2095 3451 nisi
2119 3399 2245 3467 quia
2262 3396 2527 3450 Dominus
2544 3403 2658 3450 erat
2691 3397 2746 3449 in
2774 3395 2948 3463 nobis,
2975 3395 3241 3467 inquam,
3281 3415 3401 3453 cum
3423 3418 3600 3456 exsur-

1988 3492 2169 3554 gerent
2214 3485 2451 3539 Itomines
2482 3485 2538 3536 in
2579 3501 2694 3551 nos,
2723 3484 2866 3553 forte
2911 3486 3054 3538 vivos
3090 3484 3435 3553 deglutissent
3482 3508 3594 3550 nos.

1991 3571 2320 3626 Notandum
2348 3571 2503 3642 quod
2532 3571 2641 3625 hoc
2666 3571 2821 3641 quod
2843 3570 2931 3625 bis
2951 3572 3237 3641 ponitnisi
3262 3578 3389 3644 quia
3408 3575 3600 3631 Domi-

1987 3677 2086 3713 nus
2114 3666 2227 3713 erat
2258 3662 2313 3712 in
2342 3659 2613 3724 nobis,vel
2643 3674 2711 3713 ex
2746 3658 2928 3713 nimia
2957 3660 3342 3717 exsultatione
3373 3667 3432 3718 et
3455 3665 3595 3721 att‘e-

1987 3749 2178 3803 ctione
2208 3746 2361 3815 facit,
2390 3748 2478 3801 vel
2508 3747 2580 3801 ad
2612 3747 2720 3801 hoc
2739 3750 2800 3800 ut
2827 3747 3054 3818 singula
3083 3747 3324 3819 singulis
3354 3768 3593 3824 respon-

1989 3837 2184 3903 deant,
2216 3835 2293 3891 sic
2334 3852 2347 3890 :
2403 3834 2531 3889 Nisi
2556 3836 2681 3905 quia
2711 3833 2974 3888 Dominus
3024 3843 3140 3889 erat
3179 3839 3234 3890 in
3265 3839 3438 3906 nobis,
3470 3858 3593 3895 cum

1987 3926 2221 3978 homines
2238 3923 2826 3995 maligniexsurgerent
2850 3923 2909 3978 in
2933 3939 3039 3978 nos
3066 3924 3294 3982 blandis
3314 3928 3498 3984 verbis
3536 3934 3593 3985 et

1989 4017 2353 4088 deceptoriis,
2387 4016 2663 4071 tentando
2697 4033 2801 4071 nos
2822 4017 2892 4071 ab
2922 4020 3244 4075 attentione
3276 4027 3472 4081 nostra
3499 4043 3588 4081 re-

1986 4122 2211 4174 vocare,
2244 4106 2581 4175 deglutissent
2610 4122 2722 4171 nos,
2776 4105 2834 4160 id
2866 4110 2951 4160 est
2980 4107 3451 4180 incorporassent
3483 4130 3587 4169 nos

1984 4194 2090 4249 sibi
2123 4196 2293 4262 vivos,
2316 4195 2372 4249 id
2401 4194 2744 4249 estscientes
2772 4198 2828 4248 et
2850 4196 3236 4266 prudentesin
3264 4203 3581 4268 peccando.

280 4290 426 4344 hora
453 4288 722 4344 dominus
766 4288 846 4341 eis
873 4290 1077 4341 nutum
1129 4288 1350 4353 fecerit,
1380 4287 1485 4357 ipsi
1515 4287 1713 4342 statim
1744 4287 1881 4341 obe-
1908 4304 1960 4364 D
1986 4286 2052 4339 Et
2080 4284 2486 4364 bogfeejssent
2513 4283 2685 4343 forte,
2713 4282 2771 4336 id
2803 4287 2889 4336 est
2920 4285 3129 4351 subito,
3160 4290 3217 4338 et
3245 4303 3311 4339 ex
3361 4288 3581 4359 impro-

282 4377 474 4444 diant;
503 4380 581 4443 et,
600 4378 664 4430 ut
693 4376 882 4445 majus
901 4375 1039 4446 quid
1057 4375 1277 4429 dicam:
1306 4375 1461 4429 Sicut
1485 4375 1626 4427 oculi
1652 4374 1880 4442 ancilla),

280 4483 407 4537 qua:
435 4466 621 4536 magis
651 4469 738 4519 est
784 4464 1012 4519 subdita
1037 4467 1094 4517 et
1124 4464 1198 4518 ad
1233 4462 1623 4517 obedientium
1657 4467 1879 4533 parata,

280 4555 414 4606 sunt
439 4554 604 4623 positi
636 4557 693 4607 in
722 4552 969 4608 manibus
999 4552 1222 4605 domina:
1264 4569 1396 4621 suae,
1429 4552 1791 4606 attendentes
1822 4556 1884 4606 ut

281 4641 354 4695 ad
379 4643 565 4696 solum
588 4646 792 4696 nutum
820 4646 1092 4713 sequatur
1111 4641 1459 4707 obedientia,
1475 4643 1549 4694 ita
1563 4642 1704 4694 oculi
1716 4642 1885 4695 nostri

280 4728 585 4784 interiores
605 4731 808 4784 attenti
837 4734 970 4784 sunt
994 4728 1066 4783 ad
1084 4729 1375 4782 Dominum
1411 4729 1587 4783 Deum
1618 4737 1877 4797 nostrum,

283 4819 345 4869 ut
364 4816 417 4869 ei
443 4816 502 4870 in
525 4818 791 4871 omnibus
816 4818 939 4887 ejus
965 4818 1353 4872 voluntatibus
1384 4818 1740 4885 obediamus,
1775 4819 1879 4872 du-

280 4904 460 4958 raturi
491 4904 551 4958 in
598 4906 703 4959 hac
750 4906 1019 4959 servitute
1045 4905 1205 4959 donec
1258 4909 1570 4961 misereatur
1598 4911 1785 4977 nostri,
1818 4911 1877 4965 in

279 4993 472 5048 futuro
491 4993 771 5048 reducens
786 4993 842 5047 in
864 4994 1367 5050 immortalitatem
1383 4996 1878 5067 etimpassibilita-

278 5086 421 5149 tem,
451 5085 508 5136 et
537 5082 607 5136 de
641 5082 745 5136 hac
774 5083 1042 5137 servitute
1077 5082 1345 5153 eripiens.
1381 5083 1518 5138 Orat
1549 5089 1740 5139 autem
1774 5103 1878 5157 pro

274 5171 383 5227 hac
406 5171 776 5225 miseratione
793 5171 871 5225 sic
892 5188 904 5226 :
927 5172 1062 5225 Dico
1085 5171 1246 5224 donec
1268 5173 1580 5225 misereatur
1600 5177 1789 5241 nostri,
1824 5180 1883 5230 et

276 5260 414 5331 quia
433 5260 664 5315 conﬁdo
696 5265 750 5315 te
785 5261 1177 5328 miserturum,
1205 5277 1309 5316 oro
1337 5264 1583 5316 miserere
1606 5268 1804 5332 nostri;
1822 5265 1880 5321 in

275 5347 471 5403 futuro
502 5348 741 5402 tandem
772 5349 842 5402 de
868 5350 1136 5403 servitute
1160 5350 1266 5404 hac
1286 5350 1558 5422 eripiens,
1587 5356 1645 5406 et
1672 5352 1727 5407 in
1760 5371 1885 5425 pcr-

276 5436 493 5492 fectum
518 5440 732 5491 statum
759 5454 865 5492 nos
889 5436 1189 5492 reducens.
1212 5438 1464 5495 Miserere
1488 5443 1683 5511 nostri,
1704 5443 1791 5497 bis
1815 5461 1882 5499 ex

274 5525 456 5587 nimio
484 5524 770 5582 desiderio
798 5527 983 5598 ponit.
1020 5526 1153 5583 Dico
1184 5531 1425 5584 miserere
1454 5535 1639 5601 nostri,
1688 5537 1745 5590 et
1774 5551 1874 5589 ne-

606 5627 839 5685 Ριιτιιοι.
886 5625 1039 5687 CLII.

1982 4373 2120 4441 viso,
2152 4356 2337 4442 519
2374 4375 2434 4425 ut
2465 4388 2581 4426 non
2614 4373 2761 4423 esset
2790 4370 2953 4423 nobis
2980 4371 3242 4440 potentia
3272 4356 3578 4436 evadendi.

1983 4462 2136 4516 Licet
2160 4462 2406 4515 scientes
2430 4458 2870 4530 deglutiremur,
2904 4459 2989 4510 vel
3029 4460 3190 4528 forte,
3224 4461 3282 4516 id
3313 4468 3399 4519 est
3434 4467 3583 4525 sicut

1981 4550 2113 4603 facti
2136 4550 2441 4602 fuissemus
2456 4547 2670 4615 absque
2688 4545 2935 4600 ratione.
2962 4546 3029 4599 Et
3051 4550 3157 4601 nisi
3177 4554 3304 4621 quia
3320 4553 3582 4611 Dominus

1980 4647 2093 4693 erat
2123 4641 2177 4691 in
2203 4636 2372 4696 nobis,
2406 4651 2524 4687 cum
2553 4636 2862 4686 irasceretur
2880 4634 3039 4702 furor
3084 4654 3265 4693 eorum
3292 4645 3349 4696 in
3380 4662 3493 4712 nos,
3523 4647 3579 4701 id

1981 4731 2065 4781 est
2091 4742 2221 4779 cum
2252 4724 2603 4778 detractores
2628 4726 2683 4775 et
2705 4722 2966 4777 maledici
2989 4724 3243 4781 furentes
3261 4728 3577 4787 irasceren-

1978 4819 2073 4869 tur
2092 4816 2293 4869 contra
2324 4828 2447 4878 nos,
2476 4814 2534 4865 et
2556 4810 3007 4868 detractionibus
3038 4820 3096 4869 et
3128 4818 3426 4873 maledicis
3451 4838 3575 4875 ver-

1980 4905 2086 4971 bis,
2108 4921 2247 4974 aqua
2277 4901 2623 4955 absorbuisset
2650 4916 2767 4966 nos,
2815 4901 2872 4955 id
2902 4906 2989 4955 est
3023 4903 3126 4973 ipsi
3163 4905 3474 4963 existentes
3504 4912 3578 4965 si-

1981 4995 2145 5050 miles
2175 5007 2337 5063 aqum
2369 4990 2688 5045 diflluendo
2721 4990 2829 5043 bac
2860 4993 2918 5043 et
2946 4990 3074 5044 illac
3112 5010 3215 5064 per
3247 4995 3460 5061 illicita,
3493 5004 3580 5057 vel

1980 5084 2037 5138 in
2070 5084 2176 5136 hoc
2206 5080 2361 5151 quod
2388 5095 2482 5132 me
2514 5079 2852 5133 nitebantur
2880 5078 3282 5152 submergere,
3315 5090 3378 5140 ut
3407 5104 3578 5160 aqua,

1981 5169 2409 5228 absorbuissent
2430 5183 2551 5231 nos,
2570 5166 2626 5219 id
2646 5171 2729 5219 est
2748 5166 3212 5238 incorporassent
3230 5173 3364 5241 sibi;
3386 5180 3445 5230 et
3475 5180 3583 5235 hoc

1980 5263 2228 5332 forsitan.
2258 5256 2411 5310 Istud
2436 5255 2665 5324 forsitan
2690 5256 2802 5309 tale
2830 5259 2916 5309 est
2945 5257 3113 5327 quale
3138 5261 3396 5331 superius
3420 5266 3581 5336 forte.

1981 5351 2029 5404 Α
2044 5348 2407 5410 bsorbuissent,
2444 5342 2706 5413 inquam,
2748 5360 2860 5411 nos,
2883 5346 2989 5398 nisi
3015 5348 3143 5417 quia
3171 5349 3442 5409 Dominus
3471 5365 3586 5411 erat

1984 5442 2039 5495 in
2063 5438 2228 5493 nobis.
2263 5435 2548 5489 CIElCI‘lllll
2586 5432 2719 5504 quia
2737 5433 2799 5488 in
2819 5434 2966 5488 nobis
2990 5435 3099 5490 fuit
3116 5445 3490 5513 pertransivit,
3523 5446 3583 5503 id

1984 5533 2069 5587 est
2097 5525 2271 5585 evasit
2296 5526 2478 5579 animo
2512 5530 2691 5579 nostra
2723 5530 3027 5598 torrentem,
3078 5526 3136 5584 id
3167 5533 3254 5586 est
3294 5546 3494 5592 amara
3528 5540 3593 5607 et.

3268 5632 3343 5696 42
