3966 6034
487 282 625 351 i323

1090 268 1128 342 s
1185 267 1534 341 BRUNONIS
1570 256 2205 337 CARTHUSIANDRUK
2240 268 2710 331 msrnuroms
2742 269 2903 332 ore.
2944 254 3180 333 tumst

3664 272 3802 330 i325

484 407 832 471 detractoria
844 421 1048 465 eorum
1064 405 1238 464 verba
1251 406 1323 462 ad
1340 401 1779 461 similitudinem
1791 397 2085 467 torrentis,
2115 403 2171 462 Α
2196 396 2349 452 dixi:
2380 397 2507 453 Nisi
2516 398 2641 469 quia
2664 396 2929 454 Dominus
2952 405 3069 454 erat
3092 400 3153 455 in
3172 397 3349 465 nobis,
3375 395 3473 453 sed
3509 395 3697 453 etiam
3732 399 3803 451 al-

484 501 851 573 cumimpetu
876 493 1133 563 ﬂuentia,
1155 511 1228 550 ne
1255 511 1360 550 nos
1386 507 1651 549 revocare
1673 492 1925 563 possent.
1950 486 2087 543 Dico

474 588 842 663 pertransivit,
873 584 1059 640 ethoc
1081 584 1315 654 forsitan
1341 580 1489 648 dico,
1520 579 1581 635 id
1630 582 1715 634 est
1750 576 1955 633 timide
1980 591 2086 648 pro

483 675 888 749 magnitudine
908 671 1147 745 periculi
1176 670 1237 725 in
1264 686 1377 742 quo
1404 668 1506 735 fui,
1541 670 1598 723 et
1628 665 1898 721 dubitans
1925 681 1997 718 an
2028 663 2086 717 in

483 765 742 839 quolibet
763 761 1129 818 oﬁ'enderim.
1152 761 1262 814 Per
1272 758 1380 812 hoc
1394 755 1625 811 instruit
1638 753 1930 809 auditores
1940 768 2090 807 sem-

480 870 588 928 per
608 851 840 907 timidos
859 866 980 905 esse
1000 849 1069 904 de
1088 863 1238 913 casu;
1260 849 1322 899 ut
1369 867 1397 896 ‹‹
1421 844 1517 917 qui
1543 845 1656 898 stat
1680 842 1871 897 videat
1896 858 1969 894 ne
2001 856 2089 894 ca-

482 943 583 997 dat
606 940 661 1013 (1
676 938 801 996 Cor.
825 956 881 1006 ι,
917 939 1027 1008 l2).
1056 957 1084 986 »
1132 958 1159 986 ‹‹
1184 937 1389 990 Beatus
1420 933 1580 987 enim
1605 932 1781 987 homo
1812 928 1910 1001 qui
1936 946 2085 983 sem-

480 1046 586 1105 per
608 1031 695 1085 est
723 1026 962 1100 pavidus
989 1025 1179 1087 (Prov.
1198 1038 1389 1091 xxvm,
1414 1022 1522 1092 14).
1560 1040 1588 1069 ››

552 1115 933 1181 Pertransivit,
974 1113 1237 1185 inquam,
1273 1112 1454 1165 anima
1486 1113 1668 1164 nostra
1695 1112 1997 1173 torrentem,
2028 1107 2087 1159 et

481 1206 707 1262 utinam
748 1203 938 1258 anima
968 1207 1149 1255 nostra
1176 1200 1577 1270 pertransisset,
1619 1196 1698 1251 sic
1746 1199 1809 1250 ut
1836 1196 1896 1250 in
1929 1195 2084 1249 nullo

482 1292 837 1360 offendisset,
862 1307 1061 1362 aquam
1078 1287 1489 1352 intolerabilem,
1514 1287 1796 1357 quantum
1824 1284 1897 1338 ad
1914 1283 2087 1354 fragi-

478 1382 705 1438 litatem
726 1381 1008 1444 nostram,
1032 1392 1151 1431 non
1178 1377 1461 1448 quantum
1478 1372 1551 1428 ad
1577 1371 1853 1428 auxilium
1885 1371 2085 1443 gratiae

454 1496 455 1499 η
481 1468 717 1526 divinae!
740 1467 963 1538 Aquam
993 1468 1051 1520 et
1071 1470 1348 1519 torrentem
1370 1478 1475 1535 pro
1502 1461 1710 1517 eodem
1737 1460 1931 1515 habet.
1949 1458 2084 1513 Per-

485 1559 751 1625 transivit,
796 1555 1057 1627 inquam,
1106 1555 1309 1619 animo,
1353 1551 1508 1605 unde
1560 1549 1877 1615 benedictus,
1912 1548 1971 1602 id
2001 1550 2087 1602 est

482 1645 887 1719 magniﬁcatus
906 1647 964 1699 et
989 1641 1255 1696 laudatus
1285 1640 1358 1694 sit
1387 1641 1673 1705 Dominus,
1696 1640 1792 1717 qui
1812 1654 1917 1691 non
1945 1636 2087 1690 dedit

2189 486 2303 541 tius
2334 486 2586 553 ascendi,
2636 490 2699 541 ut
2733 487 2791 541 in
2826 489 2946 543 solo
2990 488 3237 543 Domino
3285 486 3607 555 conﬁdam,
3641 486 3802 539 omni

2188 574 2444 629 smeulari
2472 575 2823 629 conﬁdentia
2848 579 3059 646 spreta.
3080 577 3328 648 Ideoque
3349 591 3447 631 vos
3468 574 3805 646 quicunque

2187 663 2356 717 Israel
2379 662 2535 730 estis,
2561 666 2618 717 et
2632 663 2758 734 jam
2783 664 2889 718 hos
2919 664 3174 736 quinque
3198 663 3410 735 gradus
3437 660 3800 725 ascendistis,

2189 751 2374 805 adhuc
2405 752 2572 806 altius
2603 752 2914 819 ascendite,
2949 756 3011 807 ut
3031 754 3091 807 in
3121 754 3242 808 solo
3270 751 3516 807 Domino
3543 750 3803 805 conﬁda-

2188 838 2279 905 tis,
2320 842 2378 893 et
2406 840 2516 894 hoc
2556 840 2709 894 bono
2741 844 2928 895 vestro
2959 841 3199 895 facietis.
3234 841 3486 912 Pepulus
3518 839 3682 892 enim
3711 842 3804 909 qui

2187 926 2408 999 conﬁdit
2436 931 2491 982 in
2521 929 2773 995 Domino,
3040 932 3097 984 et
3126 945 3243 983 non
3292 929 3350 982 in
3406 928 3798 989 saecularibus,

2188 1031 2296 1067 non
2317 1017 2730 1071 commovebitur
2742 1019 2796 1069 in
2817 1024 3097 1085 etei-num,
3112 1033 3146 1071 a
3172 1017 3467 1089 proposito
3489 1033 3595 1071 suo
3616 1017 3799 1079 bono,

2188 1119 2375 1174 neque
2403 1118 2505 1173 per
2522 1104 2986 1175 prosperitatem,
3002 1121 3188 1177 neque
3217 1121 3323 1176 per
3348 1104 3794 1159 tribulationum

2188 1190 2614 1259 adversitatem,
2645 1196 2783 1248 sicut
2818 1210 2968 1247 mons
2992 1192 3150 1260 Sion,
3191 1192 3252 1247 id
3282 1196 3369 1247 est
3393 1192 3672 1259 Christus,
3706 1209 3801 1245 su-

2188 1294 2293 1349 per
2304 1295 2475 1350 quem
2492 1284 2756 1335 montem
2775 1280 2914 1335 Sion
2927 1297 3134 1335 omnes
3147 1281 3459 1336 existentes
3475 1279 3803 1334 fundantur

2188 1369 2246 1420 et
2269 1366 2321 1420 ei
2350 1367 2698 1435 innituntur,
2732 1385 2849 1423 non
2876 1369 3065 1441 potuit
3093 1370 3286 1441 aliquo
3305 1369 3482 1424 modo
3512 1386 3547 1423 a
3574 1367 3799 1422 stabili-

2186 1457 2305 1510 tate
2332 1473 2432 1511 sua
2451 1458 2827 1513 commoveri.
2848 1459 3012 1523 Quod
3029 1462 3115 1513 est
3135 1459 3353 1513 dicere:
3379 1459 3664 1513 Constans
3690 1457 3799 1511 erit

2190 1546 2248 1599 et
2275 1544 2611 1613 immobilis,
2634 1547 2779 1601 sicut
2805 1547 3059 1602 Christus
3088 1547 3404 1602 immobilis
3419 1546 3658 1614 exstitit,
3676 1562 3799 1600 non

2187 1635 2252 1685 ut
2272 1635 2490 1687 tantam
2509 1634 2721 1689 habeat
2735 1634 3119 1690 constantiam
3134 1639 3413 1707 quantam
3428 1634 3690 1689 Christus
3700 1634 3803 1686 ha-

479 1707 849 1789 nosvdentibus
868 1748 1068 1797 eorum,
1100 1728 1159 1783 id
1190 1731 1277 1783 est
1325 1707 1748 1783 corrosionibus
1779 1724 2086 1780 detractio-
2114 1707 2165 1766 Β
2189 1718 2334 1785 buit,
2366 1721 2487 1786 sed,
2533 1720 2878 1792 inquantum
2904 1723 3170 1793 possibile
3197 1723 3302 1789 est,
3342 1723 3456 1776 erit
3482 1723 3532 1776 ei
3565 1723 3626 1775 in
3657 1738 3803 1776 con-

482 1837 627 1876 num
658 1824 718 1876 et
746 1820 1187 1875 maledictorum
1211 1832 1414 1872 eorum
1433 1818 1489 1870 in
1509 1817 1824 1886 captionem,
1846 1813 1904 1867 id
1923 1815 2008 1867 est
2028 1811 2088 1866 in

482 1907 1036 1982 incorporationem,
1050 1905 1263 1960 scilicet
1279 1920 1393 1958 non
1413 1902 1675 1974 permisit
1689 1905 1753 1956 ut
1777 1900 2086 1956 nosincor-

482 2013 692 2072 porare
722 1995 830 2051 sibi
858 1997 1093 2067 possent
1120 2009 1223 2065 per
1275 1991 1750 2072 detractiones_et
1777 1989 2089 2072 maledicta

484 2068 606 2134 sua.
621 2078 745 2133 Non
757 2077 945 2130 solum
968 2078 1163 2129 autem
1178 2072 1390 2127 liberati
1404 2088 1584 2125 sumus
1605 2087 1639 2125 a
1656 2070 1952 2137 dentibus;
1988 2068 2089 2122 sed

485 2167 664 2224 etiam
689 2166 874 2220 anima
903 2169 1082 2217 nostra
1112 2160 1357 2216 existens
1385 2163 1574 2225 cauta,
1602 2160 1739 2212 sicut
1758 2174 1962 2228 passer,
1991 2157 2090 2229 qui

486 2257 687 2311 cautus
705 2255 792 2308 est
818 2252 892 2307 ad
918 2253 1153 2324 laqueos
1176 2247 1495 2315 evitandus,
1517 2252 1692 2318 erepta
1712 2253 1785 2301 est
1813 2246 1877 2299 de
1907 2246 2088 2317 laqueo

484 2345 816 2408 venantium,
832 2340 892 2396 id
906 2344 992 2396 est
1008 2340 1078 2395 de
1101 2335 1443 2409 deceptoriis
1458 2335 1753 2391 blanditiis
1764 2335 2091 2390 mundano-

486 2445 642 2496 rum,
674 2444 779 2499 per
798 2444 939 2499 quas
966 2444 1062 2482 me
1073 2426 1179 2481 sibi
1192 2441 1398 2498 capere
1423 2424 1757 2479 nitebantur
1776 2428 1835 2478 et
1858 2423 2088 2479 confor-

487 2532 674 2584 mare,
693 2516 837 2571 sicut
857 2518 1131 2570 venantes
1149 2513 1457 2585 decepiunt
1472 2513 1679 2584 laqueo
1706 2513 1859 2568 feras
1874 2514 1973 2567 aut
1993 2530 2089 2567 vo-

487 2605 692 2661 lucres.
726 2606 795 2660 Et
823 2620 942 2659 non
992 2602 1071 2657 sic
1099 2605 1186 2657 est
1227 2604 1407 2657 anima
1438 2605 1612 2671 erepta
1643 2601 1799 2673 quod
1832 2617 2090 2672 unquam

485 2694 799 2765 illaqueata
818 2691 1014 2760 fuerit,
1043 2690 1144 2746 sed
1172 2690 1253 2745 ita
1278 2688 1436 2762 quod
1458 2689 1676 2760 laqueus
1694 2689 1791 2744 ille
1821 2689 2090 2743 contribus

483 2790 578 2852 est,
609 2782 672 2839 id
699 2786 786 2838 est
811 2781 1078 2837 inefﬁcax
1104 2779 1178 2834 ad
1209 2794 1313 2833 nos
1343 2778 1656 2849 capiendos
1684 2780 1742 2833 et
1770 2777 2088 2849 illaquean-

485 2872 610 2942 dos,
628 2888 664 2929 a
685 2870 1060 2927 similitudine
1080 2867 1316 2923 contriti
1340 2865 1552 2939 laquei,
1574 2866 1671 2938 qui
1695 2867 1984 2937 impotens
2005 2867 2091 2920 est

484 2961 560 3017 ad
585 2958 1045 3033 illaqueandum.
1069 2955 1144 3010 Et
1166 2955 1301 3028 quia
1329 2958 1586 3010 contritus
1619 2961 1713 3021 est,
1747 2970 1840 3007 nos
1882 2953 2093 3008 liberati

2192 1807 2402 1861 stantia
2413 1809 2745 1863 conformis.
2762 1811 3057 1864 Determin
3066 1815 3123 1864 at
3137 1814 3332 1865 autem
3345 1811 3531 1881 quisit
3549 1811 3803 1881 populus

2190 1894 2249 1948 in
2264 1895 2511 1950 Domino
2526 1898 2845 1965 conﬁdens,
2870 1916 2942 1953 ne
2957 1900 3082 1971 quis
3100 1915 3158 1954 se
3176 1902 3396 1953 temere
3408 1898 3633 1969 Judicet
3648 1898 3802 1952 hanc

2189 1983 2603 2039 conﬁdentiam
2624 1986 2859 2055 habere,
2877 2004 3007 2041 cum
3036 2005 3103 2041 ea
3141 1992 3356 2053 careat,
3376 1988 3455 2041 sic
3482 2002 3496 2041 :
3521 1987 3802 2057 Populus,

2189 2071 2452 2144 inquam,
2471 2074 2567 2144 qui
2584 2075 2822 2129 conﬁdit
2841 2093 2947 2129 non
2966 2077 3403 2142 commovebitur,
3422 2081 3482 2130 et
3502 2076 3654 2129 hanc
3675 2092 3803 2129 esse

2190 2161 2581 2217 conﬁdentem
2611 2163 2839 2218 afﬁrmo
2860 2168 2956 2235 qui
2962 2166 3085 2234 jam
3111 2181 3209 2235 spe
3238 2169 3295 2219 et
3314 2165 3483 2220 bonae
3511 2165 3645 2219 vita:
3664 2180 3805 2219 con-

2188 2250 2511 2305 versatione
2525 2252 2730 2306 habitat
2758 2255 2813 2305 in
2828 2252 3174 2308 Hierusalem
3194 2254 3429 2309 caelesti.
3463 2253 3628 2308 Unde
3660 2253 3805 2307 dicit

2188 2338 2494 2408 Apostolus
2520 2356 2532 2393 :
2572 2361 2600 2390 «
2630 2341 2833 2396 Nostra
2862 2343 3216 2397 conversatio
3248 2343 3306 2397 in
3338 2342 3491 2397 caelis
3520 2344 3607 2396 est
3622 2341 3798 2413 (PliiI.

2193 2442 2278 2492 ιιι,
2298 2427 2410 2499 20).
2440 2448 2468 2477 »
2505 2429 2574 2481 Et
2602 2428 2732 2483 ideo
2762 2432 3007 2501 populus
3038 2431 3337 2485 conﬁdens
3368 2448 3475 2484 non
3500 2447 3799 2484 commore-

2195 2515 2356 2582 bitur,
2390 2515 2524 2586 quia
2552 2523 2751 2570 montes
2774 2521 2906 2571 sunt
2931 2520 2989 2573 in
3017 2520 3244 2572 circuitu
3280 2519 3419 2590 ejus,
3451 2519 3511 2573 id
3540 2521 3627 2573 est
3657 2534 3798 2589 apo-

2193 2604 2323 2658 stoli
2357 2608 2413 2658 et
2441 2605 2635 2658 caeteri
2661 2605 2862 2672 sancti,
2880 2605 2977 2677 qui
2997 2607 3127 2677 jam
3158 2607 3229 2661 de
3257 2608 3366 2662 hac
3392 2608 3509 2661 vita
3522 2607 3793 2661 discesse-

2190 2695 2348 2759 runt,
2363 2692 2499 2745 dicti
2514 2696 2742 2747 montes
2755 2698 2992 2765 propter
3001 2695 3319 2749 sanctitatis
3334 2712 3451 2749 sua:
3478 2694 3798 2748 sublimita-

2190 2783 2332 2849 tem,
2351 2783 2560 2834 suntin
2586 2783 2815 2836 circuitu
2838 2782 2973 2851 eius,
2996 2782 3057 2837 id
3082 2786 3168 2837 est
3196 2783 3254 2837 in
3293 2783 3621 2837 munitione
3650 2782 3792 2852 ejus,

2190 2870 2550 2941 protegendo
2567 2886 2702 2924 eum
2725 2870 2945 2924 meritis
2964 2873 3022 2925 et
3046 2871 3406 2926 orationibus
3417 2871 3531 2926 suis
3556 2888 3593 2925 a
3617 2871 3797 2925 laesio-

2191 2956 2358 3011 nibus
2386 2958 2639 3013 hostium
2669 2958 2973 3013 visibilium
2996 2962 3053 3013 et
3073 2959 3465 3029 invisibilium,
3485 2961 3797 3015 asimilitu-

481 3066 666 3105 sumus
685 3048 844 3116 inde,
862 3064 936 3102 ne
952 3048 1145 3118 posset
1173 3060 1279 3099 nos
1301 3043 1585 3116 decipere.
1610 3043 1678 3097 Et
1699 3043 1811 3096 hoc
1836 3058 1956 3096 non
1981 3041 2091 3096 fuit
2127 3041 2160 3044 ’⁷
2193 3044 2327 3098 dine
2367 3046 2861 3116 patrocinantium
2914 3048 3186 3115 militum,
3215 3050 3312 3120 qui
3342 3049 3403 3103 in
3434 3050 3678 3103 circuitu
3708 3066 3798 3103 cu-

483 3154 553 3194 ex
582 3136 769 3200 nobis,
796 3135 898 3191 sed
948 3135 1059 3189 hoc
1109 3131 1440 3203 adjutorium
1468 3138 1706 3185 nostrum
1762 3129 2006 3202 contigit
2035 3133 2090 3184 in
2183 3132 2422 3203 juslibet
2463 3133 2768 3190 existentes
2819 3152 2954 3191 eum
3012 3137 3085 3190 ab
3139 3137 3397 3192 hostibus
3446 3136 3797 3192 instantibus

481 3227 694 3280 nomine
712 3224 953 3291 Domini,
978 3222 1038 3277 id
1054 3224 1142 3276 est
1161 3236 1267 3291 per
1287 3221 1575 3276 honorem
1589 3219 1836 3285 Domini,
1854 3218 2085 3286 scilicet,
2188 3223 2522 3292 protegunt.
2866 3210 2867 3213 “

484 3329 590 3385 per
619 3310 1078 3368 misericordiam
1098 3308 1362 3375 Domini;
1390 3307 1647 3363 contuitu
1680 3306 1835 3361 enim
1866 3306 2088 3362 miseri-
2260 3308 2336 3362 Et
2349 3310 2523 3365 etiam
2541 3309 2903 3367 Dominusest
2925 3314 2979 3366 in
3000 3315 3229 3370 circuitu
3244 3314 3440 3385 populi
3466 3316 3574 3381 sui,
3609 3318 3803 3386 prote-

484 3399 699 3456 csrdim
721 3415 836 3454 suae
859 3397 979 3469 ipse
1006 3414 1041 3452 a
1064 3395 1326 3451 ﬁdelibus
1346 3397 1696 3463 honoratur;
1721 3394 1967 3467 ideoque
1992 3396 2091 3450 ho-
2193 3396 2385 3469 gendo
2419 3414 2553 3453 eum
2586 3400 2791 3455 auxilio
2824 3401 3025 3471 gratim
3080 3419 3217 3467 suae,
3248 3419 3312 3456 ex
3337 3403 3435 3456 hoc
3481 3420 3626 3456 nunc
3655 3403 3801 3457 inci-

486 3503 602 3544 nor
628 3486 752 3558 ejus
780 3484 1005 3541 dicitur.
1036 3484 1260 3539 Nomen
1292 3500 1427 3539 vero
1458 3499 1564 3554 pro
1594 3483 1819 3539 honore
1841 3483 2090 3554 positum
2195 3485 2429 3556 piendo,
2463 3490 2521 3541 et
2567 3506 2730 3560 usque
2783 3490 2841 3542 in
2867 3490 3113 3547 saeculum
3155 3490 3545 3561 perdurando,
3581 3496 3642 3545 et
3669 3508 3801 3546 vere

487 3575 694 3649 saepius
714 3573 1023 3641 invenitur,
1051 3572 1206 3645 quod
1237 3574 1323 3628 est
1345 3573 1569 3628 dicere:
1602 3571 1747 3636 Quia
1766 3571 1977 3628 liberati
2003 3588 2095 3625 su-

487 3681 629 3733 mus,
652 3679 760 3736 per
773 3661 1108 3734 adjutorium
1137 3659 1550 3717 misericordia:
1568 3660 1800 3715 Domini
1826 3660 2089 3732 contigit,

488 3754 579 3809 vel
607 3752 685 3808 sic
736 3768 750 3807 :
804 3751 1159 3824 Adjutorium
1214 3756 1454 3805 nostrum
1502 3748 1745 3820 contigit
1795 3750 1852 3803 in
1886 3751 2095 3803 nomine

486 3842 736 3911 Domini,
787 3841 847 3897 id
878 3845 962 3897 est
992 3840 1051 3895 in
1082 3839 1385 3895 occasione
1432 3836 1670 3893 honoris
1703 3837 1959 3906 Domini;
1988 3837 2094 3892 sci-

489 3931 771 3988 licetideo
796 3928 978 4001 adjuti
1002 3945 1218 3996 sumus,
1245 3927 1380 3999 quia
1404 3926 1715 3982 Dominum
1738 3926 1897 3981 omni
1921 3926 2096 3981 modo

488 4020 782 4075 honorare
803 4016 1136 4087 sategimus.
1164 4017 1387 4071 Domini
1409 4015 1535 4070 dico
1566 4016 1661 4087 qui
1681 4015 1811 4084 fecit
1838 4015 2019 4069 caelum
2047 4021 2097 4069 et

490 4112 712 4173 terram,
726 4104 785 4159 id
807 4106 891 4159 est
907 4104 1175 4174 prmlatos
1196 4107 1255 4159 et
1268 4102 1545 4158 subditos.
1563 4104 1631 4156 Et
1641 4103 1919 4174 quoniam
1949 4104 2093 4160 adeo

490 4196 699 4268 potens
724 4194 811 4248 est
827 4191 983 4264 quod
1005 4189 1195 4246 caelum
1224 4197 1275 4244 et
1301 4197 1496 4244 terram
1536 4191 1686 4261 fecit,
1718 4191 1791 4246 ad
1818 4191 2092 4263 adjuvan-

491 4283 632 4339 dum
663 4298 769 4338 nos
794 4282 1000 4354 potens
1028 4295 1149 4334 esse
1178 4277 1611 4351 comprobatur.

950 4369 1019 4424 IN
1058 4366 1384 4423 PSALMUM
1414 4366 1627 4420 CXXIV.
1648 4399 1653 4403 «

559 4458 769 4515 Psalmi
790 4457 1091 4514 centesimi
1108 4455 1360 4512 vicesimi
1378 4455 1567 4529 quarti
1584 4454 2091 4512 titulus.Canticum

485 4547 775 4619 graduum.
802 4547 993 4602 Gradu
1040 4545 1241 4619 quinto
1299 4546 1673 4618 pertractate,
1705 4544 1835 4608 hoc,
1880 4546 2091 4601 scilicet

488 4640 553 4692 ut
577 4652 816 4691 omnem
838 4635 1223 4691 constantiam
1248 4649 1411 4687 suam
1443 4649 1561 4688 non
1590 4632 1695 4687 sibi
1721 4632 1820 4688 sed
1840 4633 2088 4689 Domino

488 4724 864 4792 ascriberent,
894 4722 965 4778 de
1006 4723 1163 4776 sexto
1195 4720 1405 4792 agitur,
1437 4720 1651 4775 scilicet
1681 4724 1989 4793 postquam
2016 4721 2091 4777 ad

485 4816 598 4872 hoc
621 4812 960 4870 constantiae
989 4809 1312 4873 devenitur,
1341 4812 1404 4864 ut
1418 4809 1673 4865 revocari
1701 4815 1993 4882 nequeant
2016 4811 2090 4866 ab

487 4903 839 4970 attentione;
867 4904 925 4957 et
947 4901 1057 4956 hoc
1083 4915 1200 4955 non
1233 4898 1341 4953 sibi
1374 4897 1475 4953 sed
1500 4899 1747 4953 Domino
1774 4899 2087 4964 ascribunt,

486 4993 702 5049 debent
730 4991 904 5047 etiam
933 4988 1007 5044 ad
1030 4989 1139 5045 hoc
1168 4987 1479 5043 ascendere
1511 4990 1574 5041 ut
1601 4987 1660 5040 in
1687 4988 1808 5042 solo
1842 4987 2087 5043 Domino

482 5079 799 5146 ‘conﬁdant,
818 5077 979 5133 omni
1010 5076 1266 5131 saeculari
1285 5074 1637 5130 conﬁdentia
1659 5075 2087 5146 postposita.Ad

481 5184 660 5243 quam
674 5165 1083 5223 conﬁdentiam
1097 5163 1337 5236 perfecti
1361 5163 1458 5234 qui
1481 5163 1572 5217 hic
1598 5165 1781 5234 agunt
1793 5163 2087 5219 auditores

480 5257 753 5324 invitant,
770 5252 1132 5310 ostendendo
1154 5252 1295 5326 quid
1309 5251 1568 5307 utilitatis
1584 5268 1649 5306 ex
1672 5252 1778 5306 hac
1797 5252 2087 5307 conﬁden-

482 5345 564 5400 tia
592 5342 912 5414 contingat.

556 5432 665 5499 Ωιιὶ
689 5430 963 5501 conﬁdunt
991 5431 1046 5485 in
1084 5429 1342 5499 Domino,
1371 5432 1507 5499 etc.;
1543 5447 1608 5486 ac
1633 5430 1677 5486 si
1711 5430 1865 5487 dicat
1900 5446 1912 5486 :
1954 5432 2078 5487 Non

454 5522 668 5590 solum
719 5519 894 5581 oculos
923 5536 1061 5579 meos
1090 5520 1164 5579 ad
1192 5522 1375 5578 Deum
1430 5520 1623 5595 levavi,
1655 5524 1713 5577 et
1741 5536 1858 5579 non
1891 5523 2079 5581 solum

2194 3589 2303 3628 non
2332 3576 2762 3644 commovebitur,
2790 3580 2940 3649 quia,
2969 3578 3072 3632 etsi
3123 3579 3198 3633 ad
3239 3579 3448 3634 horam
3498 3579 3801 3649 permittat

2194 3663 2475 3719 Dominus
2485 3666 2989 3737 peccatoresjustis
3001 3666 3289 3722 dominari
3302 3671 3360 3721 et
3373 3683 3471 3723 eos
3483 3668 3799 3740 ﬂagellare,

2196 3754 2397 3806 tamen
2450 3769 2555 3806 non
2606 3754 2865 3825 relinquet
2894 3754 2993 3809 diu
3045 3753 3314 3811 Dominus
3340 3759 3578 3826 virgam,
3622 3757 3684 3811 id
3723 3761 3801 3811 est

2198 3840 2650 3911 ﬂagellationem
2678 3844 2763 3896 vel
2799 3842 3261 3899 dominationem
3281 3852 3627 3915 peccatorum
3650 3862 3804 3916 super

2197 3933 2412 3995 sortem,
2431 3927 2489 3982 id
2513 3931 2598 3983 est
2624 3946 2799 4001 super
2819 3930 3163 3986 electionem
3178 3933 3475 4003 justorum,
3507 3932 3567 3987 id
3595 3936 3683 3987 est
3713 3950 3800 3988 su-

2193 4031 2298 4086 per
2320 4015 2507 4086 justos
2537 4018 2748 4072 electos
2764 4018 2838 4072 ad
2862 4019 3262 4088 salvationem,
3281 4020 3412 4076 ideo
3441 4029 3501 4076 ut
3525 4022 3641 4092 ipsi
3664 4024 3799 4093 justi

2196 4121 2303 4157 non
2330 4105 2614 4159 extendant
2652 4124 2842 4160 manus
2883 4124 3025 4175 suas,
3058 4108 3118 4162 id
3150 4112 3235 4163 est
3268 4126 3385 4164 non
3415 4116 3802 4180 promoveant

2197 4192 2527 4248 aﬁ’ectiones
2556 4211 2685 4249 suas
2705 4195 2775 4249 ad
2794 4198 3158 4268 iniquitatem;
3185 4214 3251 4252 ac
3269 4198 3315 4253 si
3334 4198 3488 4253 dicat
3512 4216 3525 4253 :
3560 4199 3622 4254 Si
3652 4203 3800 4256 ultra

2114 4257 2168 4316 D
2192 4282 2432 4336 modum
2452 4282 2709 4353 patiendi
2740 4257 3105 4355 permitteret
3119 4257 3267 4342 Deus
3282 4290 3801 4361 peccatoresjustis

2191 4370 2504 4439 dominari,
2538 4375 2597 4426 et
2649 4389 2744 4427 eos
2781 4374 3247 4430 tribulationibus
3277 4377 3561 4448 afﬂigere,
3598 4379 3798 4452 utique

2191 4464 2719 4530 commoverentur,
2749 4465 2808 4516 et
2837 4464 2910 4518 ad
2963 4464 3331 4536 iniquitatem
3384 4483 3805 4538 promoveren-

2190 4550 2302 4602 tur.
2334 4549 2405 4603 Ut
2425 4565 2565 4621 ergo
2597 4568 2713 4606 non
2738 4552 3103 4608 solummodo
3127 4570 3244 4609 non
3276 4556 3428 4610 male
3455 4564 3798 4629 Operentur,

2189 4637 2291 4692 sed
2305 4653 2409 4691 nec
2426 4638 2602 4693 etiam
2621 4654 2824 4695 eorum
2846 4640 3177 4698 affectiones
3207 4644 3281 4698 ad
3306 4644 3672 4716 iniquitatem
3705 4667 3803 4704 ex-

2190 4724 2523 4795 tendantur,
2544 4731 2773 4783 contem
2780 4733 2947 4800 perat
2967 4733 3114 4786 Deus
3134 4732 3533 4790 tribulationes
3564 4737 3641 4790 ad
3672 4755 3801 4794 mo-

2191 4810 2327 4871 dum
2342 4813 2633 4883 patientiae
2646 4816 2995 4888 ipsorum,ut
3007 4836 3123 4874 non
3136 4821 3436 4890 permittat
3447 4822 3803 4895 ipsospecca-

2191 4901 2348 4954 tores
2370 4901 2451 4955 eis
2476 4903 2626 4958 ultra
2652 4906 2893 4961 modum
2915 4907 3226 4975 dominari,
3249 4912 3307 4964 et
3331 4910 3799 4969 tribulationibus

2191 5003 2289 5041 eos
2318 4990 2599 5062 afﬂigere.
2635 4994 2797 5049 Unde
2828 4996 3133 5066 Apostolus
3160 5014 3172 5052 :
3206 5019 3234 5046 u
3257 4998 3381 5053 Non
3412 4999 3674 5071 patietur
3705 5020 3798 5058 vos

2187 5077 2399 5131 tentari
2418 5095 2589 5151 supra
2609 5080 2667 5135 id
2695 5083 2849 5153 quod
2880 5084 3121 5153 potestis
3142 5084 3198 5146 (Ι
3214 5084 3341 5142 Cor.
3362 5105 3414 5155 x,
3454 5090 3560 5159 i3).
3596 5112 3627 5138 »
3663 5091 3799 5146 Orat

2189 5166 2386 5219 autem
2409 5166 2479 5220 de
2493 5168 2603 5223 hoc
2620 5170 2775 5241 quod
2793 5171 3131 5240 enuntiavit,
3158 5172 3234 5227 sic
3257 5192 3270 5229 :
3305 5175 3447 5241 Dixi,
3470 5193 3503 5230 o
3525 5178 3795 5246 Domine,

2188 5253 2342 5321 quod
2370 5271 2486 5310 non
2508 5258 2800 5330 relinques
2828 5262 3038 5329 cirgam
3050 5270 3401 5332 peccatorum
3412 5280 3570 5335 super
3585 5267 3797 5323 electos

2177 5338 2387 5409 justos,
2403 5346 2460 5397 et
2474 5344 2551 5399 ita
2573 5346 2664 5415 sit,
2680 5364 2710 5400 ο
2730 5348 2978 5415 Domine,
3003 5348 3218 5420 bene/ac
3233 5350 3377 5405 bonis
3388 5358 3436 5405 et
3448 5356 3607 5409 rectis
3618 5357 3792 5424 corde,

2190 5429 2506 5488 auferendo
2533 5434 2605 5489 ab
2635 5435 2718 5490 eis
2745 5436 2966 5509 virgam
2997 5443 3385 5509 peccatorum.
3408 5441 3603 5497 Bonos
3631 5450 3796 5500 vocat

2192 5519 2340 5576 bene
2354 5526 2681 5600 operantcs,
2697 5529 2882 5584 rectos
2902 5526 3075 5586 corde
3091 5544 3248 5600 vero,
3263 5545 3361 5584 eos
3378 5530 3476 5605 qui
3492 5546 3629 5591 cum
3645 5532 3797 5599 bene
