3966 6034
100 418 236 474 1323

1058 409 1413 471 EXPOSITIO
1451 409 1520 469 IN
1557 405 1895 468 PSALMOS.
1930 442 1999 453 —
2027 406 2223 468 PSAL.
2270 406 2439 469 CXXV

3266 411 3404 473 l326

98 536 324 606 operari
338 538 647 608 nequeant,
669 534 872 590 saltem
886 534 1034 588 bene
1052 534 1331 605 operandi
1347 536 1699 589 voluntatem
1726 535 1783 593 Α
1803 549 1981 587 sumus
2008 536 2145 589 sicut
2173 532 2445 587 consolati.
2484 533 2698 587 ldcirco
2744 545 2880 588 vero
2908 532 3057 590 istud
3100 532 3289 592 facere
3320 536 3404 591 vi-

95 625 333 680 habent.
364 625 592 681 Sortem
624 640 729 697 pro
758 623 1038 678 electione
1065 623 1251 694 ponit,
1285 640 1353 679 eo
1386 623 1700 694 quodforte

97 712 198 766 ﬁat
213 714 413 768 electio
434 731 447 780 ;
465 713 691 784 virgam
712 728 844 767 vero
859 753 872 779 ,
908 728 1015 783 pro
1038 712 1451 783 ﬂagellatione,
1478 711 1613 783 quia
1641 710 1699 765 in

98 818 167 855 ea
196 801 540 872 ﬂagelletur,
556 801 670 855 sive
688 818 793 873 per
811 798 1035 870 virgam
1052 803 1345 870 sceptrum
1368 800 1698 870 accipimus;

97 905 203 961 per
234 894 523 961 sceptrum
552 895 769 957 autem,
796 906 1065 962 regnum,
1085 906 1152 944 co
1180 889 1335 961 quod
1357 888 1521 959 regni
1540 887 1613 943 sit
1626 888 1700 941 si-

96 993 302 1047 gnum.
322 978 488 1042 Quod
506 996 576 1033 ex
600 978 875 1032 Hebraica
890 977 1272 1032 translatione
1289 976 1415 1031 colli
1423 975 1701 1047 gitur,ubi

94 1064 343 1119 habetur
355 1072 635 1135 sceptrum.
647 1065 906 1120 Ostendit
925 1068 1118 1120 autem
1134 1065 1567 1120 damnationem
1581 1064 1704 1119 illo-

94 1169 229 1207 rum
260 1154 357 1224 qui
385 1171 417 1209 a
443 1154 596 1209 bono
624 1154 917 1226 proposito
938 1155 1478 1219 commovebuntur,
1512 1157 1574 1206 ut
1600 1168 1703 1223 per

94 1241 207 1295 hoc
233 1243 305 1295 ab
336 1243 668 1313 hujusmodi
700 1258 762 1296 re
781 1243 1075 1297 deterreat
1101 1242 1412 1309 auditores,
1436 1242 1514 1296 sic
1531 1258 1543 1296 :
1562 1241 1699 1295 Dico

95 1329 253 1399 quod
279 1347 385 1384 non
403 1330 661 1402 relinquet
688 1330 953 1383 Dominus
981 1331 1196 1401 virgam
1216 1338 1574 1401 peccatorum,
1603 1331 1702 1385 diu

93 1434 253 1487 super
278 1418 486 1473 electos
512 1419 702 1488 justos
724 1436 738 1487 ;
763 1418 863 1473 sed
893 1418 966 1472 ab
989 1418 1070 1472 eis
1105 1418 1218 1473 cito
1254 1418 1477 1473 auferet
1515 1418 1702 1490 ipsam

93 1504 343 1577 virgam.
361 1506 699 1562 Declinantes
730 1511 929 1574 autem,
964 1507 1021 1561 id
1048 1510 1134 1561 est
1163 1506 1541 1562 deﬂectentes
1569 1523 1628 1561 se
1671 1524 1705 1561 a

88 1595 317 1666 justitia
336 1613 458 1663 sua,
487 1599 542 1650 in
573 1597 932 1666 obligationes,
966 1596 1024 1650 id
1048 1598 1133 1650 est
1161 1596 1549 1667 iniquitatem,
1577 1613 1704 1668 quae

97 1688 188 1739 est
210 1684 289 1739 eis
319 1685 592 1756 obligatio
625 1688 682 1739 et
709 1688 915 1739 catena
940 1684 1014 1739 ad
1035 1686 1309 1751 mortem,
1341 1683 1564 1738 adducet
1591 1683 1703 1737 Do-

95 1775 279 1827 minus
308 1773 367 1826 in
390 1773 582 1828 futuro
615 1773 672 1827 in
707 1772 1145 1828 damnationem
1157 1772 1311 1842 justo
1328 1771 1547 1842 judicio
1581 1788 1704 1839 suo,

97 1879 223 1915 cum
251 1862 591 1931 aperantibus
619 1860 1044 1932 iniquitatem,id
1063 1864 1148 1914 est
1161 1877 1292 1914 cum
1322 1860 1431 1914 illis
1457 1860 1555 1931 qui
1587 1877 1704 1927 eos,
1730 1844 1781 1904 Β

95 1949 319 2004 faciunt
335 1948 642 2004 declinare.
656 1950 901 2021 Ideoque
914 1966 1018 2021 per
1029 1948 1494 2004 antonomasiam
1513 1948 1709 2003 dicun-

96 2041 197 2092 tur
248 2042 556 2108 operantes
611 2038 1009 2109 iniquitatem,
1042 2038 1198 2109 quod
1251 2041 1336 2092 est
1366 2037 1559 2092 dicere
1596 2054 1609 2092 :
1643 2040 1706 2092 In

93 2126 370 2181 eamdem
385 2126 822 2181 damnationem
842 2126 1220 2192 adducentur,
1237 2125 1296 2179 in
1312 2141 1489 2197 quam
1516 2128 1574 2180 et
1594 2124 1705 2179 ini-

98 2214 222 2285 qui,
274 2214 479 2285 quibus
525 2215 984 2270 conformantur.
1038 2214 1198 2268 Unde
1237 2215 1547 2286 prOplieta:
1599 2212 1706 2268 «Si

44 2331 55 2340 -
96 2302 374 2356 averterit
401 2319 461 2356 se
484 2302 673 2372 justus
712 2319 745 2357 a
766 2303 993 2373 justitia
1031 2320 1155 2366 sua,
1191 2302 1456 2373 nunquid
1505 2301 1708 2356 vivet?

98 2389 282 2462 (Ezec.
318 2407 472 2457 xvm,
498 2392 610 2463 24.)
633 2410 663 2443 ››
693 2391 982 2455 Dominus,
1015 2390 1278 2462 inquam,
1309 2390 1533 2444 adducet
1551 2390 1711 2444 decli-

96 2482 287 2533 nantes
318 2480 390 2533 ad
445 2480 907 2534 damnationem.
966 2479 1236 2534 Dominus
1284 2479 1410 2534 dico
1464 2478 1560 2550 qui
1602 2478 1712 2533 erit

100 2567 279 2621 Israel
293 2585 408 2637 pax
449 2571 687 2636 aeterna,
718 2585 833 2638 pax
871 2567 997 2621 dico
1046 2568 1291 2622 existens
1333 2584 1488 2637 super
1519 2566 1708 2637 ipsum

98 2654 291 2720 Israel,
322 2655 432 2722 cui,
463 2655 675 2710 scilicet
704 2657 873 2710 Israel
919 2655 1170 2727 gratuita
1200 2655 1507 2710 dilectione
1533 2654 1706 2725 subji-

100 2745 307 2807 cietur,
340 2747 397 2797 et
421 2745 543 2798 sine
566 2744 677 2798 ﬁne
712 2744 1099 2798 confitebitur.

566 2833 633 2885 ΙΝ
676 2832 998 2887 PSALMUM
1041 2833 1229 2886 CXXV.

176 2920 385 2976 Psalmi
416 2921 711 2975 centesimi
742 2921 993 2975 vicesimi
1034 2920 1219 2991 quinti
1250 2919 1465 2973 titulus.
1515 2918 1707 2974 Canti-

98 3028 225 3064 cum
251 3010 539 3078 graduum.
575 3010 814 3064 Ostensa
830 3008 1203 3075 conﬁdentia,
1223 3024 1350 3079 quae
1373 3011 1560 3061 sextus
1576 3024 1706 3078 gra-

1803 621 1989 690 detur,
2006 626 2070 677 ut
2084 623 2290 677 innuat
2309 622 2446 694 quia
2468 624 2579 677 hoc
2594 622 2751 694 quod
2766 621 3081 697 incoeperat
3097 629 3154 679 et
3170 625 3402 694 dimitit,

1802 726 1869 764 ex
1896 711 2006 766 hoc
2036 711 2191 783 quod
2220 711 2280 765 in
2310 712 2678 783 sequentibus
2704 712 2956 783 ponitur,
2982 713 3215 769 evidens
3233 719 3319 770 est
3348 718 3408 774 et

1803 799 2197 855 manifestum.
2235 798 2400 863 Quod
2426 801 2623 867 etiam,
2644 802 2717 854 ob
2735 801 2844 854 hoc
2862 800 3101 855 dimittit
3114 802 3395 874 quoniam

1802 902 1920 941 non
1950 887 2158 943 attinet
2184 887 2256 943 ad
2280 904 2397 943 suae
2424 888 2785 959 propositum
2806 888 3165 945 intentionis.
3190 891 3285 946 Est
3310 907 3406 946 au-

1799 977 1918 1032 tem
1945 979 2303 1031 constructus
2323 976 2492 1047 hujus
2512 993 2703 1031 versus
2723 993 2887 1049 aeque
2908 979 3103 1033 valens
3120 995 3186 1033 ac
3204 978 3249 1034 si
3279 980 3407 1033 talis

1803 1064 2155 1120 constructio
2183 1067 2500 1135 poneretur
2528 1082 2540 1119 :
2566 1064 2611 1119 Ο
2632 1081 2728 1119 vos
2754 1066 2849 1137 qui
2864 1066 2988 1137 jam
3015 1067 3084 1121 ad
3114 1065 3408 1123 conﬁden-

1802 1153 1896 1208 tia:
1916 1155 2163 1224 gradum
2190 1155 2514 1225 ascenditis,
2538 1157 2801 1227 exemplo
2825 1160 3021 1211 nostro
3040 1157 3116 1212 ad
3141 1159 3249 1213 hoc
3272 1173 3403 1228 per-

1800 1242 2025 1314 tingere
2057 1242 2330 1311 nitimini,
2358 1247 2418 1298 ut
2447 1244 2740 1315 captivitas
2769 1248 2955 1299 vestra
2986 1245 3046 1299 in
3077 1245 3405 1302 libertatem

1803 1333 2239 1400 convertantur,
2266 1334 2324 1386 et
2346 1332 2424 1386 sic
2449 1332 2598 1386 ﬁatis
2628 1332 2907 1387 consolati
2940 1337 2997 1387 et
3022 1333 3139 1388 laeti
3172 1333 3317 1389 sicut
3345 1338 3403 1389 et

1804 1434 1929 1473 nos.
1954 1418 2098 1472 Nam
2125 1421 2181 1472 in
2207 1420 2556 1475 convertenda
2586 1419 2849 1474 Dominus
2874 1421 3265 1492 captivitatem,
3299 1439 3403 1479 no-

1801 1508 1979 1561 stram
1991 1549 2004 1576 ,
2022 1507 2081 1562 id
2094 1510 2179 1562 est
2198 1523 2330 1562 cum
2344 1507 2554 1562 Domin
2564 1524 2627 1562 us
2639 1508 3098 1564 misericorditer
3126 1513 3407 1566 convertit

1803 1594 2196 1665 captivitatem
2214 1598 2474 1650 nostram
2489 1596 2549 1650 in
2562 1595 3025 1668 libertatem,per
3038 1598 3055 1652 i
3062 1613 3226 1670 psam
3242 1598 3409 1654 liber-

1803 1685 1987 1737 tatem
2039 1684 2183 1753 [acti
2211 1701 2394 1739 sumus
2433 1686 2574 1740 sicut
2613 1685 2890 1744 consolati.
2940 1686 3407 1742 Cousolationem

1807 1770 1946 1825 dicit
1969 1772 2152 1842 ipsam
2182 1772 2427 1827 tristitiae
2466 1773 2856 1829 remotionem
2889 1790 3003 1846 qua
3036 1774 3404 1845 desolantur;

1805 1874 1937 1914 cum
1968 1860 2393 1932 timore‘poenm
2414 1861 2877 1934 servirent,saape
2894 1878 3106 1934 nempe
3134 1865 3272 1918 tunc
3300 1879 3407 1934 pro

1806 1947 2019 2002 servitii
2053 1948 2577 2020 gravitatetristitia
2590 1950 2965 2021 urgebantur.
2999 1951 3213 2006 Idcirco
3243 1951 3409 2023 ponit

1808 2052 1925 2090 non
1956 2036 2230 2103 cumulati,
2251 2037 2351 2091 sed
2374 2039 2513 2093 sicut
2545 2037 2825 2106 consolati,
2847 2038 2981 2110 quia
2997 2039 3121 2094 haec
3147 2039 3408 2094 consola-

1809 2123 1887 2178 tio
1903 2124 2149 2179 dicenda
2170 2126 2277 2186 est,
2303 2123 2449 2178 sicut
2466 2125 2868 2193 consolatio,id
2887 2129 2972 2181 est
2984 2127 3193 2182 umbra
3208 2142 3408 2183 conso-

1807 2212 2056 2280 lationis,
2088 2212 2161 2267 ad
2193 2212 2692 2283 comparationem
2723 2215 3132 2270 consolationis
3169 2215 3402 2284 futurae,

1809 2317 1937 2373 quae
1968 2300 2199 2371 dignior
2256 2301 2383 2355 erit.
2428 2300 2571 2355 Cum
2605 2300 2742 2356 dicit
2787 2303 2843 2355 in
2870 2301 3239 2367 convertenda,
3265 2303 3408 2359 illud

1814 2388 2109 2442 insinuare
2126 2387 2654 2459 videturquodnon
2692 2390 2864 2460 longe
2904 2393 3035 2462 post
3080 2390 3405 2447 conversio-

1810 2475 2076 2545 nem,sed
2106 2493 2245 2531 mox
2260 2476 2384 2548 ipsa
2404 2475 2777 2538 conversione
2798 2477 2949 2532 facta
2962 2482 3048 2533 est
3067 2478 3406 2535 consolatio.

1882 2566 2036 2622 Tunc
2066 2569 2262 2621 autem
2283 2566 2342 2620 in
2373 2566 2481 2634 hac
2520 2565 2732 2620 scilicet
2750 2567 3142 2634 conversione,
3160 2567 3410 2639 repletum

1807 2661 1881 2709 est
1926 2654 2127 2724 gaudio
2170 2671 2225 2707 os
2256 2660 2500 2710 nostrum
2554 2653 2817 2721 interius,
2856 2670 3023 2708 mens
3052 2654 3269 2710 scilicet
3297 2672 3411 2728 qua

1808 2760 1940 2798 cum
1968 2744 2084 2797 Deo
2108 2759 2207 2797 ore
2221 2742 2295 2796 ad
2310 2758 2371 2796 os
2388 2741 2704 2813 loquimur.
2730 2742 2797 2795 Et
2810 2757 2927 2796 non
2940 2742 3127 2796 solum
3144 2742 3404 2812 interius,

1807 2831 1908 2885 sed
1929 2839 1979 2884 et
2019 2831 2207 2900 lingua
2247 2836 2429 2885 nostra
2466 2830 2745 2884 exterior:
2774 2845 2880 2900 per
2902 2830 3227 2900 emphasim
3258 2830 3407 2899 dico,

1805 2920 2027 2989 repleta
2049 2921 2134 2973 est
2161 2916 2524 2985 exsultatione,
2553 2917 2611 2971 id
2643 2920 2728 2971 est
2758 2916 2944 2972 verbis
2975 2918 3406 2987 exsultantibus,

1809 3007 2016 3078 quibus
2038 3008 2219 3060 Deum
2250 3005 2475 3060 assidue
2508 3006 2812 3060 laudamus
2850 3005 2920 3060 de
2946 3008 3145 3061 nostra
3173 3022 3409 3063 conver-

99 3100 211 3152 dus
240 3102 344 3166 est,
384 3102 568 3169 agunt
603 3114 840 3171 quoque
889 3098 960 3152 de
1002 3097 1247 3169 septimo
1523 3096 1705 3166 gradu
1730 3085 1779 3147 C
1809 3096 1990 3150 sione.
2025 3094 2168 3149 Cum
2197 3096 2389 3148 autem
2417 3092 2715 3165 captivitas
2743 3095 2940 3148 nostra
2958 3109 3232 3149 conversa
3256 3094 3412 3163 sit,et

98 3188 365 3259 perfecti,
398 3186 612 3241 scilicet
643 3187 797 3258 quod
828 3186 901 3240 ad
940 3187 1050 3240 hoc
1093 3186 1216 3255 jam
1262 3185 1619 3238 devenerunt
1647 3186 1710 3237 ut

101 3277 177 3330 de
237 3275 565 3347 captivitate
615 3274 872 3329 conversi
924 3274 1039 3327 sint
1086 3272 1144 3327 iu
1204 3273 1554 3338 libertatem,
1606 3288 1709 3344 per

100 3381 281 3436 quam
314 3364 592 3419 consolati
624 3368 757 3419 sunt
800 3367 859 3417 et
884 3363 1082 3417 lzetitia
1111 3362 1315 3433 repleti
1349 3365 1405 3416 et
1428 3361 1705 3432 magniﬁ-

99 3453 241 3507 cati.
282 3455 359 3507 De
402 3470 516 3525 qua
551 3453 726 3507 etiam
771 3455 940 3507 orant
963 3455 1026 3505 ut
1060 3451 1246 3521 magis
1275 3454 1333 3504 et
1362 3450 1546 3522 magis
1576 3466 1703 3505 eam

98 3545 505 3613 assequantur,
548 3559 679 3596 cum
724 3541 781 3594 in
827 3557 895 3594 ea
927 3557 1155 3612 semper
1183 3556 1434 3594 crescere
1466 3539 1702 3610 possint.

98 3632 216 3687 Per
263 3631 370 3685 hoc
419 3634 615 3685 autem
672 3630 1000 3700 exemplum
1037 3628 1390 3683 auditoribus
1437 3628 1596 3697 dant,
1646 3632 1709 3682 ut

99 3718 177 3774 ad
207 3718 355 3772 hanc
389 3719 717 3773 libertatem
750 3717 937 3787 magis
954 3716 1255 3787 magisque
1276 3716 1537 3770 tendant.
1571 3716 1711 3786 Cap-

100 3805 395 3861 tivitatem
427 3824 561 3861 vero
603 3806 849 3861 dicimus
882 3805 1114 3876 quando
1139 3805 1335 3860 ﬁdeles
1355 3806 1471 3859 Deo
1504 3804 1709 3858 timore

100 3911 292 3967 paena:
324 3899 381 3949 et
422 3912 486 3949 ex
522 3895 860 3950 auctoritate
885 3892 1141 3962 jubentis
1178 3893 1405 3949 Domini
1432 3892 1708 3947 serviunt.

104 3982 214 4046 Qui
246 3982 480 4054 quidem
513 4000 629 4038 non
659 3982 957 4048 servirent,
987 3980 1093 4034 nisi
1122 3998 1355 4051 pcenam
1382 3982 1452 4036 ab
1482 3981 1563 4034 eis
1578 3996 1710 4051 pec-

104 4071 372 4125 cantibus
404 4071 819 4126 removendam
867 4069 1008 4124 certi
1056 4071 1265 4137 essent,
1294 4072 1367 4124 .et
1405 4070 1713 4125 auctoritas

95 4159 359 4231 jubentis
382 4176 499 4214 non
518 4163 683 4226 esset,
708 4176 743 4214 a
767 4158 1142 4213 similitudine
1173 4175 1468 4214 servorum
1497 4161 1552 4214 et
1586 4175 1715 4230 cap-

107 4247 382 4313 tivorum,
410 4247 505 4316 qui
550 4248 736 4317 potius
762 4247 1019 4301 serviunt
1044 4246 1256 4301 timore
1287 4250 1344 4300 et
1373 4247 1711 4303 auctoritate

1809 3199 1915 3238 nos
1934 3184 2075 3253 facti
2115 3197 2294 3238 sumus
2337 3182 2615 3249 consolati,
2661 3184 2720 3235 et
2745 3181 2943 3251 gaudio
2986 3189 3035 3236 et
3064 3183 3409 3238 exsultatione

1808 3270 2031 3342 repleti,
2063 3277 2187 3327 tunc
2216 3270 2393 3326 dicent
2422 3272 2560 3323 inter
2591 3275 2790 3340 gentes,
2821 3269 2880 3323 id
2910 3274 2996 3324 est
3024 3270 3156 3326 ideo
3183 3271 3409 3327 contiu-

1807 3362 1907 3429 get
1933 3358 2068 3431 quia
2098 3359 2336 3431 quidam
2352 3358 2510 3413 inter
2521 3360 2724 3429 gentes
2740 3358 3069 3428 existentes,
3100 3359 3158 3414 id
3173 3362 3259 3415 est
3282 3360 3406 3434 qui-

1808 3446 1943 3499 dam
1964 3462 2031 3500 ex
2056 3445 2362 3500 incredulis
2385 3445 2683 3517 gentiliter
2705 3445 3045 3516 viventibus,
3070 3450 3409 3522 magniﬁca-

1806 3534 2029 3588 tionem
2053 3537 2309 3589 nostram
2350 3533 2801 3602 considerantes,
2826 3535 3145 3591 adinvicem
3177 3536 3403 3595 dicent:

1806 3622 1951 3677 Vere
1974 3621 2235 3677 Dominus
2275 3622 2644 3691 magniﬁcavit
2675 3638 2802 3678 cum
2830 3625 2901 3677 eis
2918 3624 3099 3693 facere
3125 3642 3316 3694 suum,
3349 3628 3408 3683 id

1809 3713 1895 3763 est
1915 3725 2048 3763 cum
2077 3707 2234 3778 prius
2277 3708 2337 3761 in
2378 3708 2460 3763 eis
2502 3712 2771 3781 operatus
2817 3713 2966 3765 esset
2992 3711 3406 3782 obedientiam,

1808 3798 1968 3852 illam
1994 3797 2207 3852 scilicet
2233 3797 2648 3866 obedientiam,
2686 3815 2812 3871 quae
2834 3802 2922 3854 est
2949 3800 3140 3855 facere
3154 3802 3410 3870 suum,id

1811 3890 1896 3942 est
1926 3903 2069 3958 opus
2098 3903 2287 3954 suum,
2325 3903 2502 3959 quam
2534 3902 2667 3941 cum
2699 3888 2780 3942 eis
2800 3892 3070 3959 operatus
3086 3890 3410 3959 est,scilicet

1812 3993 1986 4048 quam
2015 3976 2121 4047 ipsi
2154 3991 2259 4046 per
2289 3975 2536 4030 liberum
2577 3975 2885 4031 arbitrium
2916 3978 3138 4049 operati
3168 3983 3323 4050 sunt,
3349 3985 3409 4038 et

1810 4065 1959 4121 Deus
1988 4080 2121 4119 cum
2151 4065 2231 4118 eis
2252 4080 2356 4136 per
2384 4063 2755 4135 adjuvantem
2781 4065 3029 4137 gratiam
3060 4072 3406 4142 operantur;

1809 4155 2198 4227 magni/tenvit,
2228 4154 2285 4208 id
2313 4157 2398 4208 est
2419 4154 2788 4226 magniﬁcam
2820 4159 2878 4211 et
2904 4156 3231 4215 mirabilem
3251 4159 3406 4217 fecit.

1812 4248 1895 4300 Ita
1924 4244 2191 4299 videlicet
2235 4246 2298 4297 ut
2330 4258 2462 4297 cum
2514 4260 2578 4298 ex
2610 4244 2822 4300 timore
2867 4246 3198 4303 obedissent
3226 4250 3407 4320 prius,

98 4333 361 4406 jubentis
378 4333 600 4387 domini
630 4351 804 4405 quam
831 4351 1052 4389 amore.
1076 4333 1413 4403 Hujusmodi
1430 4353 1562 4391 vero
1576 4353 1708 4409 cap-
1733 4360 1786 4419 D
1812 4349 1965 4390 nunc
1994 4350 2060 4387 ex
2084 4334 2204 4387 solo
2229 4332 2492 4387 serviant
2520 4334 3260 4390 etobediantamore.lstud
3283 4345 3412 4399 tunc

106 4421 297 4477 tivitas
326 4437 394 4475 ex
423 4420 701 4475 dilatione
728 4421 787 4474 in
819 4422 1149 4475 libertatem
1180 4423 1555 4491 convertitur,
1578 4442 1708 4485 cum

106 4511 309 4566 ﬁdeles
337 4512 499 4564 tanta
529 4512 662 4563 sunt
682 4525 821 4580 erga
848 4511 1029 4564 Deum
1061 4508 1338 4564 charitate
1368 4512 1713 4579 succensi,ut

106 4616 227 4653 non
254 4598 375 4669 jam
423 4616 486 4653 ex
504 4598 735 4665 timore,
754 4598 850 4651 sed
889 4615 954 4652 ex
977 4599 1098 4652 sola
1126 4598 1377 4653 serviant
1407 4599 1711 4655 dilectione

107 4690 168 4743 et
187 4686 308 4741 sine
323 4687 515 4759 aliqua
535 4688 869 4742 difﬁcultate
896 4705 911 4755 ;
933 4686 1028 4758 qui
1047 4685 1421 4741 nihilominus
1434 4688 1713 4743 servirent

107 4775 156 4830 si
188 4776 407 4830 nullam
440 4794 672 4847 pmnam
707 4776 778 4830 de
806 4775 1051 4847 peccatis
1082 4775 1393 4831 imminere
1411 4793 1715 4849 cognosce-

104 4866 261 4931 rent,
288 4880 322 4917 a
352 4863 727 4919 similitudine
760 4864 1099 4931 liberorum,
1134 4864 1229 4935 qui
1259 4866 1515 4919 serviunt
1540 4882 1713 4937 spon-

106 4953 271 5007 tanei
302 4969 419 5008 non
454 4954 648 5024 aliqua
680 4953 1017 5007 necessitate
1049 4953 1248 5007 coacti.

182 5042 250 5095 In
262 5043 607 5097 convertenda
624 5043 757 5096 Dom
766 5042 1185 5109 imis,etc.llunc
1200 5042 1473 5098 nimirum
1487 5061 1715 5100 versum

104 5147 241 5185 cum
260 5131 512 5201 quodam
538 5131 740 5184 ordine
758 5131 1128 5201 incipiat,lioc
1150 5132 1351 5186 ordine
1376 5135 1587 5189 omisso
1604 5136 1716 5189 alio

106 5219 316 5275 ordine
336 5219 628 5273 ﬁnit.Cum
657 5220 811 5274 enim
832 5220 1179 5292 principium
1201 5221 1279 5275 sic
1299 5225 1503 5293 ponat:
1522 5223 1719 5278 Incon-

103 5304 357 5363 {iertcndo
388 5307 652 5361 Dominus
673 5311 1030 5378 captivitatem
1058 5309 1210 5376 Sion,
1244 5311 1301 5363 et
1333 5314 1460 5380 post
1484 5311 1721 5365 deberet

110 5396 329 5454 addere
344 5395 525 5450 factus
537 5400 622 5450 est
642 5397 1062 5467 magniﬁcatus,
1090 5399 1201 5463 vel,
1221 5399 1401 5453 l‘actus
1415 5402 1499 5453 est
1511 5399 1722 5471 glorio-

112 5485 322 5550 sus,vel
339 5483 557 5556 aliquid
577 5484 869 5553 tale,quod
885 5484 1059 5555 priori
1076 5486 1348 5556 positioni
1366 5488 1717 5556 conveniret,

110 5573 226 5633 hoc
240 5572 536 5645 positionis
548 5572 749 5627 ordine
765 5572 1722 5648 dimisso,ponitaliampositionem

117 5678 249 5750 quae
277 5662 455 5737 priori
485 5663 778 5723 cohaerere
809 5680 925 5720 non
948 5663 1211 5736 videtur;
1240 5665 1570 5739 ponitenim
1587 5666 1727 5739 facti

1812 4423 1965 4496 quod
2011 4421 2175 4476 initio
2226 4422 2391 4492 hujus
2433 4438 2625 4476 versus
2656 4424 2742 4476 est
2770 4422 3021 4492 positum
3054 4427 3409 4487 causativum

1813 4516 1916 4578 est,
1933 4510 2089 4565 idem
2111 4510 2304 4564 valens
2331 4525 2396 4562 ac
2422 4508 2469 4561 si
2494 4508 2605 4563 ideo
2628 4512 2961 4581 poneretur.
2996 4511 3199 4569 Positis
3222 4518 3411 4574 verbis

1811 4600 2063 4671 ipsarum
2083 4596 2366 4669 gentium,
2387 4613 2513 4667 qua:
2528 4596 2597 4651 de
2620 4597 2878 4669 ipsorum
2906 4597 3126 4656 facient
3144 4608 3414 4678 magniﬁ-

1812 4687 2061 4754 catione,
2090 4686 2343 4756 ipsarum
2370 4683 2545 4739 verba
2575 4701 2641 4739 ex
2666 4685 3054 4744 nimialtetitia
3077 4691 3149 4746 ad
3173 4694 3272 4749 Dei
3294 4697 3414 4752 lau-

1813 4776 1948 4831 dem
1972 4771 2295 4829 concedunt
2323 4771 2401 4825 sic
2424 4788 2437 4826 :
2463 4771 2730 4837 Quidam,
2754 4775 3018 4848 inquam,
3037 4778 3189 4836 inter
3209 4788 3412 4854 gentes

1817 4865 2053 4921 dicent:
2104 4860 2482 4934 Magniﬁcam?
2537 4862 2800 4920 Dominus
2832 4869 3012 4938 facere
3075 4887 3243 4925 suum
3289 4889 3413 4929 cuin

1816 4959 1911 5023 eis,
1948 4956 2007 5008 et
2064 4969 2264 5007 verum
2315 4952 2508 5007 dicent
2541 4971 2554 5008 :
2610 4952 2997 5025 Magniﬁcam‘t
3246 4978 3413 5018 nam-

1817 5060 1928 5116 que
1961 5041 2221 5097 Dominus
2242 5042 2422 5111 facere
2460 5058 2626 5096 suum
2665 5044 2960 5108 nobiscum,
3010 5050 3068 5100 et
3094 5047 3223 5103 ideo
3277 5050 3418 5121 facti

1816 5148 1998 5187 sumus
2025 5132 2281 5198 ta'tantes,
2316 5135 2373 5185 et
2395 5130 2721 5185 exteriusin
2754 5130 2972 5204 lingua,
3006 5137 3063 5188 et
3092 5134 3331 5193 interius
3353 5138 3415 5196 in

1819 5237 1937 5276 ore.
1976 5221 2046 5275 Ut
2076 5222 2269 5274 autem
2295 5220 2482 5290 magis
2507 5218 2808 5291 magisque
2838 5220 3125 5293 laetemur,
3159 5242 3413 5299 oramus,

1819 5316 2062 5365 converte
2089 5308 2338 5374 Domine,
2360 5307 2675 5361 secundum
2693 5307 3103 5381 intentionem,
3131 5317 3416 5386 captivita-

1822 5404 1924 5453 tem
1938 5404 2173 5454 nostram
2202 5397 2261 5451 in
2286 5395 2632 5463 libertatem,
2652 5395 2863 5451 scilicet
2882 5415 3013 5453 cum
3030 5400 3155 5471 jam
3178 5403 3251 5458 sit
3279 5420 3419 5461 con-

1821 5502 2003 5555 versa,
2036 5491 2099 5543 ut
2118 5488 2240 5558 jam
2258 5484 2540 5539 libertatis
2552 5500 2750 5540 amore
2766 5486 3124 5559 obediamus,
3144 5490 3423 5549 intentius

1822 5583 2069 5634 converte
2098 5579 2160 5631 ut
2185 5574 2372 5644 magis
2400 5573 2680 5630 libertatis
2711 5592 2911 5633 amore
2944 5577 3305 5654 obediamus,
3335 5583 3434 5670 vel

1822 5672 2065 5728 converte
2101 5661 2419 5723 secundum
2447 5665 2968 5742 perseverantiam.
