4016 6030
582 380 718 450 i327

1202 384 1263 446 S.
1302 383 1647 446 BRUNONIS
1688 374 2320 443 CABTHUSIANORUM
2355 377 2821 440 INSTITUTORIS
2866 358 3019 438 OPP.
3061 376 3239 437 PARS
3278 364 3301 434 Ϊ
3772 376 3871 430 13ἓξ

644 515 921 583 Converte,
936 512 1197 586 inquam,
1216 510 2009 584 captivitateminlibertatem,
2042 525 2169 582 qum
2200 514 2256 572 Α
2276 525 2395 581 prae
2423 506 2601 564 oculis
2623 505 2852 575 mentis,
2875 504 3030 578 quod
3058 505 3105 560 si
3134 504 3432 566 Salomon,
3465 498 3566 575 qui
3586 502 3792 556 tantus
3815 503 3879 552 vir

572 605 644 661 sit
670 606 803 659 sicut
832 608 1036 659 torrens
1063 604 1118 657 in
1149 608 1349 669 austro,
1380 601 1437 656 id
1465 605 1549 655 est
1585 601 1643 654 in
1678 604 1943 671 tempore
1972 599 2169 654 austri.

572 693 728 749 Sicut
749 691 906 747 enim
935 694 1128 745 austro
1142 691 1351 755 stante,
1379 688 1475 759 qui
1510 688 1702 742 nivem
1722 691 1780 742 et
1808 688 2053 759 glaciem
2082 704 2176 741 re-

572 759 759 848 solvit,
800 783 1028 834 torrens
1058 778 1298 849 quilibet
1337 794 1405 831 ex
1443 777 1569 846 ipsa
1619 776 1837 831 nivium
1880 780 1937 831 et
1969 776 2175 847 glaciei

572 867 923 925 resolutione
951 867 1172 933 crescit,
1202 869 1260 919 et
1276 866 1348 920 sit
1374 882 1503 919 cum
1532 865 1751 935 impetu
1778 865 1961 918 ﬁnens
1982 865 2179 919 omnia

577 955 866 1013 obstantia
891 954 1182 1027 propellit,
1213 954 1293 1007 sic
1323 956 1382 1007 et
1406 952 1588 1008 libera
1620 951 1954 1007 obedientia
1984 957 2181 1008 nostra

576 1062 681 1118 per
704 1043 983 1116 Spiritum
1004 1045 1267 1097 sanctum
1289 1057 1568 1108 crescens,
1590 1039 1687 1112 qui
1707 1056 1882 1095 omne
1910 1040 2179 1095 vitiorum

574 1134 709 1204 gelu
743 1130 999 1185 dissolvit
1012 1133 1067 1183 et
1083 1130 1143 1183 in
1157 1128 1326 1184 nobis
1340 1129 1637 1183 charitatis
1664 1128 1960 1183 fervorem
1979 1145 2179 1183 accen-

575 1221 679 1287 dit,
697 1219 770 1274 ad
792 1218 1146 1273 Hierusalem
1161 1219 1452 1273 caelestem
1468 1233 1601 1271 cum
1621 1217 1914 1272 bonorum
1938 1234 2180 1289 operum

575 1308 800 1380 impetu
823 1307 1080 1360 tenditet
1096 1305 1668 1360 omniasazcularium
1694 1305 2055 1375 voluptatum
2078 1305 2184 1359 im-

572 1395 907 1467 pedimenta
931 1393 1215 1465 prepellit.
1248 1393 1488 1463 Spiritus
1519 1396 1714 1447 autem
1747 1395 1973 1447 sanctus
1992 1396 2183 1447 auster

574 1499 832 1554 congrue
864 1485 1055 1552 potest
1081 1481 1212 1548 dici,
1244 1498 1312 1535 eo
1340 1481 1495 1551 quod
1519 1481 1719 1546 corda,
1749 1481 2017 1536 vitiorum
2048 1482 2181 1551 gelu

576 1569 879 1635 obdurata,
911 1568 1114 1639 smpius
1140 1568 1349 1622 ardore
1380 1567 1671 1622 charitatis
1704 1567 1982 1621 accendit.
2019 1567 2180 1621 Unde

576 1657 638 1712 in
666 1656 946 1712 Canticis:
979 1674 1011 1706 «
1035 1655 1238 1727 Surge,
1272 1655 1462 1726 aquilo
1489 1673 1503 1723 ;
1536 1659 1594 1709 et
1624 1653 2175 1726 veni,auster(Cant.

576 1762 651 1812 1v,
685 1746 836 1815 16),»
871 1747 978 1798 etc.
1029 1742 1316 1807 Quoniam
1348 1744 1418 1799 de
1446 1742 1770 1797 intentione
1797 1743 2183 1798 conversionis

2275 602 2333 651 et
2362 602 2485 652 tam
2507 597 2737 667 sapiens
2766 600 2825 650 et
2853 596 3027 650 etiam
3052 594 3337 667 propheta
3361 591 3604 657 exstitit,
3641 590 3704 643 in
3722 589 3878 642 idolo-

2275 687 2502 741 latriam
2520 686 2743 753 cecidit,
2760 686 2941 739 multo
2968 683 3153 753 magis
3173 699 3277 737 nos
3292 683 3464 752 longe
3486 680 3759 734 minores
3774 694 3882 748 pos-

2280 775 2440 830 sibile
2473 778 2557 829 est
2583 775 2808 829 cadere.
2844 775 2911 827 Et
2939 772 3018 827 sic
3039 788 3271 843 semper
3300 771 3371 824 de
3401 786 3536 823 casu
3561 766 3799 822 solliciti
3825 768 3888 820 97-

2277 881 2426 931 mus,
2462 867 2519 918 et
2543 864 2600 917 in
2645 862 2974 917 humilitate
3006 859 3403 932 persistamus,
3426 856 3569 911 illud
3599 871 3711 925 pro
3746 858 3883 908 certe

2279 956 2615 1024 reputantes
2628 952 2781 1025 quod
2801 966 3031 1021 semper
3056 949 3131 1003 ad
3147 964 3341 1003 casum
3369 945 3537 1017 proni
3553 961 3783 1009 sumus,
3801 942 3887 995 sed

2281 1042 2436 1114 quod
2454 1045 2694 1106 stamus,
2723 1040 2970 1094 Domino
3000 1036 3358 1093 custodiente
3378 1039 3618 1090 stamus.
3647 1033 3781 1086 Haec
3798 1048 3887 1085 au-

2280 1134 2400 1185 tem
2433 1129 2677 1185 cadendi
2702 1127 3121 1193 sollicitudo,in
3142 1124 3468 1191 humilitate
3501 1126 3740 1180 octavus
3767 1136 3886 1189 gra-

2283 1219 2386 1273 dus
2411 1222 2513 1273 est.
2563 1218 2658 1273 Est
2702 1220 2897 1271 autem
2926 1214 2986 1269 in
3025 1216 3135 1269 hoc
3164 1214 3389 1285 psalmo
3416 1228 3519 1266 vox
3547 1208 3885 1265 earumdem

2281 1306 2694 1378 perfecturum,
2744 1304 2843 1376 qui
2870 1304 2931 1358 in
2959 1302 3351 1374 superioribus
3375 1300 3657 1373 gradibus
3690 1300 3884 1368 agunt.

2282 1394 2708 1449 ostendentium
2733 1393 2805 1447 ad
2835 1391 3231 1464 generandam
3270 1390 3329 1444 in
3362 1388 3529 1443 nobis
3557 1385 3887 1441 sollicitudi-

2282 1500 2439 1550 nem,
2459 1482 2613 1553 quod
2640 1481 2784 1535 sicut
2797 1480 3001 1551 aliquis
3019 1480 3116 1534 Dei
3134 1478 3342 1533 domus
3367 1475 3570 1547 nequit
3590 1473 3770 1539 efﬁci,
3794 1473 3889 1525 nisi

2283 1572 2401 1625 Deo
2433 1570 2774 1636 aediﬁcante,
2808 1568 2916 1623 nisi
2939 1570 3055 1623 Deo
3070 1566 3451 1632 custodiente,
3482 1564 3562 1618 ita
3585 1567 3888 1635 postquam

2280 1658 2594 1713 aediﬁcatus
2613 1661 2718 1724 est,
2750 1659 2903 1711 stare
2942 1656 3161 1728 nequit.

2600 1746 2729 1800 Nisi
2755 1747 3020 1800 Dominus
3049 1743 3370 1811 custodierit;
3403 1743 3515 1796 etc.
3550 1741 3763 1795 Versus
3796 1738 3890 1792 istc

574 1832 918 1906 captivitatis
936 1833 994 1886 in
1010 1832 1337 1887 libertatem
1355 1835 1618 1886 oraverat
1631 1836 1823 1903 posset
1836 1832 2180 1896 dici:Quare
2205 1830 2256 1888 B
2279 1834 2497 1908 primus
2528 1835 2601 1889 ad
2647 1834 3055 1905 probationem
3087 1832 3376 1903 sequentis
3410 1829 3751 1902 praemissus
3793 1832 3891 1881 est.

576 1925 741 1995 optas
770 1920 1104 1991 hujusmodi
1155 1921 1505 1988 libertatem,
1544 1937 1671 1992 qua:
1722 1938 1827 1976 nec
1868 1921 2043 1975 etiam
2092 1921 2177 1975 di-

578 2008 763 2065 cenda
790 2013 877 2064 est
901 2009 1159 2076 libertas,
1193 2025 1324 2063 cum
1358 2010 1571 2080 plures,
1599 2009 1657 2062 in
1692 2010 1799 2064 hac
1833 2009 2180 2064 obedientiaz

574 2098 840 2153 libertate
874 2096 1111 2167 positos,
1151 2099 1237 2151 tot
1285 2100 1553 2166 oporteat
1582 2097 1983 2151 tribulationes
2009 2098 2125 2167 pati
2155 2097 2182 2149 ?

574 2186 663 2240 Ad
702 2185 858 2258 quod
903 2185 977 2238 sic
1006 2184 1168 2239 addit
1199 2201 1211 2238 :
1244 2186 1401 2238 'Bene
1442 2185 1553 2238 hoc
1596 2188 1754 2257 Opto.
1800 2186 1856 2239 Si
1890 2186 2044 2240 enim
2079 2203 2183 2257 pro

574 2274 905 2345 hujusmodi
923 2273 1252 2328 obedientia
1271 2274 1673 2329 tribulationes
1685 2276 2183 2343 occurrerint,non

578 2367 665 2417 est
695 2364 767 2417 ab
798 2361 1228 2416 obedicdientia
1257 2362 1672 2429 desistendum,
1709 2364 1808 2417 sed
1834 2380 1903 2418 eo
1938 2364 2186 2433 amplius

578 2450 787 2521 inipsis
806 2449 1278 2504 tribulationibus
1290 2453 1421 2504 sunt
1447 2451 1616 2504 bonae
1648 2451 1990 2505 obedientiaz
2011 2468 2188 2523 opera

577 2534 937 2590 seminando.
991 2533 1100 2599 Qui
1122 2536 1213 2589 hic
1245 2537 1399 2590 enim
1429 2539 1694 2591 seminant
1726 2538 1877 2592 bona
1898 2556 2075 2609 opera
2132 2542 2187 2592 in

583 2624 858 2692 lacrymis,
886 2622 941 2676 id
969 2626 1055 2677 est
1075 2622 1634 2689 intribulationibus,
1660 2642 1787 2697 qua:
1818 2627 2182 2696 lacrymaadi-

580 2715 790 2767 cuntur
826 2727 893 2765 eo
926 2710 1079 2781 quod
1126 2712 1565 2767 tribulationum
1596 2730 1778 2770 causa}
1818 2717 1969 2781 sunt,
2000 2717 2055 2767 in
2104 2716 2186 2769 fu-

576 2801 710 2853 turo
740 2805 932 2852 metent
961 2799 1334 2854 beatitudinis
1364 2804 1597 2856 aeterna
1628 2804 2183 2871 remunerationem,

580 2891 640 2942 et
667 2887 777 2942 hoc
803 2904 925 2941 cum
946 2887 1311 2954 exsultatione,
1332 2906 1366 2943 a
1385 2889 1759 2945 similitudine
1782 2892 2183 2959 ruricolarum,

581 2975 831 3048 quicum
856 2976 1055 3031 labore
1073 2976 1365 3032 seminant
1385 2978 1538 3049 quod
1556 2995 1686 3034 cum
1707 2980 1916 3050 gaudio
1937 2985 2184 3049 metunt,

580 3067 640 3120 et
668 3064 799 3119 ideo
833 3064 1141 3136 quoque‘in
1169 3065 1637 3122 tribulationibus
1654 3085 1833 3139 opera
1848 3070 2003 3124 bona
2022 3073 2188 3127 semi-

579 3152 775 3208 nanda
799 3154 952 3218 sunt,
980 3155 1044 3206 ut
1060 3168 1191 3207 cum
1204 3154 1412 3223 gaudio
1436 3153 1493 3207 in
1510 3154 1701 3211 futuro
1715 3160 2029 3225 metantur,
2053 3176 2191 3230 quo-

581 3240 741 3295 niam
771 3239 954 3295 saneti
971 3241 1188 3308 Patres,
1212 3242 1393 3295 nostri
1412 3243 1878 3313 praedecessores,
1902 3254 2083 3303 euntes
2096 3248 2190 3304 hic

581 3327 657 3382 ad
694 3331 946 3382 mortem
978 3328 1127 3381 ibant
1151 3335 1200 3381 et
1228 3329 1447 3397 ﬂebant,
1472 3330 1628 3384 idest
1655 3331 1817 3385 ibant
1847 3334 1921 3387 ad
1938 3339 2189 3389 mortem

583 3430 716 3469 cum
746 3414 907 3480 ﬂetu,
935 3413 1149 3468 scilicet
1169 3416 1432 3485 passione
1460 3416 1916 3486 tribulationum,
1935 3437 2062 3492 quae
2088 3439 2192 3495 per

581 3502 788 3557 ﬂetum
840 3500 1220 3574 accipiuntur,
1274 3519 1342 3558 eo
1388 3505 1545 3575 quod
1596 3506 1766 3561 ﬂetus
1805 3524 1991 3564 causae
2035 3514 2186 3565 sunt.

581 3587 764 3657 Ibant,
798 3590 1059 3663 inquam,
1113 3608 1246 3646 cum
1278 3592 1440 3655 fletu,
1474 3596 1736 3648 mittentes
1762 3598 1961 3651 tamen
1990 3602 2191 3653 semina

581 3696 701 3744 sua,
733 3678 793 3734 id
829 3682 913 3733 est
935 3695 1113 3751 opera
1140 3680 1316 3734 bona.
1360 3680 1635 3736 Venientes
1647 3689 1823 3738 autem
1840 3685 1913 3740 ad
1942 3686 2191 3757 patriam

581 3766 871 3822 caelestem
882 3769 958 3831 ,et
973 3765 1287 3821 secundum
1303 3783 1509 3839 corpus
1524 3772 1583 3824 et
1597 3771 1913 3826 secundum
1932 3773 2191 3828 animam

581 3852 643 3909 in
665 3854 1107 3922 resurrectione,
1139 3854 1237 3927 qui
1267 3855 1502 3911 fuerunt
1530 3857 1589 3912 in
1620 3858 1850 3913 tristitia
1876 3860 2193 3917 tribulatio-

584 3959 749 4011 num,
797 3943 1017 3998 oenient
1062 3961 1181 3997 cum
1212 3944 1557 3999 exsultatione
1601 3951 1903 4018 perpetua,
1918 3956 2193 4019 portantes

585 4031 906 4102 manipulos,
938 4030 996 4084 id
1025 4035 1109 4085 est
1132 4032 1412 4087 habentes
1442 4034 1760 4090 maximum
1777 4037 2001 4108 pondus
2024 4042 2191 4093 aeter-

584 4133 675 4171 na:
706 4117 926 4188 glorias,
957 4118 1113 4187 quod
1159 4118 1416 4174 innuitur
1443 4137 1548 4192 per
1578 4122 1685 4176 hoc
1718 4124 1873 4193 quod
1915 4125 2050 4180 dicit
2060 4144 2191 4196 por-

582 4210 770 4259 tantes.
804 4206 883 4260 De
926 4221 1144 4275 magna
1179 4222 1394 4276 nempe
1438 4225 1522 4275 re,
1555 4214 1959 4266 consuevimus
1997 4215 2189 4270 dicere

578 4296 830 4365 portare.
862 4292 1090 4348 Dictum
1121 4296 1210 4348 est
1239 4298 1434 4348 autem
1473 4311 1507 4347 a
1535 4296 1911 4353 similitudine
1932 4303 2185 4371 cultoris,

582 4381 679 4454 qui
702 4382 760 4436 in
789 4384 1048 4452 tempore
1073 4381 1273 4436 messis
1303 4399 1433 4437 cum
1451 4384 1826 4441 exsultatione
1844 4390 2190 4446 maximase-
2209 4376 2262 4434 D

581 4469 806 4524 minam
826 4487 1063 4525 suorum
1077 4470 1407 4543 manipulos
1430 4475 1641 4543 portat.
1666 4473 1825 4529 Unde
1840 4477 2185 4535 Dominusin

581 4556 888 4627 Evangelia
922 4557 1059 4611 dicit
1093 4575 1105 4611 :
1139 4558 1341 4612 «Beati
1374 4559 1942 4631 quipersecutionem
1967 4567 2189 4636 patiun-

579 4645 676 4695 tur
692 4647 927 4715 propter
936 4645 1527 4719 justitiam,quoniam
1554 4648 1809 4720 ipsorum
1833 4657 1918 4707 est
1940 4670 2185 4726 regnum

581 4732 857 4786 caelorum
886 4731 1109 4801 (Matth.
1137 4752 1190 4802 v,
1228 4737 1333 4805 10).

1038 4822 1106 4875 IN
1139 4822 1463 4878 PSALMUM
1503 4825 1716 4880 CXXVI.

650 4909 860 4967 Psalmi
898 4910 1195 4965 centesimi
1244 4911 1496 4967 vicesimi
1538 4915 1679 4968 sexti
1722 4916 1936 4972 titulus.
2000 4919 2186 4975 Canti-

579 5016 700 5053 cum
724 4999 988 5069 graduum
1015 5000 1341 5054 Salomonis.
1360 5000 1525 5065 Quod
1557 5007 1644 5058 est
1670 5005 1857 5061 dicere
1882 5025 1893 5061 :
1929 5010 2187 5064 Psalmus

577 5090 686 5156 iste
712 5091 798 5141 est
826 5090 1094 5141 canticum
1121 5088 1392 5158 graduum
1415 5090 1543 5156 hoc,
1580 5094 1643 5145 ut
1661 5095 1921 5164 superius
1950 5101 2184 5168 exponi-

573 5177 692 5229 tur.
717 5174 1000 5231 Canticum
1026 5176 1152 5232 dico
1169 5179 1673 5234 commonitorium
1696 5181 2015 5253 Salomonis,
2032 5187 2186 5242 idest

577 5262 816 5319 mittens
842 5282 946 5319 nos
971 5266 1044 5320 ad
1071 5265 1467 5334 Salomonem,
1512 5268 1695 5323 ﬁlium
1739 5272 1935 5337 David,
1985 5292 2182 5345 regem

574 5353 765 5407 Israel.
799 5354 1153 5409 Adhortatnr
1196 5373 1448 5427 namque
1500 5374 1604 5411 nos
1650 5359 1732 5412 sui
1765 5360 2071 5431 evidentia,
2102 5368 2183 5433 ut,

575 5445 885 5513 postquam
936 5442 1009 5496 ad
1038 5443 1367 5497 libertatem
1395 5446 1841 5515 ascenderimus,
1922 5468 1994 5503 ne
2048 5455 2183 5507 tunc

578 5532 781 5598 postea
813 5547 918 5584 nos
943 5547 1060 5585 non
1091 5547 1259 5601 posse
1299 5532 1538 5587 ulterius
1565 5535 1771 5589 cadere
1803 5538 2180 5610 conﬁdamus,

577 5617 637 5674 et
656 5615 733 5669 sic
761 5615 1154 5675 insolescendo
1166 5619 1465 5689 cedamus;
1489 5620 1627 5679 illud
1648 5641 1877 5701 semper
1905 5627 2183 5687 habentes

2281 1923 2443 1978 Unde
2468 1924 2661 1993 palam
2684 1927 2790 1989 est,
2824 1938 3186 1993 consequens
3212 1936 3405 1975 versus
3428 1919 3624 1991 primo
3658 1919 3794 1972 loco
3827 1916 3893 1969 sic

2282 2011 2654 2082 exponendas
2684 2015 2768 2065 est
2792 2028 2805 2064 :
2828 2009 3033 2065 Dicunt
3062 2008 3319 2079 perfecti,
3341 2007 3437 2078 qui
3458 2008 3549 2061 hic
3573 2009 3894 2076 agunt,au-

2284 2100 2594 2154 ditoribus:
2632 2100 2674 2153 0
2705 2116 2802 2153 vos
2835 2099 3052 2163 ﬁdeles,
3077 2114 3324 2169 quorum
3358 2097 3475 2165 iam
3504 2094 3815 2165 captivitas
3848 2094 3892 2145 in

2284 2190 2609 2243 libertatem
2641 2204 2915 2242 conversa
2953 2191 3059 2251 est,
3106 2202 3335 2257 semper
3373 2185 3443 2238 de
3481 2201 3614 2238 casu
3664 2184 3892 2237 solliciti

2287 2280 2488 2341 estote,
2505 2275 2639 2329 illud
2658 2277 3008 2345 reputantes,
3024 2274 3198 2345 quod,
3217 2288 3318 2343 per
3344 2272 3513 2325 vestri
3534 2270 3889 2335 custodiam,

2288 2366 2637 2436 impotentes
2662 2363 2794 2417 estis
2816 2363 2888 2417 ad
2902 2362 3323 2416 standumJVisi
3332 2360 3489 2414 enim
3501 2361 3780 2415 Dominus
3802 2378 3896 2431 per

2288 2453 2534 2524 gratiam
2565 2451 2882 2505 custodierit
2911 2452 3199 2516 civitatem,
3216 2450 3273 2503 id
3298 2453 3381 2505 est
3408 2464 3895 2519 unumquemque

2286 2540 2607 2612 perfectum
2640 2540 2893 2604 ﬁdelem,
2917 2538 3013 2609 qui
3053 2539 3153 2593 Dei
3181 2538 3374 2592 civitas
3395 2537 3623 2601 dicitur,
3638 2554 3709 2591 eo
3740 2537 3893 2607 quod

2288 2628 2544 2682 abundat
2578 2627 2876 2698 multiplici
2895 2626 3061 2697 copia
3085 2625 3381 2691 virtutum,
3406 2624 3761 2679 sicutcivitas
3792 2626 3895 2677 {re-

2286 2717 2523 2788 quentia
2556 2716 2765 2768 civium
2803 2732 2814 2768 :
2846 2712 3080 2784 fmitra,
3115 2714 3173 2767 id
3212 2717 3300 2767 est
3341 2713 3645 2778 inutiliter,
3686 2712 3889 2780 vigilat,

2286 2804 2343 2859 id
2370 2805 2861 2877 estvigiliratione
2888 2803 3108 2869 nititur,
3154 2802 3489 2873 quicustotlit
3536 2819 3676 2866 cani,
3711 2800 3767 2853 id
3812 2802 3891 2851 est

2287 2894 2610 2965 quicunque
2642 2896 2804 2963 putat
2832 2909 2962 2947 eam
2991 2910 3025 2946 a
3055 2909 3185 2946 casu
3217 2890 3521 2956 custodire,
3554 2890 3673 2944 sive
3699 2890 3769 2943 sit
3799 2890 3890 2941 ali-

2288 2982 2413 3052 quis
2442 2983 2734 3053 prazlatus,
2749 2982 2821 3036 ad
2846 2997 3017 3052 quem
3033 2980 3283 3051 pertinet
3303 2978 3601 3049 invigilare
3619 2978 3887 3032 custodiae

2213 3100 2260 3159 Ο
2288 3071 2672 3136 subditorum,
2707 3070 2819 3123 sive
2842 3070 2913 3124 sit
2958 3070 3082 3140 ipsa
3111 3069 3315 3122 eadem
3348 3067 3562 3121 civitas.
3588 3066 3731 3121 [nde
3759 3082 3888 3119 vero

2289 3161 2510 3214 certum
2541 3161 2628 3213 est
2648 3158 2802 3230 quia,
2837 3157 2944 3212 nisi
2975 3157 3223 3212 Domino
3254 3155 3614 3211 custodiente
3638 3170 3761 3208 non
3790 3170 3889 3223 po-

2288 3250 2400 3303 test
2428 3247 2622 3302 civitas
2647 3246 2944 3307 custodiri,
2972 3244 3550 3317 quoniamimprimis
3571 3245 3678 3296 nisi
3702 3242 3889 3296 Domi-

2289 3354 2389 3390 nus
2441 3336 2783 3405 sediﬁcaverit
2833 3335 3069 3401 domum,
3121 3333 3181 3388 id
3213 3336 3299 3388 est
3348 3332 3456 3386 nisi
3485 3331 3770 3387 Dominus
3795 3347 3893 3402 per

2290 3424 2467 3479 ﬁdem
2498 3427 2555 3479 et
2578 3427 2946 3495 peccatorum
2969 3422 3368 3477 remissionem
3388 3423 3446 3476 et
3469 3420 3711 3474 virtutes
3724 3420 3895 3475 aediﬁ-

2291 3513 2986 3584 caveritunumquemque
3007 3510 3527 3579 ﬁdelem‘domum,
3549 3508 3611 3563 in
3642 3526 3762 3580 qua
3780 3509 3892 3581 ipse

2291 3600 2622 3671 spiritaliter
2640 3599 3014 3664 inhabitaret,
3048 3599 3104 3650 in
3117 3614 3325 3653 vanum
3354 3597 3735 3652 laboraverunt
3762 3614 3895 3669 prae-

2292 3688 2577 3744 dicatores
2608 3687 3003 3760 praedicando,
3045 3688 3140 3758 qui
3169 3686 3354 3740 adhuc
3378 3684 3596 3756 jugiter
3626 3684 3895 3756 adi/itan!

2291 3775 2556 3845 eam,jam
2580 3775 2639 3830 in
2672 3792 2886 3846 magna
2899 3778 3061 3845 parte
3080 3773 3444 3830 aediﬁcatam.
3464 3774 3533 3828 Et
3558 3773 3744 3828 etiam
3772 3774 3894 3845 ipsi-

2292 3866 2416 3917 met
2440 3864 2536 3934 qui
2566 3864 2772 3919 domus
2812 3866 2967 3932 sunt,
3008 3878 3162 3917 nunc
3201 3865 3257 3916 in
3292 3878 3486 3918 vanum
3517 3861 3893 3917 laboraverunt

2290 3951 2446 4007 bono
2478 3952 2637 4023 operi
2668 3952 2946 4019 vacando,
2977 3951 3072 4023 qui
3100 3968 3160 4005 se
3190 3950 3376 4005 adhuc
3394 3950 3616 4020 jugiter
3636 3950 3893 4022 perlibe-

2292 4057 2420 4094 rum
2453 4041 2757 4096 arbitrium
2783 4044 2839 4096 et
2866 4057 3010 4112 Opus
3035 4040 3257 4095 bonum
3289 4041 3404 4095 Deo
3432 4039 3677 4093 domum
3721 4040 3893 4094 aediﬁ-

2291 4132 2443 4182 cant.
2480 4129 2644 4192 Quod
2667 4132 2752 4182 est
2774 4130 2963 4187 dicere
2988 4146 3000 4183 :
3027 4129 3150 4183 Non
3182 4128 3369 4199 potuit
3385 4127 3596 4182 domus
3627 4127 3891 4181 aediﬁcari

2291 4216 2399 4270 nisi
2429 4219 2675 4272 Domino
2707 4218 3047 4273 aediﬁcante.

2362 4306 2649 4369 Quoniam
2694 4307 2888 4377 igitur,
2914 4324 2947 4361 0
2984 4308 3304 4373 auditores,
3352 4305 3485 4359 licet
3530 4304 3737 4361 civitas
3761 4306 3892 4366 sitis,

2289 4394 2432 4449 adeo
2466 4400 2660 4450 tamen
2688 4396 2905 4450 debiles
2935 4397 3066 4451 estis
3108 4400 3171 4450 ut
3203 4412 3317 4449 non
3350 4393 3575 4464 possitis
3605 4397 3769 4448 stare
3797 4395 3895 4448 nisi

2288 4483 2536 4538 Domino
2551 4483 2908 4539 custodiente
2924 4489 3174 4557 (semper
3200 4484 3361 4538 enim
3376 4482 3467 4536 hic
3488 4482 3659 4553 proni
3674 4483 3818 4536 estis
3832 4482 3893 4535 ad

2288 4574 2524 4644 casum),
2540 4591 2734 4629 vanum
2766 4581 2840 4628 est
2864 4575 3007 4629 vobis
3027 4582 3150 4630 ante
3167 4575 3354 4639 lucem,
3383 4573 3440 4627 id
3456 4574 3541 4626 est
3555 4576 3696 4625 ante
3723 4574 3892 4626 aliam

2286 4660 2488 4727 vitam,
2521 4678 2650 4732 quae
2682 4661 2996 4716 diciturlux
3019 4679 3123 4733 per
3141 4659 3609 4716 antonomasiam
3637 4676 3710 4714 eo
3745 4658 3891 4731 quod
3978 4658 3979 4695 ξ

2286 4748 2345 4801 in
2377 4766 2445 4804 ea
2475 4750 2730 4820 perfecta
2759 4751 2867 4804 erit
2891 4750 3257 4816 illuminatio,
3288 4764 3500 4817 surgere
3526 4746 3584 4800 in
3600 4748 3890 4801 conﬁden-

2287 4837 2425 4891 tiam
2460 4855 2578 4892 non
2611 4838 2877 4893 cadendi.
2907 4840 2983 4893 De
3014 4837 3398 4893 sollicitudine
3416 4835 3662 4889 cadendi
3691 4834 3757 4888 in
3788 4852 3888 4905 qua

2287 4925 2506 4979 debetis
2525 4926 2616 4979 hic
2632 4944 2753 4980 sem
2762 4944 2865 4998 per
2879 4926 3168 4981 humiliari
3187 4942 3201 4991 ;
3224 4925 3323 4979 sed
3336 4931 3621 4996 postquam
3637 4922 3886 4977 saleritis.

2287 5014 2344 5067 id
2376 5018 2469 5067 est
2498 5017 2807 5085 postquam
2828 5016 2887 5069 in
2925 5016 3033 5070 hac
3062 5016 3176 5068 vita
3204 5014 3437 5067 ﬁnietur
3472 5012 3647 5066 sessio
3685 5015 3888 5069 vestra.

2290 5103 2345 5156 id
2377 5106 2463 5157 est
2492 5102 2819 5159 lmmiliatio
2862 5108 3048 5159 vestra
3080 5121 3091 5158 :
3128 5102 3412 5157 humiliati
3445 5100 3603 5155 enim
3638 5100 3780 5154 estis
3804 5101 3889 5153 hic

2288 5189 2641 5243 mortalitate
2657 5194 2713 5243 et
2743 5191 3139 5260 passibilitate,
3175 5206 3301 5260 qua:
3340 5188 3525 5242 adhuc
3557 5190 3693 5240 sunt
3725 5204 3887 5258 paena

2286 5280 2523 5348 peccati,
2548 5280 2891 5348 postﬁnem,
2921 5280 3180 5350 inquam,
3203 5276 3801 5346 sessionis,pastquam
3822 5274 3885 5327 ad

2288 5367 2699 5421 exultationem
2719 5368 3171 5422 immortalitatis
3206 5370 3263 5421 et
3295 5363 3771 5437 impassibililatis
3800 5380 3887 5415 ve-

2286 5455 2476 5521 nietis,
2498 5459 2632 5510 tunc
2655 5457 2893 5511 tandem
2910 5460 3113 5527 surgite
3134 5457 3204 5510 de
3222 5453 3607 5509 sollicitudine
3626 5453 3701 5507 ad
3718 5452 3888 5507 conﬁ-

2283 5544 2568 5601 dentiam.
2586 5546 2743 5599 Tunc
2762 5546 2920 5599 enim
2943 5546 3098 5600 dono
3120 5543 3319 5616 gratiae
3342 5542 3551 5597 divino:
3565 5542 3643 5595 sic
3673 5540 3887 5596 conﬁr-

2284 5632 2590 5689 mabimini
2613 5634 2920 5690 etulterius
2940 5634 3146 5691 cadere
3166 5648 3285 5689 non
3302 5630 3555 5707 possitis.
3571 5628 3762 5686 Sessio
3786 5645 3884 5705 pro
