4016 6030
181 262 326 334 l329

1123 265 1484 333 axrosmo
1519 272 1589 332 IN
1626 269 1962 334 pSALuos.
1999 304 2068 321 --
2104 269 2299 335 PSAL.
2339 258 2560 335 cxxvu

3355 265 3494 342 nso

175 389 566 451 humilatione
592 390 846 466 penitur,
877 407 945 450 eo
977 389 1135 466 quod
1165 393 1429 450 sedentes
1451 393 1700 452 humiles
1727 399 1787 452 et
1811 398 1864 460 Α
1889 397 2010 454 tem
2039 395 2238 454 fideles
2247 396 2376 470 jam
2392 395 2558 454 liberi
2582 395 2736 469 facti,
2763 396 2934 457 validi
2955 415 3077 458 esse
3101 399 3490 474 comproban-

177 482 289 538 imi
319 485 452 538 sunt
473 498 737 558 corpore,
767 485 1049 555 quantum
1079 483 1153 538 ad
1197 484 1455 556 corporis
1499 485 1785 540 habitudi-

178 587 344 626 nem.
377 571 507 639 Vos,
541 571 802 644 inquam,
821 578 1110 644 postquam
1141 573 1400 642 sederitis,
1439 575 1658 644 surgite,
1692 575 1792 646 qui

176 661 276 715 hic
304 660 640 717 manducatis
675 679 870 733 panem
897 662 1111 729 doloris,
1144 661 1204 716 id
1229 666 1314 716 est
1357 661 1454 734 qui
1483 661 1575 716 hic
1601 662 1788 716 reﬁci-

176 749 330 805 mini
362 749 562 804 dolore
586 749 808 821 jugiter
834 754 894 804 ut
926 767 1097 823 pane,
1131 749 1346 805 scilicet
1369 749 1792 822 quibusjucun-

177 838 256 893 da
283 837 522 892 refectio
555 841 641 892 est
674 839 872 894 dolore
903 839 994 893 hic
1021 840 1092 894 de
1115 839 1360 910 peccatis
1377 838 1618 910 jugiter,
1647 838 1793 892 sicut

171 926 345 998 panis
365 925 626 997 jucunda
665 927 902 982 refectio
948 930 1034 982 est
1086 932 1144 981 et
1191 927 1436 983 assidua.
1483 927 1643 981 Unde
1677 929 1790 982 Do-

176 1015 406 1070 minus:
432 1035 460 1065 «
488 1015 644 1070 Beati
666 1016 762 1088 qui
781 1031 934 1069 nunc
949 1015 1118 1082 ﬂetis,
1141 1015 1276 1087 quia
1297 1015 1555 1070 ridebitis
1572 1014 1788 1081 {Luc.v,

177 1101 296 1177 2t).
329 1125 359 1153 ››
392 1103 754 1160 Determinat
801 1108 997 1158 autem
1057 1103 1290 1175 quando
1348 1120 1604 1174 surgent,
1645 1103 1724 1156 sic
1775 1118 1788 1156 :

174 1192 422 1263 Surgite,
447 1193 710 1264 inquam,
734 1199 1018 1264 postquam
1040 1193 1294 1246 sederatis.
1321 1193 1480 1246 Tunc
1507 1195 1703 1246 autem
1723 1191 1790 1246 il-

176 1283 284 1337 lud
313 1283 424 1336 erit
444 1281 599 1353 quod
625 1281 890 1353 surgetis,
919 1298 1044 1337 cum
1085 1281 1350 1334 Dominus
1377 1280 1578 1335 dederit
1607 1279 1792 1334 omni-

174 1371 291 1426 bus
321 1370 522 1424 dilectis
541 1371 647 1424 suis
671 1388 936 1438 somnum,
959 1371 1018 1425 id
1053 1373 1140 1424 est
1183 1369 1445 1442 requiem
1487 1372 1790 1436 aeternam,

181 1475 314 1531 quas
347 1475 453 1530 per
477 1475 748 1514 somnum
790 1459 1087 1530 accipitur,
1133 1475 1200 1513 eo
1243 1459 1399 1530 quod
1442 1457 1709 1512 homines
1733 1457 1792 1511 in

181 1550 454 1619 tempore
477 1548 664 1602 somni
692 1547 1012 1619 quiescunt.
1055 1549 1136 1602 Ne
1163 1563 1297 1601 vero
1328 1547 1556 1618 requies
1585 1546 1683 1600 illa
1712 1545 1796 1599 ni-

182 1635 300 1690 mis
345 1635 638 1691 videretur
683 1653 803 1690 esse
847 1636 1188 1702 differenda,
1222 1635 1296 1689 ad
1338 1635 1794 1689 consolationem

183 1724 643 1796 exspectantium
677 1725 837 1779 addit
885 1725 965 1779 sic
1011 1741 1024 1779 :

179 1817 295 1869 suis
316 1830 581 1881 somnum,
615 1812 673 1867 id
695 1815 780 1868 est
803 1813 1088 1884 requiem.
1124 1811 1262 1875 Quae
1293 1811 1520 1882 requies
1550 1827 1666 1865 non
1699 1811 1796 1865 diu

184 1902 506 1968 differetur,
542 1901 642 1956 sed
672 1918 785 1955 ecce
813 1904 943 1972 post
972 1902 1144 1956 breve
1171 1903 1400 1971 tempus
1429 1899 1657 1954 dabitur
1695 1900 1799 1953 has-

183 1991 383 2044 reditas
410 1991 654 2055 Domini,
687 1989 746 2044 id
775 1993 861 2044 est
884 1989 1122 2044 indilate
1154 1989 1313 2044 dabit
1360 1987 1638 2042 Dominus
1666 2002 1795 2058 per-

182 2078 579 2134 severantibus
607 2077 869 2149 requiem
899 2077 1058 2132 illam
1097 2075 1465 2132 haereditario
1509 2075 1640 2146 jure
1673 2090 1801 2144 pos-

187 2166 519 2221 sidendam.
554 2165 717 2221 Unde
748 2166 806 2220 in
825 2166 1168 2237 Apocalypsi
1199 2183 1212 2220 :
1242 2187 1268 2216 ‹‹
1300 2165 1498 2220 Adhuc
1523 2163 1798 2217 sustinete

185 2255 484 2310 modicum
513 2259 762 2326 tempus,
795 2255 978 2310 donec
1011 2255 1323 2326 impleatur
1373 2267 1650 2307 numerus
1681 2251 1798 2306 fra-

185 2346 345 2398 trum
398 2345 844 2416 [conservorum]
887 2347 1211 2399 vestrorum
1250 2343 1448 2414 (Apoc.
1499 2358 1570 2407 v1,
1628 2344 1730 2411 Il).
1769 2361 1796 2388 »

183 2433 333 2488 Illud
363 2449 576 2504 nempe
626 2437 780 2488 recte
821 2433 1014 2499 breve,
1050 2436 1108 2486 et
1152 2431 1449 2486 modicum
1483 2429 1795 2501 judicatur,

189 2522 348 2593 quod
373 2521 722 2594 quandoque
753 2520 868 2576 ﬁne
903 2521 1292 2576 claudendum
1319 2522 1424 2573 est.

263 2610 624 2665 Determinat
647 2625 780 2664 vero
807 2609 878 2664 de
895 2625 1008 2681 quo
1031 2608 1280 2664 Domino
1301 2607 1473 2674 dicat,
1497 2605 1576 2660 sic
1600 2623 1612 2660 :
1635 2597 1794 2674 Ecce,

191 2698 454 2770 inquam,
483 2697 761 2752 hereditas
778 2698 1025 2764 Domini,
1059 2696 1274 2751 scilicet
1303 2711 1433 2750 ecce
1463 2711 1654 2749 merces
1676 2695 1797 2763 ﬁlii,

193 2785 677 2853 antonomastice,
711 2785 771 2840 id
801 2789 887 2840 est
911 2801 1042 2840 ecce
1072 2784 1382 2838 hereditas
1410 2783 1510 2836 illa
1535 2799 1662 2855 quae
1693 2783 1802 2836 erit

197 2892 439 2941 merces,
473 2891 647 2946 quam
676 2874 956 2929 Dominus
985 2873 1156 2927 Filius
1175 2873 1412 2928 daturus
1429 2875 1516 2926 est
1544 2870 1802 2942 legitime

197 2963 570 3030 certantibus,
615 2963 704 3016 vel
757 2979 885 3034 quae
935 2959 1243 3056 haereditas
1283 2962 1627 3056 est-merces
1657 2957 1802 3022 Filii,
1828 2996 1876 3056 Ο

197 3052 412 3108 scilicet
437 3069 612 3123 quam
641 3051 762 3122 ipse
784 3051 956 3105 Filius
985 3047 1351 3104 haereditario
1377 3048 1508 3118 jure
1524 3047 1652 3117 jam
1683 3063 1808 3118 pos-

199 3143 368 3198 sidet.
397 3141 758 3196 Determinat
787 3156 1015 3211 quoque
1055 3139 1126 3193 de
1158 3154 1271 3210 quo
1306 3137 1422 3191 tilio
1464 3135 1636 3202 dicat,
1687 3136 1801 3192 sic:

199 3231 321 3286 Filii
343 3230 490 3298 dico,
518 3231 730 3299 fructus
757 3231 950 3286 ventris
979 3226 1274 3298 virginalis
1318 3225 1632 3291 existentis,
1666 3224 1809 3279 scili-

200 3325 290 3375 cet
320 3319 416 3392 qui
443 3319 611 3387 illius,
641 3318 712 3372 de
744 3316 1089 3372 beatissima:
1111 3315 1299 3371 Mariae
1325 3313 1590 3386 virginali
1610 3316 1808 3368 ventre

200 3405 602 3478 progrediens,
637 3404 811 3475 ipsius
840 3403 1089 3474 Virginis
1133 3407 1188 3458 et
1227 3403 1401 3457 totius
1427 3401 1660 3478 generis
1701 3403 1808 3456 hu-

200 3475 361 3550 mani
385 3495 616 3563 fructus,
660 3492 719 3546 id
768 3495 854 3546 est
895 3491 1106 3547 utilitas
1151 3491 1384 3546 exstitit.
1645 3490 1810 3553 Quod

203 3600 341 3638 sane
374 3581 582 3636 mulier
612 3581 708 3636 illa
731 3581 1019 3651 cognovit,
1048 3597 1176 3651 quae
1197 3579 1476 3634 extollens
1500 3595 1698 3632 vocem
1738 3578 1809 3632 de

202 3671 372 3726 turba
409 3687 422 3724 :
457 3693 484 3719 ‹‹
522 3670 745 3735 Beatus,
797 3667 1004 3739 inquit,
1055 3670 1258 3722 venter
1307 3665 1404 3738 qui
1453 3669 1509 3720 te
1562 3665 1811 3736 portavit

205 3759 358 3831 (Luc.
388 3775 464 3824 χι,
497 3757 608 3826 ‘27).
642 3778 670 3806 n
703 3757 970 3811 Fructum
1021 3755 1234 3828 quippe
1294 3755 1432 3809 illud
1492 3754 1646 3825 quod
1675 3753 1810 3807 utile

207 3851 292 3902 est
322 3863 524 3901 vocare
551 3845 977 3900 consuevimus.

279 3935 561 4000 Quoniam
589 3937 780 3988 autem
809 3933 1007 3988 fideles
1025 3933 1154 4003 jam
1198 3931 1256 3986 in
1305 3932 1632 3986 libertatem
1672 3947 1810 3984 con-

207 4039 398 4079 versos
426 4023 850 4088 bumiliaverat,
880 4021 1124 4075 dicendo
1149 4037 1162 4074 :
1195 4019 1325 4074 Nisi
1341 4020 1603 4075 Dominus
1638 4025 1810 4074 custo-

206 4113 390 4180 dierit,
416 4116 474 4167 et
495 4129 696 4168 vanum
745 4118 820 4166 est
865 4111 1028 4177 vobis,
1061 4112 1194 4176 etc.,
1225 4127 1297 4165 ne
1339 4109 1477 4164 viles
1505 4109 1636 4164 ideo
1665 4108 1816 4163 vide-

210 4205 432 4264 rentur,
482 4218 581 4256 eos
627 4203 800 4256 etiam
859 4199 1273 4254 commendare
1344 4197 1596 4253 intendit
1665 4197 1744 4252 sic
1797 4213 1810 4251 :

1889 490 2002 554 tur,
2036 488 2170 560 quia
2192 488 2297 558 ﬁlii
2321 504 2660 545 excussorum
2685 490 2836 558 sunt,
2859 490 2960 546 sed
2987 507 3090 562 per
3119 491 3230 548 hoc
3259 507 3490 565 quoque

1891 573 2165 645 quoniam
2197 591 2328 629 cum
2359 575 2464 647 ipsi
2507 575 2623 631 sint
2659 577 2766 645 ﬁlii
2809 594 3168 644 excussarum,
3205 579 3383 634 beatus
3412 581 3497 634 vir

1891 661 1983 716 ille
2015 665 2072 716 et
2101 663 2191 717 hic
2221 667 2280 718 et
2307 663 2367 718 in
2389 665 2604 732 futuro,
2632 667 2727 738 qui
2745 666 2976 736 implebit
2994 667 3496 738 operedesideri-um

1889 767 2044 804 suum
2075 769 2138 805 ex
2166 754 2312 822 ipsis,
2342 769 2448 822 per
2475 755 2805 826 exemplum
2841 759 2899 810 et
2927 755 3253 810 doctrinam
3293 772 3497 829 accep-

1891 843 2038 907 tum,
2065 841 2402 908 desiderium,
2425 841 2636 915 scilicet
2664 843 2813 898 bene
2835 843 3138 915 cperandi.
3163 843 3308 898 Cum
3334 843 3496 900 enim

1891 928 2075 982 virum
2105 929 2257 983 hunc
2288 946 2392 1000 per
2417 913 2515 984 eos
2567 931 2792 986 constet
2843 913 2964 986 esse
3005 931 3262 999 beatum,
3294 931 3498 1003 procul

1892 1015 2064 1071 dubio
2095 1017 2381 1088 praacipue
2408 1019 2601 1089 palam
2625 1021 2710 1072 est
2741 1019 2868 1074 illos
2897 1037 3016 1074 esse
3049 1021 3266 1076 beatos.
3290 1021 3354 1075 In
3384 1021 3495 1075 hoc

1891 1109 2083 1160 autem
2110 1105 2412 1177 apparebit
2441 1107 2525 1160 vir
2549 1107 2644 1161 ille
2669 1107 2889 1174 beatus,
2925 1108 3060 1180 quia
3075 1125 3182 1162 non
3211 1109 3498 1179 confunde-

1894 1201 2002 1259 tur,
2035 1193 2093 1248 id
2123 1198 2211 1248 est
2241 1210 2357 1250 non
2385 1195 2683 1250 erubescet
2711 1200 3030 1268 superatus,
3060 1213 3179 1250 cum
3201 1196 3497 1268 disputan-

1893 1281 1965 1335 do
1993 1281 2234 1352 loquetur
2289 1283 2515 1336 inimicis
2564 1285 2687 1349 suis,
2742 1283 3073 1339 inﬁdelibus
3103 1288 3161 1340 et
3189 1283 3495 1352 haereticis,

1891 1371 1952 1424 in
1970 1377 2152 1440 porta,
2186 1369 2246 1424 id
2275 1373 2360 1424 est
2387 1370 2446 1424 in
2470 1370 2800 1426 manifesto.
2837 1372 3000 1436 Quod
3031 1389 3167 1428 sane
3197 1389 3302 1444 per
3346 1375 3496 1428 hanc

1895 1458 2242 1530 positionem
2272 1457 2635 1530 intelligitur,
2669 1476 2796 1532 qua:
2825 1463 2909 1514 est
2957 1478 3012 1514 ιη
3027 1467 3212 1532 porta,
3243 1477 3312 1515 eo
3341 1460 3496 1532 quod

1895 1547 1952 1601 in
1978 1547 2158 1617 portis
2186 1547 2481 1602 civitatum
2529 1547 2838 1602 manifesta
2872 1547 3094 1618 judicia
3131 1549 3277 1604 cives
3307 1548 3499 1604 facere

1895 1639 2336 1699 consueverunt,
2368 1637 2454 1690 vel
2481 1635 2560 1691 sic
2613 1653 2624 1692 :
2677 1634 2816 1692 Cum
2857 1637 3102 1708 loquetur
3136 1637 3364 1692 inimicis
3391 1639 3501 1691 suis

1080 1723 1270 1783 Dabit.
1311 1723 1552 1794 inquam
1591 1723 1797 1778 dilectis
1820 1719 1871 1776 B
1895 1724 2243 1796 disputando
2271 1727 2325 1777 in
2349 1730 2531 1796 porta,
2561 1725 2620 1780 id
2657 1728 2742 1780 est
2795 1725 2938 1780 sicut
2991 1742 3108 1780 non
3141 1725 3258 1780 sint
3281 1723 3501 1779 inimici

1895 1816 2055 1866 extra
2083 1815 2331 1882 portam,
2361 1813 2463 1867 sed
2504 1817 2568 1868 ut
2608 1813 2722 1868 sint
2756 1815 2813 1868 in
2833 1820 3017 1884 porta,
3050 1813 3109 1870 id
3153 1817 3239 1870 est
3287 1813 3346 1868 in
3385 1811 3502 1869 fide

1895 1917 2022 1972 quas
2052 1903 2219 1971 porta
2250 1903 2334 1954 est
2357 1904 2415 1955 et
2442 1901 2735 1972 ingressus
2760 1901 2833 1956 ad
2865 1907 3100 1958 caeteras
3139 1902 3392 1957 virtutes.

2342 1989 2409 2042 IN
2443 1989 2765 2044 PSALMUM
2794 1990 3032 2045 CXXVII.

1964 2075 2181 2131 Titulus
2193 2075 2494 2131 centesimi
2523 2077 2776 2132 vicesimi
2803 2077 3054 2150 septimi.
3073 2075 3360 2133 Canticum
3378 2095 3502 2147 gra-

1897 2164 2082 2219 duum.
2113 2164 2352 2220 Ostenso
2380 2165 2510 2232 hoc,
2544 2167 2720 2237 quod,
2772 2167 2880 2221 nisi
2911 2166 3191 2222 Dominus
3220 2166 3504 2223 custodie-

1897 2253 1975 2308 rit
1994 2253 2308 2321 civitatein,
2325 2254 2535 2309 frustra
2562 2255 2758 2326 vigilat
2773 2255 2870 2328 qui
2891 2256 3138 2312 custodit
3173 2272 3325 2325 eam,
3347 2255 3502 2312 unde

1899 2340 2217 2397 sollicitudo
2250 2342 2493 2398 cadendi
2515 2343 2653 2398 oriri
2679 2343 2869 2411 debet,
2893 2361 3020 2418 quae
3043 2347 3269 2400 octavus
3290 2344 3505 2417 gradus

1901 2433 2004 2495 est,
2039 2429 2108 2484 de
2138 2445 2294 2485 nono
2325 2431 2509 2501 gradu
2558 2431 2618 2486 in
2676 2433 2938 2504 sequenti
2991 2434 3211 2504 psalmo
3265 2429 3505 2505 perfecti
3613 2439 3624 2450 '

1900 2521 2100 2590 agunt,
2127 2519 2223 2590 qui
2255 2520 2382 2574 talis
2413 2524 2518 2588 est,
2550 2520 2756 2574 timere
2786 2521 3000 2577 scilicet
3040 2521 3354 2578 Dominum
3390 2537 3507 2576 cas-

1899 2612 1958 2662 to
1989 2607 2223 2675 timore,
2255 2607 2315 2664 id
2340 2612 2429 2663 est
2465 2625 2599 2664 eum
2651 2609 2890 2681 diligere
2921 2611 3018 2678 sic,
3061 2614 3124 2666 ut
3155 2610 3414 2666 timendo
3445 2609 3506 2665 in

1899 2695 2006 2750 viis
2037 2696 2159 2766 ejus
2186 2697 2538 2752 ambuletur.
2569 2696 2674 2761 Qui
2705 2699 2986 2754 nimirum
3016 2699 3196 2754 timor
3223 2717 3292 2754 ea
3317 2697 3504 2754 consi-

1903 2785 2202 2838 deratione
2230 2785 2530 2839 habendus
2559 2788 2664 2850 est,
2695 2787 2850 2856 quod
2879 2787 3066 2842 nullus
3108 2790 3258 2842 stare
3295 2783 3505 2857 potest,

1903 2871 2011 2925 nisi
2030 2872 2274 2927 Domino
2287 2871 2662 2927 custodiente.
2683 2872 2769 2926 Ad
2782 2889 2955 2944 quem
2986 2874 3210 2930 timoris
3235 2873 3504 2944 gradum,

1905 2960 2142 3030 perfecti
2175 2960 2272 3032 qui
2302 2960 2360 3023 in
2400 2962 2508 3015 hoc
2533 2963 2756 3032 psalmo
2801 2965 2980 3033 agunt
3025 2961 3315 3018 auditores
3361 2961 3510 3016 invi-

1907 3050 2054 3116 tant;
2073 3048 2430 3123 ostendendo
2445 3051 2502 3102 et
2521 3049 2612 3102 hic
2639 3052 2696 3103 et
2725 3049 2784 3104 in
2809 3049 2996 3104 futuro
3023 3050 3221 3104 beatos
3240 3065 3362 3104 esse
3383 3049 3511 3104 illos

1909 3136 2005 3209 qui
2023 3135 2230 3190 timent
2247 3135 2582 3192 Dominum.
2608 3137 2936 3192 Notandum
2955 3141 3147 3192 autem
3161 3138 3315 3210 quod
3329 3137 3434 3192 etsi
3450 3137 3510 3192 in

1909 3226 2100 3296 aliquo
2138 3225 2384 3281 aliorum
2419 3227 2707 3298 graduum
2733 3224 3094 3296 superiorum
3127 3227 3312 3281 castus
3337 3225 3513 3280 timor

1911 3313 2088 3384 accipi
2109 3314 2313 3384 potuit,
2335 3315 2394 3368 in
2418 3315 2527 3369 hoc
2549 3319 2743 3370 tamen
2765 3315 2975 3381 diti'ert,
3015 3313 3289 3386 quoniam
3321 3313 3415 3368 hic
3445 3312 3513 3367 ti-

1910 3419 2040 3456 mor
2069 3402 2162 3456 ille
2191 3403 2486 3474 accipitur,
2515 3401 2610 3474 qui
2651 3419 2722 3457 ea
2762 3403 3010 3457 habetur
3046 3401 3512 3457 consideratione

1909 3492 2066 3563 quod
2090 3492 2276 3546 nullus
2307 3495 2493 3562 potest
2521 3494 2670 3545 stare
2704 3490 2809 3545 nisi
2840 3489 3084 3545 Domino
3124 3490 3508 3545 custodiente.

1979 3579 2144 3633 Beati
2168 3595 2362 3646 cautes,
2396 3586 2454 3633 et
2484 3579 2574 3633 hic
2605 3579 2737 3634 etin
2761 3579 2978 3643 futuro,
3001 3579 3094 3648 qui
3112 3579 3300 3632 timent
3329 3578 3513 3632 Domi-

1910 3685 2036 3720 num
2052 3685 2068 3730 ;
2087 3684 2152 3721 ac
2164 3666 2374 3722 sidicat
2393 3685 2404 3721 :
2427 3665 2930 3736 Quandoquidem,
2945 3667 3007 3718 ut
3026 3665 3085 3718 in
3100 3663 3278 3735 priori
3291 3665 3513 3736 psalmo

1911 3757 2128 3812 dictum
2157 3758 2262 3823 cst,
2296 3756 2482 3810 nullus
2509 3757 2696 3828 potest
2725 3757 2876 3809 stare
2908 3753 3013 3808 nisi
3053 3752 3300 3808 Domino
3323 3753 3511 3808 custo-

1911 3845 2262 3911 diente,vos,
2286 3843 2383 3916 qui
2403 3843 2529 3914 jam
2567 3843 2638 3898 ad
2669 3843 2778 3897 hoc
2811 3840 3167 3904 ascendistis,
3202 3843 3263 3895 ut
3296 3855 3511 3910 cogno-

1911 3933 2080 3986 scatis
2098 3934 2318 3987 nullum
2341 3947 2506 4002 posse
2527 3935 2677 3986 stare
2695 3930 2881 3998 aliter,
2918 3931 3024 3984 hac
3055 3925 3516 3984 consideratione

1914 4021 2114 4076 timete
2133 4020 2446 4076 Dominum
2477 4023 2632 4074 casto
2650 4019 2881 4086 timore,
2901 4019 2960 4074 id
2989 4021 3075 4073 est
3113 4017 3331 4088 diligite
3353 4033 3513 4071 eum.

1913 4108 2076 4164 Beati
2099 4109 2252 4164 cnim
2279 4125 2455 4162 omnes
2486 4110 2543 4162 et
2567 4105 2660 4162 hic
2685 4108 2741 4161 et
2771 4105 2830 4161 in
2857 4106 3052 4160 futuro
3081 4106 3177 4177 qui
3189 4106 3374 4159 timent
3396 4104 3517 4160 Do-

1914 4201 2141 4266 minum,
2175 4202 2233 4252 et
2272 4197 2376 4262 illi,
2417 4195 2676 4268 inquam,
2699 4197 2794 4268 qui
2821 4195 2900 4250 sic
2929 4211 3064 4250 eum
3091 4193 3320 4259 timent,
3359 4192 3515 4264 quod

211 4289 478 4355 Quamvis
509 4289 755 4344 dixerim
797 4305 992 4342 vanum
1039 4304 1162 4341 esse
1203 4304 1414 4356 surgere
1456 4292 1578 4340 ante
1626 4287 1810 4353 lucem,
1836 4279 1888 4338 D
1913 4287 2219 4342 existentes
2239 4288 2293 4338 in
2313 4287 2410 4341 viis
2435 4285 2566 4356 ejus,
2605 4284 2663 4338 id
2701 4287 2786 4338 est
2827 4283 2886 4338 in
2913 4281 3214 4354 praeceptis
3237 4281 3360 4350 ejus
3387 4295 3516 4350 quas

209 4379 406 4434 fideles
435 4377 563 4432 illos
594 4392 842 4449 quorum
873 4375 1170 4446 captivitas
1199 4391 1473 4428 conversa
1494 4378 1578 4428 est
1597 4375 1722 4444 jam
1753 4374 1812 4428 in

209 4467 557 4531 libertatem,
587 4468 783 4520 tamen
804 4479 921 4518 non
953 4462 1167 4516 idcirco
1184 4461 1316 4516 viles
1329 4477 1449 4515 esse
1455 4460 1810 4532 judicentur.

279 4553 794 4623 Namsicutsagitta:
824 4553 879 4604 in
913 4568 1078 4604 manu
1099 4551 1348 4620 potentis,
1369 4549 1426 4602 id
1443 4551 1528 4601 est
1548 4547 1608 4601 in
1634 4565 1814 4602 manu

211 4641 431 4696 robusti
459 4641 742 4712 sagittarii
769 4640 1028 4695 efﬁcaces
1059 4641 1192 4693 sunt
1221 4639 1294 4692 ad
1317 4635 1811 4703 interﬁciendum;

215 4732 288 4783 ita
318 4729 422 4797 ﬁlii
447 4746 815 4792 exc-asserum;
847 4729 906 4782 id
930 4731 1016 4782 est
1035 4727 1232 4782 fideles
1263 4726 1353 4780 isti
1376 4725 1685 4780 existentes
1714 4724 1816 4780 filii
1840 4751 1844 4754 ι

215 4817 610 4886 apostolorum
662 4816 832 4870 validi
881 4819 1015 4870 sunt
1063 4815 1137 4870 ad
1185 4814 1592 4888 perimendum
1633 4814 1819 4868 malos

216 4901 626 4975 praedicatione
671 4921 790 4971 sua,
820 4904 877 4959 in
909 4905 1016 4960 hoc
1061 4904 1215 4974 quod
1257 4903 1396 4956 mali
1427 4906 1576 4957 sunt.
1613 4903 1817 4956 Excus-

217 5007 368 5044 sores
401 4990 612 5062 quippe
643 4993 886 5064 apostoli
925 5008 1176 5062 congrue
1226 4991 1513 5057 dicuntur,
1547 5008 1614 5044 eo
1665 4989 1820 5061 quod

215 5079 629 5150 praedicatione
661 5097 760 5134 sua
785 5080 979 5136 fideles
1009 5097 1074 5134 ex
1107 5095 1207 5133 ore
1241 5080 1450 5134 diaboli
1499 5080 1619 5151 lupi
1660 5093 1822 5149 rapa-

217 5169 424 5225 cissimi
455 5171 513 5224 et
542 5185 576 5223 a
599 5185 784 5224 massa
807 5169 1166 5241 perditorum
1183 5170 1570 5234 excusserunt,
1603 5185 1636 5221 a
1663 5165 1820 5220 simi-

219 5257 460 5314 litudine
492 5257 740 5312 militum
769 5259 1157 5321 strenuorum,
1190 5255 1308 5326 qui,
1335 5272 1440 5327 per
1464 5255 1822 5322 violentiam,

221 5345 477 5418 praedam
510 5345 584 5400 ab
624 5345 885 5400 hostibus
933 5335 1226 5398 excutiunt
1260 5345 1318 5398 et
1365 5360 1399 5397 a
1451 5341 1825 5397 similitudine

222 5449 564 5502 messorum,
599 5433 697 5506 qui
727 5434 894 5504 vulgo
913 5432 1182 5488 dicuntur
1203 5447 1549 5498 excussores,
1570 5447 1638 5485 eo
1671 5430 1828 5502 quod

225 5537 407 5592 grana
437 5539 471 5578 a
494 5522 674 5596 paleis
694 5521 1027 5578 verberibus
1053 5519 1362 5576 excutiant.
1379 5519 1505 5575 Non
1517 5520 1704 5575 solum
1726 5535 1826 5575 au-

1913 4379 2047 4430 sunt
2066 4375 2169 4430 vise
2188 4374 2261 4428 ad
2277 4373 2476 4440 vitam,
2499 4373 2794 4438 ambulant,
2829 4371 2886 4424 id
2913 4373 2998 4424 est
3027 4367 3442 4439 promoventur
3456 4365 3516 4420 in

1911 4463 2064 4532 ipsas
2078 4462 2214 4526 vias,
2241 4461 2589 4530 complendo
2613 4476 2709 4512 eas
2724 4457 3182 4527 perseveranter.
3226 4453 3384 4509 Facit
3414 4469 3516 4508 au-

1915 4553 2033 4604 tem
2045 4533 2274 4618 apostfo
2282 4548 2456 4616 pham
2475 4545 2545 4598 ad
2561 4561 2734 4616 quem
2745 4545 2878 4598 libet
2891 4543 3146 4614 ipsorum
3159 4543 3516 4610 auditorum,

1916 4640 1978 4691 ut
2010 4635 2196 4704 magis
2226 4649 2357 4688 eum
2376 4632 2573 4686 incitet
2591 4631 2663 4686 ad
2681 4632 2831 4686 hunc
2849 4631 3140 4699 timorem,
3157 4631 3518 4686 ostendendo

1917 4738 2044 4794 qum
2062 4719 2274 4774 utilitas
2289 4719 2347 4772 in
2367 4719 2560 4772 futuro
2584 4719 2641 4771 et
2655 4717 2826 4786 hicjex
2843 4716 2952 4772 isto
2967 4717 3179 4772 timore
3193 4717 3516 4788 continget.
3623 4725 3625 4727 ’

1918 4811 2053 4864 Dico
2085 4809 2241 4880 quod
2270 4808 2408 4862 beati
2431 4823 2609 4860 omnes
2631 4807 2731 4880 qui
2764 4809 2947 4862 timent
2981 4806 3295 4860 Dominum.
3331 4804 3399 4857 Et
3433 4819 3522 4858 ec-

1918 4915 1982 4952 ce
2009 4878 2181 4969 quam
2208 4895 2627 4950 beatitudinem
2659 4878 2718 4948 in
2745 4895 2939 4950 futuro
2970 4897 3028 4948 et
3069 4893 3161 4947 hic
3191 4890 3430 4946 habebis
3455 4893 3518 4944 tu

1921 4985 2270 5058 quicunque,
2292 4984 2334 5038 si
2367 5002 2499 5039 cum
2533 4983 2814 5038 timueris.
2842 4982 2984 5035 Vere
3012 4981 3105 5034 hic
3124 4981 3302 5033 beatus
3326 4995 3378 5033 es
3391 4977 3521 5048 jam

1921 5091 2042 5146 spe,
2075 5077 2132 5128 et
2160 5073 2219 5128 in
2253 5073 2444 5128 futuro
2479 5073 2602 5126 bene
2631 5072 2728 5125 tibi
2777 5070 2896 5130 erit,
2947 5068 3005 5122 id
3054 5070 3140 5121 est
3184 5067 3383 5122 beatus
3408 5065 3522 5120 eris

1923 5164 2048 5236 ipsa
2077 5162 2160 5218 rei
2191 5162 2598 5236 experientia;
2613 5160 2812 5236 βοείας
2858 5173 2928 5224 es,
2979 5156 3238 5228 inquam,
3283 5155 3374 5209 llic
3397 5154 3524 5224 jam

1926 5231 2046 5326 spe,
2077 5257 2126 5307 et
2147 5231 2279 5306 bene
2297 5252 2400 5306 tibi
2420 5252 2520 5304 erit
2766 5246 2825 5300 in
2852 5245 3070 5311 futuro,
3110 5243 3248 5317 quia
3303 5241 3528 5297 mandu-

1926 5339 2073 5396 cabis
2100 5339 2302 5393 labores
2329 5351 2588 5391 manuum
2619 5341 2858 5402 tuarum,
2893 5331 2950 5386 id
2981 5335 3066 5386 est
3105 5330 3379 5387 reﬁcieris
3409 5327 3523 5401 spi-

1928 5428 2172 5483 ritaliter
2209 5425 2506 5481 laboribus
2534 5439 2792 5479 manuum
2833 5429 3070 5488 tuarum,
3108 5419 3167 5474 id
3197 5422 3282 5474 est
3311 5421 3531 5475 mterna

1928 5515 2308 5584 beatitudine,
2359 5530 2536 5593 quam
2591 5511 2854 5586 acquires
2907 5507 3202 5574 laboribus
3242 5507 3532 5568 bonorum
