3966 6034
503 238 636 310 1331

1108 237 1170 306 S.
1210 241 1556 304 BRUNONIS
1593 238 2229 302 CAR’I‘HUSIANORUM
2266 237 2735 300 lNSTl'I‘UTORIS
2774 236 2929 299 OPP.
2969 237 3148 297 PARS
3185 238 3209 295 l

3690 233 3823 297 I332

504 379 750 443 operum
789 365 1044 439 tuorum,
1098 386 1135 425 a
1185 365 1559 425 similitudine
1613 364 1831 422 strenui
1873 364 2102 421 labora—
2125 361 2184 425 Α
2212 377 2335 437 ipsa
2366 360 2450 418 rei
2477 359 2831 434 experientia
2854 359 2991 430 ﬁlios
3020 360 3255 429 ﬁliorum
3286 362 3519 421 talorum,
3553 354 3613 413 id
3647 367 3739 412 est
3760 357 3821 411 ﬁ-

503 460 667 528 toris,
691 459 808 535 qui,
843 459 1114 517 manibus
1143 459 1203 516 in
1241 461 1438 515 testate
1475 456 1817 523 laborando,
1866 452 2108 527 acquirit

508 549 662 605 unde
692 549 751 607 in
780 550 974 607 hieme
1004 552 1290 622 pascatur.
1323 547 1525 602 Beatus
1555 563 1615 601 es
1645 544 1822 600 etiam
1865 544 1923 599 in
1962 559 2107 615 pras-

510 637 677 707 senti,
705 638 984 712 quoniam
1024 656 1158 693 uxor
1206 645 1319 703 tua,
1375 636 1433 690 id
1489 638 1575 690 est
1627 631 1962 689 sensualitas
1985 633 2104 695 tua,

507 743 635 799 qua:
691 727 917 783 subdita
963 727 1073 782 erit
1124 725 1357 792 rationi,
1399 728 1462 779 ut
1509 742 1641 778 uxor
1674 722 1815 789 viro,
1858 721 2105 791 ideoque

504 832 652 874 uxor
679 815 907 883 dicitur,
965 814 1074 870 erit
1116 814 1391 869 abundans
1430 812 1597 868 bonis
1646 809 1937 882 operibus,
1964 809 2105 864 sicut

505 905 593 960 est
621 906 742 960 vitis
765 903 1042 958 abundans
1070 901 1330 959 recemis.
1367 902 1532 969 Uxor,
1566 901 1827 971 inquam,
1866 905 1957 952 tua
1995 897 2106 951 erit

507 991 805 1059 abundans,
861 1002 919 1046 et
961 991 1070 1046 hoc
1122 992 1179 1045 in
1236 989 1490 1045 lateribus
1542 989 1726 1043 domus
1773 993 1897 1053 tua“,
1931 985 1990 1039 id
2020 987 2106 1039 est

508 1078 568 1136 in
624 1079 812 1136 ofﬁcio
859 1080 1108 1134 laterum
1157 1078 1364 1133 domus
1420 1081 1557 1145 tuae,
1599 1076 1658 1130 in
1698 1075 1886 1130 ofﬁcio
1915 1090 2102 1128 mem-

505 1167 746 1228 brorum
798 1166 1031 1233 scilicet,
1081 1184 1209 1239 quae
1259 1166 1528 1221 dicuntur
1584 1166 1767 1220 latera
1823 1162 2101 1234 corporis,

505 1255 663 1329 quod
693 1257 778 1310 est
802 1254 1007 1311 domus
1034 1253 1265 1321 animae,
1297 1270 1364 1309 eo
1393 1252 1550 1325 quod
1570 1251 1880 1307 exteriores
1913 1254 2105 1322 partes

500 1342 762 1416 corporis
790 1345 942 1410 sunt,
987 1345 1045 1398 et
1088 1343 1278 1415 ipsum
1325 1358 1530 1413 corpus
1574 1340 1919 1409 ambientes,
1962 1338 2105 1393 sicut

500 1432 687 1488 latera
707 1432 912 1488 domus
924 1431 1209 1487 exteriora
1229 1433 1362 1486 sunt
1375 1431 1601 1496 domus,
1626 1431 1817 1502 partes
1842 1432 1898 1482 et
1919 1427 2105 1498 ipsam

504 1519 747 1577 domum
802 1520 1144 1575 ambientes.
1194 1518 1580 1574 Membrorum
1646 1533 1857 1587 nempe
1915 1515 2103 1571 ofﬁcio

504 1608 841 1665 sensualitas
869 1625 1047 1680 opera
1075 1610 1230 1664 bona
1277 1607 1602 1669 fructiﬁcat,
1644 1623 1677 1659 a
1730 1604 2104 1659 similitudine

503 1697 650 1768 vitis,
683 1715 811 1770 qua:
835 1697 893 1752 in
922 1698 1115 1769 aprico
1141 1698 1390 1751 laterum
1439 1695 1643 1749 domus
1687 1694 1953 1761 existens,
1988 1710 2102 1748 ma-
2126 1673 2177 1732 Β

503 1786 593 1859 gis
620 1785 919 1842 fructifera
948 1788 1054 1840 est.

574 1874 903 1931 Notandum
917 1878 1113 1930 autem
1135 1874 1310 1946 quod,
1326 1873 1463 1928 dum
1482 1871 1853 1928 rationalitati
1876 1888 2105 1926 sensua-

504 1961 633 2019 litas
663 1962 981 2034 subjicitur,
1018 1966 1259 2035 utraque
1292 1961 1351 2016 in
1382 1961 1573 2034 quiete
1607 1964 1722 2027 est;
1758 1961 2103 2033 praevalente

503 2068 639 2109 vero
718 2051 1110 2120 sensualitate,
1178 2055 1419 2123 utraque
1489 2051 1560 2104 de
1616 2049 1807 2121 quiete
1859 2066 1961 2102 sua
2007 2066 2102 2102 ex-

501 2139 739 2212 pellitur
769 2156 782 2195 :
817 2141 973 2213 quod
993 2141 1504 2212 praemonstratum
1521 2141 1606 2193 est
1627 2137 1686 2191 in
1712 2137 1895 2191 Adam
1919 2139 1976 2190 et
1993 2136 2105 2190 Eva

502 2244 680 2285 uxore
708 2228 851 2300 ejus.
882 2230 1030 2284 Dum
1060 2227 1247 2282 Adam
1279 2227 1406 2282 Eva:
1434 2225 1751 2299 praevaluit,
1782 2229 2021 2296 uterque
2044 2223 2103 2278 in

500 2318 769 2389 paradiso
801 2317 1047 2384 mansit;
1080 2320 1376 2383 ueterum,
1410 2318 1610 2387 postea
1647 2316 1783 2370 Adin
1815 2316 1928 2369 Eva
1956 2331 2103 2386 pra:-

502 2407 753 2475 valente,
796 2406 867 2461 de
919 2405 1185 2477 paradiso
1226 2406 1491 2477 expulsus
1523 2407 1609 2459 est
1634 2407 1895 2475 uterque.
1936 2403 2103 2470 Uxor,

505 2494 769 2566 inquam,
788 2494 899 2549 erit
917 2494 1194 2549 abundans
1216 2494 1364 2561 ﬁliis,
1390 2494 1449 2548 id
1462 2493 1827 2565 estoperibus
1840 2491 2025 2557 bonis,
2047 2492 2106 2545 et

500 2581 612 2652 ﬁlii
631 2587 711 2638 tui
740 2582 837 2655 qui
865 2582 936 2638 de
966 2598 1141 2638 uxore
1160 2582 1257 2638 illa
1277 2582 1730 2653 generabuntur,
1752 2582 1906 2636 bona
1928 2596 2106 2651 opera

503 2668 716 2727 scilicet
731 2672 921 2737 erunt,
951 2669 1096 2726 sicut
1129 2671 1345 2725 novella:
1369 2670 1658 2735 olivarum,
1689 2669 1748 2723 id
1772 2670 1857 2723 est
1887 2668 2105 2724 similes

501 2759 742 2816 novella
758 2758 940 2815 olivae.
983 2757 1140 2813 Sicut
1187 2758 1344 2813 enim
1382 2757 1605 2813 novella
1631 2756 1932 2824 olivarum,
1977 2773 2104 2828 quin

500 2864 679 2920 parva
703 2849 809 2916 est,
838 2847 1118 2920 paulatim
1161 2846 1222 2901 in
1252 2847 1508 2901 adultam
1557 2845 1765 2900 olivam
1809 2845 2101 2914 excrescit,

2204 452 2310 508 lios
2333 451 2697 525 generandos
2730 467 2764 505 a
2789 449 2915 504 ﬁliis
2958 448 3086 516 tuis,
3130 447 3345 503 scilicet
3395 445 3824 503 remuneratio.

2207 559 2342 597 nem
2390 542 2680 596 bonorum
2740 544 3117 605 azternorum,
3152 555 3283 610 qum.
3319 538 3589 593 dicuntur
3616 538 3727 593 ﬁlii
3767 538 3824 592 ﬁ-

2203 631 2437 697 liorum,
2469 631 2527 686 id
2557 634 2643 685 est
2671 646 2917 700 operum
2944 629 3262 695 bonorum,
3299 645 3366 683 eo
3398 628 3554 700 quod
3586 628 3665 682 ab
3690 627 3822 699 ipsis

2206 720 2543 793 procedent,
2565 722 2624 773 ut
2652 718 2753 774 ﬁlii
2784 736 2818 772 a
2848 718 3127 790 patribus.
3161 717 3405 788 Exponit
3432 721 3657 780 autem,
3684 718 3821 790 quid

2205 808 2357 863 dicat
2388 809 2532 863 ﬁlios
2560 807 2833 874 ﬁliorum,
2854 807 2932 861 sic
2953 825 2969 860 :
2994 806 3242 872 Videbis,
3291 807 3555 878 inquam,
3587 807 3726 867 filios
3754 808 3818 872 ﬁ-

2206 898 2419 964 liorum,
2446 897 2678 965 scilicet,
2702 912 2891 967 pacem
2932 899 3211 950 aeternam
3264 894 3518 949 dandam
3544 913 3707 966 super
3736 894 3815 948 Is-

2204 987 2333 1053 rael,
2367 986 2425 1041 id
2454 989 2538 1041 est
2558 986 2810 1041 dandam
2836 1003 2868 1040 a
2888 984 3171 1055 superiori
3189 983 3564 1054 dispositione
3578 982 3817 1048 Dei,illis

2206 1075 2303 1146 qui
2330 1074 2422 1129 hic
2453 1077 2586 1128 sunt
2615 1075 2822 1140 Israel;
2880 1090 3057 1145 quam
3105 1073 3403 1146 pluraliter
3461 1088 3602 1126 voco
3646 1071 3813 1137 ﬁlios,

2204 1179 2335 1218 cum
2365 1163 2437 1218 sit
2466 1180 2581 1217 una
2608 1165 2848 1234 prepter
2876 1163 3064 1231 plures
3103 1178 3235 1215 eam
3268 1160 3743 1232 participaturos.

2643 1251 2711 1304 IN
2741 1250 3065 1305 PSALMUM
3105 1250 3368 1305 CXXVIII.

2272 1341 2486 1395 Titulus
2516 1339 2815 1395 centesimi
2842 1339 3093 1393 vicesimi
3126 1339 3331 1393 octavi.
3367 1337 3663 1394 Canticum
3686 1356 3811 1407 gra—

2201 1430 2385 1485 duum.
2420 1432 2728 1501 Postquam
2758 1428 2830 1482 ad
2872 1428 3167 1493 timorem,
3211 1428 3309 1499 qui
3364 1445 3555 1482 nonus
3598 1428 3813 1498 gradus

2204 1522 2309 1586 est,
2340 1517 2629 1572 auditores
2654 1516 2892 1589 perfecti
2914 1516 3316 1582 invitaverunt,
3340 1516 3476 1587 quia
3498 1516 3683 1570 timor
3712 1516 3812 1569 iste

2204 1606 2417 1662 otiosus
2442 1623 2561 1660 esse
2592 1621 2709 1661 non
2753 1608 2963 1676 potest,
3013 1605 3114 1659 sed
3168 1605 3440 1659 timorem
3470 1605 3630 1659 hunc
3663 1605 3813 1659 bona

2203 1695 2461 1766 operatio
2495 1694 2805 1749 comitatur
2830 1711 2843 1761 ;
2871 1706 2999 1766 quae
3018 1693 3253 1766 quidem
3284 1694 3455 1749 beata
3474 1710 3704 1749 merces
3731 1695 3812 1747 est

2270 1767 2401 1854 26
2430 1785 2596 1854 hujus
2633 1783 2876 1848 timoris,
2912 1800 3037 1855 quae
3060 1800 3094 1837 a
3118 1783 3387 1849 Domino,
3424 1786 3486 1836 ut
3516 1782 3575 1836 in
3596 1799 3812 1854 prazee-

2204 1873 2363 1928 denti
2394 1873 2615 1943 psalmo
2668 1875 2963 1925 ostensum
3008 1873 3114 1933 est,
3166 1870 3506 1926 timentibus
3538 1871 3814 1942 multipli-

2203 1965 2385 2030 catur,
2404 1964 2461 2015 et
2483 1978 2586 2031 pro
2617 1961 2724 2014 hac
2752 1976 2890 2014 sane
2921 1960 3077 2014 bona
3104 1959 3442 2031 Operatione
3473 1964 3533 2014 et
3578 1960 3811 2026 timore,

2204 2050 2409 2121 saepius
2440 2051 2513 2104 ab
2540 2048 2867 2104 inﬁdelibus
2897 2051 2995 2101 aut
3032 2063 3065 2099 a
3090 2048 3244 2101 falsis
3280 2048 3546 2102 ﬁdelibus
3581 2047 3815 2101 tribula-

2206 2138 2389 2194 tiones
2409 2137 2668 2210 corporis
2699 2136 3076 2191 suboriuntur
3110 2154 3123 2190 :
3151 2137 3539 2192 adhortantur
3572 2136 3810 2208 perfecti

2206 2226 2264 2281 in
2290 2228 2399 2282 hoc
2430 2227 2651 2298 psalmo
2687 2228 2926 2297 agentes
2965 2224 3254 2279 auditores
3305 2225 3379 2279 ad
3422 2227 3809 2280 constantiam

2206 2315 2678 2388 insuperabilem,
2709 2331 2780 2368 ne
2814 2313 3089 2368 deﬁciant
3117 2313 3177 2366 in
3208 2312 3296 2367 his
3317 2313 3807 2381 tribulationibus;

2207 2422 2333 2478 quae
2366 2404 2689 2460 constantia
2736 2401 2975 2474 quidem
3022 2400 3279 2455 decimus
3317 2401 3531 2472 gradus
3571 2405 3680 2465 est,
3714 2403 3809 2457 sed

2206 2511 2385 2565 usque
2416 2494 2559 2547 adeo
2588 2492 2647 2546 in
2678 2490 2888 2546 timore
2918 2493 3073 2545 casto
3124 2492 3182 2543 et
3232 2506 3406 2560 opere
3452 2490 3610 2543 bono
3643 2508 3805 2544 cons-

2207 2585 2391 2636 tantes
2420 2580 2535 2635 sint
2567 2583 2627 2635 ut
2655 2581 2918 2651 exemplo
2943 2578 3201 2651 ipsorum
3223 2578 3620 2649 perfecturum
3649 2595 3805 2633 vera-

2205 2671 2346 2726 citer
2375 2670 2563 2725 dicere
2596 2669 2815 2743 possint
2842 2685 2854 2722 :

2273 2760 2426 2830 Saepe
2475 2764 2912 2830 expugnaverunt
2953 2773 3055 2823 me,
3095 2760 3231 2823 etc.,
3263 2773 3328 2810 ac
3360 2755 3668 2811 si'dicant:
3701 2755 3807 2809 Ad-

2202 2848 2416 2904 hortati
2448 2866 2643 2902 sumus
2686 2848 2882 2902 ﬁdeles
2912 2863 3167 2919 quosque
3211 2846 3284 2901 ad
3316 2845 3613 2912 timorem,
3655 2849 3713 2899 et
3736 2844 3807 2899 ad

500 2935 584 2995 ita
611 2938 670 2992 et
693 2936 850 2992 bona
872 2953 1070 3008 opera,
1101 2935 1160 2990 in
1189 2951 1330 3007 pace
1359 2933 1681 2990 concordiae
1713 2933 2103 2989 ecclesiasticas
2135 2950 2183 3011 ο
2205 2936 2623 2992 ambulandum
2654 2936 2800 2990 bene
2835 2935 3131 3007 operando
3153 2934 3209 2988 in
3237 2934 3338 2988 viis
3358 2934 3612 2989 Domini.
3630 2933 3806 2988 Crete.

499 3023 674 3087 facta,
706 3023 987 3097 paulatim
1018 3039 1122 3094 per
1141 3023 1291 3077 hanc
1315 3038 1521 3094 pacem
1544 3024 1894 3089 excrescent,
1919 3022 2105 3077 donec

500 3112 577 3169 ad
605 3112 766 3169 illam
799 3128 1004 3185 pacem
1034 3111 1351 3183 perfectam
1393 3114 1627 3167 internae
1658 3110 1859 3180 patriae
1895 3112 2106 3183 pertin-

498 3217 639 3274 gere
662 3200 861 3256 ﬁdeles
888 3199 1123 3255 faciant.
1153 3202 1262 3255 Per
1293 3198 1501 3254 olivam
1532 3198 1813 3253 nimirum
1851 3215 2103 3271 congruo

498 3304 611 3361 pax
639 3289 936 3362 accipitur,
955 3305 1023 3343 eo
1051 3288 1206 3360 quod
1234 3286 1384 3342 oliva
1404 3287 1634 3358 signum
1663 3286 1817 3357 pacis
1834 3287 1925 3341 sit.
1950 3288 2102 3355 Filii,

498 3375 765 3449 inquam,
784 3378 866 3429 tui
891 3375 1197 3430 existentes
1219 3377 1275 3429 in
1302 3376 1534 3431 circuitu
1570 3393 1761 3430 mensae
1786 3381 1912 3443 tua,
1934 3376 1992 3431 id
2021 3380 2108 3431 est

499 3463 561 3519 in
593 3462 830 3518 circuitu
854 3461 1079 3529 Christi,
1102 3461 1198 3534 qui
1216 3478 1420 3517 mensa
1439 3465 1535 3517 tua
1555 3464 1659 3530 est,
1675 3462 1733 3518 id
1762 3465 1847 3517 est
1866 3465 2101 3520 refectio

501 3556 602 3608 tua
621 3549 911 3623 spiritalis.
939 3550 1103 3615 Quod
1145 3553 1229 3605 est
1258 3550 1477 3605 dicere:
1498 3551 1629 3605 Illos
1654 3550 1800 3606 ﬁlios
1821 3553 1948 3606 tuos
1979 3552 2103 3607 dico

498 3638 921 3712 comparabiles
958 3655 1079 3695 esse
1110 3639 1349 3693 novella:
1394 3638 1577 3707 olivae,
1629 3639 1726 3712 qui
1768 3642 1825 3693 in
1870 3640 2105 3695 circuitu

502 3727 709 3785 Christi
739 3731 893 3796 sunt,
918 3728 975 3784 id
1004 3729 1091 3783 est
1119 3727 1195 3782 ad
1223 3725 1916 3795 Christumintendentes,
1949 3731 2006 3783 et
2033 3729 2105 3783 ad

501 3817 625 3889 ejus
653 3818 939 3874 honorem
967 3815 1273 3889 procreati.
1309 3816 1377 3870 Et
1404 3819 1489 3870 est
1518 3814 1735 3871 dictum
1777 3834 1810 3871 a
1839 3815 2102 3871 similitu-

502 3906 637 3962 dine
663 3905 936 3971 ﬁliorum,
966 3905 1023 3959 in
1052 3903 1289 3960 circuitu
1311 3907 1569 3975 paterna:
1596 3922 1812 3961 mensae
1857 3906 2102 3960 existen-

501 3995 671 4063 tium,
703 3998 768 4049 ut
793 3994 928 4049 inde
961 3994 1208 4049 alantur.
1227 3992 1348 4049 Dixi
1375 3995 1531 4065 quod
1569 3994 1664 4050 ille
1684 3994 1784 4066 qui
1813 3994 1981 4049 timet
1998 3995 2105 4050 Do-

504 4082 732 4138 minum
763 4083 991 4137 labores
1020 4099 1303 4137 manuum
1350 4099 1583 4138 suarum
1619 4082 1678 4139 in
1716 4083 1911 4139 futuro
1939 4101 2102 4138 man-

503 4169 756 4238 ducabit,
789 4173 847 4225 et
874 4168 968 4225 hic
987 4187 1123 4225 uxor
1153 4171 1275 4242 ejus
1306 4170 1417 4226 erit
1439 4171 1712 4227 abundans
1724 4173 1861 4228 sicut
1883 4174 2022 4238 citis,
2055 4180 2103 4227 et

500 4260 606 4330 ﬁlii
631 4225 756 4332 ejus
777 4260 914 4314 sicut
942 4259 1144 4313 novella
1171 4225 1460 4315 olivarum.
1490 4259 1633 4315 Ecce
1657 4259 1834 4331 igitur
1856 4225 2104 4327 sic,sicut
2128 4225 2179 4283 Ι)

502 4348 563 4405 in
587 4346 858 4419 prensanti
889 4349 1184 4403 ostensum
1217 4350 1321 4415 est,
1344 4347 1691 4413 benedicatur,
1726 4347 1786 4401 id
1815 4351 1900 4402 est
1929 4348 2104 4403 beati-

502 4435 768 4493 ﬁcabitur
792 4436 945 4490 homo
976 4434 1069 4491 ille
1102 4438 1198 4507 qui
1215 4438 1364 4491 timet
1393 4436 1685 4489 Dominum
1700 4439 1854 4490 casto
1871 4435 2102 4494 timore.

504 4525 713 4592 Quare,
747 4540 780 4580 ο
824 4526 888 4579 tu
926 4523 1250 4596 quicunque
1292 4523 1544 4591 auditor,
1588 4522 1729 4579 time
1766 4524 2101 4579 Dominum.

504 4613 670 4679 Quod
691 4612 737 4668 si
766 4612 993 4675 feceris,
1020 4612 1291 4669 benedicat
1322 4612 1420 4666 tibi
1445 4611 1729 4681 Dominus,
1758 4612 1816 4667 id
1844 4616 1929 4667 est
1958 4614 2106 4668 exal-

501 4704 589 4761 tet
616 4705 674 4759 te
698 4700 1078 4758 beatitudine.
1110 4701 1179 4755 Et
1206 4700 1315 4755 hoc
1343 4701 1643 4773 contingat
1666 4718 1729 4755 ex
1748 4701 1901 4769 Sion,
1931 4701 1987 4756 id
2019 4706 2106 4757 est

500 4807 570 4846 ex
593 4790 704 4846 hoc
730 4789 886 4863 quod
910 4790 973 4843 tu
997 4787 1112 4843 eris
1133 4788 1295 4856 Sion,
1320 4790 1618 4859 speculans
1645 4789 1859 4857 futura,
1880 4806 1997 4845 non
2020 4793 2104 4845 at-

502 4879 750 4934 tendens
768 4875 1097 4950 praesentia.
1133 4877 1202 4930 Et
1221 4877 1329 4931 hoc
1352 4877 1590 4949 quidem
1602 4878 1776 4933 modo
1798 4878 2104 4934 benedicat

501 4969 582 5034 te,
613 4965 770 5038 quod
792 4963 887 5019 hic
912 4962 1093 5020 videas
1123 4962 1242 5019 visu
1276 4964 1486 5020 mentis
1513 4966 1753 5019 omnibus
1773 4967 1954 5020 diebus
1980 4969 2104 5021 vitae

503 5063 610 5111 tua»
641 5055 776 5109 bona
803 5052 1145 5108 Hierusalem
1183 5054 1443 5122 cmlestis,
1480 5053 1537 5109 id
1586 5058 1673 5109 est
1710 5056 1865 5110 bona
1892 5054 2104 5109 similia

501 5141 670 5200 bonis
698 5141 1075 5205 Hierusalem,
1093 5143 1156 5197 ut
1180 5141 1444 5197 videlicet
1466 5160 1499 5197 a
1526 5142 1676 5197 vitiis
1699 5143 1974 5215 quiescas,
2002 5143 2103 5198 Dei

502 5231 812 5288 dilectione
871 5231 1223 5300 exardescas,
1276 5232 1349 5297 ad
1397 5231 1835 5286 similitudinem
1894 5231 2100 5287 civium

504 5318 886 5388 Hierusalem,
916 5322 975 5375 et
993 5318 1039 5374 si
1069 5336 1186 5375 non
1205 5320 1348 5377 adeo
1361 5320 1633 5392 perfecte.
1658 5320 1819 5375 Unde
1834 5322 2096 5391 Prosper:

503 5407 607 5463 Est
631 5408 692 5464 in
720 5408 828 5464 hac
856 5408 972 5464 vita
991 5407 1188 5464 multis
1204 5407 1434 5480 requies
1463 5407 1599 5464 data
1636 5407 1867 5465 sanctis.
1907 5409 2099 5463 Videas

502 5494 619 5563 hic,
640 5494 903 5569 inquam,
934 5496 1468 5559 bonaﬂicrusalcm.
1498 5497 1579 5556 Et
1609 5497 1669 5553 in
1692 5498 1884 5554 futuro
1908 5496 2099 5556 videas

2206 3043 2358 3088 rum,
2387 3024 2665 3097 quoniam
2707 3024 2880 3094 hujus
2910 3023 2991 3077 rei
3031 3023 3332 3078 occasione
3364 3023 3806 3077 tribulationum

2204 3113 2673 3185 impugnationes
2689 3129 2722 3166 a
2735 3112 3127 3185 peccatoribus
3144 3112 3810 3177 orientur,adhortamur

2206 3218 2434 3274 quoque
2460 3202 2689 3256 ﬁdelem
2726 3217 3037 3272 quemque,
3061 3200 3501 3272 qui,postquam
3524 3200 3598 3254 ad
3614 3200 3726 3254 hoc
3748 3200 3811 3253 ti-

2206 3290 2386 3345 moris
2415 3293 2473 3345 et
2496 3291 2661 3344 honre
2683 3289 3034 3361 Operationis
3064 3289 3403 3355 ascenderit,
3421 3289 3589 3343 Israel
3630 3290 3719 3355 ﬁt,
3741 3304 3810 3342 ne

2204 3377 2263 3432 in
2290 3378 2408 3434 istis
2423 3377 2960 3449 impugnationibus
2976 3377 3204 3431 deﬁciat
3223 3376 3352 3444 ;sed
3374 3377 3519 3431 adeo
3538 3381 3810 3431 constans

2206 3467 2278 3521 sit
2307 3467 2461 3538 quod
2497 3482 2672 3527 nunc,
2701 3466 2757 3519 id
2789 3468 2875 3519 est
2923 3465 3119 3520 statim
3157 3466 3394 3520 indilate
3418 3465 3705 3521 veraciter
3740 3467 3811 3521 ad

2205 3555 2304 3612 Dei
2335 3556 2567 3610 laudem
2594 3557 2652 3609 et
2675 3555 2993 3626 gratiarum
3018 3555 3308 3609 actionem
3324 3554 3492 3621 dicat,
3503 3560 3811 3627 postquam

2205 3644 2462 3716 superari
2502 3660 2618 3698 non
2650 3642 2862 3715 poterit
2896 3660 2907 3697 :
2946 3643 3101 3714 Saepe
3139 3652 3596 3714 expugnaverunt,
3634 3644 3693 3698 id
3729 3648 3810 3699 est

2206 3734 2693 3804 impugnaverunt
2716 3748 2815 3786 me.
2850 3733 2973 3786 Non
3006 3732 3171 3803 ponit
3208 3735 3403 3787 autem
3433 3732 3531 3804 qui
3560 3734 3679 3787 sint
3713 3733 3811 3787 im-

2207 3825 2584 3895 pngnatores;
2617 3824 2839 3875 constat
2869 3820 3027 3875 enim
3060 3821 3245 3876 bonos
3261 3838 3375 3875 non
3391 3822 3628 3887 abonis,
3650 3822 3749 3875 sed
3779 3840 3809 3875 a

2206 3911 2371 3967 malis
2398 3910 2763 3965 solummodo
2796 3909 3147 3981 impugnari.
3186 3911 3705 3979 Impugnaverunt,
3732 3911 3809 3964 in-

2206 4016 2401 4071 quam,
2438 4015 2536 4052 me.
2566 3998 2633 4052 Et
2671 3997 2779 4051 hoc
2821 3997 3062 4068 contigit
3091 4016 3123 4050 (ι
3152 3998 3434 4067 jacentute
3459 4013 3598 4063 mea,
3640 3998 3695 4052 id
3728 4002 3807 4053 est

2203 4086 2331 4142 ideo
2344 4103 2425 4142 me
2443 4085 3077 4158 impugnaveruntquia
3093 4087 3343 4140 veterem
3362 4087 3662 4141 hominem
3677 4104 3805 4141 cum

2203 4175 2419 4231 actibus
2448 4174 2563 4229 suis
2589 4191 2885 4241 exueram,
2916 4176 2973 4228 et
3007 4191 3219 4229 novum
3244 4174 3569 4242 hominem,
3589 4176 3690 4247 qui
3720 4194 3806 4231 se-

2204 4263 2460 4319 cundum
2508 4265 2692 4317 Deum
2747 4266 2974 4317 creatus
3030 4266 3115 4317 est
3153 4279 3284 4316 cum
3318 4263 3536 4317 actibus
3567 4264 3691 4334 ejus
3722 4265 3809 4318 in-

2204 4351 2456 4417 duendo,
2483 4368 2586 4423 per
2615 4350 2789 4421 ipsius
2804 4349 2936 4404 novi
2962 4348 3216 4404 hominis
3234 4349 3506 4404 timorem
3523 4350 3808 4405 etbonam

2204 4439 2604 4511 operationem
2619 4437 2851 4509 juvenis
2867 4438 3049 4492 factus
3070 4436 3317 4492 fueram.
3343 4438 3440 4492 Vel
3456 4439 3808 4508 ajuventule,

2203 4529 2263 4584 id
2290 4531 2376 4584 est
2405 4546 2439 4584 a
2468 4531 2731 4600 tempore
2752 4528 2926 4597 juven
2940 4525 3325 4591 tutis,scilicet
3354 4543 3388 4580 a
3413 4529 3677 4598 tempore
3696 4528 3813 4583 for-

2206 4616 2463 4671 titudinis
2494 4633 2638 4670 mete
2661 4615 2885 4686 adeptus
2909 4631 3013 4686 per
3035 4614 3307 4669 timorem
3338 4615 3395 4667 et
3407 4619 3649 4670 caeteros
3674 4633 3810 4687 gra-

2205 4705 2309 4759 dus
2339 4704 2682 4775 superiores,
2712 4720 2842 4774 qua:
2870 4720 2974 4775 per
2999 4703 3371 4773 juventutem
3409 4702 3711 4774 accipitur,
3743 4723 3811 4761 eo

2203 4792 2358 4864 quod
2387 4792 2445 4846 in
2467 4792 2773 4863 juvenibus
2806 4791 2955 4847 inest
2986 4792 3266 4847 fortitudo
3307 4791 3615 4863 praecipua.
3651 4793 3814 4848 Facit

2203 4883 2398 4936 autem
2437 4882 2847 4952 apostropham
2898 4898 2963 4934 ex
3004 4880 3393 4952 gratulatione
3427 4880 3630 4947 nimia,
3664 4884 3812 4936 etut

2202 4968 2379 5025 addat
2406 4968 2485 5024 sic
2516 4986 2527 5022 :
2572 4969 2746 5039 Saepe,
2780 4968 3040 5040 inquam,
3084 4977 3523 5038 expugnaverunt
3549 4986 3633 5025 me
3657 4989 3687 5023 α
3708 4972 3812 5039 ju—

2202 5063 2417 5113 ventutc
2454 5074 2604 5124 mea;
2657 5062 2714 5112 et
2764 5058 2892 5112 ideo
2945 5073 3118 5128 saepe,
3169 5059 3361 5112 etenim
3391 5075 3495 5111 non
3513 5066 3809 5128 potuerunt

2202 5148 2335 5225 mihi
2361 5146 2650 5217 imprimis
2682 5147 3012 5215 praevalere.
3038 5145 3152 5199 Iloc
3170 5148 3368 5199 autem
3409 5148 3596 5199 totum
3632 5151 3718 5201 est
3745 5166 3807 5201 ac

2204 5233 2247 5289 si
2269 5234 2485 5288 diceret
2509 5231 2704 5304 :Smpe
2727 5234 3307 5304 impugnaveruntm
3323 5252 3355 5287 ιι
3367 5234 3804 5303 jucentutemea,

2204 5325 2261 5376 et
2283 5322 2438 5376 nullo
2465 5322 2638 5377 modo
2670 5313 2986 5392 potuerunt
3019 5320 3156 5375 mihi
3187 5322 3518 5393 przevalere.
3561 5322 3805 5394 Exponit

2203 5413 2398 5465 autem
2413 5409 3018 5482 quiimpugnaverunt
3034 5413 3092 5464 et
3107 5410 3407 5482 quomodo
3430 5409 3509 5464 im
3518 5426 3804 5482 pugnare.

2199 5501 2357 5568 runt,
2384 5503 2439 5554 et
2471 5497 2610 5571 quid
2636 5515 2740 5571 per
2769 5498 3275 5572 impugnationem
3307 5497 3641 5567 eﬁ’ecerunt,
3672 5499 3791 5558 sic:
