3966 6034
249 278 386 340 1333

1195 270 1558 335 EXPOSlTlO
1593 268 1663 326 IN
1702 260 2038 325 PSALMOS.
2072 293 2139 312 --
2178 267 2372 330 PSAL.
2414 273 2605 334 CXXIX

3418 271 3556 347 teat

244 404 1034 482 Impugnaveruut,inquam,
1050 407 1105 463 et
1130 405 1240 463 hoc
1252 402 1428 463 modo
1441 401 1676 478 quidem
1692 400 1849 458 vide-
1878 390 1935 452 Α
1954 400 2225 471 multum,
2244 405 2308 460 ut
2333 402 2522 461 sinum
2543 420 2709 461 suum
2730 420 2798 462 ex
2818 420 2887 464 eo
2923 403 3101 480 possit
3128 404 3391 483 implere,
3413 406 3560 469 sicut

242 497 399 565 licet,
427 515 588 570 supra
617 497 834 553 dorsum
884 514 1060 552 meum
1099 497 1499 566 fabricaverunt
1531 499 1849 566 peccatores,

243 586 719 643 antonomastice.
745 588 853 642 Per
864 587 1098 642 dorsum
1121 581 1851 656 daturintelligi,quoniam

242 678 300 729 et
329 692 501 748 super
525 679 735 731 caetera
760 676 1026 731 membra
1050 674 1493 731 fabricaverunt.
1526 672 1668 729 Cum
1686 670 1852 742 ponit

238 781 398 834 supra
447 764 665 820 dorsum
693 765 1115 836 fabricaverunt,
1150 764 1386 820 denotat
1421 760 1850 818 vehementiam

239 853 700 924 ﬂagellationum
719 871 734 921 ;
753 853 1265 925 quodita,scilicetj
1278 852 1466 922 ugiter
1478 854 1535 907 et
1546 852 1852 906 vehemen-

236 944 328 997 ter
345 942 468 1014 ejus
494 942 870 1015 ﬂagellationi
900 945 1264 1004 vacaverunt,
1305 940 1852 1013 sicutcfabricatores

239 1029 337 1101 qui
392 1031 886 1102 vehementer-et
932 1030 1156 1086 assidue
1208 1031 1478 1086 incudem
1519 1028 1742 1084 malleis
1788 1027 1849 1083 in

238 1116 622 1174 fabricatione
654 1119 1033 1174 contendunt.
1058 1119 1306 1175 Denotat
1332 1134 1582 1190 quoque,
1602 1133 1706 1189 per
1722 1116 1850 1171 dor-

239 1221 391 1273 sum,
425 1207 579 1278 quod
626 1223 758 1278 pars
787 1209 871 1261 est
911 1207 1189 1278 corporis,
1221 1207 1379 1279 quod
1408 1223 1541 1261 eum
1570 1206 1758 1260 solum
1788 1203 1848 1259 in

238 1309 482 1366 corpore
512 1294 1020 1366 impugnaverunt;
1050 1299 1108 1350 et
1137 1295 1234 1368 qui
1256 1294 1547 1367 aliquidin
1592 1293 1715 1366 ipsa
1744 1293 1851 1348 im-

238 1381 596 1454 pugnatione
611 1382 945 1451 effecerunt,
964 1400 995 1437 a
1027 1382 1403 1438 similitudine
1416 1381 1845 1448 fabricantium,

237 1468 335 1542 qui
350 1469 584 1543 aliquid
613 1470 951 1526 fabricando
972 1471 1249 1526 efficiunt.

310 1557 571 1614 Ostendit
583 1575 721 1631 ergo
734 1559 869 1632 quid
883 1559 1499 1631 perimpugnationem
1512 1558 1845 1625 eﬂ'ecerunt,

238 1646 508 1702 addendo
531 1647 609 1702 sic
635 1664 648 1702 :
682 1647 1126 1711 Fabricaverunt,
1146 1649 1410 1721 inquam,
1442 1665 1604 1719 supra
1634 1647 1847 1702 dorsum

234 1753 431 1804 meum,
481 1740 539 1790 et
594 1736 934 1792 fabricando
1003 1738 1460 1809 prolongaverunt
1516 1739 1847 1808 iniquitatem

234 1842 413 1888 suam,
445 1825 659 1881 scilicet
690 1843 822 1881 cum
853 1843 1057 1882 eorum
1103 1826 1376 1898 iniquitas
1417 1842 1635 1897 magna
1677 1829 1843 1892 esset,

237 1913 472 1987 quando
508 1916 693 1970 solam
724 1916 1020 1971 habebant
1058 1915 1439 1989 impugnandi
1464 1916 1843 1984 voluntatem,

232 2020 365 2058 cum
389 2004 512 2075 jam
532 2004 881 2076 ﬂagellando
908 2020 1072 2077 supra
1100 2004 1312 2059 dorsum
1341 2021 1515 2058 meum
1542 2004 1841 2074 fabricave-

234 2096 359 2147 runt
392 2133 406 2158 ,
439 2096 576 2147 tunc
606 2093 941 2163 iniquitatem
967 2110 1119 2147 suam
1142 2093 1600 2164 protongaverunt
1633 2134 1647 2158 ,
1674 2092 1732 2147 id
1757 2093 1844 2147 est

232 2181 519 2251 majorem
562 2181 845 2236 fecerunt.
898 2183 1065 2253 Pejus
1121 2182 1279 2237 enim
1336 2184 1423 2236 est
1469 2182 1619 2236 male
1651 2181 1840 2236 facere

233 2284 410 2339 quam
423 2271 671 2324 tamtum
688 2271 839 2325 male
860 2272 1025 2325 velle.
1043 2271 1139 2325 Est
1154 2272 1345 2325 autem
1364 2269 1615 2341 positum
1631 2287 1665 2324 a
1686 2268 1842 2324 simi-

227 2355 472 2412 litudine
496 2355 653 2423 ferri,
690 2359 776 2411 vel
810 2358 1113 2429 cujuslibet
1141 2358 1289 2425 aeris,
1318 2358 1474 2428 quod
1499 2357 1836 2413 fabricando

228 2446 614 2517 prolongatur
653 2449 710 2501 et
736 2446 1086 2509 extenditur,
1115 2447 1259 2501 Cum
1311 2446 1452 2501 dicit
1504 2448 1838 2518 iniquitatem

228 2534 658 2603 persecutorum
699 2536 1129 2607 prolongatam,
1170 2552 1236 2590 ex
1259 2535 1523 2607 opposito
1555 2535 1722 2589 docet
1750 2534 1836 2590 sui

223 2620 400 2692 ipsius
408 2621 966 2693 patientisjustitiam
984 2640 1088 2696 per
1112 2624 1381 2679 eamdem
1396 2622 1835 2679 fabricationem

223 2711 651 2783 prolongatam.
669 2711 955 2776 Quoniam
978 2729 1116 2783 ergo
1136 2713 1537 2781 fabricaverunt
1552 2719 1601 2766 et
1616 2711 1831 2782 prolon-

222 2807 505 2869 gaverunt,
522 2799 783 2855 Dominus
795 2800 912 2872 qui,
927 2817 1058 2856 cum
1074 2800 1145 2854 sit
1167 2799 1446 2855 Dominus
1460 2799 1833 2871 omnipotens

224 2890 309 2941 est
339 2894 389 2942 et
426 2888 627 2958 justus,
668 2892 725 2944 et
777 2888 907 2943 ideo
952 2888 1239 2959 justitiam
1284 2889 1474 2943 facere
1520 2889 1711 2954 debet,
1772 2887 1829 2941 in

1958 507 2026 546 ex
2055 492 2214 549 bono
2259 493 2416 562 feno,
2442 496 2530 550 vel
2552 512 2620 550 ex
2649 512 2834 552 messe
2863 497 3172 570 aliquando
3190 501 3417 556 tantum
3447 501 3561 557 col~

1950 579 2112 651 liget,
2135 584 2198 637 ut
2226 581 2360 638 inde
2390 601 2610 638 manum
2643 583 2903 657 impleat,
2963 586 3272 658 aliquando
3325 591 3558 647 tantum

1950 672 2013 723 ut
2042 669 2281 741 impleat
2301 674 2496 727 sinum.
2522 673 2687 738 Quod
2711 676 2798 730 est
2812 674 3035 747 dicere}:
3062 677 3220 733 Adeo
3247 680 3333 733 est
3355 677 3560 734 inutile

1950 758 2152 814 fenum
2183 760 2324 816 illud
2354 763 2638 817 tectorum
2657 764 2810 835 quod
2832 764 3021 819 nullus
3038 781 3105 820 ex
3127 782 3194 821 eo
3224 767 3445 822 curabit
3462 784 3561 841 pa-

1948 864 2079 902 rum
2102 849 2392 922 colligere,
2424 853 2486 905 ut
2506 849 2641 906 inde
2658 851 2898 923 impleat
2922 870 3162 921 manum,
3190 856 3278 910 vel
3307 858 3557 929 multum

1950 937 2221 1008 colligere
2251 941 2313 994 ut
2343 939 2578 1012 impleat
2608 940 2745 996 inde
2768 943 2965 997 sinum.
2994 941 3272 1000 Similiter
3286 944 3465 1000 etiam
3485 945 3557 1001 de

1948 1026 2349 1096 peccatoribus
2381 1028 2700 1100 continget.
2717 1028 2859 1084 Cum
2874 1030 3030 1086 enim
3042 1031 3231 1103 angeli
3243 1033 3340 1105 qui
3353 1034 3429 1089 ad
3439 1050 3561 1089 me-

1950 1114 2192 1170 tendum
2215 1115 2412 1172 fideles
2437 1117 2694 1191 dispositi
2711 1122 2863 1186 sunt,
2887 1120 3169 1190 quosdam
3185 1120 3263 1176 sic
3277 1122 3560 1194 colligunt

1950 1200 2020 1257 de
2051 1202 2157 1259 hac
2187 1206 2321 1272 vita,
2345 1209 2408 1261 ut
2432 1222 2638 1277 parum
2655 1206 2814 1279 quid,
2846 1208 3042 1263 minus
3068 1209 3375 1281 perfectos,
3406 1210 3561 1266 scili-

1950 1294 2040 1346 cet
2058 1308 2093 1346 a
2118 1293 2494 1351 similitudine
2519 1295 2792 1351 metentis
2814 1296 3029 1369 aliquid
3059 1314 3266 1370 parum
3297 1298 3369 1355 de
3394 1299 3554 1369 feno,

1948 1380 2035 1434 vel
2068 1380 2138 1435 de
2166 1397 2372 1450 messe,
2404 1386 2467 1437 ut
2495 1382 2631 1439 inde
2662 1400 2904 1440 manum
2947 1385 3188 1457 impleat
3216 1404 3230 1454 ;
3271 1386 3555 1459 quosdam

1948 1485 2083 1524 vero
2109 1469 2188 1524 sic
2209 1470 2507 1543 colligunt,
2536 1476 2600 1528 ut
2629 1490 2910 1546 magnum
2932 1474 3071 1547 quid
3093 1474 3378 1547 perfectos
3403 1476 3555 1532 scili-

1947 1559 2038 1611 cet
2066 1575 2100 1613 a
2128 1558 2501 1616 similitudine
2530 1563 2775 1618 multum
2809 1563 2881 1617 de
2909 1563 3067 1631 feno,
3106 1562 3197 1618 vel
3245 1563 3317 1618 de
3369 1579 3557 1621 messe

1951 1648 2245 1717 metensis,
2262 1653 2325 1705 ut
2352 1648 2489 1706 inde
2505 1653 2683 1705 sinum
2703 1651 2972 1723 impleat};
2993 1652 3344 1725 perfectores
3366 1669 3556 1725 neque

1948 1736 2242 1807 colligent,
2270 1737 2351 1806 'ut
2381 1754 2622 1809 parvum
2666 1756 2854 1811 neque
2886 1742 2949 1795 ut
2972 1756 3274 1812 magnum.
3315 1739 3394 1795 Et
3422 1740 3552 1797 ideo

1949 1841 2066 1879 non
2096 1826 2458 1898 colligentur,
2491 1827 2626 1900 quia
2653 1828 2734 1883 illi
2758 1831 2855 1901 qui
2875 1830 3239 1900 praeteribant,
3274 1828 3552 1901 praedica-

1945 1912 2344 1979 tores,scilicct
2369 1914 2466 1987 qui
2494 1916 2822 1970 eranthanc
2844 1915 3019 1970 vitam
3048 1918 3466 1986 praetereuntes
3494 1915 3554 1970 et

1946 2002 2710 2069 contemnentes,tendendo
2743 2003 2819 2059 ad
2847 2003 3118 2076 patriam,
3146 2019 3266 2059 non
3298 2003 3422 2075 ejus
3450 2020 3551 2059 vo-

1942 2086 2258 2160 luptatibus
2296 2091 2676 2160 adhaerentes,
2718 2109 2826 2146 non
2873 2091 3120 2147 dixerunt
3143 2090 3254 2147 illis
3283 2093 3549 2164 peccato-

1942 2175 2121 2243 ribus,
2157 2178 2441 2234 benedictio
2469 2179 2715 2248 Domini,
2762 2179 2821 2235 id
2849 2182 2936 2235 est
2960 2179 3229 2236 exaltatio
3260 2178 3319 2235 in
3351 2179 3465 2237 ﬁde
3491 2181 3552 2240 et

1940 2263 2241 2321 virtutibus
2270 2283 2305 2321 a
2335 2269 2453 2323 Deo
2484 2268 2639 2338 data,
2662 2268 2737 2324 sit
2758 2285 2917 2341 super
2938 2286 3048 2325 vos.

2012 2353 2339 2411 Notandum
2353 2357 2510 2428 quod
2536 2361 2593 2413 et
2609 2374 2745 2413 voce
2761 2361 2819 2413 et
2841 2357 3141 2413 affectione
3161 2356 3232 2412 de
3250 2355 3545 2425 omnibus,

1940 2442 2060 2495 tam
2093 2442 2257 2498 bonis
2288 2460 2462 2515 quam
2492 2444 2705 2518 impiis,
2729 2445 3014 2512 dixerunt,
3049 2448 3114 2500 ut
3141 2462 3314 2517 super
3342 2460 3547 2501 omnes

1936 2530 2262 2587 benedictio
2296 2533 2396 2588 Dei
2423 2538 2590 2604 esset.
2630 2534 2811 2591 Aliter
2848 2534 3006 2590 enim
3037 2533 3276 2607 perfecti
3306 2549 3426 2589 non
3456 2549 3546 2589 es~

1937 2624 2086 2682 sent.
2120 2637 2251 2676 cum
2280 2623 2561 2679 Dominus
2590 2623 2743 2679 dicat
2768 2641 2780 2678 :
2811 2646 2839 2674 ‹‹
2870 2624 3041 2680 Orate
3070 2639 3174 2695 pro
3199 2638 3547 2695 persequen-

1935 2707 2084 2762 tibus
2115 2711 2174 2763 et
2201 2711 2687 2767 calumniantibus
2710 2729 2811 2768 vos
2829 2711 3050 2778 (Matth.
3084 2727 3166 2778 ιιι,
3192 2709 3338 2781 44).»
3369 2709 3546 2765 Caste-

1933 2813 2064 2850 rum
2082 2813 2214 2852 cum
2241 2798 2384 2853 dixit
2411 2816 2423 2853 :
2448 2799 2579 2854 Non
2602 2801 2849 2855 dixerunt
2870 2800 3206 2855 Benecdictio
3218 2798 3444 2855 Domini
3449 2814 3540 2853 suc

1926 2898 2023 2953 per
2053 2901 2162 2963 uos,
2209 2887 2624 2958 compendiosa
2660 2887 2870 2961 positio
2922 2890 3029 2955 est,
3072 2904 3139 2943 ac
3181 2886 3228 2942 si
3272 2885 3537 2942 diceret:

222 2974 415 3032 futuro
441 2977 675 3032 concidet
699 2979 916 3032 cervices
923 2982 1285 3048 peccatorum,
1306 2976 1364 3031 id
1385 2980 1469 3031 est
1493 2976 1754 3032 concidet
1773 2978 1830 3031 et
1860 2981 1912 3049 α
1935 2971 2059 3027 Νοη
2104 2974 2353 3029 dixerunt
2375 3017 2392 3038 ,
2432 2976 2488 3031 id
2520 2979 2607 3031 est
2648 2976 2800 3032 dicto
2826 2974 3252 3048 praedicationis
3271 2991 3387 3031 suae
3416 2991 3536 3032 non

221 3062 279 3117 in
311 3066 595 3120 aeternum
631 3066 885 3121 destruet
914 3066 1066 3137 ipsos
1093 3069 1421 3138 peccatores
1451 3068 1687 3138 prepter
1714 3080 1826 3120 cer-

220 3167 376 3229 viges,
405 3152 463 3207 id
485 3156 570 3208 est
594 3157 833 3226 prOpter
879 3153 1299 3209 cervicositates
1332 3170 1562 3220 eorum,
1616 3152 1829 3207 scilicet

220 3243 462 3312 propter
505 3243 801 3313 superbias
857 3261 984 3315 quae
1038 3260 1144 3314 per
1190 3243 1437 3299 cervices
1489 3241 1824 3313 intelligun-

217 3328 331 3395 tur,
389 3347 457 3386 eo
500 3331 656 3404 quod
687 3331 744 3386 in
777 3332 1061 3387 cervicum
1093 3333 1408 3387 elevatione
1448 3333 1820 3387 denotamur.

215 3414 295 3471 Ne
369 3435 503 3474 vero
555 3422 884 3491 peccatores
939 3421 1317 3475 concidantur
1355 3463 1369 3486 ,
1424 3420 1822 3490 confundantur

212 3504 369 3561 bona
398 3507 791 3563 erubescentia
822 3509 893 3563 de
928 3510 1177 3582 superba
1438 3509 1663 3565 actione
1693 3525 1816 3576 sua,

212 3601 261 3649 et
312 3595 391 3649 sic
447 3604 785 3651 convertatur
843 3604 1129 3653 retrorsum
1171 3602 1300 3669 post
1354 3615 1461 3653 nos
1495 3640 1509 3665 ,
1568 3600 1629 3651 ut
1686 3596 1817 3651 imi-

213 3686 427 3740 tatores
480 3686 661 3741 nostri
731 3685 875 3741 {iant
950 3705 1125 3741 omnes
1202 3686 1281 3740 illi
1339 3687 1667 3757 peccatores
1721 3685 1818 3756 qui

237 3773 459 3828 oderunt
482 3774 638 3842 Sion,
671 3774 729 3829 id
759 3775 960 3847 estqui
984 3793 1101 3831 non
1122 3793 1189 3830 ex
1210 3775 1440 3841 merito,
1468 3774 1567 3829 sed
1589 3791 1655 3828 ex
1681 3772 1813 3828 odio

209 3862 493 3933 persecuti
509 3865 643 3918 sunt
664 3881 767 3919 nos
794 3864 1101 3920 existentes
1130 3864 1287 3920 Sion.
1319 3863 1463 3928 Quia
1487 3863 1532 3919 si
1559 3862 1813 3918 converti

209 3950 522 4018 noluerint,
554 3953 807 4008 concedo
835 3953 906 4008 de
932 3953 1014 4007 eis
1042 3954 1197 4025 quod
1212 3953 1433 4024 justum
1464 3954 1569 4016 est,
1600 3950 1813 4005 scilicet

205 4038 340 4104 ﬁant
363 4039 517 4109 justo
564 4040 779 4110 judicio
840 4041 940 4096 Dei
971 4040 1115 4097 aridi
1141 4042 1214 4096 ab
1245 4040 1406 4096 omni
1437 4040 1644 4095 virtute
1673 4040 1810 4093 ante

207 4140 385 4195 quam
405 4128 475 4181 de
504 4128 609 4182 hac
628 4129 743 4184 vita
763 4131 1099 4185 evelluntur.
1128 4131 1195 4184 Et
1221 4146 1340 4185 non
1356 4146 1588 4202 quoquo
1609 4128 1805 4183 modo.

206 4212 306 4266 sed
335 4221 470 4268 sicut
497 4216 685 4284 fenum
734 4225 1010 4284 tectorum,
1069 4219 1210 4290 quod
1252 4221 1567 4290 priusquam
1604 4217 1675 4271 ab
1704 4216 1809 4271 ali-

208 4316 321 4371 quo
363 4301 637 4370 eoeltatur,
666 4321 732 4359 ex
758 4308 880 4361 toto
910 4309 1057 4360 aruit
1086 4322 1189 4376 per
1237 4324 1317 4368 se,
1350 4308 1550 4377 utpote
1582 4306 1805 4360 nullum

204 4388 424 4445 habens
450 4392 622 4445 terra:
652 4391 1119 4448 fundamentum.
1149 4392 1242 4448 Sic
1267 4396 1324 4447 et
1354 4393 1460 4465 ipsi
1484 4409 1641 4459 vero,
1672 4393 1803 4447 fun-

206 4476 480 4534 damento
514 4479 738 4535 Christo
781 4483 1064 4547 carentes,
1097 4480 1273 4536 etiam
1301 4481 1362 4535 in
1390 4480 1506 4534 vita
1530 4480 1805 4551 degentes

204 4563 443 4621 interius
472 4572 826 4623 exarescant.
858 4569 967 4623 Per
996 4570 1108 4624 hoc
1138 4575 1332 4624 autem
1372 4584 1469 4623 eos
1488 4568 1560 4623 ab
1592 4566 1803 4640 iniqui-

203 4656 321 4708 tate
351 4671 554 4710 eorum
581 4655 854 4711 deterret.
872 4656 1013 4711 Cum
1039 4656 1174 4712 dicit
1181 4659 1498 4729 priusquam
1527 4654 1799 4723 evellatur,

201 4740 392 4797 innuit
415 4746 745 4816 peccatores
769 4744 840 4799 de
860 4746 967 4800 hac
981 4745 1097 4800 vita
1116 4762 1234 4801 non
1260 4747 1515 4801 volentes
1526 4744 1798 4817 migrare,

200 4829 341 4885 sicut
364 4831 570 4902 justos,
598 4834 698 4888 sed
725 4834 1049 4889 evellendos
1078 4851 1220 4903 esse,
1252 4834 1312 4889 id
1343 4838 1428 4890 est
1454 4835 1506 4889 vi
1546 4835 1799 4908 quadam

199 4920 580 4976 extrahendus
606 4938 728 4977 esse
751 4926 808 4977 et
824 4922 1051 4978 invitos.

267 5006 456 5075 Fiant,
498 5008 759 5079 inquam,
807 5012 944 5064 sicut
993 5012 1181 5081 fenum
1234 5018 1510 5067 tectorum.
1560 5012 1644 5068 De
1697 5030 1798 5086 quo

198 5094 351 5162 fena,
374 5096 470 5168 qui
499 5095 700 5151 inutile
727 5100 832 5164 est,
865 5114 970 5154 non
1000 5100 1232 5170 implebit
1264 5119 1485 5155 manum
1512 5120 1665 5156 suam
1709 5104 1804 5174 qui

199 5188 375 5249 metet,
409 5184 468 5238 id
523 5189 608 5239 est
638 5202 859 5241 messor
888 5188 1163 5242 messium
1189 5190 1372 5261 spicas
1423 5193 1481 5244 et
1510 5191 1623 5245 alia
1666 5192 1803 5247 fena

200 5269 361 5326 utilia
391 5269 685 5341 colligens,
743 5290 862 5329 non
891 5274 1123 5345 colliget
1151 5291 1221 5330 ex
1242 5277 1352 5331 hoc
1381 5277 1516 5331 feno
1542 5278 1799 5350 aliquan-

1931 3061 2247 3118 eti‘ecerunt
2271 3104 2285 3130 ,
2323 3068 2386 3119 ut
2423 3064 2705 3119 veraciter
2756 3064 2947 3120 dicere
2987 3067 3223 3137 possent
3250 3062 3535 3119 benedictio

1927 3149 2151 3205 Domini
2177 3151 2234 3206 in
2267 3151 2381 3207 ﬂde
2411 3155 2470 3207 et
2500 3152 2798 3208 virtutibus
2840 3152 2992 3207 facta
3036 3154 3123 3207 est
3167 3167 3322 3222 super
3348 3162 3461 3215 vos,
3495 3164 3529 3203 ο

1927 3242 2275 3310 peccatores.
2311 3241 2476 3306 Quod
2501 3245 2586 3297 est
2614 3242 2834 3297 dicere:
2872 3243 2980 3297 Per
3002 3241 3155 3297 dicta
3173 3238 3531 3313 praedicatio-

1926 3326 2014 3381 nis
2036 3344 2150 3383 suae
2173 3346 2290 3384 non
2332 3332 2647 3401 potuerunt
2681 3346 2778 3386 eos
2803 3329 2879 3385 ad
2899 3330 3008 3386 hoc
3037 3327 3313 3384 bonitatis
3344 3326 3527 3382 addu-

1923 3430 2052 3469 cere
2083 3418 2144 3470 ut
2190 3417 2349 3489 digni
2379 3421 2568 3474 essent
2596 3418 2788 3474 divina
2828 3416 3249 3474 benedictione.
3282 3414 3528 3488 Exponit

1924 3505 2115 3558 autem
2150 3507 2444 3577 quomodo
2467 3508 2548 3561 eis
2579 3524 2698 3562 non
2724 3507 3167 3573 benedixerunt,
3195 3504 3273 3559 sic
3306 3520 3319 3559 :
3352 3504 3519 3560 Dico:

1918 3590 2049 3647 Non
2063 3592 2316 3648 dixerunt
2349 3611 2362 3649 :
2396 3594 2686 3650 Benedicto
2724 3596 2947 3651 Domini
2972 3612 3126 3666 super
3154 3609 3261 3659 vos,
3308 3591 3524 3647 scilicet

1920 3697 2039 3734 non
2071 3680 2370 3737 dixerunt:
2405 3682 2785 3739 Benedirimus
2820 3682 2968 3739 vobis
2996 3681 3192 3754 positis
3220 3682 3282 3735 in
3310 3680 3523 3734 nomine

1915 3767 2156 3837 Domini,
2189 3769 2247 3825 id
2278 3774 2363 3826 est
2394 3772 2545 3827 dicto
2585 3770 3008 3843 praadicationis
3048 3786 3163 3824 suae
3206 3767 3265 3822 in
3305 3766 3386 3822 eis
3429 3766 3517 3821 in-

1916 3856 2133 3912 duratis
2162 3875 2279 3914 non
2307 3860 2620 3915 effecerunt
2641 3861 2772 3927 hoc,
2806 3862 2869 3915 ut
2886 3858 3164 3914 veraciter
3181 3856 3371 3912 dicere
3390 3872 3518 3926 pos-

1916 3948 2061 4013 sent,
2096 3962 2200 4001 nos
2234 3948 2590 4005 benediximus
2616 3948 2785 4015 vobis,
2812 3947 2871 4002 id
2895 3950 2981 4002 est
2999 3944 3371 4003 exaltavimus
3394 3959 3513 4011 vos,

1913 4032 2126 4089 scilicet
2148 4035 2361 4091 fuimus
2405 4053 2574 4092 causa
2617 4052 2795 4109 quare
2822 4030 3220 4092 exaltaremini
3265 4048 3385 4099 vos,
3416 4047 3517 4105 po-

1909 4123 2104 4178 nendo
2126 4140 2225 4180 vos
2256 4141 2362 4196 per
2396 4124 2870 4197 praedicationem
2906 4127 3169 4182 nostram
3205 4124 3261 4176 in
3303 4121 3514 4176 nomine

1906 4210 2146 4280 Domini,
2196 4212 2254 4269 id
2285 4218 2371 4269 est
2394 4216 2621 4271 honore
2652 4215 2905 4283 Domini,
2931 4213 3144 4271 scilicet
3183 4212 3293 4267 hoc
3321 4210 3381 4265 in
3411 4223 3509 4263 vo-

1906 4297 1995 4353 bis
2023 4299 2338 4357 efficientes
2363 4303 2752 4374 praadicaudo,
2778 4306 2841 4358 ut
2862 4301 3072 4359 honori
3096 4297 3327 4355 Domini
3352 4311 3513 4350 vaca-

1904 4389 2064 4444 retis.
2095 4390 2261 4454 Quod
2289 4394 2374 4446 est
2398 4391 2588 4447 dicere
2618 4409 2631 4446 :
2673 4393 2798 4447 Non
2827 4390 3141 4463 potuerunt
3174 4402 3274 4441 eos
3297 4384 3371 4440 ad
3399 4384 3511 4439 hoc

1904 4476 2316 4546 praedicatione
2343 4495 2447 4533 sua
2476 4478 2882 4551 praedicatores
2906 4476 3191 4532 adducere
3230 4476 3293 4529 ut
3320 4475 3507 4529 Deum

1904 4562 2054 4617 bene
2086 4563 2324 4620 visendo
2355 4565 2736 4634 honorarent,
2769 4568 2828 4619 et
2870 4564 2951 4619 sic
2995 4564 3066 4620 ab
3097 4579 3165 4620 eo
3199 4561 3505 4619 benedice-

1898 4652 2122 4709 rentur.
3014 4667 3030 4677 '

2362 4744 2432 4798 IN
2472 4743 2794 4802 PSALMUM
2830 4745 3042 4802 CXXIX\

1974 4832 2189 4888 Titulus
2221 4833 2525 4889 centesimi
2554 4832 2806 4891 vicesimi
2836 4835 2995 4891 noni.
3045 4832 3331 4890 Canticum
3371 4846 3501 4902 gra-

1900 4922 2084 4977 duum.
2120 4921 2359 4978 Ostenso
2410 4922 2633 4978 decimo
2679 4924 2882 4994 gradu,
2924 4922 3247 4978 constantia
3293 4920 3504 4976 scilicet

1901 5028 2030 5083 quas
2058 5011 2328 5067 habenda
2340 5014 2425 5067 est
2449 5012 2508 5067 in
2534 5011 2926 5080 tribulatione,
2946 5012 3018 5067 de
3049 5010 3356 5066 undecimo
3379 5025 3505 5083 per-

1900 5099 2035 5154 fecti
2063 5099 2123 5155 in
2150 5100 2413 5175 sequenti
2434 5102 2656 5173 psalmo
2689 5104 2889 5174 agunt,
2920 5099 3133 5156 scilicet
3152 5099 3222 5154 de
3251 5099 3504 5156 clamore

1902 5188 2154 5257 intenso,
2202 5191 2300 5262 qui
2335 5190 2637 5245 habendus
2684 5194 2771 5245 est
2815 5190 2889 5245 ad
2936 5191 3116 5245 Deum
3162 5189 3234 5244 ab
3282 5188 3371 5243 his
3408 5189 3507 5262 qui

1903 5276 1963 5333 in
1995 5277 2300 5350 profundis
2340 5278 2777 5334 tribulationum
2816 5282 2969 5347 sunt,
2999 5295 3072 5333 ne
3101 5277 3378 5334 Dominus
3405 5296 3508 5350 pa-

200 5359 385 5413 tulum
418 5361 480 5412 ut
509 5358 644 5413 inde
660 5376 903 5415 manum
923 5361 1181 5433 impleat.
1202 5363 1276 5418 Et
1296 5380 1413 5419 non
1446 5365 1710 5436 implebit
1737 5383 1806 5422 ex
1907 5366 2083 5421 tiatur
2113 5383 2210 5423 eos
2241 5366 2511 5434 deﬁcere,
2535 5367 2894 5439 observando
2925 5366 3255 5439 iniquitates
3284 5383 3510 5424 eorum.

203 5463 270 5504 eo
294 5449 470 5502 sinum
522 5464 678 5501 suum
732 5448 824 5503 ille
873 5452 968 5520 qui
1015 5452 1318 5523 manipulos
1366 5453 1601 5508 alterius
1653 5454 1808 5509 utilis
1914 5454 2021 5519 Qui
2048 5455 2285 5528 quidem
2337 5455 2670 5521 deﬁcerent,
2727 5438 3003 5525 si
3035 5438 3183 5514 Deus
3214 5458 3383 5512 vellet
3412 5456 3523 5515 ini-

203 5535 333 5594 feni
357 5536 444 5593 vel
470 5535 744 5593 messium
789 5538 1012 5609 colliget,
1046 5538 1105 5596 id
1134 5543 1365 5599 estnon
1397 5540 1626 5615 colliget
1675 5542 1811 5601 inde
1915 5543 2161 5617 quitates
2190 5558 2392 5601 eorum
2433 5544 2733 5603 observare
2769 5544 2844 5601 ad
2878 5544 3289 5604 ulciscendum.
3326 5544 3533 5607 Nullus
