3966 6034
458 276 595 344 1335

1059 274 1121 345 S.
1149 282 1495 344 BRUNONIS
1524 279 2157 342 CARTHUSIANORUM
2194 278 2661 339 INSTITUTORIS
2700 281 2854 340 OPP.
2893 280 3091 339 PARS.
3130 276 3154 338 Ῑ

3624 272 3763 339 iam

454 412 612 471 enim
634 410 778 471 adeo
810 419 1037 472 sanctus
1072 415 1132 472 in
1164 432 1277 489 quo
1306 415 1444 472 nihil
1478 414 1794 490 iniquitatis
1821 410 2062 470 inveniri
2081 403 2138 467 Α
2166 409 2518 468 Constituisti
2537 427 2766 485 nempe:
2785 411 3099 468 «Dimittite
3115 410 3469 469 debitoribus
3490 412 3551 468 et
3570 411 3767 467 dimit-

452 504 650 577 possit,
687 503 757 559 Ut
786 503 962 577 igitur
1004 504 1264 577 perfecti,
1313 505 1369 559 in
1405 506 1513 561 hoc
1549 505 1770 577 psalmo
1802 507 2058 575 agentes,

453 593 541 648 his
568 593 664 666 qui
695 610 801 666 pro
828 594 1058 649 Domini
1085 594 1291 649 timore
1314 598 1367 648 et
1388 593 1717 649 obedientia
1746 593 1801 647 in
1832 593 2064 646 tribula-

449 682 612 737 tione
644 685 775 737 sunt
803 683 971 754 positi
1001 685 1327 754 exemplum
1370 683 1629 737 tribuant
1657 680 1943 737 clamandi
1984 680 2061 734 sic

455 772 525 826 ad
541 772 851 827 Dominum
881 789 952 826 ne
974 772 1263 839 deﬁciant,
1283 772 1593 826 ostendunt
1611 788 1667 825 se
1692 770 1767 824 sic
1781 771 1851 824 ad
1868 768 2062 824 Domi-

456 879 595 916 num
612 862 1237 933 clamasse,reputando
1252 861 1404 933 quod
1422 860 1464 914 si
1486 860 1764 915 Dominus
1777 857 2064 913 velletini-

454 950 700 1021 quitates
712 951 1225 1015 observare,nullus
1238 951 1424 1020 posset
1436 948 1815 1003 constantiam
1830 947 2062 1001 habere.

457 1039 780 1093 Ostendunt
812 1055 1040 1111 quoque
1075 1056 1132 1093 se
1172 1039 1227 1093 in
1270 1039 1515 1093 Domino
1547 1053 1800 1110 sperasse
1852 1052 1965 1089 non
1999 1051 2063 1088 ex

458 1127 678 1182 meritis
694 1128 1021 1193 eorum,sed
1036 1144 1101 1181 ex
1133 1143 1201 1182 eo
1229 1127 1385 1198 quod
1408 1128 1525 1198 ipse
1574 1125 1855 1197 propitius
1891 1127 1975 1177 est
2007 1125 2067 1176 ut

459 1216 600 1270 alios
616 1215 902 1269 instruant
923 1217 1186 1286 exemplo
1212 1231 1576 1281 suo,omnem
1595 1231 1756 1285 spem
1770 1229 1929 1267 suam
1947 1227 2063 1265 non

458 1302 518 1358 in
551 1302 774 1358 meritis
804 1303 937 1369 suis,
962 1304 1061 1358 sed
1085 1304 1142 1357 in
1163 1303 1555 1358 misericordia
1576 1302 1802 1357 Domini
1823 1316 2061 1373 ponere.

530 1392 613 1446 De
634 1392 942 1463 pro/undis,
987 1395 1120 1460 etc.,
1160 1410 1223 1446 ac
1254 1392 1295 1445 si
1329 1393 1516 1447 dicat:
1554 1391 1795 1461 Quijam
1827 1390 1899 1443 ad
1930 1406 2064 1443 con-

459 1480 733 1536 stantiam
774 1480 832 1536 in
862 1481 1328 1535 tribulationibus
1356 1482 1734 1546 devenerunt,
1769 1497 1839 1533 nc
1872 1496 1905 1532 a
1929 1495 2067 1533 eon-

461 1569 673 1623 stantia
716 1586 814 1623 sua
845 1569 1142 1625 occasione
1173 1569 1425 1641 ipsarum
1474 1569 1905 1623 tribulationum
1939 1569 2073 1621 deti'

463 1658 638 1723 ciant,
673 1659 745 1711 de
778 1658 1177 1729 profunditate
1240 1658 1495 1729 ipsarum
1530 1657 1961 1712 tribulationum
1998 1658 2070 1711 ad

2161 501 2316 555 tetur
2349 501 2507 556 vobis
2539 501 2761 571 (Matth.
2790 518 2863 569 v1,
2913 500 3076 571 12),»
3128 501 3303 574 quod,
3358 504 3532 575 prout
3578 500 3763 573 potui,

2161 590 2462 661 complevi.
2496 592 2590 647 Vel
2644 592 3039 648 universaliter
3069 599 3288 663 propter
3319 592 3483 662 legem
3508 595 3684 656 tuam,
3708 588 3763 643 id

2162 681 2247 732 est
2277 682 2512 749 propter
2540 680 2737 735 omnia
2767 680 2909 751 legis
2940 683 3049 735 tuas
3080 683 3387 751 prmcepta,
3413 678 3765 750 inquantum

2164 767 2321 838 putui
2353 784 2386 821 a
2417 784 2511 823 me
2548 770 2853 840 completa.
2888 771 2959 824 Ut
2984 771 3176 823 autem
3209 768 3496 824 auditores
3521 767 3767 822 instruat

2163 856 2472 911 Dominum
2487 858 2926 924 sustinere,facit
2940 858 3013 913 ad
3025 874 3123 912 eos
3133 856 3768 930 apostropham,dicens

2166 960 2224 998 se
2257 945 2567 1000 Dominum
2583 946 3255 1013 sustinuisse,sic:Dixi‘,o
3287 943 3767 1017 auditores,quod

2163 1036 2392 1088 sustinui
2433 1034 2768 1101 Dominum,
2816 1038 2874 1089 et
2902 1051 3101 1089 verum
3146 1034 3297 1099 dico,
3327 1036 3581 1088 sustinuit
3610 1032 3766 1087 enim

2164 1124 2344 1175 anima
2367 1140 2482 1175 mea
2514 1139 2646 1177 eum
2675 1125 2730 1175 in
2768 1122 2920 1178 carbo
2968 1124 3098 1192 eius,
3144 1122 3202 1176 in
3247 1125 3333 1176 est
3359 1122 3418 1175 in
3443 1121 3770 1176 considera-

2165 1209 2320 1264 tione
2352 1210 2507 1265 verbi
2536 1211 2677 1281 ejus,
2706 1211 2919 1266 scilicet
2939 1211 3073 1283 quia
3088 1209 3422 1281 promisitse
3438 1226 3771 1281 remunera-

2166 1300 2357 1352 turum
2372 1299 2716 1354 sustinentes
2733 1299 2947 1367 se,id'eo
2966 1300 3161 1355 anima
3173 1317 3302 1354 mea
3317 1298 3656 1354 sustinendo
3667 1314 3769 1371 pro

2168 1402 2234 1439 e0
2256 1386 2862 1458 tribulationes,ipsum
2884 1391 3381 1443 remuneratorem
3407 1386 3765 1459 exspectavit.

2170 1474 2234 1527 Et
2262 1492 2376 1528 non
2411 1477 2593 1530 solum
2630 1476 2688 1530 in
2719 1477 3179 1532 consideratione
3208 1474 3605 1549 promissionis
3655 1475 3770 1545 ejus

2167 1567 2399 1635 speravit
2418 1567 2599 1619 anima
2620 1582 2735 1618 mea
2758 1582 2889 1619 eum
2918 1567 3439 1631 remuneratorem,
3470 1562 3572 1618 sed
3598 1563 3767 1617 etiam

2167 1654 2404 1724 speravit
2434 1657 2617 1708 anima
2650 1672 2766 1707 mea
2794 1657 2849 1707 in
2885 1654 3137 1719 Domino,
3185 1653 3241 1707 id
3283 1656 3371 1706 est
3412 1652 3468 1706 in
3511 1652 3771 1706 conside-

461 1746 776 1801 Dominum
822 1749 1094 1813 clament,
1137 1751 1194 1802 et
1224 1749 1487 1819 exemplo
1520 1764 1651 1802 meo
1684 1749 1791 1802 hoc
1834 1746 2065 1801 faciant.
2092 1732 2143 1794 Β
2171 1742 2325 1797 tione
2367 1742 2619 1808 Domini,
2647 1742 2861 1796 scilicet
2908 1742 3041 1813 quia
3091 1740 3445 1796 consideravi
3480 1757 3620 1795 eum
3664 1741 3772 1795 Do-

461 1836 580 1906 Ego
615 1835 940 1907 namquein
974 1836 1275 1907 profundis
1306 1836 1748 1891 tribululionum
1778 1836 2012 1907 positus,
2036 1853 2070 1890 a

461 1923 838 1978 similitudine
862 1923 1009 1978 illius
1035 1924 1206 1996 quiin
1234 1925 1534 1997 profundis
1552 1927 1827 1979 tluctuum
1855 1924 2068 1995 positus

461 2014 676 2067 clamat
713 2013 785 2066 ad
814 2030 911 2067 eos
946 2012 1041 2084 qui
1090 2030 1262 2085 supra
1310 2014 1465 2068 littus
1497 2018 1647 2079 sunt,
1680 2017 1741 2067 ut
1790 2013 1839 2067 ci
1871 2031 2065 2067 succu-

462 2105 613 2155 rant.
659 2101 742 2154 De
770 2101 907 2172 ipsis
931 2102 1226 2172 pro/undis
1258 2101 1693 2156 tribulationum
1721 2102 1976 2168 clamavi,
2011 2102 2068 2156 id

463 2193 548 2244 est
580 2192 830 2245 clamore
851 2190 1076 2245 intenso
1100 2191 1213 2261 egi,
1260 2191 1453 2245 dicens
1478 2191 1655 2247 etiam
1700 2208 1798 2246 ore
1830 2209 1859 2243 o
1886 2192 2071 2246 Domi-

460 2294 548 2345 ne,
582 2279 775 2333 exaudi
804 2296 977 2333 vocem
1023 2297 1215 2332 meam.
1250 2278 1489 2345 Exaudi,
1529 2280 1786 2351 inquam,
1844 2281 1901 2333 et
1951 2296 2067 2334 non

461 2367 720 2435 remisse,
757 2367 1037 2433 sed,sicut
1057 2384 1164 2439 ego
1191 2384 1321 2422 cum
1347 2368 1571 2422 intenso
1605 2370 1857 2421 clamore
1888 2368 2066 2436 oravi,

462 2457 544 2510 ita
573 2472 804 2527 quoque
829 2458 963 2525 ﬁant
1006 2475 1159 2511 aures
1192 2464 1293 2511 tuae
1324 2458 1664 2523 mlendentes,
1715 2457 1774 2510 id
1826 2460 1910 2510 est
1966 2473 2068 2527 p0-

463 2546 646 2600 tentia
681 2546 1086 2602 misericordia:
1103 2551 1213 2601 tum
1236 2563 1338 2619 per
1359 2564 1531 2618 quam
1558 2550 1788 2600 orantes
1815 2548 1871 2599 te
1898 2546 2069 2600 mise-

462 2630 771 2689 ricorditer
800 2635 982 2701 audis,
1035 2635 1135 2689 fiat
1160 2634 1468 2688 intendens
1516 2637 1571 2688 in
1602 2652 1777 2689 vocem
1826 2636 2069 2706 depreca-

465 2723 627 2778 tionis
654 2739 799 2789 meae,
829 2723 885 2777 id
914 2726 997 2777 est
1018 2724 1119 2777 flat
1145 2722 1369 2777 intense
1404 2722 1644 2777 audiens
1659 2739 1856 2777 vocem
1879 2739 2071 2777 meam

465 2829 578 2884 qua
601 2814 655 2866 te
678 2812 957 2883 deprecor
981 2810 1074 2866 sic.
1113 2811 1324 2865 scilicet
1346 2812 1445 2866 fiat
1474 2812 1798 2878 intendens,
1820 2816 1879 2865 ut
1919 2812 2073 2883 quod

466 2900 690 2956 intcnse
722 2917 823 2957 oro
854 2901 1079 2956 intcnse
1112 2902 1423 2973 compleas,
1444 2905 1505 2955 ut
1528 2919 1620 2956 me
1649 2902 1911 2957 videlicet
1937 2903 2075 2957 illa:-

2171 1830 2394 1885 minum
2426 1830 2684 1885 omnium
2716 1848 2834 1885 esse
2869 1872 2882 1897 ,
2915 1848 3054 1902 spen
3096 1830 3268 1884 habui
3312 1828 3467 1901 quod
3512 1844 3628 1902 me
3654 1846 3775 1902 pos-

2170 1923 2254 1974 set
2303 1937 2698 1975 remunerare.
2754 1920 3007 1991 Speravit
3030 1962 3043 1983 ,
3076 1920 3338 1991 inquam,
3369 1920 3555 1973 anima

2173 2027 2288 2061 mea
2322 2011 2375 2061 in
2424 2010 2674 2076 Domino,
2711 2009 2987 2081 incipiens
3041 2025 3273 2079 sperare
3304 2028 3337 2061 a
3379 2009 3652 2062 matutina
3681 2024 3777 2063 Cu-

2169 2108 2359 2174 stodia,
2396 2108 2452 2162 id
2504 2111 2587 2163 est
2626 2109 2696 2162 ab
2727 2108 2824 2164 illo
2871 2111 3134 2179 tempore
3167 2124 3235 2161 ex
3264 2124 3378 2179 quo
3409 2123 3519 2178 ego
3543 2105 3780 2160 veniens

2172 2196 2245 2251 ad
2273 2215 2443 2253 mane
2462 2239 2474 2263 ,
2504 2197 2561 2251 id
2585 2201 2669 2252 est
2692 2197 2762 2251 ad
2797 2197 3119 2251 claritatem
3140 2196 3293 2263 ﬁdei,
3312 2197 3598 2251 custodire
3621 2212 3716 2249 me
3747 2213 3781 2249 a

2172 2287 2321 2343 vitiis
2360 2286 2586 2359 increpi,
2618 2290 2674 2341 et
2701 2289 3031 2357 speraturus
3068 2285 3126 2339 in
3158 2285 3399 2340 domino
3430 2302 3558 2339 sum
3592 2301 3782 2356 perse-

2171 2379 2437 2431 veranter
2478 2394 2639 2446 usque
2690 2375 2760 2428 ad
2802 2382 3022 2441 noctem,
3056 2374 3113 2428 id
3143 2377 3228 2428 est
3271 2391 3451 2445 usque
3491 2374 3564 2428 ad
3601 2374 3779 2427 linem

2171 2465 2338 2535 hujus
2365 2465 2511 2518 vita).
2540 2465 2603 2517 Et
2628 2464 2761 2535 quia
2793 2479 2899 2534 ego
2927 2462 3146 2533 speravi
3174 2465 3231 2517 et
3259 2478 3491 2534 semper
3519 2466 3780 2535 speratu-

2172 2571 2267 2608 rus
2296 2569 2445 2619 sum,
2472 2554 2734 2624 exemplo
2760 2552 2873 2606 mei
2918 2558 3087 2622 speret
3115 2554 3169 2605 in
3190 2551 3424 2605 Domino
3452 2552 3782 2624 quicunque

2173 2644 2259 2696 est
2291 2641 2474 2695 Israel.
2512 2642 2579 2695 Et
2615 2657 2732 2695 non
2777 2644 2967 2712 speret
3015 2657 3081 2694 ex
3132 2640 3352 2694 meritis
3382 2640 3516 2707 suis,
3559 2639 3661 2693 sed
3715 2657 3780 2694 ex

2174 2730 2424 2800 gratuita
2456 2728 2847 2784 misericordia
2877 2728 3127 2784 Domini.
3159 2728 3299 2795 Quia
3328 2727 3687 2782 misericordia
3709 2734 3783 2781 est

2173 2820 2315 2889 apud
2343 2817 2656 2884 Dominum,
2699 2817 2755 2871 id
2793 2820 2878 2871 est
2928 2816 2986 2871 in
3020 2820 3225 2871 natura
3273 2816 3524 2878 Domini,
3570 2815 3786 2869 scilicet

2175 2908 2435 2962 naturale
2466 2909 2551 2960 est
2581 2905 2630 2960 ei
2665 2907 2724 2959 ut
2753 2904 3109 2977 sperantium
3137 2904 3193 2959 in
3226 2922 3284 2959 se
3316 2904 3677 2959 misereatur.
3710 2902 3786 2956 Et

464 3007 591 3045 sum
645 2992 700 3043 in
728 2990 1014 3061 pro/undis
1052 2990 1493 3046 tribulationum
1543 2992 1863 3060 custodias;
1901 2993 1985 3047 vel
2020 2994 2073 3045 in
2100 3008 2148 3073 6
2177 2995 2306 3050 ideo
2359 2994 2532 3049 etiam
2581 2996 2792 3065 speret,
2838 2992 2973 3065 quia
3001 2993 3143 3063 apud
3172 3009 3289 3047 eum
3345 2995 3549 3062 copiosa
3579 2992 3785 3045 redem-

463 3095 643 3134 cocem
679 3079 1062 3149 deprecationis
1095 3097 1242 3146 γηρᾶν,
1292 3079 1344 3133 id
1397 3083 1480 3135 est
1530 3079 1586 3133 in
1636 3097 1834 3134 vocem
1883 3098 2078 3152 proce-

463 3167 701 3222 dentem
724 3185 790 3222 ex
814 3167 1222 3239 deprecatione
1239 3167 1445 3222 intensi
1471 3168 1738 3222 clamoris
1767 3168 2073 3224 interioris.

463 3256 791 3310 Notandum
809 3255 1123 3327 quia,quod
1139 3255 1771 3327 ponitapostrOpliatice
1786 3256 1856 3310 ad
1872 3258 2074 3323 Deum,

461 3343 526 3396 de
560 3344 848 3412 profundis
886 3344 1121 3398 clamavi
1158 3344 1230 3396 ad
1269 3350 1337 3409 te,
1374 3344 1624 3410 Domine,
1666 3344 1773 3397 hoc
1827 3343 1965 3400 facit
2004 3346 2075 3399 ad

464 3430 783 3502 gratiarum
812 3431 1086 3495 actiones,
1121 3449 1187 3486 ex
1219 3447 1287 3485 eo
1316 3432 1470 3503 quod
1503 3432 1690 3502 ipsum
1721 3434 2073 3489 clamantem

466 3517 622 3574 fecit.
653 3519 720 3572 Et
752 3534 855 3589 per
896 3520 1003 3575 hoc
1035 3520 1264 3575 instruit
1297 3521 1607 3587 auditores,
1660 3524 1723 3573 ut
1752 3538 1881 3575 cum
1933 3522 2075 3575 fient

465 3608 800 3673 clamantes,
821 3624 887 3661 ex
920 3609 1027 3662 hoc
1052 3608 1172 3680 ipso
1204 3609 1359 3681 quod
1391 3611 1707 3663 clamantes
1737 3612 1926 3676 erunt,
1956 3612 2072 3665 Deo

465 3696 720 3750 referant
749 3698 961 3768 grates.

536 3783 727 3851 Fiant,
742 3784 1001 3857 inquam,
1023 3804 1176 3839 aures
1209 3794 1309 3840 tum
1325 3787 1664 3840 intendentes.
1685 3788 1763 3840 Ne
1786 3804 1917 3842 vero
1932 3788 2076 3843 fiant

466 3891 584 3930 non
635 3874 1020 3941 intendentes,
1073 3892 1190 3929 non
1226 3877 1488 3930 observes
1517 3876 1847 3946 iniquitates
1896 3894 2072 3941 meas,

464 3962 523 4016 id
557 3966 643 4017 est
673 3980 789 4017 non
813 3964 1025 4018 habeas
1054 3980 1149 4017 eas
1180 3964 1238 4017 in
1273 3963 1557 4018 memoria
1577 3963 1720 4018 sicut
1744 3966 1948 4036 punire
1970 3966 2077 4021 dis-

465 4066 669 4121 ponas,
698 4053 756 4103 et
784 4051 862 4105 sic
878 4068 971 4105 me
993 4052 1236 4107 deficere
1267 4069 1301 4106 a
1330 4054 1654 4109 constantia
1675 4072 1805 4109 mea
1834 4057 2072 4128 permit-

464 4141 574 4192 tas.
624 4137 692 4192 Si
727 4138 883 4192 enim
918 4141 1222 4211 iniquitates
1253 4144 1310 4194 et
1341 4157 1499 4195 meas
1530 4146 1588 4196 ct
1617 4147 1958 4199 cmterorum
1991 4147 2077 4199 ob-

466 4228 774 4293 servaveris,
810 4228 870 4280 ut
902 4244 1005 4282 eas
1032 4227 1338 4295 ulciscaris,
1366 4228 1615 4299 Domine,
1648 4234 1764 4303 quis
1801 4235 2076 4288 sustinebit

466 4318 524 4369 te
558 4315 803 4371 Domine
835 4316 937 4371 ?id
963 4320 1048 4371 est
1075 4318 1198 4388 quis
1231 4317 1565 4375 sustinendo
1590 4338 1692 4392 pro
1744 4324 1797 4375 te
1836 4322 2072 4377 tribula-

465 4403 675 4472 tiones,
696 4406 756 4459 te
795 4409 1296 4462 remuneratorem
1314 4409 1711 4480 exspectabit?
1736 4409 1948 4464 Nullus.
1994 4413 2074 4466 Ac

468 4490 514 4544 si
545 4492 696 4547 dicat
728 4511 743 4546 :
770 4493 897 4548 Noli
926 4511 1101 4549 .meas
1139 4494 1469 4566 iniquitates
1502 4498 1824 4565 observare,
1876 4502 1937 4553 ut
1967 4517 2070 4571 pro

470 4578 548 4632 eis
578 4596 672 4635 me
691 4580 933 4635 deficere
948 4582 1418 4653 permittas.Nam
1442 4589 1490 4639 si
1508 4603 1666 4640 meas
1690 4588 2069 4657 observaveris,

468 4668 693 4721 constat
723 4684 758 4721 a
785 4668 977 4736 simili,
1011 4670 1164 4740 quod
1195 4675 1249 4724 e‘.
1279 4675 1622 4727 cmterorum
1640 4674 1983 4742 observatis,
2017 4679 2075 4731 et

470 4755 548 4810 sic
579 4756 767 4810 nullus
796 4756 1032 4811 ulterius
1063 4757 1172 4812 erit
1193 4774 1295 4828 pro
1319 4761 1376 4812 te
1407 4759 1807 4816 indeﬂcienter
1827 4764 2070 4835 patiens,

469 4847 527 4898 et
554 4843 691 4899 inde
723 4847 779 4897 te
810 4848 1311 4899 remuneratorem
1334 4850 1657 4918 expectans.
1684 4850 1953 4913 Quamvis
1974 4869 2074 4906 au-

466 4935 588 4986 tem
620 4932 808 4986 dicam
839 4950 857 4987 :
888 4935 1003 5003 quis
1026 4932 1349 5000 substinelu't,
1386 4938 1580 4989 tamen
1612 4954 1720 5008 ego
1748 4941 1976 4993 sustinui
2006 4948 2072 5005 te,

464 5020 717 5085 Domine,
764 5020 822 5075 id
859 5023 944 5074 est
1000 5020 1337 5076 sustinendo
1381 5039 1484 5093 pro
1542 5027 1599 5078 te
1653 5015 2071 5083 tribulationes.

467 5109 607 5163 Inde
620 5111 679 5163 te
692 5110 1196 5163 remuneratorem
1211 5112 1549 5183 exspectavi,
1563 5116 1621 5186 et
1643 5130 1758 5168 non
1779 5130 1844 5168 ex
1858 5115 2075 5170 meritis

465 5196 631 5263 meis,
681 5196 780 5250 sed
810 5195 965 5262 inde,
1002 5195 1143 5262 Quia
1180 5200 1472 5269 propitiato
1502 5207 1578 5254 est
1629 5208 1758 5272 aput
1802 5209 1867 5268 te,
1903 5202 1961 5256 id
1992 5206 2077 5257 est

463 5282 523 5339 in
556 5283 637 5338 tui
669 5285 872 5338 natura
901 5283 1132 5346 scilicet,
1164 5285 1299 5356 quia
1324 5304 1389 5341 ex
1423 5290 1630 5343 natura
1661 5288 1761 5342 tibi
1791 5289 2077 5361 contingit

461 5375 526 5427 ut
541 5371 706 5427 nobis
718 5370 1064 5444 prepitieris,
1095 5375 1151 5429 ct
1169 5374 1342 5430 etiam
1374 5376 1689 5448 exspectavi
1721 5379 1774 5431 te
1804 5393 2073 5433 remune-

461 5466 717 5515 ratorem
753 5468 971 5533 propter
999 5461 1165 5531 legem
1198 5469 1364 5528 tuam,
1398 5462 1454 5517 id
1490 5468 1575 5518 est
1604 5468 1841 5537 propter
1870 5466 2069 5521 condi-

462 5545 741 5605 tionalem
755 5550 1267 5608 constitutionnem
1291 5556 1473 5620 tuam,
1506 5569 1540 5609 a
1571 5571 1664 5609 me
1690 5556 2063 5628 completam.

2165 3086 2304 3155 ptio,
2362 3083 2418 3137 id
2448 3086 2531 3137 est
2562 3083 2695 3154 quia
2727 3084 2915 3137 morte
2964 3098 3067 3136 sua
3095 3081 3341 3136 redimet
3391 3097 3599 3135 omnes
3632 3080 3690 3133 in
3725 3096 3785 3133 se

2178 3173 2503 3241 speraturos
2535 3172 2651 3224 tam
2680 3169 2924 3241 gentiles
2946 3185 3119 3241 quam
3150 3169 3395 3225 Judaios.
3426 3168 3520 3222 Vel
3571 3169 3788 3237 copiosa

2180 3261 2462 3331 redemptio
2496 3300 2509 3325 ,
2538 3261 2818 3330 quantum
2859 3258 2933 3312 ad
2977 3256 3128 3311 vitia.
3183 3256 3448 3310 Redemit
3474 3256 3633 3310 enim
3682 3272 3791 3309 nos

2178 3367 2295 3403 non
2326 3349 2510 3403 solum
2545 3364 2577 3401 a
2600 3346 2845 3417 peccatis
2876 3345 3270 3416 originalibus,
3313 3345 3414 3399 sed
3445 3345 3516 3399 ab
3552 3344 3793 3398 actuali-

2176 3438 2282 3491 bus
2312 3479 2322 3490 .
2358 3438 2419 3490 Et
2453 3436 2581 3490 ideo
2632 3434 2817 3488 adhuc
2861 3450 3113 3504 sperare,
3135 3433 3391 3504 quoniam
3423 3435 3527 3503 ipse
3558 3432 3795 3485 redimet

2176 3524 2371 3589 Israel,
2404 3525 2457 3578 id
2503 3526 2587 3578 cst
2617 3523 2674 3577 in
2705 3523 2819 3576 fine
2861 3522 2988 3577 vitm
3031 3521 3269 3575 salvabit
3306 3536 3793 3593 unumquemque

2175 3615 2515 3669 existentem
2571 3612 2759 3678 Israel,
2813 3631 2875 3665 ea:
2930 3611 3171 3664 omnibus
3220 3611 3588 3682 iniquitatibus
3643 3611 3790 3680 ejus,

2176 3702 2387 3756 scilicet
2420 3718 2548 3756 cum
2580 3704 2707 3771 post
2736 3700 3137 3754 remissionem
3183 3700 3549 3769 peccatorum
3589 3698 3644 3751 in
3698 3699 3794 3751 ba-

2176 3792 2387 3862 ptismo
2404 3790 2792 3861 unusquisque
2825 3788 3072 3843 existens
3104 3786 3292 3853 Israel,
3327 3787 3538 3841 multas
3569 3788 3792 3841 admit-

2176 3882 2259 3934 tat
2288 3878 2636 3951 iniquitates.
2684 3902 2711 3927 ‹‹
2749 3879 2810 3931 in
2837 3876 3030 3931 multis
3054 3875 3232 3941 enim,
3275 3878 3337 3929 ut
3368 3876 3665 3946 apostolus
3698 3877 3793 3929 Ja-

2177 3969 2352 4022 cobus
2390 3970 2653 4032 testatur,
2699 3965 3049 4021 offendimus
3087 3981 3291 4019 omnes
3331 3965 3483 4028 (Jac.
3528 3982 3611 4029 ιη,
3642 3968 3739 4031 2),
3769 3990 3793 4012 η

2176 4057 2295 4127 ipse
2321 4054 2722 4125 redemptione
2746 4053 2948 4109 mortis
2972 4070 3087 4108 suae
3117 4051 3356 4107 salvabit
3378 4052 3592 4124 ipsum,
3615 4052 3799 4106 Israel

2175 4142 2551 4213 pasnitcntem
2577 4144 2649 4197 ab
2682 4143 2790 4197 illis
2812 4140 3201 4213 iniquitatibus
3231 4141 3289 4195 in
3323 4140 3475 4196 exitu
3498 4141 3629 4196 vita:
3649 4159 3795 4208 sua,

2175 4248 2248 4286 ne
2276 4249 2379 4303 pro
2412 4231 2519 4286 illis
2546 4235 2762 4303 pereat.

2659 4322 2726 4374 IN
2753 4321 3077 4376 PSALMUM
3116 4320 3300 4375 CXXX.

2245 4408 2777 4477 Titulusbcntcsimi
2809 4408 3098 4463 tricesimi.
3135 4406 3459 4462 Cuanticum
3485 4408 3796 4476 graduum.

2176 4497 2490 4553 Undecimo
2551 4497 2735 4569 gradu
2774 4499 3143 4569 pertractate,
3202 4495 3415 4550 scilicet
3444 4496 3712 4549 clamore
3740 4495 3799 4550 in

2174 4590 2217 4640 t1
2230 4585 2539 4642 ibulatione
2552 4585 2903 4656 corporis,ne
2918 4585 3016 4639 fiat
3027 4584 3103 4638 ibi
3117 4584 3370 4638 defectus
3380 4582 3801 4637 duodecimum

2176 4676 2420 4748 gradum
2441 4674 2498 4728 in
2526 4674 2787 4745 sequenti
2818 4674 3039 4744 psalmo
3060 4671 3296 4744 perfecti
3320 4671 3378 4725 in
3401 4671 3523 4744 ipso
3547 4676 3803 4742 agentes

2177 4764 2249 4819 ad
2266 4763 2703 4818 instructionem
2726 4761 3055 4815 auditorum
3079 4760 3811 4830 ostendunt,apostropha-

2176 4851 2287 4906 tice
2318 4851 2391 4905 ad
2422 4853 2603 4905 Deum
2626 4848 2949 4920 gratiarum
2981 4848 3269 4902 actionem
3302 4846 3550 4918 agendo,
3590 4850 3802 4902 osten-

2178 4939 2368 4992 dendo
2400 4937 2611 4991 scilicet
2650 4955 2707 4989 se
2741 4952 2970 5007 semper
3011 4934 3068 4988 in
3114 4934 3437 4988 humilitate
3479 4933 3801 5003 persistere

2178 5043 2303 5097 qua:
2336 5026 2707 5081 duodecimus
2734 5024 2947 5095 gradus
2977 5026 3081 5090 est,
3114 5024 3176 5075 ut
3204 5040 3270 5077 ea
3300 5020 3587 5075 mirabilia
3618 5040 3799 5094 supe-

2178 5114 2395 5170 riorum
2412 5114 2698 5187 graduum
2715 5112 2787 5167 ad
2809 5128 2936 5183 quze
2955 5112 3082 5181 jam
3104 5110 3508 5174 ascenderunt,
3534 5124 3665 5164 non
3688 5111 3799 5165 sibi

2175 5203 2275 5259 sed
2303 5204 2548 5259 Domino
2580 5201 2884 5257 aseribant.

2247 5292 2495 5359 Domine,
2527 5306 2630 5345 nen
2659 5297 2734 5344 est
2751 5288 3064 5356 exaltatum,
3095 5289 3228 5354 etc,;
3259 5303 3323 5340 ac
3347 5286 3391 5340 si
3420 5285 3611 5340 dicat:
3650 5287 3801 5344 Cum

2176 5380 2501 5453 quicunque
2554 5379 2625 5433 ad
2654 5379 2757 5433 hos
2792 5376 3118 5449 superiores
3146 5376 3359 5448 gradus
3389 5374 3795 5443 ascenderint,

2180 5487 2296 5524 non
2329 5473 2413 5523 est
2436 5468 2517 5523 eis
2539 5468 2673 5522 inde
2701 5464 3171 5537 superbiendum,
3207 5464 3307 5518 sed
3338 5466 3424 5518 est
3453 5467 3590 5517 tunc
3625 5464 3795 5520 eisin

2175 5557 2264 5614 his
2293 5558 2587 5613 humilitas
2638 5556 2927 5623 habenda,
2960 5557 3022 5610 ut
3049 5555 3172 5610 haec
3201 5569 3319 5609 non
3351 5570 3418 5609 ex
3447 5569 3530 5620 se,
3560 5553 3672 5609 sed
3726 5570 3795 5609 ex
