4016 6030
336 288 474 351 1337

328 410 577 470 Domino
620 428 741 471 esse
782 411 1068 488 judicent.
1103 414 1265 483 Quod
1296 418 1532 491 quidem
1564 421 1651 475 est
1676 418 1921 494 gradum
1944 428 2000 492 Α,

332 501 746 560 duodecimum
764 506 1094 562 ascendere.
1128 508 1285 563 Hanc
1314 512 1506 565 autem
1537 511 1925 566 humilitatem

334 593 406 648 ad
432 595 763 667 exemplum
798 595 913 651 mei
941 596 1214 653 habeant.
1230 598 1543 653 Cumenim
1562 599 1688 670 jam
1711 600 1815 655 hos
1834 618 1926 654 su-

331 682 586 754 perieres
614 683 827 755 gradus
856 685 1286 753 ascenderim,o
1311 687 1557 755 Domine,
1579 705 1684 742 non
1698 694 1774 743 est
1794 687 1929 743 inde

332 772 626 827 exaltatum
649 789 742 827 eor
758 790 933 827 meum
963 774 1021 829 in
1051 775 1402 845 superbiam,
1448 794 1620 850 neque
1651 777 1795 830 oculi
1832 778 1939 831 mei

332 858 644 915 exteriores
671 861 799 916 elati
845 868 968 916 sunt
1023 864 1287 933 superbe,
1319 862 1379 918 id
1410 867 1494 919 est
1524 881 1640 920 non
1671 864 1937 937 apparuit

330 947 468 1003 inde
497 950 763 1020 superbia
790 950 1049 1022 aliquain
1065 951 1312 1007 elatione
1333 953 1931 1024 oculorumfmeorum.

332 1038 657 1111 Aliquando
689 1040 901 1113 quippe
944 1040 1211 1110 superbia
1240 1039 1297 1094 in
1328 1042 1500 1096 corde
1532 1042 1689 1108 latet,
1724 1044 1787 1095 ut
1817 1059 1935 1096 non

334 1129 613 1199 appareat
632 1127 900 1192 exterius,
931 1128 1243 1199 aliquando
1272 1129 1508 1200 quidem
1544 1129 1603 1183 in
1633 1131 1934 1186 oculorum

335 1215 583 1271 elatione
614 1215 1236 1279 denotatur.Quoniam
1268 1217 1715 1272 indeterminate
1734 1234 1938 1289 posue-

332 1306 424 1359 rat
453 1320 570 1359 non
601 1307 687 1359 est
736 1305 1028 1358 exaltatum
1076 1321 1165 1357 cor
1201 1322 1394 1372 meum,
1458 1305 1513 1359 in
1571 1322 1684 1377 quo
1718 1323 1832 1361 non
1863 1306 1937 1361 sit

333 1395 645 1448 exaltatum
676 1393 1027 1448 determinat
1056 1393 1163 1448 sic:
1206 1394 1336 1448 Non
1377 1402 1475 1457 est,
1507 1395 1767 1467 inquam,
1799 1396 1938 1450 exal-

335 1488 505 1536 tatum
529 1498 620 1535 cor
650 1497 841 1549 meum,
875 1486 933 1537 et
962 1499 1079 1537 non
1101 1484 1286 1538 solum
1315 1501 1589 1539 removeo
1612 1485 1752 1539 illud
1766 1484 1937 1539 fuisse

333 1571 645 1625 exaltatum
675 1570 733 1625 in
757 1571 945 1642 parvis
960 1572 1149 1639 rebus,
1169 1573 1270 1626 sed
1289 1572 1464 1626 etiam
1497 1590 1662 1645 neque
1690 1573 1934 1627 ambula-

332 1660 406 1724 vi,
430 1661 485 1711 in
509 1661 739 1729 magnis,
778 1676 944 1730 neque
979 1661 1034 1713 in
1057 1661 1393 1716 mirabilibus
1407 1678 1563 1731 super
1586 1679 1668 1715 me
1689 1662 1938 1715 existen-

1277 292 1634 355 EXPOSITIO
1671 294 1741 354 ΙΝ
1776 292 2109 355 PSALMOS.
2137 325 2207 341 --
2237 297 2431 357 PSAL.
2473 295 2665 359 CXXXI

3505 297 3642 361 i338

2498 425 2567 482 IN
2599 423 2920 485 PSALMUM
2951 427 3159 497 CXXXI,

2102 586 2317 642 Titulus
2345 588 2645 643 centesimi
2673 589 2948 646 tricesimi
2982 591 3173 664 primi.
3206 592 3492 650 Canticum
3511 605 3639 664 graa

2028 673 2211 730 duum.
2244 677 2554 750 Postquam
2583 678 2654 733 de
2682 679 3006 737 humilitate
3037 682 3304 738 habenda
3330 682 3389 739 in
3418 681 3645 755 magnis

2033 774 2090 826 et
2117 771 2473 828 mirabilibus
2513 774 2704 828 actum
2731 777 2835 841 est,
2870 791 2998 846 qua:
3028 775 3400 831 duodecimus
3432 778 3647 846 gradus

2036 864 2139 926 est,
2170 864 2351 932 agunt
2380 863 2552 917 etiam
2584 863 2823 933 perfecti
2863 864 2935 918 de
2965 865 3148 936 gradu
3200 865 3371 919 tertio
3414 864 3643 921 decimo

2036 949 2093 1004 in
2120 952 2343 1021 psalmo
2361 953 2644 1023 sequenti,
2669 952 2765 1025 qui
2785 954 2997 1024 gradus
3017 954 3158 1009 nihil
3177 954 3332 1009 aliud
3359 956 3443 1008 est
3464 970 3641 1026 quam

2035 1040 2143 1094 hoc
2175 1040 2329 1110 quod
2369 1041 2494 1110 jam
2535 1042 2608 1095 ad
2656 1042 2764 1096 hoc
2802 1042 3099 1113 dignitatis
3145 1044 3545 1107 ascenderunt,
3581 1045 3643 1096 ut

2029 1127 2157 1198 jam
2190 1127 2500 1199 disponant
2528 1129 2715 1185 vivere
2745 1131 2818 1185 ad
2849 1130 3317 1187 conformitatem
3350 1133 3641 1203 apostolo-

2035 1232 2187 1283 rum,
2239 1217 2297 1271 in
2330 1234 2509 1272 unum
2556 1218 2893 1286 habitando,
2950 1222 3008 1274 et
3058 1219 3259 1274 omnia
3312 1218 3646 1274 communia

2035 1304 2326 1360 habendo.
2372 1306 2438 1359 Et
2468 1306 2745 1377 quoniam
2775 1308 2883 1363 hoc
2915 1307 3028 1361 suis
3052 1308 3272 1362 meritis
3300 1308 3525 1378 assequi
3545 1324 3647 1361 ne-

2037 1396 2272 1465 queant,
2307 1398 2475 1449 orant
2519 1399 2801 1466 quatenus
2850 1398 2957 1451 hoc
3003 1397 3225 1452 meritis
3283 1397 3509 1463 Christi,
3566 1396 3650 1451 sui

2036 1482 2668 1554 capitis,assequantur,
2701 1484 2799 1555 qui
2829 1488 3162 1541 mansuetus
3192 1486 3319 1551 fuit,
3348 1486 3406 1540 et
3438 1485 3495 1540 in
3524 1500 3650 1540 om-

2038 1570 2204 1625 nibus
2236 1573 2299 1625 ut
2323 1572 2571 1626 firmiter
2598 1572 2865 1645 promisit
2893 1573 3172 1629 obediens
3201 1574 3374 1629 Patri.
3411 1576 3527 1629 Hoc
3545 1589 3645 1627 ευ·-

2039 1662 2153 1714 tem
2188 1677 2255 1714 ea
2286 1659 2494 1714 ﬁducia
2522 1677 2581 1714 se
2608 1661 2804 1715 dicunt
2834 1678 2999 1717 orare
3052 1662 3189 1733 quia
3235 1662 3512 1718 Dominus
3538 1664 3644 1718 Pa~

332 1747 501 1814 tibus,
535 1747 747 1803 scilicet
780 1765 888 1820 ego
916 1748 1133 1819 positus
1164 1748 1223 1802 in
1251 1749 1478 1821 magnis
1493 1752 1551 1805 et
1582 1749 1938 1804 mirabilibus
1964 1735 2013 1795 Β
2039 1750 2127 1804 ter
2145 1749 2357 1819 juravit
2394 1749 2570 1804 David
2624 1750 2869 1818 Christo,
2902 1751 3038 1823 quia
3093 1752 3164 1807 de
3195 1752 3384 1807 fructu
3433 1750 3647 1806 ventris

333 1837 605 1914 gradibus
636 1836 1026 1908 superioribus
1056 1836 1154 1907 qui
1186 1854 1303 1893 non
1335 1840 1467 1892 sunt
1497 1854 1564 1892 ex
1604 1838 1827 1904 me,sed
1852 1855 1940 1892 su-

334 1942 439 1997 per
470 1942 583 1992 me,
621 1925 679 1980 id
706 1928 790 1980 est
820 1942 885 1979 ex
917 1925 1072 1980 dono
1128 1925 1229 1980 Dei
1288 1925 1384 1997 qui
1412 1929 1496 1980 est
1539 1927 1799 1999 superior
1845 1944 1938 1980 mo

336 2032 441 2067 non
471 2014 762 2079 ambulavi,
784 2013 843 2069 id
865 2016 951 2068 est
967 2030 1084 2069 non
1110 2014 1373 2084 promovi
1392 2031 1484 2069 me
1500 2015 1743 2086 superbe
1765 2015 1821 2070 in
1841 2015 1939 2069 illa

336 2120 553 2174 magna
603 2104 661 2156 et
689 2102 995 2168 mirabilia,
1030 2106 1092 2156 ut
1119 2119 1185 2156 ex
1214 2119 1308 2157 me
1339 2119 1407 2157 ea
1432 2119 1554 2157 esse
1583 2106 1933 2174 reputarem.

337 2192 500 2256 Quod
531 2195 617 2246 est
648 2191 835 2246 dicere
862 2208 874 2244 :
926 2191 1049 2245 Non
1104 2190 1390 2261 superbivi
1418 2191 1675 2246 contuitu
1705 2191 1937 2247 illorum

334 2297 686 2353 magnorum
715 2284 772 2334 et
818 2279 1194 2334 mirabilium.
1225 2281 1348 2333 Non
1383 2282 1567 2335 solum
1608 2284 1801 2334 autem
1832 2299 1938 2335 non

335 2369 608 2424 ambulavi
621 2371 675 2422 in
698 2371 925 2439 magnis,
953 2375 1003 2423 et
1033 2371 1089 2421 in
1114 2369 1570 2434 mirabilibus,secl
1596 2375 1645 2422 et
1668 2371 1938 2424 humiliter

335 2458 483 2513 sensi
514 2474 582 2512 ea
602 2475 669 2512 ex
703 2461 759 2512 te
783 2474 923 2511 esse.
958 2457 1025 2511 Et
1053 2456 1096 2510 si
1128 2474 1234 2528 ego
1269 2474 1385 2512 non
1428 2457 1724 2511 humiliter
1746 2460 1935 2513 sentie-

335 2547 475 2614 bam,
508 2547 597 2601 sed
615 2564 680 2601 ex
698 2546 987 2601 contrario
1013 2547 1250 2601 exaltavi
1276 2547 1515 2599 animum
1551 2563 1743 2614 meam,
1768 2546 1824 2601 id
1852 2551 1938 2602 est

332 2634 619 2708 superbivi
645 2634 703 2688 in
735 2634 933 2689 anima
959 2650 1112 2700 mea,
1140 2634 1247 2688 ista
1279 2634 1601 2704 reputando
1632 2651 1697 2688 ex
1729 2652 1822 2689 me
1846 2652 1933 2690 es-

332 2740 428 2790 se;
460 2726 595 2777 sicut
626 2739 770 2794 puer
800 2722 897 2794 qui
928 2722 1113 2776 adhuc
1164 2722 1506 2776 incumbens
1533 2740 1686 2792 super
1711 2730 1934 2778 matrem

327 2829 479 2867 suam
510 2812 581 2866 ab
625 2828 697 2866 ea
743 2812 1007 2875 laetatur,
1043 2810 1087 2863 si
1135 2809 1310 2863 fuerit
1339 2810 1655 2877 ablactatus,
1690 2809 1747 2865 id
1787 2815 1871 2865 est
1901 2830 1935 2866 a

326 2902 479 2955 lacte
508 2903 826 2970 separatus,
874 2898 1042 2969 perit,
1093 2914 1196 2967 per
1227 2914 1285 2951 se
1314 2915 1526 2969 nempe
1559 2899 1822 2953 nondum
1851 2900 1932 2953 vi-

323 3004 458 3043 vere
488 2990 695 3059 potest,
726 2989 800 3041 ita
832 2987 1004 3057 digne
1036 2987 1310 3039 retributio
1342 2987 1625 3056 pereundi
1652 2987 1842 3042 veniat
1878 2990 1933 3042 in
1956 3010 2005 3071 α

327 3079 564 3131 animum
594 3093 782 3142 meam,
806 3076 862 3129 id
892 3078 977 3129 est
1006 3074 1081 3128 ita
1105 3077 1303 3144 pereat
1331 3074 1528 3129 anima
1558 3076 1933 3131 mea.ldcirco

324 3182 458 3220 vero
489 3164 567 3219 sic
596 3165 700 3218 sub
731 3164 838 3218 hac
893 3162 1226 3217 conditione
1257 3178 1316 3216 se
1350 3163 1587 3218 devovet
1619 3164 1934 3236 perditioni

324 3256 387 3308 ut
407 3253 703 3307 auditores
732 3270 765 3305 a
797 3251 1065 3322 superbia
1093 3251 1371 3317 retrahat,
1422 3253 1633 3307 docens
1664 3252 1721 3307 in
1754 3271 1813 3308 se
1839 3270 1939 3309 eos

326 3342 613 3413 perituros
640 3357 761 3395 esse
782 3339 888 3393 nisi
920 3339 1216 3394 humiliter
1243 3340 1545 3395 senserint.

399 3430 521 3485 Dixi
550 3429 705 3502 quod
733 3446 839 3482 non
864 3436 938 3483 est
994 3429 1286 3482 exaltatum
1328 3446 1419 3483 eor
1450 3446 1649 3497 meum,
1678 3433 1942 3489 contuitu
1984 3438 1991 3443 ’

329 3518 688 3591 superiorum
723 3534 1094 3587 magnorum,
1126 3517 1226 3570 sed
1258 3518 1553 3572 humiliter
1580 3520 1749 3574 sensi.
1791 3521 1942 3592 Ergo

331 3607 595 3679 exemplo
628 3606 741 3661 mei
764 3604 1089 3677 quicunque
1103 3608 1186 3658 est
1209 3606 1375 3659 Israel
1417 3623 1533 3661 non
1551 3609 1796 3678 superbe
1814 3608 1869 3662 in
1883 3624 1945 3663 se

331 3695 604 3759 confidat,
638 3695 735 3749 sed
764 3701 930 3764 speret
955 3692 1248 3747 humiliter
1279 3692 1605 3765 quicunque
1660 3698 1745 3750 est
1780 3695 1950 3750 Israel

333 3784 533 3839 omnia
791 3798 1005 3852 magna
1038 3798 1158 3835 esse
1187 3784 1241 3834 in
1270 3782 1586 3849 Demino,id
1604 3783 1762 3837 estin
1790 3785 1944 3840 dono

330 3872 587 3939 Domini,
618 3887 733 3925 non
774 3870 831 3924 in
858 3869 1077 3924 meritis
1122 3869 1253 3923 suis.
1285 3870 1491 3940 Speret,
1521 3870 1780 3942 inquam,
1814 3872 1948 3928 inci.

330 3960 493 4030 piens
510 3976 573 4013 ex
600 3960 699 4014 hoc
724 3957 960 4024 nunc,id
983 3961 1067 4012 est
1097 3957 1329 4012 instanti
1361 3958 1631 4029 praesenti
1658 3963 1942 4031 tempore,

328 4055 375 4102 et
405 4064 774 4119 perseverans
804 4046 863 4101 in
922 4063 1022 4117 spe
1074 4063 1232 4118 usque
1283 4049 1339 4100 in
1366 4047 1615 4102 saeculum
1644 4048 1900 4103 futurum
1926 4070 1941 4121 ;

326 4137 414 4190 vel
439 4135 516 4190 sic
540 4155 552 4189 :
580 4136 709 4190 Non
737 4142 830 4201 est,
866 4135 1125 4207 inquam,
1177 4136 1469 4191 exaltatum
1497 4150 1587 4192 cor
1620 4152 1811 4203 meum,
1856 4134 1943 4193 vel

274 4248 285 4257 ’
328 4239 433 4279 ηοη
460 4223 752 4290 ambulavi,
796 4223 852 4277 id
880 4226 963 4277 est
995 4241 1110 4278 non
1150 4224 1414 4295 promovi
1445 4241 1539 4277 me
1592 4226 1836 4296 superbe
1886 4227 1944 4279 in

326 4315 554 4383 magnis,
585 4328 751 4383 neque
776 4314 831 4364 in
847 4311 1196 4376 mirabilibus,
1220 4310 1278 4365 id
1319 4315 1404 4365 est
1435 4311 1492 4365 in
1524 4313 1940 4368 consideratio-
1965 4286 2017 4347 Β

328 4417 402 4455 ne
443 4416 793 4473 magnorum
826 4402 883 4453 et
912 4397 1287 4463 mirabilium,
1319 4399 1685 4454 extendendo
1725 4417 1819 4455 me
1851 4419 1943 4456 su-

329 4505 435 4560 per
459 4505 576 4554 me,
597 4491 660 4542 ut
690 4504 784 4541 me
810 4486 1025 4541 scilicet
1054 4485 1340 4555 majorem
1370 4486 1624 4539 facerem
1658 4504 1834 4558 quam
1860 4505 1942 4543 es-

327 4592 471 4632 sem.
522 4576 681 4631 Unde
708 4574 1025 4630 Dominus:
1071 4596 1097 4623 ‹‹
1139 4574 1280 4627 Cum
1312 4571 1561 4627 feceritis
1587 4574 1784 4629 omnia
1814 4593 1941 4647 quae

328 4668 618 4736 prmcepta
654 4668 786 4719 sunt
815 4663 995 4730 vobis,
1026 4662 1197 4716 dicite
1228 4679 1241 4717 ε
1278 4661 1433 4716 Servi
1464 4661 1692 4717 inutiles
1746 4681 1943 4719 sumus

325 4752 483 4824 (Luc.
520 4769 648 4819 xvn,
684 4752 790 4822 tO).
826 4772 854 4800 »
907 4750 1205 4817 Quocirca,
1266 4748 1594 4822 quicunque
1624 4752 1796 4806 Israel
1831 4752 1943 4807 exi-

325 4842 499 4905 stens,
532 4841 798 4911 exemplo
830 4839 945 4893 mei
979 4855 1096 4894 non
1151 4838 1465 4910 superbiat,
1514 4839 1614 4893 sed
1639 4840 1943 4895 humiliter

324 4926 553 4992 sentiat,
588 4930 644 4981 et
672 4927 751 4980 sic
779 4933 944 4998 speret
970 4927 1143 4982 Israel
1168 4926 1699 4982 remunerationem
1753 4930 1809 4982 in
1833 4928 1942 4982 Do-

324 5018 488 5083 mino,
545 5015 603 5069 id
658 5017 745 5069 est
774 5014 832 5069 in
879 5015 1344 5070 consideratione
1376 5015 1645 5071 Domini:
1680 5016 1938 5071 conside-

321 5104 505 5160 rando
562 5104 777 5160 scilicet
835 5121 968 5159 eum
1002 5120 1122 5158 esse
1165 5102 1479 5159 Dominum
1535 5108 1595 5159 et
1640 5107 1940 5176 potentem

325 5192 397 5248 ad
426 5192 944 5263 remunerandum.
1001 5190 1271 5263 Alioquin
1319 5194 1510 5245 autem
1542 5192 1939 5249 remuneratio

321 5281 608 5352 speranda
655 5297 772 5336 non
804 5284 967 5335 esset.
1000 5280 1210 5351 Speret,
1243 5280 1503 5351 inquam,
1534 5278 1708 5336 Israel
1748 5282 1803 5334 in
1828 5280 1940 5335 Do-

320 5370 486 5438 mino,
532 5367 814 5439 incipiens
857 5385 923 5423 ea:
968 5369 1066 5424 hoc
1095 5385 1256 5430 nuuc,
1288 5370 1346 5422 et
1377 5384 1750 5439 perseverans
1780 5385 1944 5440 usque

323 5461 380 5513 in
446 5457 696 5514 secutum
746 5457 1023 5512 futurum.
1090 5457 1206 5510 Hoc
1293 5459 1354 5511 ut
1404 5456 1661 5527 superius
1705 5456 1939 5527 exponi-

320 5548 432 5602 tur.

2039 1838 2161 1908 ejus
2188 1841 2364 1911 ponet
2395 1855 2566 1911 super
2593 1839 2790 1894 sedem
2821 1856 3005 1907 suam,
3024 1842 3082 1894 et
3102 1840 3236 1913 quia
3252 1840 3427 1911 elegit
3450 1839 3645 1895 Domi-

2040 1943 2147 1980 nus
2178 1926 2338 1993 Sion,
2367 1926 2562 1981 dicens
2586 1944 2599 1981 :
2634 1927 2769 1981 Haec
2797 1930 3000 2000 requies
3023 1944 3158 1995 mea,
3187 1931 3295 1983 etc.
3321 1928 3530 1983 Totum
3552 1944 3650 1982 au-

2039 2016 2158 2068 tem
2190 2016 2299 2069 hoc
2328 2031 2466 2069 voco
2498 2014 2589 2069 hic
2618 2016 2886 2086 gradum,
2921 2017 3150 2088 etquod
3171 2016 3243 2071 ad
3276 2015 3649 2072 conformita-

2041 2105 2159 2157 tem
2188 2105 2579 2175 apostolorum
2638 2104 2825 2158 vivere
2851 2104 3183 2178 disponunt,
3225 2108 3283 2160 et
3338 2105 3492 2177 quod
3540 2105 3649 2159 hoc

2040 2194 2211 2246 orant
2240 2191 2474 2264 adipisci
2506 2192 2712 2247 merito
2738 2193 3197 2248 mansuetudinis
3222 2193 3401 2248 David
3418 2192 3645 2248 Christi.

2040 2281 2118 2334 De
2151 2280 2255 2334 hac
2286 2296 2425 2351 ergo
2459 2279 2830 2352 dispositione
2858 2284 2915 2336 et
2941 2281 3202 2336 oratione
3234 2298 3303 2336 ea
3328 2280 3650 2335 intentione

2039 2372 2221 2439 agunt
2274 2371 2336 2422 ut
2364 2369 2656 2424 auditores
2679 2369 2764 2424 sui
2797 2371 3062 2441 exemplo
3093 2370 3335 2425 invitent
3392 2370 3464 2425 ad
3493 2370 3649 2424 hunc

2037 2457 2283 2528 gradum
2319 2457 2707 2529 dispositionis
2733 2460 2791 2512 et
2815 2458 3096 2513 orationis
3127 2458 3579 2513 ascendendum.

2107 2545 2395 2613 Memento,
2424 2547 2677 2611 Domine,
2708 2547 2910 2614 David,
2942 2550 3076 2614 etc.,
3101 2563 3166 2602 ac
3195 2548 3239 2602 si
3272 2545 3445 2602 dicat.
3476 2547 3520 2601 Ο
3543 2563 3644 2601 au-

2037 2633 2273 2701 ditores,
2308 2637 2613 2708 postquam
2627 2637 2751 2707 jam
2786 2636 3108 2707 superiores
3134 2636 3346 2707 gradus
3368 2635 3643 2690 ascende-

2034 2723 2177 2787 ritis,
2211 2722 2285 2777 ad
2305 2723 2458 2778 hunc
2479 2724 2654 2778 etiam
2677 2724 2988 2779 ascendere
3012 2725 3290 2785 laborate,
3322 2726 3386 2778 ut
3412 2724 3485 2778 ad
3504 2739 3644 2778 con-

2033 2811 2394 2866 formitatem
2444 2814 2837 2883 apostolorum
2868 2812 3057 2867 vivere
3115 2811 3449 2882 disponatis,
3485 2814 3543 2866 et
3571 2812 3644 2866 de

2033 2901 2141 2954 hoc
2171 2899 2537 2971 adipiscendo
2568 2900 2783 2955 merito
2815 2900 3268 2956 mansuetudinis
3298 2900 3505 2955 Christi
3525 2898 3642 2954 veri

2035 2987 2214 3041 David
2236 2988 2429 3043 oretis.
2454 2988 2593 3041 Inde
2625 3004 2781 3050 vero,
2811 3005 2905 3042 me
2934 2987 3093 3043 vobis
3106 2989 3438 3058 exemplum
3463 2989 3641 3043 habe-

2035 3078 2175 3132 tote.
2204 3077 2319 3147 Ego
2334 3094 2586 3149 namque
2609 3079 2913 3149 postquam
2931 3077 3003 3131 ad
3022 3076 3488 3133 conformitatem
3511 3092 3647 3147 apo-

2037 3167 2312 3219 stolorem
2365 3164 2551 3219 vivere
2604 3165 2878 3236 disposui,
2914 3165 2984 3219 de
3022 3166 3129 3219 hac
3176 3164 3544 3235 adipiscenda
3568 3163 3645 3218 sic

2039 3252 2351 3308 Dominum
2384 3255 2614 3308 Patrem
2647 3252 2826 3319 oravi,
2879 3256 2941 3307 ut
3000 3252 3137 3307 mihi
3180 3252 3335 3325 quod
3392 3250 3645 3323 disposui

2040 3341 2340 3407 concedas,
2373 3341 2650 3413 quoniam
2698 3342 2771 3396 ad
2803 3343 2911 3396 hoc
2941 3341 3377 3414 adipiscendum
3436 3340 3647 3395 merita

2042 3447 2175 3484 mea
2207 3447 2323 3485 non
2363 3430 2680 3485 sufﬁciunt:
2708 3430 2997 3492 Memento,
3050 3430 3278 3486 Domine
3310 3430 3497 3494 Pater,
3528 3428 3650 3482 Βαι-

2043 3517 2369 3593 viilChristi
2393 3516 2592 3589 capitis
2644 3518 2780 3585 mei,
2843 3534 3008 3574 manu
3056 3520 3234 3587 fortis,
3277 3517 3374 3589 qui
3413 3516 3650 3572 viriliter

2046 3607 2163 3676 egit
2193 3606 2248 3660 in
2281 3605 2612 3660 obedientia
2633 3624 2735 3660 sua
2769 3624 2784 3673 ;
2819 3610 2882 3661 ut
2910 3606 3035 3676 ejus
3070 3605 3357 3660 virilitatis
3387 3608 3444 3659 et
3479 3603 3643 3659 forti-

2049 3694 2260 3750 tudinis
2314 3694 2589 3748 meritum
2634 3694 2695 3749 in
2736 3712 2830 3748 me
2875 3710 3231 3759 remuneres,
3277 3692 3646 3748 concedendo

2046 3784 2184 3838 milii
2216 3800 2323 3854 per
2356 3801 2489 3837 eum
2525 3784 2678 3855 quod
2711 3781 2962 3853 disposui
2993 3786 3052 3837 et
3082 3782 3232 3836 unde
3263 3797 3386 3836 oro.
3418 3781 3495 3835 Et
3525 3796 3647 3835 me-

2048 3874 2247 3926 mento
2279 3874 2447 3924 omnis
2488 3870 2902 3924 mansuetudinis
2944 3870 3075 3940 ejus,
3123 3868 3338 3923 scilicet
3384 3869 3538 3940 quod
3592 3868 3650 3922 in

2047 3958 2316 4014 omnibus
2346 3958 2454 4013 fuit
2484 3962 2819 4013 mansuetus
2870 3960 2928 4011 et
2983 3956 3227 4030 patiens,
3262 3955 3401 4011 nulli
3433 3957 3652 4011 malum

2045 4064 2150 4118 pro
2170 4049 2323 4102 malo
2346 4046 2729 4113 retribuens,n
2740 4063 2993 4118 unquam
3005 4047 3211 4118 jugum
3229 4046 3650 4117 prteceptorum

2045 4135 2275 4190 Domini
2292 4134 2691 4205 detrectans,ej
2703 4152 2878 4206 usque
2905 4132 3363 4189 mansuetudinis
3378 4132 3652 4189 meritum

2045 4221 2099 4277 in
2124 4239 2219 4277 me
2236 4239 2567 4289 remunera,
2587 4223 2958 4278 concedendo
2974 4223 3129 4294 quod
3150 4221 3402 4292 disposui
3425 4222 3482 4273 et
3501 4219 3652 4274 unde

2042 4328 2173 4380 oro;
2208 4313 2293 4367 vel
2317 4313 2395 4367 sic
2426 4315 2615 4385 potest
2633 4329 2824 4367 versus
2852 4312 2955 4365 iste
2988 4311 3123 4380 legi,
3156 4313 3218 4363 ut
3248 4325 3365 4362 non
3404 4306 3648 4376 accipia-

2042 4417 2169 4455 mus
2200 4401 2395 4467 David,
2416 4403 2697 4471 quantum
2725 4399 2798 4452 ad
2829 4397 3083 4452 nominis
3110 4394 3651 4467 interpretationem

2042 4487 2120 4541 sic
2143 4504 2155 4541 :
2182 4487 2476 4552 Memento,
2512 4488 2760 4546 Domine,
2791 4484 2991 4551 David,
3041 4482 3271 4551 Christi,
3304 4485 3367 4539 ut
3392 4498 3496 4556 pro
3527 4482 3648 4554 ejus

2043 4591 2265 4639 amore,
2295 4574 2455 4643 cujus
2478 4572 2810 4627 membrum
2825 4571 3261 4643 sum,adipiscar
3281 4571 3437 4644 quod
3462 4571 3650 4643 dispo-

2042 4662 2145 4715 sui.
2182 4663 2249 4715 Et
2280 4667 2539 4715 memento
2568 4663 2738 4714 omnis
2775 4661 3193 4716 mansuetudinis
3216 4662 3348 4731 ejus.
3378 4660 3438 4715 id
3467 4662 3554 4713 est
3584 4658 3644 4713 in

2040 4748 2326 4804 memoria
2362 4749 2511 4803 habe
2568 4765 2803 4804 omnem
2854 4748 3246 4805 obedientiam
3308 4749 3450 4819 ejus,
3516 4762 3649 4801 cum

2042 4838 2489 4893 mansuetudine
2530 4840 2882 4909 completam
2932 4842 2996 4894 ut
3041 4838 3164 4909 ejus
3193 4834 3648 4890 mansuetudinis

2042 4926 2251 4981 merito
2280 4926 2513 4998 adipisci
2538 4944 2632 4981 me
2647 4925 3129 4999 permittas,quod
3148 4922 3469 4995 disposuiet
3491 4924 3645 4979 unde

2042 5030 2164 5069 oro.
2199 5016 2278 5069 De
2307 5015 2415 5070 hac
2450 5014 2894 5069 mansuetudine
2950 5012 3085 5067 dicit
3136 5011 3341 5066 Isaias:
3393 5030 3425 5063 α
3491 5010 3650 5066 Sicut

2042 5103 2162 5157 ovis
2191 5103 2263 5158 ad
2305 5103 2653 5159 occisionem
2696 5103 2900 5157 ductus
2944 5102 3051 5167 est,
3098 5101 3155 5154 et
3182 5115 3300 5153 non
3325 5098 3552 5171 aperuit
3581 5115 3645 5154 os

2041 5207 2208 5247 suum
2243 5192 2349 5262 (Isa
2381 5208 2500 5254 LIII,
2548 5192 2623 5261 7).
2659 5211 2687 5240 »
2718 5189 3008 5255 Memento,
3045 5187 3304 5258 inquam,
3338 5192 3642 5241 mansuetu-

2041 5279 2204 5347 dinis,
2237 5280 2298 5335 id
2327 5282 2412 5334 est
2440 5280 2757 5333 mansuetae
2790 5275 3133 5331 obedientia:
3164 5274 3287 5344 ejus
3307 5275 3641 5348 completas;
3705 5341 3713 5349 ο

2040 5371 2177 5423 sicut
2213 5369 2426 5440 jaravit
2459 5366 2692 5421 Domino
2737 5364 2915 5432 Patri,
2970 5364 3117 5420 sicut
3142 5371 3327 5420 votum
3356 5365 3500 5419 vovit
3526 5362 3643 5419 Deo

2040 5456 2233 5523 Jacob,
2254 5456 2313 5510 id
2343 5457 2430 5509 est
2459 5453 2705 5510 Domino
2732 5453 2886 5509 Patri
2918 5452 3017 5525 qui
3070 5454 3220 5509 Deus
3247 5455 3336 5508 est
3361 5453 3557 5521 Jacob,
3585 5451 3646 5508 id

2041 5548 2129 5599 est
2145 5543 2394 5605 virilium
2413 5544 2781 5611 luctatorum,
2802 5541 2895 5597 cui
2914 5542 3104 5614 ipsum
3123 5539 3365 5598 obedire
3378 5540 3639 5610 decebat,
