3966 6034
372 265 508 328 I330

976 265 1034 325 S.
1074 264 1419 326 BBUNONIS
1458 261 2093 326 CARTHUSIANORUM
2128 264 2597 324 lNSTlTU’l‘ORlS
2636 264 2790 323 OPP.
2832 262 3010 321 PARS
3047 262 3069 321 l

3541 255 3685 318 1340

370 406 503 446 cum
528 387 649 461 ipse
680 407 801 466 prae
828 388 1049 447 cmteris
1074 392 1222 447 esset
1249 388 1444 445 Jacob.
1678 389 1801 445 Non
1839 387 1976 444 dicit
1994 386 2049 450 Α
2072 386 2427 460 designatur,
2456 403 2524 444 eo
2556 387 2711 455 quod
2728 387 3029 460 speculans
3044 384 3238 479 fuerit,
3257 382 3685 479 scilicetomnia

363 478 574 549 iuravit
601 486 652 535 et
692 487 877 536 votum
905 481 1085 547 vovit;
1138 480 1293 552 quod
1322 479 1441 551 ipse
1477 478 1881 551 j’uramentum
1912 482 1971 534 et

363 572 563 625 votum
575 567 899 635 fecerit,sed
916 586 1020 640 per
1034 570 1156 624 haec
1168 569 1280 623 duo
1304 568 1509 635 innuit,
1532 569 1810 640 quoniam
1822 569 1972 623 hanc

370 661 731 714 mansuetam
752 657 1141 712 obedientiam
1159 674 1277 711 esse
1300 673 1426 711 com
1434 658 1707 728 plendam
1729 656 1973 711 firmiter

369 744 520 817 apud
546 761 606 799 se
636 743 928 814 disposuit.
963 745 1057 799 His
1111 744 1266 799 enim
1326 744 1546 800 duobus
1577 745 1785 812 modis,
1816 747 1970 808 voto,

373 833 587 891 scilicet
631 837 731 888 aut
763 833 1123 901 juramento,
1156 834 1342 887 solent
1371 833 1617 888 firmiter
1644 850 1736 887 res
1765 834 1974 889 futura:

370 920 617 993 disponi.
651 922 793 975 Cum
823 921 1132 976 Dominum
1165 923 1394 976 Patrem
1411 924 1589 977 Deum
1611 923 1785 977 Jacob
1814 922 1970 989 dicit,

364 1024 468 1079 per
499 1009 608 1064 hoc
661 1009 949 1065 auditores
1000 1009 1200 1065 invitat
1250 1011 1312 1064 ut
1361 1010 1535 1065 Jacob
1577 1010 1843 1067 studeant
1889 1011 1973 1065 ef-

364 1097 477 1155 fici.

434 1186 675 1253 Juravit,
710 1185 973 1258 inquam,
1008 1188 1065 1241 et
1106 1192 1289 1240 votum
1320 1186 1489 1252 vovit,
1533 1186 1592 1241 id
1623 1189 1706 1241 est
1732 1186 1975 1242 firmiter

365 1289 560 1328 secum
595 1274 893 1346 disposuit,
926 1274 1005 1329 ita
1034 1274 1264 1329 dicens:
1312 1273 1381 1329 Si
1422 1276 1668 1328 introiere
1700 1276 1761 1330 in
1805 1278 1975 1331 taber-

366 1362 639 1430 naculum,
663 1362 722 1417 id
747 1365 832 1418 est
873 1362 932 1416 in
977 1363 1366 1418 habitaculum
1402 1365 1794 1430 domusmse,et
1816 1367 1862 1419 si
1884 1365 1971 1419 in-

366 1467 594 1522 gressus
614 1452 1052 1507 tabernaculum
1072 1450 1349 1505 ascendero
1367 1453 1423 1506 in
1444 1452 1632 1507 lectum
1658 1455 1817 1507 strati
1845 1454 1971 1521 mei,

370 1538 431 1594 id
451 1542 538 1594 est
558 1539 616 1594 in
631 1541 842 1594 lectum
866 1542 1219 1595 constratum
1240 1539 1486 1594 culcitris
1499 1542 1583 1595 vel
1608 1541 1731 1595 aliis
1748 1541 1971 1613 pannis.

371 1627 609 1683 Lectum
632 1627 845 1700 quippe
874 1629 1116 1683 dicimus
1137 1629 1327 1700 ipsum
1350 1629 1823 1696 instrumentum;
1839 1633 1976 1684 stra-

2069 477 2323 531 carnalia
2349 476 2564 531 faciens
2589 493 2694 548 per
2721 477 3015 547 speculum
3038 478 3097 531 et
3121 474 3181 530 in
3207 474 3680 549 aznigmate,cum

2071 566 2270 622 omnia
2295 566 2492 622 fecerit
2511 583 2642 621 curn
2672 566 2914 620 obscura
2929 564 2970 618 si
2977 564 3521 636 gniﬁcatione.Cum
3542 566 3685 622 dicit

2070 656 2369 710 audivimus
2389 673 2502 710 eam
2519 656 2584 711 in
2611 653 2879 726 Ephrata,
2900 655 3050 709 istud
3079 672 3194 708 eam
3226 656 3472 711 relatum
3500 659 3587 711 est
3608 656 3681 711 ad

2072 746 2263 799 locum
2296 746 2444 816 quod
2475 743 2733 816 superius
2762 743 3015 815 positum
3048 746 3154 810 est,
3207 744 3300 798 ubi
3329 744 3571 809 dixerat,
3603 746 3679 799 lo-

2072 850 2191 889 cum
2216 834 2469 899 Domino,
2503 832 2899 887 tabernaculum
2929 831 3042 886 Deo
3093 832 3278 888 Jacob.
3316 832 3483 897 Quod
3524 836 3681 889 certe

2073 939 2190 977 non
2222 924 2307 976 est
2334 921 2770 987 inconveniens,
2808 924 2865 975 et
2895 920 2939 975 si
2972 921 3141 975 locum
3170 921 3241 976 sit
3273 922 3677 986 masculinum,

2073 1028 2187 1064 eam
2227 1027 2357 1065 vero
2384 1009 2756 1065 femininum.
2794 1010 2918 1064 Non
2950 1009 3107 1064 enim
3136 1009 3443 1065 relativum
3476 1014 3563 1066 est
3590 1028 3678 1067 se-

2073 1101 2327 1157 cundum
2356 1116 2559 1172 genus,
2589 1097 2687 1153 sed
2718 1097 3036 1152 secundum
3082 1098 3257 1169 ipsius
3285 1098 3438 1153 vocis
3468 1099 3683 1170 signiﬁ-

2072 1189 2363 1245 cationem
2417 1188 2577 1242 Idem
2608 1186 2763 1241 enim
2783 1189 2868 1241 est
2888 1202 3020 1253 cum
3042 1186 3209 1259 ponit
3231 1187 3496 1254 locum,ac
3509 1186 3554 1241 si
3586 1203 3683 1258 po-

2074 1281 2240 1333 neret
2266 1279 2457 1345 sedem,
2484 1276 2648 1347 juxta
2676 1291 2860 1347 quam
2892 1275 3389 1345 aequipollentiam
3443 1275 3683 1332 relativa

2074 1385 2179 1423 vox
2206 1370 2292 1422 est
2312 1385 2429 1421 eam
2455 1367 2525 1421 ad
2548 1366 2739 1421 locum.
2769 1364 2906 1418 Dico
2957 1365 3114 1435 quod
3135 1365 3436 1420 audivimus
3481 1382 3599 1419 eam
3627 1367 3683 1419 in

2072 1456 2339 1527 Ephrata.
2372 1455 2441 1509 Et
2470 1470 2587 1509 non
2610 1453 2795 1507 solum
2830 1450 3148 1506 audivimus
3182 1468 3313 1505 eam
3330 1451 3389 1505 in
3406 1452 3680 1522 Ephrata,

2075 1544 2170 1599 scd
2221 1550 2270 1598 ct
2325 1544 2624 1598 invenimus
2673 1558 2808 1606 eam,
2854 1539 3052 1594 sedem
3082 1539 3336 1605 Domini,
3370 1539 3682 1595 Ecclesium

2077 1649 2197 1688 esse
2222 1635 2277 1685 in
2304 1632 2500 1701 campis
2523 1630 2686 1696 silem,
2746 1627 2810 1682 id
2858 1631 2944 1682 est
2974 1628 3030 1681 in
3063 1628 3280 1699 campis
3304 1627 3469 1682 factis
3494 1644 3561 1682 ex
3587 1628 3683 1683 sil-

368 1716 494 1773 tum
518 1733 671 1786 vero,
707 1733 931 1788 pannos
952 1718 1008 1771 et
1028 1717 1289 1771 culcitras
1306 1735 1433 1789 quae
1456 1734 1627 1788 supra
1656 1723 1972 1788 ponuntur.
2004 1708 2055 1767 B
2078 1737 2164 1787 va,
2225 1721 2438 1776 scilicet
2478 1719 2535 1772 in
2577 1717 2804 1791 pepulis
2863 1715 3147 1788 gentium,
3181 1716 3302 1787 qui,
3363 1732 3496 1771 cum
3526 1716 3686 1789 prius

371 1804 441 1860 Et
470 1807 775 1877 postquam
806 1806 999 1861 lectum
1037 1808 1197 1859 strati
1227 1806 1525 1871 escendero,
1553 1808 1606 1862 si
1637 1806 1823 1859 dedero
1844 1823 1978 1860 som-

371 1908 504 1948 num
528 1893 691 1950 oculis
723 1894 876 1960 meis,
904 1896 962 1948 et
983 1894 1159 1948 etiam
1177 1896 1333 1965 quod
1364 1895 1553 1949 minus
1576 1899 1681 1962 est,
1714 1896 1761 1950 si
1790 1896 1976 1949 dedero

369 1981 822 2044 dormitationem,
843 1981 900 2037 id
919 1982 1243 2037 estbrevissi
1253 2000 1409 2038 mum
1429 2000 1695 2039 somnum
1712 1985 1978 2055 palpebris

370 2075 517 2138 meis,
538 2075 600 2127 ut
620 2073 1038 2145 aliquantulum
1064 2073 1402 2143 permittam
1419 2073 1604 2128 claudi
1632 2090 1839 2129 somno
1854 2075 1975 2144 pal-

372 2160 579 2233 pebras
609 2161 909 2215 oculorum
939 2177 1224 2229 meorum,
1249 2164 1307 2214 et
1330 2162 1393 2227 si,
1410 2161 1586 2215 etiam
1619 2162 1774 2232 quod
1793 2163 1974 2216 multo

373 2248 586 2311 minus,
618 2251 724 2316 est,
751 2249 938 2303 dedero
984 2249 1215 2321 requiem
1240 2249 1429 2304 somni
1460 2249 1774 2321 temporibus
1800 2250 1932 2303 meis
1957 2266 1974 2313 ;

370 2337 530 2407 prius
558 2336 717 2392 enim
746 2340 1012 2409 tempora
1041 2355 1245 2392 somno
1263 2341 1652 2409 aggravantur
1669 2354 1841 2410 quam
1858 2339 1976 2410 pal-

370 2426 565 2497 pebra:
596 2426 969 2480 dormitando
1014 2426 1374 2481 claudantur.
1424 2427 1481 2481 Si
1506 2427 1652 2493 haec,
1679 2427 1977 2499 superiora

376 2513 533 2567 dona
580 2512 786 2584 quietis
852 2513 1163 2579 admisero,
1226 2514 1411 2569 donec
1463 2517 1788 2587 compleam
1820 2514 1975 2587 quod

374 2599 517 2655 mihi
567 2599 891 2671 injunctum
941 2604 1045 2668 est,
1096 2602 1310 2656 scilicet
1354 2603 1514 2656 donec
1568 2620 1671 2675 per
1724 2608 1975 2660 mortem

370 2706 563 2745 meam
578 2691 636 2744 et
658 2690 1063 2760 prtedicatores
1089 2708 1249 2746 meos
1271 2694 1537 2746 inveniam
1556 2692 1725 2746 locum
1742 2692 1879 2747 Dom
1890 2696 1975 2747 ina

370 2776 621 2845 Patri,id
649 2779 735 2832 est
764 2778 948 2833 donec
975 2777 1264 2834 inveniam
1299 2781 1439 2835 tales
1468 2780 1566 2853 qui
1593 2780 1709 2835 sint
1737 2780 1977 2848 locus,id

370 2869 457 2924 est
475 2865 741 2939 spiritalis
761 2866 1041 2922 habitatio
1062 2868 1296 2923 Domini
1320 2869 1522 2936 Patris,
1536 2886 1680 2941 quos
1695 2868 1979 2925 inhabitet

2078 1809 2277 1865 inculti
2308 1811 2518 1874 essent,
2553 1811 2615 1862 ut
2642 1806 2801 1867 silva,
2828 1821 2897 1859 ex
2926 1804 3155 1859 incultis
3199 1804 3335 1859 facti
3360 1807 3495 1859 sunt
3523 1805 3681 1872 culti,

2079 1899 2151 1953 ad
2179 1898 2420 1953 modum
2448 1911 2807 1966 camporum.
2840 1894 2955 1948 Hoc
2985 1895 3178 1947 autem
3212 1895 3400 1948 totum
3425 1897 3512 1948 est
3541 1909 3609 1947 ac
3635 1892 3683 1947 si

2078 1987 2269 2041 taliter
2320 1988 2469 2040 esset
2510 1984 2794 2056 positum:
2845 1984 2973 2037 Jam
3020 1982 3342 2037 audivimus
3373 1981 3686 2037 Ecclesiam

2079 2092 2199 2130 esse
2222 2077 2280 2129 et
2309 2074 2366 2129 in
2399 2072 2667 2146 gentibus
2693 2075 2749 2126 et
2780 2070 2837 2125 in
2866 2070 3094 2126 ludatis.
3131 2069 3419 2135 Quoniam
3446 2086 3689 2124 verosu-

2077 2164 2269 2235 perius
2314 2166 2600 2228 oraverat,
2634 2161 2864 2215 dicens:
2908 2159 3197 2235 Memento_,
3220 2158 3453 2235 pqmz'ne
3479 2157 3683 2223 David,

2075 2230 2134 2308 et
2166 2269 2280 2307 non
2313 2252 2643 2307 ostenderat
2672 2249 3109 2321 dispositionem
3358 2264 3542 2312 suam,
3576 2262 3684 2317 pro

2076 2358 2189 2412 qua
2217 2343 2501 2407 oraverat,
2530 2356 2656 2394 eam
2681 2337 2930 2394 ostendit
2957 2354 3087 2392 cum
3115 2336 3294 2391 addit:
3316 2334 3683 2401 Introibimus,

2076 2434 2183 2485 etc.
2219 2429 2383 2494 Quod
2403 2428 2482 2482 sic
2513 2428 2856 2498 adaptatur:
2890 2426 3063 2481 Dico:
3104 2424 3396 2487 Memento,
3430 2422 3682 2491 Domine,

2077 2518 2274 2584 David,
2324 2524 2373 2571 et
2422 2518 2587 2570 omnis
2635 2515 3053 2569 mansuetudinis
3080 2515 3217 2584 ejus,
3246 2517 3309 2567 ut
3336 2511 3512 2584 ipsius
3535 2511 3686 2566 scili-

2076 2610 2166 2661 cet
2193 2604 2651 2660 mansuetudinis
2676 2603 2887 2658 merito
2923 2602 3088 2657 nobis
3117 2602 3227 2656 hoc
3276 2599 3512 2673 adipisci
3540 2616 3683 2654 con-

2076 2695 2243 2749 cedas
2275 2694 2430 2765 quod
2459 2691 2864 2763 disposuimus.
2889 2692 3001 2746 Nos
3025 2690 3239 2745 etenim
3262 2690 3371 2743 hoc
3400 2688 3686 2760 disposui-

2077 2800 2204 2837 mus
2235 2783 2390 2853 quod
2422 2781 2751 2835 introibimus
2798 2796 2900 2851 per
2925 2778 3315 2834 obedientiam
3349 2779 3405 2830 in
3432 2777 3681 2832 taberna-

2076 2872 2273 2940 culum,
2307 2871 2363 2926 id
2393 2871 2559 2925 estin
2592 2865 2857 2924 militiam
2891 2869 3011 2940 ejus
3040 2867 3235 2922 David.
3267 2868 3573 2939 Exponunt
3588 2883 3686 2920 au-

369 2954 1183 3027 peradjutricemgratian1,et
1206 2958 1378 3011 talem
1400 2958 1574 3012 locum
1597 2958 1976 3029 invenz’amqui
2013 2986 2058 3048 α
2079 2963 2197 3014 tem
2231 2959 2525 3031 quomodo
2558 2959 2898 3024 introibunt,
2928 2957 3042 3011 sic:
3096 2956 3212 3010 Hoc
3244 2956 3418 3011 modo
3467 2954 3685 3010 scilicet

369 3046 435 3098 sit
464 3044 855 3099 tabernaculum
889 3046 1000 3101 Deo
1039 3045 1291 3111 Jacob,id
1329 3047 1530 3118 estqui
1583 3045 1653 3100 sit
1679 3048 1834 3102 bona
1862 3047 1977 3102 vita

369 3132 622 3188 militans
646 3134 763 3188 Deo
795 3134 968 3201 Patri,
1002 3134 1089 3188 cui
1137 3134 1507 3189 militandum
1554 3138 1659 3199 est,
1693 3153 1823 3189 cum
1856 3135 1976 3207 ipse

372 3221 444 3276 sit
461 3222 611 3277 Deus
627 3221 813 3288 Jacob,
843 3222 899 3276 id
921 3227 1005 3276 est
1034 3223 1271 3278 fortium
1296 3226 1675 3291 luctatorum;
1720 3228 1852 3278 tunc
1886 3224 1973 3278 in-

371 3308 577 3380 dignus
601 3327 729 3363 sum
761 3326 867 3380 ego
900 3310 1390 3366 remuneratione.
1416 3313 1545 3367 Haec
1569 3315 1762 3367 autem
1778 3311 1976 3367 omnia

369 3396 444 3450 ad
472 3398 656 3452 solam
686 3397 1124 3453 similitudinem
1149 3399 1439 3454 dicuntur.
1469 3402 1771 3455 Estautem
1794 3400 1972 3472 aequi-

369 3486 594 3557 pollens
618 3486 740 3540 acsi
763 3486 840 3541 sic
866 3486 1116 3543 breviter
1136 3491 1285 3544 esset
1301 3490 1551 3562 positum
1571 3505 1587 3545 :
1604 3490 1761 3545 Sicut
1787 3491 1972 3545 bonus

372 3571 557 3639 miles,
609 3574 793 3629 donec
848 3579 1078 3648 peracto
1131 3578 1425 3650 preposito
1459 3578 1673 3632 militia:
1706 3595 1820 3631 sua:
1852 3572 1970 3632 non

369 3659 547 3715 intrat
571 3662 1008 3719 tabernaculum
1041 3665 1247 3720 domus
1272 3683 1387 3720 suae
1415 3667 1488 3722 ad
1518 3668 1625 3721 hoc
1660 3669 1721 3720 ut
1758 3668 1969 3720 lectum

372 3767 540 3805 suum
589 3753 923 3815 ascendens,
957 3755 1266 3810 satisfaciat
1312 3754 1416 3809 sibi
1449 3756 1545 3810 diu
1574 3773 1677 3827 per
1701 3773 1970 3810 somnum

367 3839 735 3910 quiescendo,
749 3845 847 3896 ant
867 3844 1069 3898 saltem
1086 3861 1288 3915 parum
1310 3845 1563 3916 quiescat
1577 3845 1968 3910 dormitando,

368 3928 455 3982 vel
486 3929 797 3999 pauxillum
828 3931 1089 4003 requiem
1118 3933 1478 4003 temporibus
1511 3933 1727 4002 dando,
1760 3933 1839 3987 ita
1866 3950 1971 3986 nec

368 4032 476 4086 ego
509 4019 758 4073 multum
790 4035 1066 4089 parumve
1098 4020 1473 4092 quiescam,id
1501 4025 1586 4076 est
1615 4024 1974 4087 cessabo,do-

369 4120 476 4158 nec
506 4107 863 4176 propositum
891 4107 1165 4178 injunctas
1188 4110 1690 4164 obedientiaemcoe
1712 4111 1971 4180 comple-

366 4210 520 4260 vero,
539 4194 753 4249 scilicet
774 4198 836 4249 ut
856 4212 958 4267 per
979 4199 1229 4251 mortem
1249 4214 1441 4251 meam
1456 4201 1513 4252 et
1531 4214 1634 4268 per
1647 4198 1970 4253 doctrinam

368 4282 817 4355 praadicatorum
864 4300 1152 4352 meorum,
1204 4287 1347 4340 tales
1401 4289 1457 4339 et
1487 4302 1552 4339 ex
1583 4285 1792 4339 Judaais
1817 4290 1875 4340 et
1905 4303 1972 4341 ex

368 4372 638 4444 gentibus
672 4372 921 4428 Domino
952 4374 1245 4446 acquiram
1277 4391 1419 4445 quos
1448 4373 1779 4446 spiritaliter
1806 4374 1971 4429 inha-

371 4459 537 4527 bitet,
571 4464 627 4514 et
653 4461 751 4533 qui
783 4461 897 4516 sint
922 4462 1147 4517 eibona
1172 4462 1285 4517 vita
1315 4480 1416 4518 sua
1437 4462 1972 4517 militantes.Verbis

368 4548 457 4602 his
484 4549 691 4603 Christi
722 4549 795 4604 ad
825 4549 1179 4604 auctoritatis
1209 4552 1435 4623 pondus
1455 4550 1822 4623 interpositis,
1840 4567 1970 4622 per-

370 4634 505 4691 fecti
533 4652 729 4691 rursus
758 4637 817 4692 in
848 4653 1096 4709 persona
1142 4656 1246 4693 sua
1286 4639 1543 4712 ipsorum
1569 4642 1807 4711 agentes
1837 4656 1971 4694 eum

370 4725 687 4796 complesse
709 4724 836 4796 jam
869 4726 1023 4797 quod
1054 4725 1331 4797 disposuit
1356 4728 1706 4783 conﬁrmant
1736 4728 1847 4782 sic:

441 4814 577 4870 Dico
604 4815 757 4886 quod
772 4815 988 4885 juravit
1016 4820 1067 4871 et
1104 4822 1279 4869 votum
1314 4817 1453 4869 vovit
1502 4817 1744 4883 Domino,
1781 4816 1974 4871 dicens

332 4932 334 4934 τ
371 4902 526 4975 quod
550 4902 837 4958 inveniret
866 4903 1057 4971 locum,
1085 4904 1145 4959 id
1175 4906 1260 4958 est
1289 4904 1482 4958 sedem
1514 4905 1975 4971 Domino,Eccle—

368 4991 512 5046 siam
561 4991 793 5047 scilicet.
841 4992 908 5045 Et
949 5007 1081 5047 ecce
1111 4991 1485 5047 manifestum
1513 4995 1599 5047 est
1629 4992 1818 5065 ipsum
1842 4992 1969 5064 jam

368 5079 571 5135 sedem
599 5079 849 5135 Domino
877 5080 1200 5153 acquisisse.
1234 5082 1378 5134 Nam
1404 5080 1708 5137 audivimus
1736 5098 1852 5136 eam
1883 5098 1969 5136 se-

368 5167 527 5233 dem,
555 5164 615 5222 id
644 5170 730 5221 est
758 5167 1064 5223 Ecclesiam
1090 5168 1214 5239 jam
1263 5184 1382 5222 esse
1414 5171 1469 5223 in
1499 5169 1766 5239 Ephrata,
1798 5169 1854 5223 id
1885 5174 1972 5223 est

365 5256 426 5313 in
464 5256 697 5313 Judaico
729 5259 963 5330 populo,
996 5257 1093 5330 qui
1124 5274 1227 5329 per
1274 5259 1525 5329 Ephrata
1565 5259 1973 5314 convenienter

365 5342 662 5415 accipitur.
697 5346 949 5418 Ephrata
987 5362 1242 5417 namque
1262 5347 1522 5401 locusest
1540 5345 1598 5401 in
1620 5347 1837 5414 Iudaea,
1874 5345 1972 5417 qui

364 5436 424 5487 et
453 5434 744 5488 Bethleem
776 5433 1001 5489 dicitur.
1033 5435 1450 5506 Interpretatur
1474 5451 1702 5507 quoque
1725 5435 1975 5507 Ephrata

364 5519 927 5587 speculumJudaicus
937 5538 1077 5593 ergo
1089 5524 1332 5595 populus
1350 5539 1603 5595 congrue
1615 5524 1975 5597 perprrata

2079 3049 2433 3115 introibimus,
2481 3048 2540 3102 id
2563 3050 2649 3101 est
2672 3045 3082 3101 venerabimur
3111 3061 3242 3099 eum
3268 3044 3462 3109 corde,
3496 3060 3597 3098 ore
3623 3046 3685 3097 et

2077 3153 2252 3208 opere
2293 3138 2702 3207 permanentes
2737 3137 2792 3188 in
2834 3134 2941 3188 loco
2967 3134 3086 3199 illo,
3118 3132 3175 3186 id
3201 3136 3287 3187 est
3315 3132 3375 3187 in
3402 3134 3550 3186 statu
3579 3130 3680 3186 iUo

2075 3226 2302 3280 vivendi
2315 3227 2369 3278 in
2381 3242 2482 3296 qua
2493 3223 2833 3291 steterunt,id
2847 3224 2932 3277 est
2943 3222 3001 3276 in
3019 3238 3131 3294 quo
3152 3223 3587 3293 perseveranter
3600 3218 3679 3273 vi-

2076 3306 2281 3367 xerunt
2296 3313 2452 3384 pedes
2483 3314 2613 3384 ejus,
2643 3312 2702 3367 id
2732 3314 2817 3366 est
2847 3310 3091 3382 apostoli
3123 3312 3182 3365 et
3211 3309 3403 3364 caeteri
3429 3307 3678 3380 discipu-

2076 3403 2111 3457 li
2144 3403 2284 3474 cjus,
2325 3403 2421 3474 qui
2453 3402 2624 3473 pedes
2662 3401 2785 3470 ejus
2828 3400 3114 3466 dicuntur,
3155 3415 3224 3452 eo
3269 3398 3424 3470 quod
3453 3414 3586 3452 eum
3618 3397 3680 3452 in

2074 3491 2338 3545 notitiam
2375 3490 2677 3545 hominum
2712 3492 3102 3559 portaverunt.
3138 3487 3303 3552 Quod
3328 3491 3413 3541 est
3443 3486 3630 3541 dicere
3657 3501 3674 3539 :

2073 3578 2228 3633 Sicut
2248 3579 2423 3650 pedes
2444 3578 2565 3648 ejus
2586 3577 2977 3631 militaverunt
3009 3575 3061 3629 ei
3083 3575 3140 3629 in
3158 3575 3440 3629 unitatem
3457 3572 3585 3629 fidei
3615 3576 3679 3627 et

2071 3665 2415 3732 concordiae,
2443 3663 3223 3731 tendendo,etcohabitando
3245 3661 3511 3717 etomnia
3526 3678 3687 3717 com-

2074 3753 2271 3809 munia
2298 3754 2588 3820 habendo,
2623 3756 2820 3825 utpote
2850 3752 3057 3824 quibus
3084 3775 3110 3801 ‹‹
3145 3754 3270 3805 erat
3295 3768 3394 3806 cor
3411 3767 3587 3804 unum
3620 3752 3687 3804 et

2071 3842 2267 3897 anima
2316 3860 2432 3897 una
2478 3842 2629 3913 (Act.
2676 3860 2748 3909 ιν,
2782 3842 2893 3913 3‘2),
2929 3864 2956 3891 ››
3004 3840 3083 3894 sic
3125 3842 3182 3895 et
3213 3856 3318 3895 nos
3348 3840 3400 3894 ei
3431 3838 3683 3894 militare

2074 3931 2475 4002 disposuimus,
2509 3931 2567 3986 in
2593 3948 2772 3986 unum
2797 3929 3181 3985 cohabitando
3211 3933 3269 3983 et
3295 3929 3495 3984 omnia
3518 3946 3683 3984 com-

2074 4021 2272 4075 munia
2300 4020 2589 4075 habendo.
2623 4020 2693 4073 Ut
2722 4022 2915 4073 autem
2944 4017 3184 4072 introire
3215 4017 3501 4089 possimus
3516 4020 3573 4070 in
3602 4024 3684 4070 ta-

2076 4109 2414 4163 bernaculum
2469 4108 2637 4174 illius,
2693 4111 2752 4161 et
2810 4107 3053 4162 adorare
3083 4107 3144 4160 in
3175 4105 3283 4161 loco
3310 4106 3400 4160 ubi
3424 4111 3680 4160 steterunt

1996 4238 2048 4297 D
2061 4197 2220 4269 pedes
2242 4197 2374 4266 ejus,
2405 4213 2581 4266 surge,
2613 4196 2862 4262 Domine,
2910 4197 3101 4262 Pater,
3136 4193 3194 4248 id
3219 4195 3305 4249 est
3333 4194 3590 4261 sublimis
3618 4196 3682 4246 et

2073 4287 2277 4356 potens
2305 4301 2519 4357 appare
2546 4284 2736 4339 eundo
2769 4286 2825 4338 in
2856 4286 3086 4355 requiem
3116 4290 3285 4351 tuam,
3317 4282 3534 4338 scilicet
3572 4297 3681 4352 per

2071 4374 2180 4428 hoc
2211 4374 2521 4428 manifesta
2552 4372 2874 4445 potentiam
2892 4375 3143 4439 tuam,ut
3171 4372 3367 4428 venias
3394 4389 3509 4427 non
3522 4372 3676 4425 loca-

2072 4463 2221 4530 liter,
2255 4463 2354 4517 sed
2392 4462 2708 4517 secundum
2748 4460 3151 4532 inoperantem
3179 4462 3429 4531 gratiam
3463 4458 3517 4513 in
3570 4474 3679 4512 nos

2073 4568 2215 4624 quos
2236 4552 2487 4606 adventu
2514 4555 2613 4605 tuo
2637 4549 2810 4604 facies
2840 4549 3102 4621 requiem
3132 4553 3316 4616 tuam,
3334 4549 3394 4604 id
3422 4552 3505 4603 est
3529 4547 3676 4601 adeo

2073 4643 2299 4695 sanctos
2330 4638 2505 4693 facies
2537 4643 2600 4694 ut
2628 4638 2685 4692 in
2716 4637 2889 4693 nobis
2920 4638 3201 4711 quiescas,
3236 4639 3295 4693 id
3326 4640 3413 4693 est
3431 4636 3675 4692 delecte-

2072 4728 2169 4795 ris,
2197 4727 2339 4783 sicut
2360 4727 2564 4800 aliquis
2587 4726 2647 4780 in
2678 4727 2869 4799 quiete
2902 4726 3235 4781 delectatur.

2147 4817 2253 4883 Tu,
2285 4817 2546 4889 inquam,
2576 4834 2751 4886 surge,
2779 4824 2848 4883 et,
2881 4832 2985 4886 per
3018 4819 3182 4871 tuum
3206 4815 3680 4887 surgere,surgat

2074 4906 2250 4961 etiam
2308 4923 2439 4960 arca
2477 4904 2915 4977 sanctiﬁcationis
2954 4911 3083 4972 tuae,
3112 4904 3172 4959 id
3210 4908 3296 4959 est
3338 4904 3681 4958 sublimetur

2073 5012 2207 5051 arca
2235 4999 2352 5063 tua,
2382 5012 2561 5068 quam
2590 4993 2952 5049 sanctiﬁcasti
2974 5010 3080 5065 per
3097 4997 3351 5048 mortem
3363 4995 3684 5047 etresurre—

2072 5084 2322 5139 ctionem
2358 5087 2537 5151 tuam,
2571 5087 2629 5138 et
2664 5087 3033 5154 peccatorum
3057 5081 3553 5149 remissionem,et
3573 5095 3681 5134 nos

2072 5172 2336 5228 videlicet
2367 5172 2769 5240 sublimemur,
2794 5172 2892 5244 qui
2922 5186 3116 5225 sumus
3148 5170 3397 5224 Ecclesia
3417 5171 3514 5224 tua
3543 5168 3679 5222 dicti

2073 5276 2206 5315 arca
2250 5262 2371 5328 tua,
2423 5277 2492 5315 eo
2543 5260 2701 5331 quod
2733 5259 3109 5331 praefigurata
3155 5257 3266 5311 fuit
3304 5256 3549 5313 Ecclesia
3577 5270 3683 5326 per

2074 5362 2271 5401 arcam
2292 5346 2545 5401 Domini.
2577 5345 2731 5401 Sicut
2744 5345 2901 5400 enim
2920 5345 2977 5399 in
2993 5361 3125 5400 arca
3139 5343 3454 5415 figuraliter
3464 5360 3682 5399 manna

2077 5434 2501 5501 continebatur,
2544 5435 2695 5507 quod
2749 5432 3021 5505 spiritalis
3073 5432 3231 5487 cibus
3290 5434 3435 5499 erat,
3488 5432 3566 5487 ita
3614 5431 3681 5487 in

2077 5523 2324 5580 Ecclesia
2371 5524 2528 5580 cibus
2564 5523 2830 5596 spiritalis
2876 5521 3162 5579 Dominici
3203 5521 3478 5593 corporis,
3525 5521 3686 5595 quod
