3966 6034
339 263 469 331 1341

1309 271 1662 334 EXPOSITIO
1697 273 1766 333 IN
1804 270 2136 334 PSALMOS.
2166 303 2238 319 -
2271 273 2464 336 PSAL.
2505 275 2696 335 CXXXI

3509 273 3646 337 l3”

332 405 438 462 per
473 405 688 448 manna
725 390 1140 466 praesignalum
1178 396 1264 449 est
1295 434 1310 461 ,
1359 395 1606 452 habetur
1629 437 1644 462 ,
1674 399 1734 452 et
1761 395 1939 452 etiam
1960 401 2017 462 Α
2039 395 2113 452 ab
2139 411 2232 463 eo,
2259 396 2360 452 sed
2383 413 2419 452 a
2440 394 2816 454 similitudine
2828 394 3077 454 ﬁliorum
3091 393 3645 472 quifructusventris

332 480 498 553 panis
533 480 853 537 intellectus
892 498 996 555 per
1020 481 1176 538 idem
1208 499 1425 538 manna
1453 484 1822 557 signiﬁcatus.
1855 483 1939 540 Ibi

335 569 511 626 etiam
544 571 631 626 lex
653 571 1075 638 continebatur,
1121 576 1178 626 et
1209 571 1474 628 similiter
1490 573 1682 629 hiclex
1697 576 1938 644 utraque

331 675 480 713 nova
507 701 522 727 ,
554 659 770 714 scilicet
797 662 854 714 et
895 665 1054 715 vetus
1090 662 1356 716 habetur.
1407 661 1488 716 lbi
1519 679 1749 734 quoque
1777 661 1939 732 virga

328 747 521 802 Aaron
538 747 666 814 fuit,
690 747 782 802 hic
813 764 1042 820 quoque
1058 765 1306 820 regnum
1329 753 1414 804 est
1436 749 1662 816 Christi,
1697 750 1756 804 id
1788 752 1874 804 est
1903 765 1938 802 a

330 835 554 891 Christo
575 836 836 890 fidelibus
868 836 1088 904 datum,
1121 840 1184 892 ut
1219 837 1603 910 unusquisque
1644 837 1729 892 sui
1763 836 1938 908 ipsius

327 927 520 978 rector
548 924 640 980 sit.
674 926 782 979 Per
797 924 1019 996 virgam
1039 925 1249 998 quippe
1266 941 1297 980 e
1316 927 1470 980 conti
1480 943 1593 998 guo
1619 929 1933 996 sceptrum,

329 1027 436 1082 per
467 1016 758 1084 sceptrum
797 1015 994 1068 autem
1023 1030 1273 1085 regnum
1313 1014 1645 1085 accipimus,
1685 1031 1753 1069 eo
1780 1013 1936 1086 quod

327 1099 495 1171 regni
525 1100 598 1154 sit
621 1100 874 1171 signum.
904 1101 1128 1170 Surget,
1161 1102 1423 1174 inquam,
1465 1101 1523 1156 id
1549 1105 1634 1156 est
1660 1101 1933 1156 sublime-

325 1191 421 1244 tur
448 1189 696 1244 Ecclesia
728 1231 742 1258 ,
773 1207 900 1246 arca
926 1191 1355 1259 sanctiﬁcationis
1390 1232 1404 1258 ,
1439 1209 1554 1245 non
1581 1191 1796 1246 scilicet
1829 1231 1843 1257 ,
1877 1190 1936 1244 et

326 1277 436 1333 hoc
465 1277 699 1350 quidem
731 1279 907 1332 modo
940 1278 1298 1334 sublimetur.
1326 1280 1630 1336 Sacerdotes
1674 1279 1936 1334 videlicet

329 1368 413 1420 tui
437 1366 732 1422 induantur
746 1367 1039 1438 justitiam,
1074 1367 1133 1422 id
1161 1371 1244 1422 est
1280 1385 1384 1422 nos
1413 1369 1512 1440 qui
1539 1385 1736 1423 sumus
1768 1368 1938 1422 sacri-

327 1453 568 1509 ﬁcantes
615 1455 1000 1527 nosmetipsos
1051 1455 1174 1522 tibi,
1218 1457 1366 1511 bene
1397 1457 1658 1528 vivendo,
1691 1456 1936 1528 ideoque

327 1542 652 1597 sacerdotes
670 1543 752 1597 tui
778 1543 1043 1610 dicimur,
1068 1544 1381 1600 induamur
1381 1545 1675 1615 justitiam,
1700 1561 1804 1616 per
1818 1562 1936 1599 em-

328 1629 576 1700 phasim,
601 1630 660 1685 id
689 1635 772 1686 est.
797 1633 1124 1702 repleamur
1143 1633 1305 1687 valde
1327 1637 1384 1686 et
1405 1633 1759 1688 adornemur
1773 1632 1935 1703 justi-

2040 486 2191 540 sunt.
2218 484 2361 540 Cum
2381 487 2576 540 autem
2597 483 2764 557 ponit
2788 501 2904 540 non
2935 485 3186 543 fructum
3210 486 3313 542 sed
3341 503 3408 543 ex
3435 486 3643 557 fructu,

2037 571 2228 627 innuit
2255 589 2373 628 non
2401 589 2622 640 omnes,
2646 573 2746 628 sed
2762 577 2989 645 partem
3016 591 3172 645 super
3196 575 3367 631 sedem
3395 590 3516 630 esse
3538 591 3642 647 po-

2037 661 2312 716 nendam.
2334 680 2365 713 ‹‹
2391 662 2538 729 Non,
2563 681 2590 710 ››
2621 661 2782 716 enim
2813 680 2844 714 α
2863 662 3052 718 omnis
3082 663 3176 736 qui
3202 663 3367 718 dicit:
3392 661 3641 718 Domine

2036 748 2302 816 Domine,
2335 749 2572 804 intrabit
2595 749 2653 805 in
2684 767 2932 822 regnum
2969 752 3244 806 caelorum
3275 751 3511 822 (Matth.
3544 768 3640 818 vn,

2039 835 2148 908 2-4).
2181 858 2209 886 ››
2233 837 2446 892 Omnes
2475 838 2708 910 quidem
2733 839 2806 894 ad
2827 839 3002 895 fidem
3031 839 3325 904 venientes
3355 843 3488 895 sunt
3518 839 3640 906 ﬁlii,

2037 926 2137 980 sed
2186 943 2302 982 non
2336 943 2541 982 omnes
2584 929 2864 984 salvandi.
2912 930 3010 985 Vel
3050 929 3331 1002 quosdam
3361 947 3430 984 ex
3455 931 3644 1000 fructu

2037 1015 2229 1069 ventris
2257 1018 2339 1070 tui
2351 1031 2555 1087 ponam
2585 1029 2738 1088 super
2759 1017 2931 1072 sedem
2963 1025 3110 1072 tuam
3129 1019 3307 1086 hic,id
3336 1021 3422 1073 est
3451 1019 3642 1073 tecum

2036 1120 2394 1174 conregnare
2427 1105 2658 1173 faciam,
2693 1108 2756 1160 ut
2785 1106 3159 1178 seipsosbene
3173 1107 3414 1163 vivendo
3434 1106 3643 1178 regant

2036 1191 2109 1245 ad
2135 1192 2604 1249 conformitatem
2637 1193 2844 1266 tui,qui
2859 1195 2949 1250 hic
2963 1195 3180 1266 degens
3194 1198 3250 1250 te
3263 1195 3412 1250 bene
3423 1193 3638 1249 rexisti.

2037 1279 2347 1348 Quosdam,
2394 1279 2652 1353 inquam,
2690 1283 2754 1337 de
2778 1284 2964 1353 fructu
2989 1285 3163 1338 ventri
3202 1285 3284 1338 tui
3309 1323 3322 1350 ,
3351 1281 3409 1337 id
3434 1284 3521 1337 est
3567 1282 3640 1336 de

2033 1367 2164 1421 filiis
2193 1368 2299 1422 tuis
2315 1386 2520 1440 ponam
2548 1387 2704 1440 super
2731 1371 2900 1426 sedem
2931 1377 3100 1425 tuam.
3125 1371 3289 1435 Quod
3317 1373 3516 1426 tamen
3538 1367 3639 1423 tali

2035 1455 2138 1510 sub
2167 1457 2499 1512 conditione
2519 1458 2818 1528 promitto,
2845 1458 3116 1513 scilicetsi
3138 1458 3243 1528 ﬁlii
3257 1460 3338 1512 tui
3353 1461 3412 1513 et
3439 1456 3542 1513 ﬁlii
3571 1456 3638 1511 il-

2034 1545 2246 1611 lorum,
2266 1545 2324 1600 id
2346 1549 2430 1600 est
2444 1545 2766 1602 imitatores
2787 1563 2989 1602 eorum
3008 1547 3346 1602 custodierint
3359 1562 3464 1618 per
3487 1563 3643 1601 com-

2035 1632 2354 1704 pletioncm
2405 1641 2770 1688 testamentum
2813 1650 3006 1703 meum,
3057 1635 3116 1690 id
3167 1639 3254 1691 est
3292 1635 3638 1708 promissum

327 1717 407 1772 tia
436 1718 713 1775 virtutum
744 1723 801 1774 et
848 1720 1134 1776 bonorum
1185 1737 1446 1792 operum,
1491 1740 1524 1775 a
1559 1721 1933 1776 similitudine
1957 1723 2008 1783 B
2034 1737 2231 1775 meum
2245 1722 2398 1792 quod
2417 1722 2556 1777 mihi
2577 1724 2679 1778 sub
2697 1723 3030 1779 testimonio
3051 1724 3413 1796 patrinorum
3429 1722 3644 1795 promi-

327 1807 768 1882 corporis,quod
797 1809 1140 1864 indumento
1169 1809 1558 1864 circumdatur
1573 1812 1629 1864 et
1653 1812 1928 1879 ornatur;

325 1913 454 1968 qua:
504 1896 777 1951 nimirum
822 1897 1060 1968 justitiec
1099 1897 1322 1952 indutio
1355 1899 1722 1970 praefigurata
1751 1900 1837 1952 est
1874 1897 1932 1952 in

323 1984 560 2041 leviticis
585 1985 994 2052 sacerdotibus,
1027 1986 1123 2058 qui
1155 1985 1214 2040 in
1252 1989 1513 2057 tempore
1547 1985 1809 2041 sacrificii
1842 1985 1930 2040 in-

325 2073 651 2128 duebantur
696 2075 884 2145 ephod
916 2074 1092 2137 lineo,
1115 2078 1173 2128 ct
1195 2074 1386 2129 tunica
1417 2075 1579 2129 talari
1611 2079 1669 2129 ct
1698 2075 1821 2130 aliis
1851 2074 1936 2128 in-

325 2161 602 2234 signibus.
639 2161 794 2217 Sicut
825 2161 982 2218 enim
1003 2163 1112 2218 illis
1136 2163 1454 2235 insignibus
1483 2163 1728 2218 exterius
1756 2179 1932 2236 appa-

326 2250 584 2305 rentibus
604 2249 709 2322 ipsi
727 2251 1267 2318 adornabantur,ita
1287 2268 1514 2322 quoque
1546 2256 1603 2305 et
1621 2269 1725 2306 nos
1753 2267 1934 2306 sacer-

325 2339 487 2393 dotes
510 2338 646 2393 Novi
671 2339 1021 2394 Testamenti
1047 2339 1269 2411 justitia
1301 2357 1404 2411 per
1437 2341 1588 2395 bona
1621 2357 1798 2412 opera
1831 2356 1930 2412 ap-

325 2430 567 2500 parente
592 2427 838 2482 exterius
864 2429 1302 2484 adornabimur.

397 2516 519 2570 Non
551 2515 737 2570 solum
768 2519 963 2571 autem
990 2517 1281 2572 sacerdotes
1311 2519 1411 2580 tui,
1445 2535 1550 2570 nos
1588 2517 1821 2583 scilicet,
1848 2517 1934 2572 in-

325 2603 563 2658 duantur
603 2605 896 2674 justitiam,
929 2605 1028 2660 sed
1056 2605 1232 2660 iidem
1264 2606 1589 2662 sacerdotes
1634 2607 1806 2659 sancti
1856 2607 1938 2659 tui

327 2691 650 2760 existentes,
684 2692 741 2746 id
772 2697 857 2748 est
889 2711 922 2748 a
963 2697 1020 2747 te
1051 2711 1157 2766 per
1185 2698 1434 2749 mortem
1469 2702 1518 2750 et
1549 2693 1774 2749 veniam
1802 2709 1932 2764 pec-

324 2784 586 2836 catorum
614 2773 976 2854 saneti/icanii
1001 2783 1262 2838 exsultent
1281 2784 1353 2838 de
1375 2783 1528 2838 dono
1563 2782 1930 2850 innocentiae,

323 2869 536 2925 scilicet
571 2871 646 2926 da
691 2871 773 2926 eis
817 2873 1218 2927 innocentiam
1251 2876 1314 2926 ut
1341 2889 1443 2944 per
1472 2873 1580 2927 hoc
1626 2873 1929 2926 exsultent.

2035 1813 2252 1876 serunt,
2289 1814 2358 1876 et,
2386 1809 2445 1864 id
2471 1815 2574 1878 est,
2609 1811 2822 1866 scilicet
2862 1811 2908 1866 si
2940 1811 3314 1867 custodierint
3343 1813 3642 1866 testimonia

2033 1915 2172 1965 mea,
2203 1897 2261 1952 id
2287 1901 2672 1972 estpreecepta
2695 1917 2846 1967 mea,
2871 1904 2930 1955 et
2949 1917 3068 1956 non
3086 1899 3212 1956 dico
3233 1902 3524 1972 praecepta
3544 1899 3644 1953 Ve-

2033 1985 2169 2039 teris
2192 1985 2561 2054 Testamenti,
2597 1987 2698 2042 sed
2746 1989 2856 2042 haec
2884 2005 3002 2060 quae
3034 1987 3220 2042 docebo
3259 2004 3363 2055 eos,
3396 2003 3500 2059 per
3531 1988 3638 2042 Da~

2031 2073 2146 2140 vid,
2182 2073 2364 2128 ﬁlium
2396 2091 2615 2130 meum.
2667 2075 2881 2130 scilicet
2909 2075 3245 2130 testimonia
3275 2091 3438 2130 novae
3464 2073 3636 2147 legis!

2031 2162 2279 2216 sedebant
2305 2180 2465 2233 super
2483 2163 2662 2217 sedum
2683 2171 2853 2231 tuam,
2876 2163 2936 2218 id
2955 2165 3039 2219 est
3065 2163 3168 2218 tibi
3199 2163 3643 2235 conregnabunt

2033 2249 2121 2304 bic
2147 2251 2296 2305 bene
2321 2249 2582 2319 vivendo,
2607 2254 2738 2306 etse
2768 2251 3026 2322 regendo
3049 2251 3122 2306 ad
3153 2253 3235 2306 tui
3265 2251 3641 2307 conformita-

2035 2342 2154 2394 tem
2184 2357 2345 2411 usque
2373 2340 2435 2394 in
2463 2340 2716 2396 saeculum
2745 2340 3026 2406 futurum,
3059 2339 3118 2396 id
3147 2343 3233 2394 est
3258 2356 3438 2412 usque
3470 2339 3542 2394 ad
3574 2341 3641 2393 ti-

2034 2443 2170 2481 nem
2201 2427 2371 2498 liuius
2398 2427 2548 2482 vitae.
2576 2428 2671 2482 Vel
2700 2429 2948 2482 sedebant
2985 2445 3141 2499 super
3173 2428 3344 2483 sedem
3374 2434 3543 2494 tuam,
3579 2427 3640 2482 in

2033 2514 2246 2583 futuro,
2278 2515 2337 2570 id
2359 2519 2445 2571 est
2473 2515 2574 2570 tibi
2597 2517 3036 2588 conregnabunt
3063 2515 3122 2570 in
3143 2515 3530 2572 beatitudine:
3554 2533 3640 2568 us-

2033 2621 2133 2675 que
2161 2606 2217 2658 in
2245 2601 2498 2672 secutum,
2530 2605 2589 2660 id
2619 2607 2702 2660 est
2723 2603 2780 2658 in
2802 2607 3108 2660 aeternum.
3131 2605 3563 2660 Testamentum
3586 2605 3645 2657 et

2035 2692 2371 2747 testimonia
2397 2693 2551 2747 idem
2578 2693 2668 2747 hic
2698 2696 2831 2748 sunt
2857 2710 2872 2760 ;
2901 2693 3023 2758 sed,
3047 2709 3178 2748 cum
3208 2691 3346 2747 dicit
3370 2697 3643 2746 testamen-

2034 2787 2166 2846 tum,
2202 2780 2392 2834 innuit
2415 2781 2761 2851 complenda
2790 2797 2912 2834 esse
2937 2783 3226 2852 praecepta
3247 2779 3481 2835 Domini
3499 2778 3636 2851 quia

2035 2867 2455 2941 promiserunt;
2474 2884 2605 2922 cum
2627 2885 2760 2923 vero
2785 2867 2923 2922 dicit
2950 2869 3251 2923 testimonia
3272 2869 3382 2923 haec
3412 2885 3531 2940 quae
3555 2866 3644 2920 do-

325 2958 441 3016 Hoc
469 2960 662 3014 autem
694 2962 758 3013 ut
789 2959 1012 3030 justitia
1042 2959 1373 3027 induamur,
1418 2965 1476 3014 et
1502 2960 1573 3015 dc
1599 2959 1934 3014 innocentia
2032 2959 2154 3014 cebo
2211 2974 2314 3024 eos,
2368 2955 2560 3011 innuit
2597 2957 2946 3028 complenda
2975 2973 3126 3024 esse,
3183 2972 3252 3014 eo
3310 2955 3467 3029 quod
3524 2955 3644 3028 ipse

323 3049 827 3116 exsultemus,non
860 3065 1094 3104 oramus
1121 3052 1360 3121 propter
1389 3049 1658 3104 fiduciam
1689 3048 1929 3104 merito-
1957 3031 2004 3092 C
2033 3047 2219 3102 docet.

319 3153 454 3192 rum
478 3141 828 3206 nostrorum,
860 3138 959 3193 sed
980 3148 1196 3210 prapter
1225 3139 1404 3194 David
1429 3158 1636 3194 servum
1667 3147 1840 3209 tuum,
1873 3139 1932 3196 id

323 3229 409 3284 est
437 3229 674 3298 propter
703 3227 912 3282 merita
943 3227 1154 3282 Christi
1197 3227 1314 3282 veri
1347 3227 1542 3295 David,
1575 3229 1692 3301 qui,
1727 3247 1932 3285 secun-

321 3314 461 3370 dum
483 3314 929 3382 humanitatem,
951 3332 1142 3370 servus
1163 3316 1430 3384 tuusfuit,
1449 3316 1507 3371 in
1531 3318 1800 3372 omnibus
1827 3318 1932 3372 tibi

322 3404 558 3459 devotus
589 3408 646 3459 et
677 3405 954 3460 obediens
975 3447 988 3473 ,
1022 3406 1182 3476 cujus
1212 3409 1479 3462 membra
1508 3425 1704 3462 sumus
1733 3425 1836 3481 per
1867 3409 1931 3461 fi-

321 3493 477 3548 dem.
507 3493 752 3548 Oramus
775 3496 835 3548 ut
849 3494 948 3549 des
968 3495 1130 3549 nobis
1143 3495 1429 3565 justitiam
1447 3497 1929 3562 etinnocentiam,

318 3585 375 3638 et
399 3581 478 3636 sic
506 3583 834 3637 conformes
866 3583 1082 3638 erimus
1133 3583 1355 3639 Christo
1387 3584 1447 3638 in
1479 3583 1643 3651 facie,
1675 3583 1734 3638 id
1757 3587 1840 3639 est
1873 3584 1932 3638 in

319 3670 746 3742 pulchritudine
781 3670 1072 3738 virtutum,
1105 3689 1232 3744 quia
1270 3688 1371 3742 per
1399 3672 1604 3726 faciem
1637 3672 1930 3746 accipitur,

323 3775 390 3814 eo
405 3759 560 3830 quod
583 3758 642 3812 in
665 3758 810 3813 facie
827 3759 1092 3814 exteriori
1117 3761 1478 3830 pulchritudo
1496 3761 1744 3816 exterior
1760 3762 1934 3816 deno-

325 3849 496 3902 tatur.
532 3848 842 3918 Postquam
890 3853 1085 3903 autcm
1120 3848 1328 3903 faciem
1359 3849 1564 3930 Christi
1599 3849 1789 3920 adepti
1821 3849 1932 3904 eri-

2100 3133 2296 3190 Verbis
2331 3135 2588 3207 paterna:
2615 3133 3012 3206 promissionis
3041 3133 3394 3206 interpositis
3425 3133 3500 3189 ad
3551 3149 3640 3190 os-

2032 3223 2356 3280 tensionem
2400 3223 2782 3290 cerlitudinis,
2817 3226 2999 3294 agunt
3028 3222 3268 3295 perfecti
3299 3222 3358 3277 in
3394 3238 3644 3294 persona

2031 3332 2134 3370 sua
2164 3312 2523 3369 ostendendo
2569 3313 2676 3368 hoc
2723 3313 2878 3384 quod
2907 3313 3010 3382 ﬁlii
3049 3311 3224 3368 David
3276 3329 3429 3383 super
3472 3311 3643 3366 sedem

2032 3402 2210 3458 David
2252 3402 2524 3469 sedebant,
2573 3419 2690 3457 non
2743 3420 2809 3458 ex
2841 3418 3045 3458 eorum
3081 3401 3304 3458 meritis
3352 3417 3495 3467 esse,
3541 3399 3642 3454 sed

2033 3510 2098 3546 ex
2131 3490 2386 3564 gratuita
2402 3490 2502 3544 Dei
2523 3492 2823 3546 electione.
2854 3493 2970 3546 Hoc
3001 3491 3194 3562 itaque
3223 3490 3302 3544 sic
3333 3489 3497 3544 dicit:
3528 3489 3640 3544 Do-

2034 3579 2222 3634 minus
2252 3581 2424 3634 Pater
2452 3579 2590 3634 dicit
2632 3581 2788 3651 quod
2818 3580 2927 3648 ﬁlii
2969 3580 3148 3634 David
3191 3579 3440 3633 sedebant
3485 3595 3640 3649 super

2032 3669 2203 3723 sedem
2235 3668 2283 3738 ej
2297 3686 2378 3727 us,
2406 3671 2464 3722 et
2494 3668 2602 3721 hoc
2636 3685 2751 3722 non
2782 3667 3000 3722 accidet
3031 3685 3233 3722 eorum
3265 3666 3508 3734 meritis,
3540 3666 3640 3721 sed

2035 3757 2282 3830 gratuita
2305 3754 2532 3810 Domini
2563 3754 2745 3810 Patris
2762 3755 3060 3814 electione.
3087 3755 3352 3822 Quoniam
3378 3755 3642 3811 Dominus

2037 3847 2205 3900 Pater
2261 3845 2412 3913 elegit
2461 3843 2616 3910 Sion,
2662 3842 2720 3897 id
2762 3847 2847 3898 est
2871 3847 3055 3899 totam
3091 3843 3421 3910 Ecclesium,
3464 3859 3639 3914 quam

324 3952 473 4002 mus,
507 3951 613 3988 non
655 3943 882 4004 avertas,
913 3936 967 3991 id
1001 3941 1088 3992 est
1113 3954 1147 3991 a
1178 3938 1342 3993 nobis
1367 3957 1470 4010 per
1497 3941 1732 4010 peccata
1757 3937 1935 3992 averti
2035 3934 2172 3990 fecit
2214 3950 2336 3988 esse
2364 3932 2496 3988 Sion
2526 3949 2540 3988 :
2575 3933 2747 4004 elegit,
2781 3932 3039 4006 inquam,
3078 3950 3191 3987 eam
3220 3933 3328 3988 sibi
3351 3935 3407 3986 in
3431 3931 3640 3985 habita—

326 4041 447 4098 non
476 4024 780 4098 permittas
806 4027 1025 4094 faciem,
1059 4024 1117 4080 id
1149 4030 1234 4080 est
1264 4025 1752 4098 pulchritudinem
1778 4025 1935 4080 illam
2039 4025 2252 4090 tionem,
2283 4021 2341 4078 id
2372 4025 2458 4077 est
2483 4022 2557 4077 ed
2587 4023 2697 4078 hoc
2726 4025 2788 4078 ut
2817 4039 2946 4078 eam
2985 4020 3289 4088 inhabitet,
3322 4021 3638 4076 secundum

551 4112 755 4167 Christi
775 4115 870 4168 tui.
898 4113 1048 4168 Facit
1066 4095 1355 4170 autemvad
1377 4115 1666 4170 auditores
1683 4118 1938 4186 apostro-
2038 4111 2442 4184 inoperantem
2469 4113 2738 4185 gratiam.
2775 4112 2934 4167 Unde
2949 4111 3197 4184 legitur:
3233 4133 3262 4163 «
3291 4111 3442 4175 Quos
3467 4109 3643 4182 elegit

325 4200 1116 4270 pham,utostendatorarese
1130 4219 1247 4257 non
1261 4203 1939 4272 cxdifﬁdentia,etsiceos
1961 4255 2009 4275 ἢ
2039 4202 2218 4275 (Rom.
2251 4218 2368 4269 vm,
2399 4205 2506 4268 29),
2530 4202 2634 4258 hos
2676 4205 2735 4256 et
2770 4201 2996 4256 vocavit
3036 4199 3536 4273 [praedestinavit]
3564 4215 3578 4261 ;
3611 4220 3638 4246 τι

327 4286 514 4340 adhoc
530 4286 684 4341 idem
714 4289 1601 4360 orandumimpellat.0ramus,o
1620 4292 1932 4360 auditores,
1959 4255 2012 4314 D
2036 4291 2190 4362 elegit
2215 4290 2336 4357 sibi,
2369 4289 2630 4362 inquam,
2658 4289 2796 4345 Sion
2815 4289 3012 4344 dicens
3038 4305 3050 4342 :
3077 4287 3235 4354 Hac,
3267 4286 3482 4341 scilicet
3501 4285 3639 4340 Sion

315 4373 624 4444 justitiam,
659 4377 717 4428 et
743 4375 1136 4430 iuuocenliam
1165 4377 1497 4446 induamur,
1533 4384 1589 4432 et
1614 4384 1676 4433 ut
1705 4398 1739 4434 a
1769 4381 1935 4436 nobis
2037 4383 2120 4433 est
2152 4382 2353 4450 requies
2389 4395 2526 4444 mea,
2557 4377 2612 4432 id
2637 4381 2733 4444 ,est
2761 4374 3063 4430 delectatio
3097 4389 3249 4440 mea,
3281 4390 3443 4445 usque
3461 4375 3517 4427 in
3541 4390 3639 4428 sae-

322 4461 503 4517 facies
525 4461 732 4516 Christi
767 4479 883 4518 non
907 4465 1342 4519 avertatur.Hoc
1363 4465 1552 4536 itaque
1575 4467 1934 4522 confidenter

325 4549 850 4606 oramus.Dominus
862 4550 1019 4605 enim
1043 4553 1214 4607 Pater
1241 4553 1442 4620 iuravit
1463 4553 1709 4608 Domino
1731 4553 1930 4623 David,

327 4638 552 4694 Christo
579 4639 718 4695 Filio
751 4657 874 4706 suo,
903 4643 1203 4716 veritatem,
1236 4641 1293 4696 id
1323 4643 1409 4696 est
1439 4640 1804 4714 perseipsum
1835 4643 1934 4714 qui

321 4727 532 4782 veritas
557 4731 660 4795 est,
686 4729 915 4798 juravit,
962 4730 1016 4784 id
1049 4734 1136 4785 est
1185 4730 1506 4784 ﬁrmissime
1551 4729 1814 4802 promisit
1859 4731 1932 4786 ad

323 4817 565 4871 modum
590 4817 861 4888 jurantis,
891 4825 942 4872 et
968 4819 1046 4872 sic
1062 4819 1292 4888 juruvit,
1327 4819 1482 4888 quod
1512 4837 1618 4872 non
1643 4820 1930 4889 frustrabi-

323 4910 412 4958 tur
436 4922 576 4971 cum,
601 4905 654 4959 id
687 4910 770 4960 est
797 4923 912 4961 non
961 4906 1206 4978 decipiet
1245 4923 1402 4973 eum,
1435 4924 1551 4960 non
1581 4907 1930 4979 complendo

323 4993 478 5063 quod
496 4993 730 5063 juravit.
758 4993 889 5047 Dico
911 4993 1124 5062 juravit
1147 4993 1336 5048 dicens
1366 5011 1378 5048 :
1411 4995 1492 5049 De
1520 4996 1706 5064 fructu
1735 4997 1930 5050 ventris

320 5081 404 5133 tui
421 5099 622 5150 ponam.
643 5099 796 5151 super
818 5081 990 5136 sedem
1017 5087 1186 5147 luam,
1211 5081 1266 5134 id
1297 5085 1382 5134 est
1403 5083 1681 5153 quosdam
1704 5082 1774 5137 de
1803 5083 1930 5138 ﬁliis

320 5167 430 5222 tuis
458 5169 870 5240 spiritualibus,
897 5171 1107 5224 faciam
1131 5168 1188 5222 in
1211 5171 1431 5223 interna
1449 5169 1800 5224 beatitudine
1825 5171 1926 5225 tibi

321 5253 381 5308 in
403 5256 596 5311 futuro
620 5273 1000 5330 conregnare,
1015 5275 1048 5311 a
1067 5256 1440 5312 similitudine
1457 5257 1927 5329 regis,quiﬁlium

321 5357 487 5399 suum
516 5361 686 5415 quem
737 5362 933 5400 secum
970 5345 1088 5399 vult
1126 5345 1316 5400 facere
1348 5362 1724 5417 conregnare,
1757 5363 1928 5418 super
1959 5337 1978 5352 ’

318 5432 518 5489 sedem
550 5449 712 5488 suam
755 5433 976 5507 regiam
1008 5433 1190 5506 ponit.
1233 5431 1504 5490 Fructum
1551 5438 1750 5490 ventris
1779 5437 1925 5492 ﬁlios

320 5521 642 5594 spirituales
663 5521 819 5591 dicit,
862 5540 981 5580 nou
1009 5523 1164 5596 quod
1195 5539 1263 5580 ex
1293 5527 1490 5578 ventre
1518 5523 1780 5595 generati
1809 5525 1923 5580 sint

2034 4468 2211 4522 culum
2257 4467 2458 4532 saeculi,
2508 4466 2566 4520 id
2607 4467 2694 4519 est
2739 4479 2916 4536 usque
2947 4463 3006 4517 in
3049 4463 3323 4518 sazculum
3359 4463 3638 4517 futurum.

2033 4557 2144 4612 Hic
2172 4555 2439 4628 liabitabo,
2482 4553 2542 4608 id
2589 4555 2672 4607 est
2713 4551 2904 4618 iuliae,
2933 4551 3146 4606 scilicet
3183 4550 3345 4621 Sion,
3385 4551 3635 4607 habitabo

2035 4643 2351 4698 secundum
2377 4641 2780 4710 inoperantem
2804 4638 3072 4710 gratiam,
3091 4641 3150 4695 et
3167 4639 3278 4694 hoc
3301 4656 3418 4695 non
3440 4657 3508 4694 ex
3525 4655 3644 4694 me-

2032 4731 2156 4786 ritis
2175 4731 2296 4802 ejus
2323 4730 2482 4797 Sion,
2520 4729 2620 4784 sed
2642 4727 2772 4784 ideo
2799 4729 3188 4796 solummodo,
3219 4729 3472 4800 quoniam
3501 4726 3636 4796 elegi

2031 4836 2147 4874 eam
2172 4818 2351 4891 gratis
2369 4817 2444 4873 ad
2484 4816 2878 4872 salvationom.
2903 4817 3046 4873 Cum
3079 4818 3274 4870 autem
3294 4814 3428 4870 Sion
3452 4813 3642 4885 elege-

2031 4907 2164 4974 rim,
2195 4909 2411 4962 viduam
2430 4907 2564 4978 ejus,
2597 4906 2655 4961 id
2676 4909 2762 4962 est
2779 4906 2904 4961 illos
2935 4922 3003 4960 ex
3033 4903 3157 4976 ipsa
3188 4903 3347 4970 Sion,
3381 4901 3480 4974 qui
3510 4901 3640 4959 ideo

2032 4995 2298 5052 dicuntur
2315 4995 2506 5062 vidua,
2528 4995 2663 5067 quia
2685 4993 2925 5049 desolati
2947 4995 3080 5047 sunt
3094 4991 3404 5057 aterrenis,
3431 4989 3640 5062 quibus

2021 5084 2151 5156 jam
2181 5084 2754 5144 abrenuntiaverunt,
2779 5098 2882 5136 ceu
2911 5080 3082 5136 vidua
3109 5083 3194 5136 est
3223 5097 3257 5135 a
3285 5079 3496 5134 marito
3507 5079 3636 5152 jam

2030 5176 2262 5228 mortuo
2293 5173 2566 5238 desolata,
2603 5169 2922 5235 benedieam,
2962 5167 3022 5224 id
3053 5171 3140 5224 est
3171 5167 3494 5224 sublimabo
3521 5167 3633 5236 hic,

2031 5263 2088 5316 et
2115 5261 2228 5314 hoc
2259 5259 2577 5325 benedicens,
2610 5257 2669 5311 id
2703 5260 2790 5312 est
2812 5255 2867 5312 in
2897 5256 3302 5312 benedictione
3325 5255 3423 5311 illa
3451 5271 3640 5328 perse-

2027 5364 2269 5413 verans;
2301 5353 2350 5402 et
2383 5362 2644 5418 pauperes
2669 5347 2805 5416 ejus,
2837 5343 2897 5400 id
2927 5346 3014 5400 est
3044 5345 3172 5401 illos
3211 5343 3447 5400 eosdem
3494 5359 3639 5418 quos

2027 5435 2143 5492 dixi
2173 5435 2416 5502 viduam,
2449 5433 2548 5505 qui
2577 5431 2756 5488 etiam
2783 5431 2986 5504 spiritu
3019 5448 3301 5505 pauperes,
3333 5430 3393 5486 id
3415 5432 3504 5486 est
3531 5432 3638 5488 hu-

2023 5524 2190 5580 miles
2199 5523 2603 5597 sunt,ideoque
2613 5519 3190 5594 dignibenedictione
3201 5519 3638 5591 etsaturatione,
