3966 6034
273 247 286 254 ’
337 267 473 329 me

935 266 995 329 S.
1036 265 1380 328 BRUNONIS
1418 261 2049 326 CARTHUSIANOBUI
2092 262 2560 323 INSTITUTORIS
2598 263 2753 322 OPP.
2794 259 2972 321 PARS
3009 261 3032 320 Ῑ

3507 257 3652 321 1344

327 393 583 451 cannabo
609 389 668 451 in
699 388 899 451 anima
909 393 1164 466 panibus,
1188 392 1247 450 id
1283 394 1368 449 est
1388 390 1800 464 multiplicibus
1815 389 1945 445 cha—
1965 393 2022 454 Α
2115 385 2255 444 Ecce
2283 403 2443 461 quam
2470 386 2684 454 bonum,
2715 387 2849 450 etc.,
2878 399 2942 442 ac
2971 381 3017 440 si
3049 382 3244 441 dicant
3272 400 3284 441 :
3317 381 3424 451 Qui
3483 401 3654 460 supe-

331 482 660 540 rismatibus
671 481 976 556 spiritualis
987 482 1458 554 intellectus,qua:
1473 485 1642 538 erunt
1653 481 1733 536 eis
1746 496 1944 552 panes,

332 570 390 628 id
413 575 497 628 est
517 572 858 627 dulcissima!
876 571 1387 637 refectiones,sicut
1402 587 1578 642 panes
1600 569 1944 624 dulcissime

330 661 676 717 refectiones
688 661 1087 733 sunt.Exponit
1100 664 1293 715 autem
1307 660 1600 732 quomodo
1617 658 1942 723 benedieet,

332 748 432 804 sic.
465 749 580 804 Hoc
607 749 840 822 quidem
865 749 1038 803 modo
1071 749 1388 814 benedicam,
1421 747 1477 802 id
1504 751 1589 802 est
1617 746 1940 802 sublimabo

333 837 461 892 illos
489 855 557 893 ex
586 837 722 893 Sion
750 837 846 908 qui
877 837 1047 892 vidua
1077 839 1228 902 sunt,
1259 836 1471 890 scilicet
1501 835 1738 890 eosdem
1772 851 1944 890 sacer-

331 924 475 980 dotes
499 925 610 996 ejus
639 925 965 989 existentes,
997 942 1126 978 cum
1159 942 1218 978 se
1495 927 1642 979 bene
1698 925 1941 978 vivendo

332 1013 580 1069 hostiam
612 1013 792 1068 laudis
841 1013 1198 1068 sacriﬁcent:
1237 1014 1458 1068 induam
1503 1015 1748 1080 salutari,
1779 1013 1834 1067 id
1857 1017 1942 1067 est

334 1092 818 1148 circummuniam
851 1096 909 1146 et
934 1095 1154 1148 ornabo
1184 1093 1591 1148 conformitate
1635 1093 1944 1148 Salvatoris

334 1181 629 1244 Christi,ut
647 1180 762 1234 sint
781 1179 834 1234 ei
857 1180 914 1234 in
948 1181 1298 1236 sublimitate
1316 1181 1555 1253 justitiaa
1583 1181 1938 1246 conformes,

337 1269 683 1341 inquantum
725 1268 996 1341 possibile
1049 1273 1134 1324 est
1172 1275 1220 1325 et
1255 1269 1360 1340 ipsi
1392 1270 1720 1324 sacerdotes
1772 1269 1947 1322 sancti

335 1358 451 1428 ejus
477 1357 864 1423 existentes,id
889 1357 1333 1422 est,sanctiﬁcati
1347 1375 1450 1430 per
1466 1361 1715 1412 mortem
1737 1355 1942 1411 Christi

337 1449 396 1501 et
424 1448 794 1519 peccatorum
823 1445 1691 1517 indulgentiam,ersultabzmt}de
1716 1445 1942 1500 exsulta-

339 1537 498 1600 tione,
532 1534 593 1588 id
622 1537 708 1589 est
738 1535 808 1588 de
854 1534 1208 1601 innocentia,
1256 1553 1382 1606 quae
1413 1535 1686 1589 exultatio
1734 1533 1942 1589 dicitur

334 1632 404 1671 eo
433 1615 590 1686 quod
639 1614 1033 1670 exsultationis
1080 1632 1249 1669 causa
1293 1615 1385 1670 sit.
1413 1615 1540 1669 Sive
1575 1615 1732 1686 quod
1780 1613 1942 1668 addit

2045 477 2226 534 riores
2251 479 2464 551 gradus
2485 477 2612 548 jam
2634 475 2986 543 ascendistis,
3006 475 3080 531 ad
3095 473 3431 530 huncetiam
3456 489 3656 530 ascen.

1989 617 2007 628 ,
2045 567 2183 631 dite,
2207 569 2270 621 ut
2299 567 2475 621 etiam
2505 567 2702 634 fratres
2731 567 2785 619 in
2818 583 2982 618 unum
3011 563 3300 630 habitetis,
3332 567 3390 618 et
3419 563 3498 618 sic
3533 565 3652 618 Deo

2046 655 2322 710 militetis.
2356 655 2493 709 Inde
2532 671 2666 709 vero
2710 670 2816 709 nos
2845 654 3173 724 exemplum
3203 652 3479 706 habeatis.
3513 651 3656 706 Ecce

2043 743 2198 798 enim
2240 743 2364 813 jam
2415 743 2472 796 in
2506 743 2755 798 evidenti
2795 745 2880 796 est
2922 741 3076 813 quod
3119 741 3447 795 habitamus
3476 740 3648 795 simul

2045 830 2244 886 omnia
2274 831 2610 885 communia
2640 831 2938 896 habentes,
2964 833 3022 885 et
3051 829 3128 883 sic
3155 829 3554 884 cohabitamus
3587 831 3651 882 ut

2041 918 2219 973 simus
2241 920 2465 985 fratres,
2495 923 2552 972 et
2581 936 2696 973 non
2731 935 2980 990 nequam
3013 918 3240 984 fratres,
3287 917 3390 972 sed
3437 918 3647 972 fratres

2042 1006 2364 1078 spirituales
2395 1005 2450 1060 in
2498 1023 2677 1060 unum
2709 1005 2840 1060 ﬁdei
2873 1009 2930 1060 et
2961 1005 3284 1060 concordiae
3316 1005 3648 1060 tendentes.

2038 1095 2218 1150 Aliter
2248 1096 2401 1150 enim
2425 1095 2758 1149 cohabitare
2789 1111 2905 1149 non
2921 1094 3249 1166 prodesset;
3279 1098 3337 1150 et
3368 1110 3501 1149 cum
3519 1093 3650 1164 jam

2042 1183 2458 1248 cohabitamus,
2490 1199 2602 1238 ecce
2622 1183 2677 1237 in
2701 1182 2968 1254 praesenti
2987 1185 3043 1236 et
3065 1181 3314 1237 evidenti
3347 1182 3514 1237 nobis
3532 1186 3646 1236 est:

2042 1272 2317 1343 quoniam
2345 1289 2504 1343 quam
2557 1271 2750 1324 bonum
2792 1278 2888 1337 est,
2917 1271 2976 1326 id
3008 1274 3094 1325 est
3141 1273 3446 1343 plusquam
3488 1270 3652 1324 valde

2044 1360 2179 1414 utile
2213 1365 2317 1427 est,
2345 1367 2395 1414 et
2422 1377 2581 1432 quam
2598 1359 2925 1430 jucundum,
2954 1359 3012 1414 id
3034 1362 3120 1413 est
3149 1360 3452 1432 plusquam
3485 1357 3650 1412 valde

2042 1449 2377 1503 delectabile
2407 1453 2516 1513 est,
2543 1449 2786 1501 habitare
2810 1447 2978 1502 simul
3012 1464 3120 1502 nos
3146 1449 3366 1517 fratres,
3398 1449 3453 1500 in
3485 1465 3652 1500 unum

2041 1536 2173 1590 ﬁdei
2191 1539 2248 1590 et
2284 1536 2608 1590 concordia:
2631 1536 2957 1590 tendentes.
2984 1537 3099 1591 iioc
3121 1541 3316 1591 autem
3343 1536 3586 1590 habitare
3606 1534 3650 1589 si

2039 1624 2380 1696 simpliciter
2411 1625 2604 1678 bonum
2625 1624 3202 1695 esset,appetendum
3235 1627 3401 1677 esset.
3422 1624 3649 1687 Quanto

338 1703 700 1768 exsultatione,
733 1703 804 1757 ad
837 1701 1283 1758 inculcationem
1315 1703 1506 1769 addit;
1553 1701 1714 1774 quasi
1745 1702 1935 1757 dicat:
1964 1716 2018 1775 Β
2041 1713 2227 1784 magis
2257 1729 2418 1784 ergo,
2451 1729 2582 1766 cum
2617 1713 2834 1767 bonum
2864 1713 2934 1767 δη
2965 1716 3022 1766 οι
3040 1713 3349 1782 jucundum
3384 1710 3398 1766 ι
3447 1713 3650 1768 oste“-

337 1789 517 1845 Nimis
534 1791 916 1847 exsultabant.
941 1790 1060 1857 Hic,
1091 1790 1352 1861 inquam,
1383 1792 1675 1845 sacerdotes
1713 1791 1827 1861 ejus
1857 1791 1940 1842 in-

337 1877 502 1933 duam
547 1879 776 1934 salutari
798 1896 812 1948 ;
837 1879 898 1934 in
921 1879 1114 1934 futuro
1144 1896 1279 1934 vero
1310 1879 1434 1934 illuc
1453 1881 1746 1951 producam
1778 1895 1942 1932 cornu

336 1965 540 2036 David,
568 1967 628 2023 id
653 1970 739 2024 est
764 1967 823 2022 in
854 1967 982 2024 illos
1007 1968 1244 2023 eosdem
1275 1968 1584 2023 extendam
1625 1967 1940 2022 sublimita-

338 2056 460 2110 tem
481 2054 840 2127 gloriae,quae
859 2055 983 2126 jam
999 2059 1085 2110 est
1115 2055 1174 2110 in
1206 2056 1384 2111 David
1406 2056 1521 2111 ﬁlio
1541 2057 1762 2121 meo,ut
1791 2071 1946 2109 eam-

341 2142 477 2198 dem
501 2143 755 2200 habeant
780 2143 1219 2210 sublimitatem,
1246 2144 1508 2214 quamvis
1529 2143 1738 2210 minus,
1767 2146 1824 2195 et
1854 2141 1944 2195 hic

340 2229 577 2287 interim
613 2248 718 2303 per
743 2232 1183 2288 illustrationem
1210 2233 1410 2304 gratiae
1440 2233 1636 2304 paravi
1657 2249 1755 2286 eos
1775 2231 1945 2285 lucer-

337 2335 484 2387 nam,
532 2319 592 2374 id
636 2323 724 2375 est
747 2338 842 2376 vas
870 2321 1049 2389 lucis;
1101 2323 1392 2384 lucernam,
1452 2321 1715 2394 inquam,
1749 2320 1944 2374 ethoc

342 2404 554 2462 Christo
586 2425 719 2462 meo.
751 2411 814 2463 In
846 2409 1073 2480 quibus,
1105 2409 1318 2464 scilicet
1340 2409 1458 2480 ipse
1489 2425 1593 2480 per
1622 2407 1946 2463 doctrinam

341 2511 502 2550 suam
538 2496 759 2550 mundo
789 2497 1027 2551 luceret.
1053 2499 1204 2552 Bene
1237 2514 1370 2552 vero
1399 2497 1562 2568 ponit
1593 2512 1712 2551 non
1735 2497 1947 2554 lucem.

341 2583 442 2638 sed
495 2583 789 2650 lucernam,
847 2600 979 2639 cum
1034 2585 1138 2656 ipsi
1196 2603 1313 2640 non
1365 2585 1480 2640 sint
1535 2585 1650 2650 lux,
1688 2585 1787 2638 sed
1817 2601 1950 2638 vasa

340 2670 518 2742 ipsius
546 2672 686 2727 lucis
715 2674 776 2727 et
803 2673 1072 2728 ministri.
1109 2673 1212 2727 Vas
1243 2673 1454 2745 quippe
1485 2674 1780 2728 lucernam
1807 2671 1949 2727 dici-

342 2775 492 2814 mus.
521 2760 682 2816 Unde
715 2761 786 2817 de
813 2761 1033 2816 Joanne
1053 2762 1304 2834 Baptista
1333 2763 1545 2833 legitur
1569 2778 1581 2816 :
1619 2784 1645 2812 ‹‹
1677 2761 1801 2816 Non
1825 2763 1950 2815 erat

340 2847 436 2904 ille
465 2849 578 2917 lux,
611 2849 713 2905 sed
742 2853 804 2905 ut
853 2850 1252 2906 testimonium
1307 2851 1636 2922 perhiberet
1673 2850 1744 2904 de
1775 2849 1947 2904 lumi-

342 2954 417 2992 ne
443 2936 631 3009 (Joan.
665 2955 704 3004 ι,
737 2945 846 3004 7)»
881 2940 943 2994 In
975 2955 1092 3006 eos,
1143 2939 1402 3011 inquam,
1439 2939 1738 3010 producam
1783 2954 1948 2992 cornu

2044 1803 2188 1856 dunt
2209 1805 2402 1856 autem
2433 1801 2584 1854 unde
2611 1800 2843 1871 probari
2879 1801 3055 1871 possit
3072 1801 3330 1856 habitare
3363 1800 3511 1855 istud
3528 1817 3652 1855 esse

2041 1891 2259 1946 bonum
2295 1894 2351 1945 et
2375 1892 2722 1961 jucundum,
2755 1891 2852 1944 sic.
2887 1889 3102 1944 Bonum
3147 1893 3232 1945 est
3282 1897 3331 1944 et
3355 1891 3652 1960 jucundum

2039 1980 2279 2034 habitare
2303 1980 2500 2048 fratres
2545 1997 2600 2033 tn
2629 1997 2814 2036 unum.
2865 1979 3021 2034 Sicut
3073 1985 3422 2047 unguentum,
3454 1978 3514 2032 id
3567 1982 3656 2033 est

2043 2070 2243 2139 utpote
2268 2067 2562 2140 spirituale
2589 2069 2830 2133 donum,
2864 2067 3224 2122 scilicetinde
3241 2068 3656 2138 probaturesse

2046 2158 2238 2211 bonum
2268 2164 2316 2210 et
2337 2157 2663 2227 jucundum,
2709 2155 2807 2227 qui
2839 2155 3134 2226 spirituale
3165 2155 3385 2210 donum
3426 2157 3510 2210 est
3539 2155 3662 2208 dic-

2043 2247 2166 2298 tum
2198 2244 2326 2298 ideo
2359 2251 2705 2314 unguentum,
2733 2244 2870 2316 quia
2890 2260 2994 2314 per
3023 2243 3211 2315 ipsum
3237 2243 3496 2298 habitare
3543 2242 3660 2314 spi-

2045 2333 2331 2388 ritualiter
2361 2333 2562 2405 inungi
2573 2349 2721 2399 mur,
2737 2336 2799 2386 ut
2819 2332 2996 2386 simus
3015 2349 3183 2403 reges
3200 2331 3380 2386 nostri
3401 2334 3458 2385 et
3480 2345 3664 2385 sacer-

2047 2421 2229 2487 dotes,
2268 2421 2528 2491 nosipsos
2555 2422 2672 2475 Deo
2701 2422 2853 2475 bona
2871 2420 2986 2474 vita
3001 2421 3408 2486 sacrificantes,
3439 2436 3474 2474 a
3497 2418 3661 2472 simi-

2045 2508 2288 2564 litudine
2319 2526 2526 2580 regum
2572 2511 2631 2563 ct
2685 2509 3070 2575 sacerdotum,
3121 2508 3218 2580 qui
3250 2508 3571 2579 inungutur
3601 2505 3660 2560 in

2046 2601 2310 2668 tempore
2387 2596 2768 2652 ordinationis
2846 2614 2964 2652 sua:
2997 2635 3014 2651 .
3091 2597 3248 2652 Sicut
3333 2601 3664 2666 unguentan

2047 2685 2173 2739 dico
2205 2686 2455 2740 existens
2502 2703 2558 2739 in
2587 2687 2778 2756 capite,
2808 2685 2864 2740 id
2897 2689 2980 2739 est
3018 2685 3078 2739 in
3134 2688 3418 2757 potestate
3459 2683 3662 2754 capitis

2267 2773 2494 2840 Christi,
2519 2773 2882 2844 scitir-etquod
2899 2777 3259 2845 unguentum
3284 2789 3400 2828 non
3414 2773 3666 2828 habetur

2047 2863 2152 2917 nisi
2167 2863 2320 2917 dono
2337 2862 2716 2934 capitis,quod
2732 2869 3056 2931 unguentum
3073 2861 3342 2916 descendit
3355 2878 3389 2916 a
3410 2863 3564 2917 dono
3580 2861 3666 2934 ipe

2045 2951 2157 3005 sius
2167 2950 2432 3022 capitisin
2443 2949 2739 3016 barbam,id
2757 2954 2841 3004 est
2857 2950 2913 3004 in
2929 2951 3112 3006 bonos
3126 2966 3328 3006 omnes
3339 2950 3665 3005 fortesconc

340 3027 542 3082 David.
581 3025 830 3081 Inimicos
877 3034 1054 3082 autem
1111 3028 1221 3098 ejus
1278 3029 1482 3093 viduae,
1533 3029 1946 3098 persecutores,
1973 3002 2022 3062 Ο
2049 3043 2136 3094 ιτα
2157 3039 2290 3094 vitia
2313 3043 2371 3094 οι
2401 3039 2588 3093 viriles
2619 3039 2676 3092 ίιι
2708 3039 2986 3105 moribus,
3011 3039 3107 3110 qui
3135 3055 3390 3110 congrue
3405 3057 3506 3110 per
3525 3039 3664 3094 bar-

291 3163 300 3174 ,
342 3113 560 3170 scilicet
589 3115 809 3168 induam
862 3131 964 3186 per
1009 3115 1357 3188 emphasim,
1408 3117 1733 3185 confusione,
1775 3114 1832 3169 id
1863 3117 1950 3167 est

343 3202 717 3258 circumdabo
761 3206 819 3259 et
849 3203 907 3257 in
939 3220 1179 3275 corpore
1212 3208 1268 3258 et
1297 3203 1356 3258 in
1390 3203 1605 3270 anima,
1645 3205 1950 3272 σωηίιιςίυηε

345 3290 682 3362 perditionis
710 3294 964 3356 aeternae,
1004 3294 1355 3360 sanctiﬁcatio
1386 3296 1580 3346 autem
1612 3310 1750 3358 mea,
1782 3291 1837 3346 id
1865 3294 1952 3346 est

347 3378 517 3434 vidua
548 3396 582 3432 a
611 3395 706 3433 me
749 3378 1122 3444 sanctiﬁcata,
1175 3397 1334 3450 super
1359 3382 1528 3451 ipsum
1559 3380 1736 3435 David
1763 3379 1949 3434 Chris-

349 3470 472 3522 tum
497 3465 556 3520 in
579 3467 692 3522 ﬁde
723 3469 780 3520 et
805 3467 1214 3522 conforniitate
1241 3469 1500 3534 fundata,
1530 3473 1588 3523 et
1617 3469 1667 3524 ei
1700 3469 1953 3523 innitens

347 3553 629 3624 ef/lorebit,
661 3554 718 3610 id
743 3557 828 3610 est
859 3572 926 3610 ex
956 3556 1098 3610 ilore
1128 3557 1295 3611 home
1335 3558 1686 3628 operationis
1717 3558 1954 3613 transiet

347 3641 406 3699 in
426 3641 720 3699 fructuum
737 3647 969 3699 ceterum
988 3646 1502 3701 remunerationis:
1525 3664 1558 3700 a
1579 3646 1954 3702 sin'iilitudine

349 3730 532 3796 ﬂoris,
563 3731 660 3804 qui
696 3731 754 3786 in
798 3732 1050 3788 fructum
1087 3735 1307 3788 transit.
1327 3735 1418 3789 Vel
1451 3734 1562 3789 sic:
1611 3735 1735 3789 Non
1766 3737 1954 3790 solum

346 3819 472 3875 illuc
499 3820 798 3890 producam
821 3836 988 3876 cornu
1015 3821 1215 3887 David,
1248 3822 1516 3877 inimicos
1541 3826 1758 3890 autem,
1780 3823 1836 3878 id
1873 3827 1957 3878 est

347 3909 449 3964 sed
465 3908 640 3964 etiam
662 3908 925 3964 inimicos
951 3909 1074 3980 ejus
1098 3909 1277 3964 viduae
1302 3915 1716 3981 persecuturos,
1748 3912 1959 3966 scilicet

345 3995 406 4052 in
433 3998 598 4065 parte
624 3995 858 4068 quidem
891 3997 1132 4063 induam,
1163 3996 1220 4052 id
1245 4002 1330 4052 est
1368 3999 1600 4069 replebo
1642 3999 1732 4054 hic
1758 3999 1956 4055 confu-

350 4082 534 4150 sione,
557 4083 616 4138 id
643 4087 728 4138 est
743 4085 1144 4140 erubescentia
1167 4087 1239 4141 de
1258 4088 1591 4159 peccatis,et
1621 4087 1698 4142 sic
1720 4105 1956 4143 conver-

348 4173 566 4226 tentur.
597 4170 964 4241 Sanctiﬁcatio
1018 4176 1214 4229 autem
1244 4192 1382 4242 mea,
1435 4175 1493 4230 id
1523 4179 1610 4230 est
1640 4177 1958 4232 sanctifica-

2045 3129 2180 3184 bam
2197 3129 2583 3200 accipiuntur,
2600 3146 2668 3182 eo
2687 3129 2842 3199 quod
2876 3133 3014 3184 tunc
3041 3129 3218 3184 homo
3236 3129 3406 3184 fortis
3429 3130 3574 3183 sitet
3589 3129 3662 3184 ad

2047 3217 2268 3273 virilem
2311 3221 2541 3272 aetatem
2575 3217 2857 3287 pervenit,
2888 3235 3018 3272 cum
3046 3217 3321 3274 barbatus
3355 3218 3659 3272 efﬁcietur.

2049 3307 2294 3378 Exponit
2333 3311 2527 3361 autem
2561 3306 2742 3378 ipsam
2777 3306 3016 3360 barbam
3050 3323 3152 3377 per
3183 3311 3377 3378 partes
3407 3308 3505 3362 sic.
3553 3308 3665 3362 De-

2048 3397 2268 3458 scendit,
2315 3395 2574 3466 inquam,
2627 3397 2682 3447 in
2743 3395 2988 3456 barbam,
3046 3395 3260 3450 scilicet
3304 3397 3363 3450 iu
3421 3396 3664 3451 barbam

2050 3483 2265 3550 Aaron,
2311 3483 2366 3537 id
2393 3487 2480 3537 est
2509 3483 2566 3537 in
2617 3483 2805 3537 viriles
2831 3487 2889 3538 et
2927 3485 3106 3538 fortes
3141 3483 3370 3545 Christi,
3403 3483 3458 3538 id
3489 3486 3576 3538 est
3604 3484 3663 3538 in

2052 3574 2340 3644 apostolos
2365 3575 2422 3626 et
2453 3571 2780 3643 discipulos,
2813 3574 3052 3626 caeteros
3078 3571 3284 3626 Christi
3315 3572 3658 3644 primitivos,

2053 3662 2151 3733 qui
2183 3660 2639 3714 antonomastice
2690 3660 2870 3714 barba
2920 3659 3127 3727 Christi
3179 3660 3450 3715 dicuntur
3481 3677 3496 3727 ;
3527 3677 3666 3717 cum

2055 3750 2231 3804 etiam
2264 3766 2466 3804 omnes
2487 3749 2623 3803 boni
2657 3749 2836 3802 barba
2855 3749 2978 3819 ejus
3003 3749 3110 3804 dici
3139 3749 3379 3820 possint,
3407 3765 3476 3804 eo
3507 3750 3665 3821 quod

2058 3837 2162 3910 ipsi
2187 3837 2458 3909 primitivi
2485 3835 2770 3892 viriliores
2804 3841 2862 3892 et
2893 3837 3160 3892 fortiores
3197 3837 3536 3904 exstiterint,
3566 3838 3664 3910 qui

2057 3928 2330 3997 leguntur
2372 3928 2502 3996 post
2535 3925 2934 3979 ascensionem
2967 3925 3199 3980 Domini
3221 3926 3280 3979 in
3311 3925 3662 3981 Hierusalem

2058 4030 2162 4084 per
2192 4014 2312 4068 dies
2335 4013 2615 4084 plurimos
2642 4013 3024 4080 cohabitasse,
3050 4017 3108 4069 et
3137 4031 3236 4070 cor
3261 4031 3442 4070 unum
3469 4019 3524 4069 et
3546 4014 3668 4068 ani-

2059 4119 2217 4156 mam
2231 4100 2513 4156 habuisse.
2532 4099 2725 4154 Aaron
2751 4117 3013 4156 summus
3023 4102 3308 4171 sacerdos,
3323 4106 3381 4158 et
3403 4103 3664 4158 omnium

2060 4190 2421 4246 sacerdotum
2438 4189 2497 4243 in
2509 4189 3074 4247 Veteri'l‘estamento
3089 4193 3666 4264 princepsanontanus

350 4263 412 4352 '33
438 4259 611 4352 Vidua
639 4263 1141 4352 “Warsf’l’e’il’wm
1157 4263 1459 4319 naVidﬁde
1476 4265 1960 4321 ειοοιιίοΐιηίιθιιθ
1983 4285 2034 4344 D
2059 4280 2508 4350 interpretatur:
2549 4277 2820 4348 quocirca
2858 4279 3012 4349 juste
3043 4259 3147 4352 per
3186 4259 3380 4334 Aaron
3415 4279 3665 4334 Christus

350 4348 616 4412 fundata,
635 4349 922 4420 efﬂorebit,
956 4349 1014 4405 id
1035 4354 1120 4405 est
1145 4368 1214 4406 ex
1239 4355 1360 4408 toto
1382 4370 1513 4408 cum
1532 4353 1950 4424 perseverantia

2059 4365 2456 4438 accipitur,qui
2471 4365 2736 4438 princeps
2756 4367 3018 4422 omnium
3041 4368 3404 4423 sacerdotum
3424 4369 3664 4423 existens

351 4437 410 4493 in
441 4437 608 4492 bonis
635 4438 906 4510 operibus
935 4439 1186 4507 tlorebit,
1219 4443 1276 4495 et
1304 4457 1408 4512 per
1433 4441 1542 4496 hoc
1579 4441 1870 4514 pertinget
1899 4442 1958 4499 in

353 4525 547 4580 futuro
581 4525 654 4579 ad
682 4542 862 4580 cornu
895 4528 1094 4584 David.

805 4615 874 4668 ΙΝ
911 4615 1236 4672 PSALMUM
1275 4617 1510 4674 CXXXII.

431 4703 646 4758 Titulus
683 4703 983 4759 centesimi
1039 4705 1311 4760 tricesimi
1365 4707 1621 4775 secundi,
1676 4707 1962 4764 Canticnm

353 4793 643 4864 graduum.
674 4791 864 4848 Tertio
887 4789 1111 4849 decimo
1143 4795 1327 4865 gradu
1356 4795 1415 4850 in
1439 4797 1660 4866 psalmo
1684 4798 1963 4868 superiori

354 4883 606 4949 ostenso,
635 4882 757 4954 qui,
789 4882 1002 4940 scilicet
1029 4884 1135 4938 fuit
1157 4885 1264 4939 hoc
1279 4886 1434 4956 quod
1463 4885 1866 4958 disposuerunt
1889 4888 1964 4942 ad

355 4970 824 5026 conformitatem
853 4973 1269 5042 apostolorum,
1298 4974 1685 5029 cohabitando
1708 4974 1764 5029 in
1783 4992 1962 5030 unum

355 5061 474 5116 Deo
509 5059 780 5122 militare,
813 5062 872 5113 et
914 5061 984 5116 de
1041 5062 1149 5117 hoc
1193 5061 1562 5134 adipiscendo
1615 5066 1961 5119 oraverunt:

355 5150 539 5219 agunt
566 5147 804 5220 perfecti
837 5149 897 5204 in
927 5150 1186 5222 sequenti
1201 5151 1424 5220 psalmo
1455 5150 1524 5205 de
1555 5151 1741 5222 gradu
1759 5155 1964 5223 quarto

353 5235 603 5306 decimo,
639 5235 736 5308 qui
763 5235 905 5292 nihil
931 5238 1086 5293 aliud
1117 5242 1203 5293 est
1222 5255 1396 5309 quam
1413 5239 1520 5294 hoc
1538 5239 1695 5312 quod
1707 5239 1966 5310 superius

357 5327 689 5390 oraverunt,
721 5324 1134 5397 scilicetipsum
1167 5326 1428 5382 habitare
1446 5327 1651 5382 fratres
1667 5327 1726 5382 in
1759 5344 1962 5395 unum,
2015 5323 2030 5336 ’

357 5413 516 5482 quod
546 5412 765 5470 bonum
807 5432 930 5469 esse
972 5415 1280 5486 perhibent
1317 5420 1376 5470 et
1396 5416 1743 5487 jucundum,
1797 5420 1858 5471 ut
1885 5416 1964 5472 sic

358 5501 646 5557 auditores
668 5505 957 5560 attrahunt
991 5506 1066 5560 ad
1089 5505 1242 5562 hunc
1262 5505 1511 5578 gradum
1529 5505 1958 5563 ascendendum

2060 4459 2118 4510 et
2145 4458 2790 4526 supremus,montanus
2808 4472 3037 4527 quoque
3055 4455 3245 4522 fuit,id
3262 4461 3346 4511 est
3359 4457 3418 4511 in
3435 4455 3665 4512 sublimi

2057 4543 2332 4599 virtutum
2372 4545 2573 4597 monte
2601 4543 2957 4598 sublimatus.
2993 4543 3118 4599 Sive
3146 4545 3325 4600 etiam
3357 4549 3668 4600 montanus

2061 4632 2132 4687 de
2165 4634 2385 4698 monte,
2412 4631 2470 4685 id
2501 4635 2586 4685 est
2615 4631 2684 4686 dc
2714 4632 2976 4703 supernis
3006 4633 3063 4687 in
3093 4634 3404 4702 mundum,
3433 4634 3502 4688 ad
3523 4635 3668 4688 salu-

2061 4722 2182 4774 tem
2209 4719 2517 4776 hominum
2540 4721 2701 4774 aDeo
2715 4721 2881 4775 Patre
2907 4720 3130 4776 missus.
3154 4722 3316 4777 Unde
3340 4722 3493 4778 idem
3507 4721 3662 4776 dicit:

2063 4808 2234 4862 «Vos
2287 4807 2358 4862 de
2418 4807 2693 4862 deorsum
2723 4808 2876 4876 estis,
2927 4825 3040 4880 ego
3094 4810 3165 4864 de
3225 4811 3487 4881 supernis
3535 4825 3666 4863 sum

2063 4896 2228 4962 (Joan
2258 4912 2372 4962 vm,
2405 4897 2513 4963 23).
2543 4917 2570 4944 ››
2609 4897 2674 4949 Et
2704 4914 2821 4951 non
2874 4898 3062 4952 solum
3114 4900 3170 4952 in
3203 4898 3425 4953 barbam
3479 4897 3668 4952 Aaron

2063 4985 2344 5049 descendit,
2401 4985 2499 5038 sed
2527 4985 2702 5039 etiam
2735 4985 3032 5041 descendit
3061 5005 3095 5040 a
3146 4987 3330 5041 barba
3381 4988 3564 5040 Aaron
3611 4987 3672 5039 in

2063 5090 2214 5129 oram
2261 5074 2558 5126 vestimenti
2586 5074 2720 5142 ejus,
2752 5075 2809 5127 id
2842 5079 2924 5128 est
2973 5076 3030 5130 in
3063 5077 3371 5146 martyres,
3405 5074 3500 5146 qui
3530 5090 3662 5130 cum

2063 5161 2278 5218 fuerint
2307 5159 2578 5230 praecipui
2599 5165 2726 5232 post
2742 5163 3050 5234 apestolos,
3071 5163 3302 5218 dicendi
3323 5167 3459 5218 sunt
3485 5177 3586 5216 ora
3605 5161 3669 5217 in

2063 5248 2402 5304 vestimento
2435 5248 2558 5315 Dei,
2588 5249 2646 5304 id
2676 5253 2764 5306 est
2789 5251 3112 5322 superiores
3134 5251 3192 5306 in
3218 5252 3488 5318 Ecclesia,
3524 5250 3673 5306 sicut

2065 5355 2168 5394 ora
2195 5335 2456 5409 superior
2484 5353 2615 5408 pars
2639 5343 2725 5394 est
2767 5340 3371 5396 vestimenti.Ecclcsia
3402 5357 3535 5396 vero
3572 5355 3670 5393 ve-

2068 5428 2402 5483 stimentum
2422 5425 2522 5480 Dei
2540 5426 2840 5494 dicitur,eo
2854 5429 3008 5500 quod
3024 5431 3263 5484 ornatus
3282 5429 3405 5500 ejus
3424 5431 3510 5484 est
3523 5425 3673 5482 sicut

2066 5507 2471 5563 vestimentum
2489 5507 3098 5581 corporis.Notandum
3111 5509 3267 5581 quod
3281 5509 3463 5565 barba
3472 5510 3670 5564 Aaron
