4016 6030
435 306 572 379 isis

1348 302 1705 375 Exeosmo
1743 314 1812 374 IN
1853 302 2187 376 PSALMOS.
2225 348 2298 362 —
2334 314 2527 381 PSAL.
2570 310 2807 379 CXXXIV

3611 325 3747 399 ista

434 447 492 501 et
518 460 620 499 ora
648 436 967 497 vestimenti
1000 440 1191 514 partes
1221 443 1355 495 sunt
1396 441 1591 496 barba:
1642 458 1818 513 quam
1853 442 2041 513 posuit
2073 448 2128 507 Α
2220 442 2364 499 Ecce
2391 463 2550 515 nunc,
2580 450 2714 515 cte.,
2748 465 2812 504 ac
2842 447 2886 505 si
2919 450 3114 509 dicant
3155 468 3168 509 :
3209 451 3320 513 Vos
3371 472 3575 517 omnes
3600 462 3747 519 servi

434 531 857 593 universaliter,
902 546 1032 585 cum
1066 528 1207 585 dixit
1237 530 1391 602 quod
1418 530 1679 584 descendit
1708 533 1765 584 in
1798 531 2034 587 barbam.

434 622 549 676 Hoc
567 624 760 675 autem
777 618 1136 685 cohabitare,
1156 619 1310 691 quod
1334 618 1667 673 ostenderat
1687 636 1807 673 esse
1821 619 2037 673 donum

429 709 707 781 spiritale,
748 707 1062 763 ostendunt
1116 724 1343 778 quoque
1397 707 1713 779 gratuitum
1746 724 1886 773 esse,
1921 708 2037 761 sic:

428 799 682 854 Diximus
698 797 854 869 quod
867 812 969 866 per
983 796 1095 851 hoc
1110 796 1520 865 comprobatur
1531 796 1689 867 quod
1705 797 2038 850 cohabitare

429 890 515 941 est
536 887 756 942 bonum
780 883 1069 954 etjucund
1082 900 1199 949 um,
1222 883 1498 955 quoniam
1518 896 1599 938 est
1619 884 1763 939 sicut
1781 902 2037 954 unguen-

428 978 554 1029 tum
583 992 597 1029 :
630 978 688 1029 et
737 990 839 1045 per
864 974 973 1028 hoc
1017 989 1246 1044 quoque
1277 973 1413 1043 quia
1461 976 1544 1026 est
1568 974 1708 1027 sicut
1736 990 1839 1039 ros,
1868 973 1924 1026 id
1951 976 2036 1027 est

427 1065 626 1135 utpote
641 1063 859 1117 donum
873 1062 1188 1131 gratuitum
1203 1060 1358 1132 quod
1369 1077 1680 1131 perrorem
1694 1060 2035 1132 intelligitur

429 1167 497 1206 eo
532 1150 687 1222 quod
716 1166 811 1204 ros
841 1150 963 1203 sine
994 1150 1189 1203 labore
1235 1150 1321 1203 vel
1352 1149 1539 1219 pretio
1592 1150 1678 1203 vel
1709 1149 1897 1204 studio
1929 1150 2032 1203 ho-

426 1237 650 1291 minum
672 1236 848 1307 gratis
868 1235 1174 1306 contingit.
1193 1235 1346 1290 Sicut
1368 1252 1470 1299 ros,
1491 1235 1753 1307 inquam,
1768 1235 2031 1301 Hermon,

424 1325 483 1379 id
504 1328 586 1378 est
607 1326 837 1379 exaltati
853 1324 1109 1391 luminis,
1129 1324 1360 1389 scilicet,
1379 1326 1575 1393 utpote
1594 1324 1811 1377 donum
1832 1324 2030 1377 datum

429 1414 608 1484 gratis
630 1431 662 1467 a
683 1413 927 1479 Christo,
963 1412 1059 1483 qui
1089 1412 1296 1466 dicitur
1331 1412 1605 1481 Hermon,
1630 1412 1687 1465 id
1717 1417 1802 1465 est
1830 1412 2027 1465 lumen

423 1503 914 1557 exaltatum.l\'am
935 1519 1065 1556 cum
1093 1518 1297 1556 omnes
1321 1500 1517 1555 ﬁdeles
1540 1502 1736 1554 lumen
1765 1501 1873 1554 dici
1898 1518 2026 1571 pos-

424 1591 559 1658 sint,
588 1607 658 1646 co
676 1591 829 1663 quod
849 1590 990 1645 alios
1013 1590 1276 1645 doctrina
1298 1589 1630 1643 illuminent
1658 1593 1716 1643 et
1740 1592 2026 1660 exemplo,

424 1679 541 1751 ipse
574 1681 771 1734 lumen
799 1682 884 1733 est
909 1695 1081 1749 super
1110 1677 1309 1733 omnia
1338 1677 1436 1731 illa
1464 1677 1689 1731 lumina
1714 1679 2026 1732 exaltatum

424 1774 479 1824 et
530 1768 926 1823 sublimatum.
976 1768 1137 1822 Unde
1180 1768 1432 1821 Joannes
1474 1783 1486 1820 :

420 1859 516 1912 lux
573 1874 726 1920 vera,
759 1874 887 1928 quae
931 1856 1225 1911 illuminat
1277 1871 1515 1910 omnem
1564 1854 1883 1922 hominem,
1917 1859 2023 1910 etc.

422 1945 608 2017 (Joan.
655 1963 694 2000 ι.
728 1947 802 2015 9).
836 1967 864 1993 »
911 1944 1045 1999 Dico
1076 1946 1211 1997 sicut
1253 1961 1337 1997 ros
1376 1943 1645 2011 Harmon,
1675 1946 1770 2015 qui
1796 1960 1891 1998 ros
1919 1943 2028 1998 des-

418 2035 592 2090 cendit
618 2050 651 2088 a
671 2034 855 2088 barba
879 2035 1092 2100 Aaron,
1114 2034 1170 2085 et
1200 2032 1273 2085 ab
1307 2048 1409 2085 ora
1431 2030 1763 2086 vestimenti
1794 2034 1847 2083 in
1874 2048 2022 2086 mon-

418 2132 519 2176 tem
544 2124 699 2190 Sion,
723 2122 780 2177 id
812 2126 897 2176 est
925 2122 979 2176 in
1006 2122 1132 2176 illos
1150 2137 1354 2176 omnes
1373 2121 1469 2191 qui
1494 2121 1550 2174 in
1578 2119 1814 2181 Sion,id
1850 2125 1934 2174 est
1966 2120 2021 2173 in

416 2212 664 2266 Ecclesia
698 2213 939 2283 possunt
970 2210 1077 2264 dici
1108 2212 1336 2263 montes
1372 2225 1477 2280 pro
1507 2209 1863 2263 sublimitate
1894 2209 2021 2261 vite

414 2303 629 2367 suee,ut
650 2300 1028 2364 confessores,
1056 2302 1111 2351 et
1138 2298 1180 2350 si
1215 2297 1307 2352 alii
1333 2297 1506 2368 aliqui
1530 2302 1663 2351 sunt
1684 2299 1741 2350 in
1774 2296 2024 2350 Ecclesia

413 2390 672 2460 perfecti.
698 2389 822 2442 Non
855 2387 1011 2442 enim
1045 2387 1321 2441 omnibus
1352 2386 1613 2440 Ecclesiae
1649 2385 1778 2439 filiis
1811 2386 2023 2455 gradus

412 2478 519 2532 iste
538 2476 903 2531 cohabitandi
925 2492 989 2530 co
1000 2474 1516 2545 mpctit.Congruit
1533 2478 1724 2529 autem
1749 2475 2022 2545 regulari-

414 2567 539 2632 bus,
556 2569 614 2619 et
636 2565 945 2632 canonicis,
965 2568 1022 2617 et
1042 2563 1359 2619 coenobitis.
1382 2564 1799 2632 Interpretatus
1826 2566 2019 2616 autem

414 2655 670 2710 Hei-mon
702 2672 823 2709 non
884 2655 1069 2709 solum
1127 2652 1419 2705 exaltatum
1456 2652 1653 2716 lumen,
1689 2652 1785 2705 sed
1843 2652 2017 2706 etiam

413 2745 717 2798 anathema.
742 2744 907 2797 Juxta
937 2759 1112 2813 quam
1134 2741 1674 2810 interpretationem
1700 2741 1805 2794 hoc
1831 2739 1907 2794 sic
1938 2741 2016 2793 le-

414 2833 586 2903 gitur.

489 2921 625 2976 Dico
671 2920 814 2975 sicut
863 2937 955 2974 ros
1008 2918 1349 2990 gratuitum,
1380 2917 1437 2972 id
1491 2921 1575 2972 est
1623 2918 1867 2984 donum,
1900 2934 2014 2983 ros,

2148 531 2401 602 Domini,
2427 535 2523 606 qui
2537 537 2662 607 jam
2684 537 2922 594 habitare
2933 541 2987 595 in
3000 559 3169 599 unum
3182 545 3372 600 bonum
3392 548 3749 619 etjucundum

2143 636 2264 676 esse
2296 622 2509 692 dicitis;
2564 643 2677 680 ecce
2705 644 2868 694 nunc,
2919 629 2980 683 id
3027 634 3111 685 est
3158 633 3217 687 in
3274 638 3546 707 presenti
3593 657 3748 695 nunc

2144 707 2426 764 benedieite
2472 711 2789 783 Dominum,
2824 716 3037 771 scilicet
3094 719 3332 777 indilate
3382 724 3441 779 in
3472 729 3744 796 praesenti

2140 799 2403 867 tempore
2434 802 2680 857 exaltate
2702 804 3018 860 Dominum
3039 807 3194 862 bona
3214 808 3327 864 vita
3355 815 3561 883 vestra,
3580 814 3637 871 in
3658 833 3746 871 su-

2136 885 2411 955 pradictis
2467 889 2741 960 gradibus
2792 896 3235 965 perseverando,
3283 901 3371 954 vel
3420 904 3744 973 superiores

2135 975 2347 1044 gradus
2387 992 2529 1047 quos
2561 978 2686 1049 jam
2739 982 3093 1051 ascendistis,
3124 984 3231 1056 ipsi
3289 988 3655 1058 ascribendo,
3688 996 3747 1048 et

2136 1061 2335 1116 omnia
2366 1079 2543 1136 Opera
2568 1069 2757 1123 vestra
2795 1070 2949 1124 bona
2976 1076 3243 1142 respectu
3270 1075 3473 1146 patria:
3501 1080 3744 1135 caelestis

2135 1150 2382 1219 agendo.
2403 1152 2730 1210 Notandum
2754 1158 2931 1228 quod,
2948 1176 3077 1213 cum
3096 1162 3278 1232 ponit,
3294 1180 3407 1218 ecce
3418 1181 3576 1232 nunc,
3592 1166 3744 1224 istud

2134 1253 2246 1290 ecce
2276 1239 2528 1307 positum
2579 1258 2700 1298 esse
2754 1245 2827 1299 ad
2857 1246 3373 1319 determinandum
3413 1270 3575 1323 nunc,
3607 1256 3743 1328 quia

2132 1341 2274 1379 nunc
2306 1342 2423 1380 non
2458 1329 2648 1383 solum
2681 1332 2855 1387 modo
2907 1337 3209 1405 praesentis
3240 1342 3522 1412 temporis
3555 1346 3640 1398 est
3666 1345 3739 1400 si-

2132 1429 2311 1482 gnum
2323 1454 2336 1480 ,
2351 1414 2451 1469 sed
2464 1417 2637 1472 etiam
2653 1420 2898 1490 proximi
2915 1425 3189 1494 praeteriti
3204 1430 3262 1481 et
3277 1430 3524 1498 proximi
3540 1432 3736 1488 futuri.

2133 1500 2292 1554 Unde
2335 1504 2607 1559 usualiler
2646 1506 2889 1563 dicimus
2910 1527 3051 1566 nam
3093 1517 3234 1568 cenit
3258 1519 3315 1569 et
3338 1534 3480 1575 nunc
3508 1524 3736 1575 veniam.

2131 1588 2274 1652 Quia
2326 1590 2546 1648 dixerat
2578 1611 2590 1648 :
2628 1594 2823 1650 Omnes
2851 1602 2997 1654 servi
3037 1600 3287 1671 Domini,
3323 1606 3604 1662 benedicite
3631 1610 3740 1664 Do-

2126 1679 2504 1768 minum,cum
2535 1682 2771 1753 quidam
2805 1700 3058 1758 nequam
3091 1691 3237 1745 servi
3264 1692 3399 1761 sint,
3434 1696 3505 1751 de
3531 1697 3739 1768 quibus

1544 1789 1571 1815 «
1614 1768 1767 1833 Erat,
1819 1766 2026 1838 inquit,
2053 1750 2105 1809 Β
2127 1766 2301 1821 servis
2332 1767 2547 1836 dicant,
2582 1769 2978 1828 determinant
3028 1776 3296 1835 addendo
3329 1750 3409 1835 sic
3441 1799 3454 1836 :
3488 1750 3619 1853 νέξ,
3654 1786 3737 1842 in-

2128 1870 2326 1924 quam,
2351 1856 2519 1922 servi,
2544 1859 2643 1928 qui
2671 1861 2725 1912 in
2753 1860 2909 1916 domo
2935 1862 3179 1933 Domini,
3204 1866 3263 1922 id
3283 1872 3373 1922 est
3402 1868 3461 1924 in
3490 1872 3737 1930 Ecclesia

2125 1944 2304 2009 statis,
2340 1942 2394 1997 id
2427 1949 2511 1998 est
2539 1950 2913 2017 perseveretis
2942 1968 3047 2022 per
3076 1953 3254 2009 fidem
3288 1971 3302 2010 :
3338 1955 3415 2011 sic
3444 1961 3641 2015 tamen
3673 1966 3734 2017 ut

2125 2031 2287 2085 stetis
2320 2034 2375 2084 in
2402 2035 2557 2088 atriis
2587 2035 2772 2089 domus
2802 2036 2909 2091 Dei
2935 2043 3123 2108 nostri,
3156 2041 3213 2095 id
3242 2047 3327 2098 est
3355 2044 3416 2099 in
3459 2049 3730 2118 amplitu-

2126 2118 2261 2172 dine
2292 2120 2637 2189 dilectionis,
2672 2141 2849 2196 quam
2896 2128 3135 2197 perfecti
3167 2131 3374 2187 domus
3399 2134 3524 2204 Dei,
3557 2137 3616 2192 id
3649 2143 3734 2193 est

2125 2207 2412 2274 Ecclesim,
2458 2211 2672 2266 habent
2705 2230 2842 2284 erga
2871 2216 3053 2271 Deum
3087 2221 3143 2272 et
3174 2222 3503 2288 proximum
3541 2242 3552 2278 :
3585 2230 3642 2280 et
3671 2227 3729 2280 in

2124 2296 2507 2366 amplitudine
2530 2305 2869 2356 cieterarum
2890 2304 3186 2374 virtutum,
3205 2325 3332 2379 qua:
3352 2326 3457 2381 per
3471 2313 3615 2368 atria
3638 2315 3732 2369 de-

2124 2385 2422 2472 notantur,
2450 2403 2517 2441 eo
2541 2389 2692 2458 quod
2721 2393 2917 2462 ampla
2939 2393 3073 2447 sint.
3104 2394 3431 2467 Benedicite,
3464 2400 3726 2472 inquam,

2121 2469 2423 2527 Dominum
2470 2492 2646 2529 omnes
2671 2480 2816 2533 servi
2853 2479 3093 2548 Domini,
3128 2487 3185 2536 et
3212 2500 3312 2538 vos
3338 2469 3644 2543 existentes
3674 2469 3728 2544 in

2122 2560 2381 2629 noctibus,
2429 2562 2486 2616 id
2544 2568 2627 2619 est
2658 2564 2715 2618 in
2764 2566 2853 2621 his
2901 2566 3101 2623 diebus
3152 2571 3495 2628 transitoriis
3524 2577 3619 2646 qui
3658 2580 3730 2643 ad

2122 2649 2358 2737 alterius
2386 2652 2515 2706 vitre
2572 2657 2896 2726 respectum
2939 2661 3136 2712 noctes
3191 2659 3462 2717 dicuntur
3489 2670 3730 2737 propter

2120 2735 2511 2806 frequentiam
2544 2743 3034 2811 persecutionum,
3063 2746 3296 2801 ett-tollite
3317 2766 3505 2805 manus
3528 2735 3727 2808 vestras

2117 2824 2179 2877 in
2190 2828 2889 2895 sancta,coelestia;scilicet
2903 2848 3016 2885 non
3035 2833 3341 2903 deprimite
3355 2846 3726 2909 operavestra

2121 2910 2349 2980 agendo
2380 2928 2448 2966 ea
2479 2917 2740 2983 respectu
2770 2917 3203 2988 temporalium,
3235 2922 3335 2976 sed
3360 2928 3635 2997 extollite,
3667 2931 3726 2985 id

413 3009 677 3082 inquam,
706 3009 872 3063 datus
895 3009 1173 3071 Hermon,
1204 3006 1262 3060 id
1288 3010 1372 3060 est
1403 3006 1659 3060 Ecclesize
1686 3006 1756 3059 de
1783 3005 2018 3059 Judaico
2048 3024 2095 3083 ρ
2120 3001 2205 3052 αεὶ
2231 2998 2537 3055 sublimate
2565 3002 2853 3058 tendendo
2880 3020 2988 3074 per
3016 3023 3085 3061 ea
3125 3025 3182 3063 in
3209 3020 3415 3081 sancta,
3444 3014 3504 3069 id
3532 3021 3618 3071 est
3645 3019 3726 3074 fa-

418 3098 633 3169 populo
663 3096 988 3168 primitivze,
1012 3096 1110 3168 qui
1140 3112 1277 3149 sane
1304 3095 1548 3165 populus
1578 3095 1885 3148 anathema
1916 3110 2020 3164 per

415 3186 738 3257 emphasim
761 3186 988 3251 dicitur,
1002 3186 1087 3239 vel
1112 3184 1247 3255 quia
1263 3183 1552 3238 Christum
1573 3182 2019 3237 anathematiza-

409 3275 576 3342 verit,
598 3274 795 3329 dicens
825 3290 958 3328 eum
980 3273 1340 3328 seductorem
1367 3275 1425 3325 et
1446 3271 1711 3325 deemone
1742 3271 2012 3340 plenum:

408 3363 494 3417 vel
513 3362 649 3435 quia
667 3362 852 3432 ipsum
874 3359 1402 3426 anathematizavit,
1422 3360 1478 3414 id
1507 3361 1593 3414 est
1612 3359 1777 3412 malis
1797 3359 2016 3413 actibus

407 3452 520 3506 suis
537 3469 571 3505 a
594 3453 709 3506 Deo
725 3450 932 3505 divisit.
949 3450 1274 3504 Anathema
1294 3448 1505 3519 quippe
1524 3448 1766 3502 divisum
1783 3447 2009 3504 dicitur.

408 3544 518 3596 Per
533 3542 641 3595 hoc
663 3557 801 3612 ergo
824 3539 978 3611 quod
1006 3539 1225 3593 donum
1247 3537 1394 3591 istud
1412 3536 1783 3591 fuitllermon
1812 3535 2012 3589 datum

407 3631 726 3702 gratuitum
738 3630 910 3684 fuisse
924 3628 1354 3697 comprobatur.
1367 3626 1432 3679 Et
1446 3625 1541 3696 qui
1561 3641 1654 3680 ros
1667 3626 1738 3678 ab
1758 3625 2009 3679 Harmon

406 3720 671 3773 descendit
712 3722 768 3773 in
798 3724 1029 3773 montem
1048 3716 1204 3782 Sion,
1228 3715 1285 3769 id
1308 3718 1391 3769 est
1410 3714 1468 3768 in
1491 3714 1615 3768 illos
1640 3730 1706 3767 ex
1722 3714 2007 3784 gentibus,

405 3807 732 3878 quicunque
763 3809 896 3860 sunt
944 3806 1171 3858 montes
1224 3803 1283 3857 in
1334 3801 1493 3869 Sion,
1528 3801 1587 3856 id
1625 3804 1710 3855 est
1739 3801 2011 3856 sublimes

405 3896 708 3951 sanctitate
746 3895 805 3948 in
865 3892 1129 3947 Ecclesia.
1173 3891 1573 3961 Comprobant
1602 3892 1795 3943 autem
1824 3890 2008 3943 adhuc

404 3985 543 4056 quia
561 3985 802 4037 habitare
824 3984 879 4035 in
924 3998 1091 4037 unum
1133 3980 1324 4035 bonum
1357 3986 1432 4033 est
1452 3985 1501 4033 et
1518 3979 1847 4049 jucundum,
1879 3978 1956 4031 sic
1991 3995 2003 4032 :

402 4073 549 4127 Vere
581 4072 844 4128 habitare
874 4071 934 4125 in
979 4085 1159 4125 unum
1207 4069 1430 4123 bonum
1461 4070 1548 4121 est
1577 4070 1635 4120 et
1657 4066 2003 4137 jucundum.

406 4160 671 4226 Quoniam
716 4162 844 4229 illic,
887 4160 945 4215 id
977 4161 1063 4213 est
1111 4158 1169 4211 in
1202 4157 1299 4210 illa
1339 4154 1698 4210 habitatione
1730 4153 2007 4207 mandarit

402 4249 665 4303 Dominus
711 4248 1109 4303 benedictionem
1142 4246 1412 4300 fratribus
1459 4242 1914 4314 persistentibus,
1942 4243 2000 4296 in

2118 3085 2227 3140 cite
2251 3103 2322 3141 ea
2349 3092 2608 3160 respectu
2634 3094 2966 3148 sanctorum
2986 3097 3301 3153 ccelestium
3323 3101 3635 3174 bonorum,
3661 3111 3725 3161 ut

2118 3191 2187 3229 ea
2219 3176 2618 3246 adipiscamini
2645 3195 2658 3233 ε
2701 3187 2751 3233 et
2798 3182 3105 3253 benedicite,
3133 3185 3191 3241 id
3222 3188 3307 3242 ést
3334 3192 3582 3248 exaltate
3606 3196 3721 3251 Do-

2119 3265 2325 3318 minum
2357 3265 2697 3322 ascribendo
2730 3260 2835 3339 ipsi
2863 3270 2971 3326 hoc
3016 3271 3205 3344 ipsum
3237 3278 3393 3347 quod
3422 3283 3717 3338 manus'in

2114 3357 2315 3407 sancta
2345 3355 2634 3418 extollitis,
2665 3358 2751 3411 vel
2803 3360 2958 3429 quod
3006 3360 3067 3415 in
3118 3365 3509 3434 superioribus
3552 3370 3718 3428 bonis

2112 3440 2433 3510 persistitis.
2453 3442 2739 3507 Quoniam
2759 3450 2976 3516 autem,
2993 3464 3025 3503 o
3039 3450 3367 3523 quicunque
3383 3456 3631 3526 auditor,
3646 3460 3721 3515 ad

2114 3527 2582 3585 benedicendum
2616 3536 2672 3586 et
2702 3551 2911 3589 manus
2939 3538 3328 3595 extollendum
3360 3558 3477 3597 non
3507 3546 3720 3603 sufﬁcis

2112 3631 2216 3686 per
2241 3619 2318 3682 te,
2339 3617 2443 3670 nisi
2465 3619 2710 3675 Domino
2735 3621 3134 3693 benedicente,
3163 3625 3445 3682 Benedicat
3467 3638 3535 3693 te,
3552 3633 3610 3687 id
3632 3640 3718 3690 est

2112 3704 2385 3759 sublimet
2406 3709 2462 3759 te
2501 3706 2560 3761 in
2588 3708 2891 3763 virtutibus
2916 3708 3187 3766 Dominus
3218 3714 3473 3771 Christus
3494 3736 3558 3772 ex
3578 3720 3715 3776 Sion

2110 3793 2449 3862 procedens,
2466 3794 2519 3849 id
2535 3798 2699 3850 estex
2714 3797 2927 3867 populo
2947 3798 3202 3868 Iudaico,
3216 3805 3535 3860 secundum
3557 3811 3713 3880 quod

2108 3880 2307 3948 homo,
2341 3883 2435 3954 qui
2467 3884 2784 3939 secundum
2804 3886 2959 3956 quod
2986 3888 3133 3943 Deus
3157 3891 3287 3959 fecit
3317 3893 3502 3947 cretum
3525 3903 3578 3949 et
3607 3903 3710 3952 ter-

2108 3984 2247 4037 ram,
2268 3970 2325 4023 id
2347 3974 2431 4024 est
2456 3972 2706 4042 majores
2733 3977 2792 4027 et
2807 3975 3082 4043 minores,
3098 3977 3344 4051 ideoque
3369 3981 3713 4042 benedicere

2107 4060 2317 4126 potest,
2342 4060 2474 4131 quia
2498 4062 2645 4115 Deus
2658 4065 2717 4116 et
2733 4063 2939 4132 homo;
2960 4066 3047 4119 vel
3065 4065 3333 4123 benedicat
3360 4077 3408 4125 te
3424 4071 3709 4142 Dominus,

2106 4144 2167 4198 id
2193 4150 2278 4200 est
2305 4147 2489 4219 magis
2516 4153 2573 4203 et
2595 4150 2782 4221 magis
2816 4151 2876 4205 in
2903 4152 3202 4210 virtutibus
3221 4159 3434 4213 exaltet
3465 4177 3478 4215 :
3521 4166 3578 4216 et
3602 4163 3712 4218 hoc

2106 4234 2406 4306 contingat
2436 4255 2500 4290 ex
2545 4238 2699 4305 Sion,
2731 4240 2787 4293 id
2830 4242 2916 4294 est
2963 4241 3100 4297 inde
3130 4244 3403 4316 quiajam
3448 4264 3508 4301 es
3548 4250 3706 4318 Sion,

401 4301 1405 4405 illaliabitationelegavitllominus,
1422 4301 1837 4385 sublimitatem
1853 4301 2000 4385 scili-
2026 4301 2079 4359 Β
2102 4301 2401 4392 εροοιιιίῖιιε
2431 4326 2645 4394 futura,
2679 4301 2795 4382 non
2819 4328 3126 4383 attendens
3147 4301 3489 4401 praesentia.

400 4430 491 4481 eet
504 4426 757 4501 dediteis
770 4423 1162 4497 propterlianc
1175 4420 1664 4475 cohabitationem
1679 4420 1998 4474 sublimita-

401 4519 539 4582 tem,
564 4515 622 4567 in
653 4513 954 4568 virtutibus
970 4515 1027 4564 et
1054 4509 1227 4563 bonis
1245 4507 1538 4579 Operibns,
1553 4514 1601 4559 et
1622 4507 1915 4573 mandavit,
1941 4507 1997 4560 id

402 4609 489 4657 est
520 4602 735 4674 legabit
765 4601 844 4655 eis
870 4602 1033 4654 vitam
1061 4599 1118 4653 in
1163 4598 1355 4652 futuro
1387 4594 1720 4650 duraturam
1746 4613 1907 4665 usque
1944 4598 2000 4649 in

395 4691 671 4758 sacculum,
696 4689 753 4743 id
782 4692 867 4742 est
888 4690 1192 4741 aeternum.
1494 4714 1499 4719 »

741 4759 938 4847 536
968 4776 1034 4829 IN
1063 4772 1387 4829 PSALMUM
1418 4771 1674 4825 cxxxui.

467 4865 677 4921 Psalmi
692 4864 989 4919 centesimi
1010 4863 1279 4919 tricesimi
1298 4861 1453 4915 tertii
1475 4860 1688 4913 titulus.
1710 4858 1997 4914 Canticum

393 4956 683 5026 graduum.
711 4955 1021 5024 Postquam
1055 4953 1125 5006 de
1158 4952 1340 5024 gradu
1370 4952 1575 5022 quarto
1609 4948 1835 5002 decimo
1866 4965 1993 5019 per-

392 5045 524 5099 fecti
536 5044 610 5098 ad
622 5042 950 5098 auditorum
966 5040 1401 5095 instructionem
1415 5036 1753 5109 egerunt,de
1771 5037 1992 5102 ultimo,

393 5132 827 5203 quintodecimo
861 5129 1071 5184 scilicet
1119 5132 1317 5199 agunt,
1349 5128 1445 5199 qui
1503 5126 1644 5180 nihil
1697 5125 1851 5179 aliud
1885 5130 1991 5192 est,

392 5237 566 5292 quam
589 5224 898 5290 postquam
918 5219 1021 5273 hos
1038 5218 1248 5288 gradus
1269 5215 1657 5280 ascenderint,
1671 5215 1775 5269 hos
1789 5226 1993 5269 omnes

391 5326 507 5364 non
538 5309 666 5376 sibi,
720 5307 820 5361 sed
850 5307 1099 5361 Domino
1154 5305 1456 5369 ascribere,
1490 5307 1547 5356 et
1598 5303 1800 5356 omnia
1840 5302 1993 5357 bona

390 5414 569 5468 opera
592 5402 855 5469 respectu
886 5396 1126 5449 caelestis
1151 5393 1351 5466 patriae
1372 5393 1582 5455 facere,
1611 5395 1669 5445 et
1700 5390 1775 5445 sic
1806 5391 1988 5444 Deum

386 5485 752 5541 benedicere.
784 5484 872 5538 Ad
917 5484 1070 5538 hunc
1100 5485 1293 5537 autem
1342 5481 1587 5553 gradum
1628 5479 1865 5550 perfecti
1897 5479 1988 5533 hic

387 5562 649 5652 agentes,
675 5571 967 5631 auditores
996 5570 1308 5627 ascendere
1339 5569 1602 5638 invitant,
1645 5568 1722 5624 sic
1755 5585 1768 5624 :

2472 4414 2701 4467 Finiunt
2754 4419 2963 4470 cantica
3012 4416 3311 4474 Graduum.

2558 4503 2629 4555 IM
2650 4502 2974 4557 PSALMUM
3001 4503 3258 4561 CXXXIV.

2171 4594 2291 4647 Psal
2302 4592 2379 4646 mi
2402 4589 2700 4644 ceutesimi
2720 4590 2990 4645 tricesimi
3004 4595 3196 4665 quarti
3212 4596 3424 4655 titulus.
3440 4602 3698 4663 Alleluia.

2097 4679 2212 4732 Vox
2232 4679 2531 4748 Propheta:
2553 4676 2915 4732 adhortantis
2927 4683 3198 4739 omnesin
3214 4686 3470 4748 humano
3487 4710 3702 4764 genere

2096 4766 2295 4821 ﬁdeles
2314 4766 2384 4819 ad
2412 4765 2643 4820 laudem
2672 4766 3069 4852 Domini,quia
3096 4772 3277 4843 bonus,
3302 4779 3359 4829 et
3383 4780 3519 4849 quia
3547 4783 3701 4852 elegit

2094 4855 2262 4909 Jacob
2294 4863 2341 4909 et
2368 4856 2538 4909 Israel
2570 4872 2582 4908 :
2617 4858 2676 4908 et
2704 4850 2838 4927 quia
2864 4862 3041 4913 omnia
3071 4877 3398 4935 quaecunque
3428 4866 3593 4922 voluit
3620 4850 3699 4941 te-

2096 4952 2194 5011 cet,
2226 4961 2351 5016 quae
2376 4944 2549 4998 etiam
2584 4944 2982 5015 multipliciter
3012 4949 3285 5018 ostendit,
3314 4956 3376 5007 ut
3407 4955 3699 5014 auditores

2098 5033 2281 5104 magis
2307 5032 2557 5091 attrahat
2587 5032 2659 5086 ad
2688 5033 2919 5087 laudem
2943 5034 3196 5090 Domini.

2164 5121 2405 5175 Laudato
2459 5139 2647 5175 nomen
2701 5120 2942 5183 Domini,
2983 5123 3040 5177 id
3094 5127 3179 5177 est
3230 5127 3443 5184 laudate
3474 5148 3608 5188 voce
3641 5139 3698 5189 et

2094 5210 2398 5265 affectione
2412 5210 2705 5264 Dominum
2720 5209 3005 5263 Christum
3021 5214 3281 5269 contuitu
3303 5220 3555 5274 nominis
3575 5223 3697 5292 ejus

2093 5298 2246 5370 quod
2261 5302 2348 5353 est
2374 5298 2674 5362 Dominus,
2694 5296 2933 5366 laudate,
2952 5298 3213 5370 inquam,
3228 5308 3370 5358 servi
3378 5306 3691 5365 Dominum.

2089 5390 2168 5441 Ac
2194 5387 2238 5440 si
2271 5386 2421 5440 dicat
2455 5402 2466 5438 :
2499 5385 2753 5440 Laudare
2784 5402 2914 5441 eum
2971 5388 3212 5457 debetis,
3245 5408 3378 5447 cum
3423 5394 3543 5449 sitis
3571 5398 3694 5468 ejus

2093 5475 2262 5538 servi,
2283 5473 2342 5528 id
2366 5477 2451 5528 est
2475 5474 2624 5528 illius
2648 5476 2917 5544 potestati
2942 5478 3173 5545 subditi,
3196 5483 3251 5534 et
3282 5481 3399 5553 ipse
3413 5483 3692 5544 Dominus

2096 5564 2496 5623 omnium.Vos
2514 5563 2640 5620 dico
2663 5564 2895 5634 laudate,
2909 5570 3005 5642 qui
3018 5567 3074 5622 in
3095 5568 3207 5629 ﬁde
3228 5576 3533 5632 manentes
3544 5582 3694 5639 statis
