3966 6034
320 314 323 319 λ
348 314 483 379 1347

947 316 1007 375 s.
1047 300 1394 373 BBUNONI‘S
1434 298 2067 374 CAR‘I‘H‘USIANORU‘M
2102 302 2570 371 INSTITUTORIS
2610 305 2764 370 opp.
2806 312 2983 370 psus
3020 312 3043 369 ι

3510 313 3653 371 1Βῖἓῖ

342 449 399 502 in
424 446 578 501 domo
612 442 854 513 Domini,
891 452 941 500 et
980 446 1036 499 in
1081 446 1231 499 atriis
1270 441 1455 497 domus
1485 442 1590 497 Dei
1618 444 1802 497 nostri.
1844 439 2019 501 HicA
2050 439 2517 509 fecitfulgura,id
2534 439 3117 494 estilluminationem
3138 437 3484 509 cognitionis
3499 456 3654 494 suae:

343 551 535 591 versus
565 534 663 602 ita,
693 534 836 588 utin
866 534 1089 606 psalmo
1113 531 1417 605 superiori,
1441 530 1766 603 exponitur.
1800 529 1947 584 Lau-

341 625 480 694 date,
502 623 764 694 inquam,
783 622 1077 676 Dominum
1102 638 1238 675 voce
1263 624 1323 674 et
1344 620 1667 686 affectione,
1697 620 1949 691 quoniam

345 713 918 778 bonusestinnatura,
937 714 994 764 et
1013 710 1447 780 psallitenomini
1463 708 1596 777 ejus,
1618 707 1675 760 id
1688 710 1773 761 est
1801 707 1950 761 bene

342 803 668 875 operamini
686 801 760 857 ad
788 802 1073 856 honorem
1100 800 1241 869 ejus,
1270 798 1531 854 contuitu
1548 797 1799 851 nominis
1830 797 1951 866 ejus

340 892 495 964 quod
520 894 606 946 est
628 889 928 955 Dominus,
949 889 1200 960 quoniam
1230 903 1446 940 nomen
1482 886 1603 957 ejus
1634 900 1803 939 suave
1843 887 1947 948 est,

340 980 399 1035 id
421 984 504 1034 est
527 994 757 1035 suavem
778 977 1051 1032 etmitem
1072 992 1197 1030 rem
1212 974 1514 1046 signiﬁcat,
1532 991 1649 1029 non
1667 973 1952 1044 signiﬁcat

569 1084 692 1123 rem
707 1082 969 1137 asperam
984 1068 1041 1118 et
1062 1064 1334 1119 odibilem
1354 1062 1565 1117 sicutin
1589 1060 1952 1116 saecularibus

348 1156 637 1211 dominus.
693 1153 955 1219 Laudate,
989 1152 1250 1223 inquam,
1281 1151 1599 1216 Dominum,
1648 1153 1705 1203 ct
1734 1149 1952 1220 psallite

338 1246 545 1299 nomini
570 1244 702 1314 ejus,
734 1246 793 1296 et
810 1242 923 1296 hoc
953 1257 1020 1295 eo
1049 1240 1309 1295 contuitu
1337 1240 1802 1310 etiam,quoniam
1834 1238 1949 1291 Do-

339 1332 530 1387 minus
549 1330 802 1402 gratuita
825 1327 1222 1383 misericordia
1258 1328 1413 1395 elegit
1434 1327 1536 1380 sibi
1557 1326 1726 1379 Jacob
1747 1328 1801 1379 in
1825 1342 1949 1395 pos-

338 1423 632 1486 sessionem,
656 1418 715 1473 id
743 1420 827 1472 est
871 1417 997 1471 illos
1028 1416 1123 1487 qui
1162 1414 1348 1469 adhuc
1381 1415 1438 1468 in
1478 1414 1661 1469 activa
1695 1413 1809 1468 vita
1849 1414 1948 1467 de-

341 1511 543 1581 gentes
556 1505 904 1561 contravitia
932 1508 1066 1558 sunt
1084 1503 1326 1556 viriliter
1358 1504 1662 1568 luctantes;
1681 1508 1729 1555 et
1760 1500 1947 1567 Israel,

339 1597 401 1650 id
432 1599 517 1650 est
544 1595 671 1649 illos
726 1592 823 1665 qui
871 1593 995 1663 jam
1037 1591 1095 1645 in
1152 1590 1599 1662 contemplativa
1631 1590 1741 1644 vita
1778 1588 1951 1659 positi

341 1686 476 1739 sunt
505 1685 689 1737 Deum
725 1681 1003 1747 videntes,
1045 1679 1197 1747 elegit
1221 1679 1328 1733 sibi
1359 1681 1413 1731 in
1448 1679 1854 1748 possessionem,
1890 1679 1951 1729 ut

2050 545 2177 599 qua:
2208 545 2311 599 per
2334 529 2562 599 fulgura
2589 530 2976 583 denotatureo
3007 526 3162 599 quod
3193 528 3481 583 luculenta
3497 532 3653 582 sunt.

2051 616 2309 685 Fulgura
2336 618 2634 687 pluraliter
2663 617 2849 688 ponit,
2873 620 3108 688 propter
3134 618 3323 687 plures
3376 633 3656 689 personas

2051 704 2422 759 illuminatas.
2442 706 2706 775 Fulgura,
2731 705 2992 775 inquam,
3019 704 3317 758 tendentia
3335 707 3387 757 in
3406 705 3654 775 pluviam

2051 793 2349 855 doctrinm,
2381 793 2590 847 scilicet
2620 810 2747 864 qua:
2784 793 2855 847 ad
2886 794 2993 847 hoc
3038 794 3096 847 in
3147 792 3229 847 eis
3258 793 3413 855 fecit,
3459 796 3519 846 ut
3551 809 3656 863 per

2049 880 2199 953 ipsas
2230 880 2681 935 illuminationes
2703 882 2844 935 alios
2874 882 3136 935 doctrina
3167 897 3267 935 sua
3293 881 3651 951 compluant,

2050 970 2203 1039 quod
2234 969 2475 1024 minime
2502 970 2689 1024 facere
2733 972 2986 1042 possent,
3020 971 3126 1024 nisi
3158 969 3465 1024 illuminati
3496 969 3654 1040 prius

2051 1062 2258 1112 essent.
2276 1060 2408 1113 Dico
2435 1059 2702 1114 Dominus
2725 1060 2854 1128 fecit
2881 1062 3059 1112 omnia
3082 1075 3409 1131 quaecunque
3439 1058 3607 1113 voluit
3634 1075 3651 1109 :

2049 1147 2265 1200 educens
2296 1148 2453 1201 nubes
2484 1148 2551 1201 ab
2594 1150 2840 1203 extremis
2872 1155 3041 1204 terrm.
3077 1148 3186 1214 Qui
3228 1147 3519 1202 Dominus
3526 1164 3657 1217 pro-

2048 1237 2193 1290 ducit
2221 1237 2283 1289 de
2312 1237 2569 1292 thesauris
2598 1239 2724 1304 suis,
2772 1238 2829 1292 id
2887 1241 2974 1292 est
3023 1238 3092 1291 de
3150 1237 3383 1291 occultis
3430 1235 3655 1289 arcanis

2049 1325 2434 1397 dispositionis
2464 1343 2601 1392 sum,
2636 1343 2763 1397 qua}
2792 1326 3043 1381 thesauri
3078 1326 3367 1391 dicuntur,
3400 1342 3470 1379 eo
3498 1326 3653 1396 quod

2050 1414 2384 1469 abscondita
2401 1418 2609 1468 suntut
2634 1415 2913 1483 thesauri;
2939 1423 3141 1476 ventos,
3166 1415 3223 1469 id
3267 1418 3353 1469 est
3380 1414 3506 1468 illos
3537 1414 3652 1484 spi-

2048 1502 2242 1556 ritales
2270 1503 2442 1570 viros,
2489 1521 2632 1574 quos
2658 1503 2916 1573 superius
2948 1504 3128 1557 nubes
3158 1502 3296 1558 dixit
3323 1520 3336 1557 :
3370 1502 3468 1574 qui
3498 1500 3653 1555 venti

2051 1590 2338 1657 dicuntur,
2356 1607 2423 1644 eo
2452 1591 2604 1661 quod
2634 1592 2703 1645 ad
2730 1592 2968 1645 modum
2993 1594 3297 1646 ventorum
3320 1591 3500 1663 agiles
3522 1596 3656 1644 sunt

2051 1678 2121 1732 ad
2152 1679 2332 1732 Deum
2366 1679 2902 1750 contemplandum.
2941 1680 3105 1743 Quod
3148 1684 3232 1733 est
3272 1680 3463 1733 dicere
3494 1697 3507 1732 :
3537 1679 3654 1732 Hoc

340 1772 605 1826 videlicet
642 1786 740 1824 eos
770 1785 874 1839 per
900 1767 1325 1822 inhabitantem
1358 1767 1609 1837 gratiam
1638 1765 1946 1836 possideat,
1976 1756 2020 1814 Β
2051 1767 2207 1838 quod
2233 1767 2386 1821 venti
2414 1768 2760 1834 efﬁciuntur,
2787 1768 3071 1839 contingit
3102 1768 3175 1822 ab
3205 1769 3425 1822 occulta
3463 1767 3657 1839 dispo-

343 1858 644 1931 dirigendo
672 1858 742 1912 de
757 1856 913 1910 bono
930 1855 988 1909 in
1014 1855 1386 1909 melius.Dico
1410 1853 1624 1906 laudate
1644 1852 1947 1923 etpsallite,

341 1950 399 2002 et
419 1947 547 2001 ideo
560 1962 660 2000 vos
681 1945 758 1998 sic
780 1944 1057 1998 adhortor
1075 1958 1087 1995 :
1108 1944 1237 2013 quia
1264 1958 1356 2011 ego
1376 1942 1471 2012 qui
1491 1941 1775 2012 propheta
1800 1956 1948 2007 sum,

339 2036 504 2105 cujus
526 2031 850 2088 auctoritati
880 2030 1236 2084 credendum
1258 2032 1601 2098 est,cognoei
1618 2045 1650 2081 a
1676 2027 1953 2099 magistra

341 2122 613 2189 Veritate,
646 2119 789 2175 mihi
835 2118 1076 2172 interius
1121 2117 1490 2189 praesidente,
1518 2116 1660 2188 quod
1688 2116 1952 2170 Dominus

340 2215 653 2281 magnusest
682 2208 739 2262 in
764 2206 1108 2279 potentia,et
1123 2206 1199 2259 sic
1228 2222 1455 2274 magnus
1487 2204 1640 2276 quod
1659 2204 1777 2275 ipse
1807 2204 1952 2256 Deus

341 2308 517 2355 noster
543 2297 810 2362 existens,
843 2295 939 2367 qui
966 2297 1129 2349 tanto
1172 2297 1308 2348 ante
1341 2297 1602 2364 tempore
1635 2292 1947 2356 existimas,

344 2405 463 2443 non
508 2403 707 2441 recens
727 2385 898 2445 Deus,
925 2382 1138 2436 scilicet
1164 2397 1411 2452 magnus
1451 2384 1536 2434 est
1556 2398 1675 2451 pra:
1715 2380 1953 2435 omnibus

341 2476 466 2543 diis,
498 2474 556 2528 id
600 2476 685 2527 est
714 2487 886 2541 super
916 2486 1120 2524 omnes
1169 2473 1395 2522 sanctos
1426 2469 1496 2521 ab
1528 2484 1596 2521 eo
1634 2467 1948 2536 deiﬁcatos,

345 2563 442 2636 qui
466 2565 662 2615 tamen
685 2558 850 2613 valde
878 2557 1079 2627 magni
1099 2560 1228 2609 sunt
1244 2560 1307 2609 ut
1330 2556 1545 2626 Moyses
1563 2555 1949 2622 etAbraham,

347 2654 406 2706 et
432 2647 625 2704 centeri
647 2646 743 2718 qui
767 2646 843 2700 dii
876 2644 1008 2699 facti
1031 2646 1163 2698 sunt
1179 2660 1283 2714 per
1307 2643 1580 2714 gratiam.
1598 2644 1616 2695 l
1624 2660 1723 2714 pse
1739 2642 1953 2714 quippe

349 2740 501 2795 Deus
529 2739 613 2792 est
639 2751 742 2807 per
768 2736 1059 2800 naturam,
1088 2732 1335 2803 ideoque
1367 2732 1576 2802 major.
1633 2732 1775 2784 Cum
1817 2731 1955 2785 dicit

345 2828 492 2883 Deus
513 2832 704 2887 noster,
733 2823 899 2895 ponit
926 2823 1033 2875 hoc
1066 2819 1136 2875 ad
1156 2820 1382 2875 Judwos
1409 2819 1737 2873 incredulos
1756 2819 1951 2873 devin-

346 2915 618 2980 cendum,
666 2911 763 2983 qui
793 2926 926 2965 eum
957 2910 1136 2964 Deum
1173 2925 1293 2962 esse
1338 2907 1790 2978 denegaverunt.
1817 2907 1952 2961 Inde

346 3021 483 3059 vero
509 3017 735 3070 magnus
761 2997 1102 3063 ostenditur,
1137 2996 1272 3068 quia
1302 2997 1479 3051 omnia
1510 3012 1833 3067 quaecunque
1860 3011 1952 3050 oo-

2050 1854 2253 1909 sitione
2275 1854 2396 1922 Dei,
2417 1855 2513 1926 qui
2535 1858 2695 1909 tanto
2714 1856 3056 1910 laudabilior
3083 1859 3297 1927 quanto
3324 1856 3654 1927 incompre-

2048 1942 2402 1997 hensibilior.
2432 1942 2528 1996 Vel
2557 1942 2633 1996 sic
2667 1960 2679 1996 :
2717 1942 2825 2008 Qui
2855 1944 3108 2013 producit
3148 1944 3212 1997 de
3239 1944 3494 1996 thesauris
3523 1946 3653 2009 suis,

2049 2030 2105 2084 id
2137 2034 2223 2084 est
2252 2031 2322 2084 de
2349 2031 2577 2085 sedibus
2602 2032 2943 2097 cmlestibus,
2974 2038 3176 2099 veritos,
3223 2032 3282 2086 id
3314 2036 3399 2086 est
3419 2033 3657 2102 angelos

2050 2119 2125 2173 ad
2150 2120 2257 2173 hoc
2285 2123 2347 2172 ut
2372 2136 2572 2173 eorum
2594 2120 2781 2175 ofﬁcio
2813 2121 2994 2174 nubes
3021 2120 3263 2187 eductae,
3292 2121 3364 2174 ab
3386 2120 3658 2174 extremis

2049 2209 2220 2261 terrm
2250 2207 2322 2261 ad
2354 2207 2792 2278 praedicandum
2824 2212 2882 2261 et
2939 2213 3147 2263 caetera
3179 2210 3333 2263 bona
3363 2208 3655 2279 agendum

2049 2299 2518 2367 promoveantur.
2569 2298 2615 2349 Λ
2670 2296 3045 2351 similitudine
3098 2301 3426 2363 ventorum,
3478 2297 3663 2351 nubes

2051 2384 2191 2437 flatu
2202 2399 2303 2437 suo
2317 2383 2804 2453 promoventium.
2823 2384 2986 2438 Venti
3006 2401 3138 2439 vero
3163 2385 3352 2455 angeli
3369 2384 3658 2451 dicuntur,

2052 2474 2109 2525 et
2130 2471 2263 2542 quia
2286 2471 2591 2526 invisibiles
2617 2472 2837 2526 suntad
2860 2471 3300 2526 similitudinem
3325 2477 3659 2539 ventorum,

2052 2563 2109 2613 et
2138 2559 2272 2630 quia
2302 2559 2479 2629 agiles
2505 2561 2577 2615 ad
2599 2560 2851 2614 ofﬁcium
2875 2560 2978 2614 sibi
2999 2560 3320 2631 injunctum
3351 2577 3661 2632 exsequen-

2007 2681 2013 2687 ο
2053 2648 2213 2713 dum,
2230 2652 2286 2701 et
2308 2648 2379 2701 ad
2400 2649 2585 2702 Deum
2608 2649 3125 2721 contemplandum
3166 2650 3233 2703 Et
3258 2652 3354 2721 qui
3378 2650 3661 2704 Dominus

2042 2738 2323 2805 percussit,
2352 2736 2409 2789 id
2463 2740 2547 2789 est
2603 2742 2791 2790 morte
2849 2754 2949 2790 sua
2983 2737 3259 2791 destruxit
3291 2738 3657 2807 primogenita

2051 2823 2319 2894 [Egi/pii,
2344 2823 2401 2877 in
2433 2824 2816 2895 baptismo,id
2850 2830 2933 2878 est
2964 2825 3269 2894 originalia
3300 2829 3536 2895 peccata
3566 2842 3661 2895 ge—

2055 2913 2207 2965 neris
2236 2912 2476 2966 humani
2509 2930 2636 2984 quzn
2688 2913 3076 2983 primogenita
3329 2913 3558 2973 dicitur,
3589 2930 3657 2967 eo

2054 3001 2209 3072 quod
2241 3017 2273 3054 a
2304 3000 2629 3071 primordio
2651 3001 2961 3055 nativitatis
2986 3001 3146 3073 quasi
3173 3002 3657 3072 hmreditarieipsi

350 3094 449 3147 luit
476 3065 766 3155 Dominus,
796 3086 865 3161 _id
896 3089 981 3139 est
1029 3065 1470 3139 sola—voluntate
1499 3065 1649 3154 fecit,
1683 3065 1757 3137 eti
1778 3086 1953 3138 omnia
1974 3065 2021 3123 θ
2055 3065 2253 3160 generi
2278 3065 2536 3142 liumano
2564 3065 3056 3159 principabantur,
3091 3089 3247 3161 quod
3272 3089 3547 3161 ngyptus
3574 3065 3661 3144 di-

349 3195 675 3252 qua’eunque
724 3159 890 3229 voluit
936 3176 999 3227 ut
1054 3172 1197 3227 nihil
1255 3172 1633 3242 exciperetur.
1682 3172 1955 3226 Voluntas

353 3268 511 3324 enim
544 3267 686 3336 ejus,
720 3264 907 3318 facere
938 3264 1043 3315 est.
1072 3258 1246 3326 Fecit,
1293 3260 1555 3330 inquam,
1601 3261 1779 3314 omnia
1807 3277 1952 3330 quae-

351 3370 559 3426 cunque
586 3352 754 3406 voluit
785 3368 801 3402 :
835 3353 889 3402 in
914 3349 1038 3403 caelo
1085 3347 1302 3402 scilicet
1330 3355 1377 3399 et
1406 3348 1461 3399 in
1497 3354 1662 3409 terra,
1693 3346 1753 3401 id
1784 3350 1869 3400 est
1898 3350 1955 3400 et

349 3444 409 3498 in
436 3439 751 3510 majoribus
772 3437 1037 3490 ﬁdelibus
1064 3439 1121 3488 et
1147 3435 1205 3487 in
1238 3434 1562 3489 minoribus
1586 3452 1598 3489 :
1633 3434 1773 3489 illud
1803 3435 1956 3488 vide-

347 3533 483 3587 licet
512 3527 706 3602 ipsein
733 3527 816 3582 eis
844 3543 948 3598 per
981 3524 1228 3596 gratiam
1253 3523 1407 3591 fecit,
1427 3525 1582 3596 quod
1605 3524 1694 3578 isti
1721 3525 1951 3591 ccelum,

347 3621 432 3677 illi
464 3633 597 3673 vero
621 3620 778 3671 terra
802 3615 851 3687 ej
863 3632 926 3669 us
950 3616 1084 3686 sunt
1112 3630 1124 3667 :
1157 3616 1216 3667 et
1235 3612 1371 3667 fecit
1399 3629 1758 3683 quazcunque
1780 3613 1957 3667 voluit

350 3714 407 3764 in
423 3710 583 3776 mari,
614 3706 672 3761 id
702 3707 786 3759 est
808 3704 864 3758 in
897 3700 1219 3757 minoribus
1248 3700 1441 3773 impiis
1471 3718 1607 3755 eum
1640 3700 1957 3755 amarican-

350 3800 523 3864 tibus,
547 3803 595 3850 et
630 3797 685 3848 in
715 3792 957 3847 omnibus
982 3791 1204 3860 abyssis,
1246 3789 1303 3843 id
1325 3792 1410 3843 est
1436 3789 1493 3843 in
1527 3789 1803 3843 omnibus
1832 3806 1954 3844 ma-

340 3887 568 3960 joribus
597 3879 1064 3945 amaricantibus,
1112 3877 1210 3948 qui
1262 3880 1395 3931 sunt
1443 3877 1649 3948 abyssi,
1682 3876 1740 3930 id
1782 3877 1955 3931 estin

350 3973 608 4046 nequitia
630 3967 923 4042 profundi.
943 3967 1060 4021 Hoc
1091 3965 1251 4018 enim
1275 3964 1333 4018 in
1360 3963 1443 4018 eis
1470 3964 1660 4018 effecit
1682 3968 1743 4019 ut
1764 3982 1955 4037 perse-

351 4065 506 4121 cutio
528 4074 731 4115 eorum
746 4057 975 4111 cederet
989 4054 1063 4108 ad
1081 4052 1388 4108 utilitatem
1406 4070 1639 4108 suorum
1652 4095 1666 4121 ,
1680 4070 1822 4125 quos
1848 4071 1954 4126 pro

354 4171 423 4211 eo
456 4147 900 4224 persequuntur.
932 4144 1075 4196 Nam
1136 4144 1328 4211 impius
1369 4144 1464 4212 pio
1516 4145 1668 4199 eicit.
1713 4144 1955 4215 Exponit

351 4246 548 4301 autem
576 4251 704 4310 quae
735 4232 848 4287 sint
878 4231 976 4285 illa
1005 4246 1132 4302 quae
1164 4229 1299 4283 fecit
1328 4231 1387 4284 in
1417 4230 1558 4285 coelo
1591 4234 1648 4285 et
1684 4230 1742 4286 in
1776 4234 1951 4300 terra,

2054 3179 2292 3246 citur,eo
2311 3176 2534 3248 quodin
2563 3176 2875 3231 afflictione
2891 3181 2949 3231 et
2967 3178 3023 3231 in
3050 3174 3657 3247 tenebrisignorantize

2055 3266 2438 3320 detinebatur.
2454 3266 2727 3335 {Egyptus
2741 3266 2951 3336 quippe
2974 3266 3197 3319 tenebrae
3213 3266 3296 3318 vel
3318 3264 3551 3332 afﬂictio
3570 3263 3658 3317 in-

2054 3356 2424 3426 terpretatur.
2437 3354 2725 3420 Percussit,
2742 3354 2978 3424 inquam
2988 3395 3004 3417 ,
3011 3355 3367 3423 primogenita
3380 3352 3628 3421 {Egypti
3641 3370 3657 3404 :

2056 3443 2357 3514 incipiens,
2399 3443 2467 3497 ab
2497 3443 2706 3495 homine
2754 3446 2812 3495 et
2844 3443 3165 3514 perducens
3198 3458 3362 3513 usque
3391 3441 3659 3511 adpecus,

2056 3532 2113 3587 id
2149 3535 2233 3585 est
2271 3534 2328 3585 et
2380 3531 2438 3584 in
2478 3530 2808 3584 hominibus
2838 3531 3122 3601 percussit
3152 3535 3211 3584 et
3260 3531 3318 3583 in
3353 3529 3665 3601 pecudibus

2056 3620 2155 3674 illa
2186 3619 2593 3691 primogenita,
2615 3618 2828 3672 scilicet
2844 3623 2901 3672 et
2932 3619 2989 3672 in
3021 3618 3374 3689 sapientibus
3406 3617 3663 3671 rationa-

2055 3708 2267 3775 biliter,
2301 3709 2365 3760 ut
2388 3705 2656 3761 homines
2688 3723 2746 3760 se
2775 3706 3140 3774 habentibus,
3170 3709 3227 3760 et
3256 3705 3315 3760 in
3347 3706 3534 3760 idiotis
3565 3707 3662 3777 qui

2055 3796 2207 3851 bruti
2232 3797 2399 3849 erant
2429 3796 2490 3847 ut
2514 3794 2786 3865 pecudes.
2829 3794 2993 3857 Quod
3041 3795 3453 3865 prtesignatum
3483 3797 3572 3848 est
3603 3795 3660 3847 in

2056 3883 2422 3957 percussione
2453 3883 2977 3954 primogenitorum
2998 3884 3223 3957 zEgypti
3252 3884 3355 3938 sub
3381 3884 3587 3954 Moyse.

2128 3974 2249 4026 Non
2271 3972 2457 4026 solum
2491 3974 2683 4025 autem
2700 3974 2962 4041 percussit
2986 3972 3265 4026 Dominus
3276 3974 3659 4042 primogenita,

2055 4061 2155 4115 sed
2183 4060 2357 4114 etiam
2403 4061 2593 4125 emisit,
2625 4058 2682 4111 id
2716 4062 2801 4113 est
2826 4063 2987 4113 extra
3019 4059 3176 4114 misit
3205 4059 3531 4125 manifeste,
3560 4059 3662 4113 sci—

2052 4150 2188 4203 licet
2245 4146 2398 4203 misit
2446 4148 2622 4216 signa,
2658 4154 2707 4200 et
2752 4165 2867 4202 non
2930 4149 3312 4219 qualicunque
3343 4148 3527 4219 signa,
3558 4150 3661 4203 sed

2050 4240 2323 4311 prodigia,
2344 4237 2397 4291 id
2420 4241 2505 4290 est
2528 4238 2784 4292 maxima
2803 4238 2967 4309 signa
2990 4241 3044 4292 in
3070 4238 3239 4293 medio
3268 4243 3367 4308 tui,
3384 4240 3656 4311 Αἶρῃρίε,

351 4349 484 4389 cum
543 4325 682 4382 dicit
731 4321 975 4388 educenS,
1016 4322 1074 4373 et
1131 4322 1340 4373 caetera
1389 4335 1566 4390 usque
1599 4319 1671 4374 ad
1701 4318 1950 4390 Domine,
1980 4311 2031 4371 D
2055 4328 2112 4383 id
2142 4331 2223 4382 est
2248 4327 2301 4380 in
2326 4326 2624 4381 communi
2653 4327 2879 4396 generis
2906 4327 3167 4385 humani.
3198 4329 3657 4399 Exponitautem

348 4437 541 4480 nomen
572 4422 743 4469 tuum.

424 4508 560 4564 Dico
588 4501 742 4575 quod
782 4498 1057 4555 Dominus
1088 4495 1223 4552 fecit
1253 4495 1451 4553 omnia
1480 4514 1835 4572 quaecunque
1867 4517 1957 4555 vo-

352 4596 479 4664 luit,
523 4589 824 4653 Dominus,
871 4588 1131 4657 inquam,
1159 4586 1381 4641 educens
1426 4588 1493 4641 ab
1526 4591 1773 4643 extremis
1806 4596 1957 4644 terra:

350 4685 535 4750 nubes,
566 4680 626 4734 id
656 4678 741 4731 est
770 4691 835 4729 ex
868 4675 978 4728 illis
1029 4675 1126 4744 qui
1183 4679 1349 4728 erant
1402 4677 1646 4731 extremi
1678 4681 1866 4744 terrae,
1900 4678 1958 4733 id

352 4777 440 4831 est
467 4772 604 4827 viles
633 4767 785 4822 inter
814 4767 1077 4817 terrenos
1106 4765 1164 4815 et
1196 4763 1435 4816 extremi
1470 4763 1528 4817 in
1569 4765 1775 4820 divitiis
1815 4770 1873 4820 et
1901 4767 1958 4821 in

354 4877 525 4918 sensu
555 4861 612 4913 et
638 4857 698 4911 in
713 4850 1107 4925 genere,sicut
1136 4850 1335 4905 Petrus
1366 4850 1694 4907 etAndrea's
1716 4853 1959 4924 piscato-

353 4967 446 5005 res
466 4941 908 5021 pauperrimi,et
921 4939 1111 4994 caeteri
1133 4937 1416 5010 ignobiles
1431 4938 1687 5011 discipuli
1704 4942 1957 4997 fuerunt:

351 5039 481 5111 fecit
533 5033 715 5100 nubes,
761 5029 820 5084 id
851 5031 937 5083 est
964 5027 1101 5082 fecit
1133 5041 1233 5081 eos
1263 5025 1538 5081 sublimes
1569 5027 1627 5081 in
1659 5030 1961 5084 sanctitate

353 5126 427 5183 ad
458 5122 700 5179 modum
726 5117 1065 5184 nubium,et
1098 5115 1258 5170 dedit
1279 5115 1358 5169 eis
1382 5115 1637 5170 officium
1655 5117 1963 5172 alioscom-

348 5211 587 5289 pluendi
602 5206 868 5264 doctrina
884 5221 1005 5272 sua;
1024 5220 1057 5258 a
1071 5203 1447 5259 similitudine
1461 5204 1701 5259 nubium
1713 5248 1726 5273 ,
1744 5209 1959 5261 terram

349 5296 807 5374 compluentium
840 5311 852 5349 :
887 5296 944 5347 et
962 5293 1109 5346 bene
1142 5291 1307 5363 ponit
1336 5292 1556 5348 educens
1590 5310 1602 5347 :
1633 5309 1764 5346 cum
1804 5294 1959 5348 enim

349 5392 509 5463 prius
536 5388 728 5442 essent
757 5381 1020 5448 extremi,
1066 5381 1139 5435 ab
1173 5381 1543 5435 extremitate
1575 5381 1700 5436 illos
1742 5382 1957 5452 eduxit,

349 5494 483 5531 cum
508 5491 606 5529 eos
645 5474 726 5527 ita
755 5471 813 5526 in
860 5469 1166 5526 sanctitate
1197 5468 1549 5536 sublimavit,
1583 5473 1646 5525 ut
1672 5470 1825 5525 inter
1852 5471 1957 5526 ho-

357 5563 542 5622 mines
560 5561 885 5621 habeantur
910 5556 1207 5629 prwcipui.
1239 5558 1301 5614 In
1332 5557 1446 5636 illis
1486 5560 1681 5614 autem
1713 5559 1958 5617 nubibus

2057 4434 2184 4489 qua:
2216 4417 2379 4487 signa
2410 4415 2676 4469 addendo
2716 4415 2813 4470 sic'.
2847 4418 3073 4484 Emisit,
3115 4417 3377 4489 inquam,
3400 4422 3569 4489 signa,
3601 4422 3658 4471 in

2056 4496 2404 4554 destruendo
2456 4495 2797 4550 Pharaonem
2849 4505 2898 4550 et
2948 4516 3125 4551 omnes
3153 4516 3327 4553 servos
3365 4501 3498 4569 ejus.
3530 4501 3661 4554 Haec

2058 4587 2269 4641 scilicet
2288 4586 2522 4639 fuerunt
2544 4586 2707 4655 signa
2724 4587 2880 4655 quod
2906 4587 3183 4641 destruxit
3214 4588 3574 4643 Pharaonem
3600 4593 3662 4644 et

2060 4693 2262 4732 omnes
2292 4691 2485 4729 servos
2515 4675 2636 4745 ejus
2695 4675 2750 4728 in
2792 4675 3101 4745 baptismo,
3143 4676 3199 4730 id
3252 4677 3339 4729 est
3388 4676 3664 4730 destruxit

2062 4783 2179 4821 non
2199 4763 2683 4819 essentialitersed
2714 4765 3111 4835 potentialiter
3132 4764 3449 4829 diabolum,
3466 4770 3521 4820 et
3541 4782 3664 4821 om-

2062 4871 2163 4909 nes
2186 4853 2472 4922 malignos
2494 4852 2745 4923 spiritus.
2768 4852 2930 4917 Quod
2958 4856 3467 4924 praemonstratum
3490 4857 3570 4908 est
3600 4853 3663 4908 in

2063 4943 2383 5007 Pharaone,
2413 4940 2507 5010 qui
2561 4940 2619 4993 in
2654 4940 2800 4995 mari
2854 4941 3045 4996 Rubro
3097 4958 3227 4996 cum
3277 4943 3527 4997 exercitu
3556 4943 3665 4997 fuit

2063 5030 2717 5085 submersus.Destruxit
2743 5033 2932 5083 autem
2951 5031 3100 5084 Deus
3127 5032 3517 5102 potentialiter
3542 5031 3662 5086 dia-

2061 5119 2260 5173 bolum
2284 5134 2411 5171 cum
2436 5116 2703 5170 omnibus
2721 5117 2996 5171 ministris
3013 5119 3155 5189 ejus,
3174 5135 3303 5173 cum
3329 5138 3447 5175 non
3480 5121 3663 5174 solum

2063 5205 2386 5275 originalia,
2402 5205 2500 5259 sed
2523 5205 2698 5259 etiam
2724 5206 2965 5261 actualia
2984 5212 3216 5278 peccata
3239 5208 3296 5262 in
3317 5208 3665 5279 baptismate

2061 5294 2719 5364 remittens,potentiam
2747 5311 2920 5365 quam
2948 5312 3052 5367 per
3070 5296 3189 5366 ipsa
3210 5300 3448 5367 peccata
3478 5298 3530 5351 in
3563 5298 3665 5352 ho-

2062 5382 2315 5438 minibus
2330 5382 2642 5449 habebant,
2662 5382 2733 5437 ad
2757 5383 2999 5438 nihilum
3028 5385 3272 5455 redegit.
3288 5385 3554 5440 Diabolus
3574 5385 3664 5439 ni-

2059 5472 2274 5526 mirum
2295 5475 2448 5524 recte
2474 5470 2696 5525 Pharao
2715 5471 2938 5539 dicitur,
2955 5490 3022 5527 eo
3049 5473 3205 5545 quod
3230 5473 3335 5528 sibi
3366 5474 3657 5532 subditum

2040 5560 2370 5640 genushum
2380 5575 2555 5621 anum
2584 5558 2792 5617 acriter
2815 5561 3083 5637 urgebat,
3106 5561 3251 5619 sicut
3269 5562 3490 5621 Pharao
3504 5562 3654 5633 ﬁlios
