4016 6030
432 258 560 329 issi

1041 263 1100 325 s.
1138 247 1486 322 hauseras
1523 254 2153 319 CARTHUSIANORUM
2188 242 2655 318 INSTITUTORIS
2693 242 2849 317 opp.
2891 252 3068 315 PARS
3105 252 3129 314 ι

3613 256 3753 322 I352

427 388 676 449 uctuatia
690 384 1425 463 peccataintclliguntur,in
1440 381 2027 463 baptismOpercussa,
2052 396 2107 455 Α
2132 398 2273 437 num
2309 381 2596 438 Christum
2611 395 2783 454 opere
2811 384 2868 436 ct
2892 379 3097 447 corde;
3133 380 3191 434 et
3209 393 3306 434 vos
3321 377 3507 435 domus
3524 381 3746 436 Aaron.

430 462 738 528 consensus
755 468 1017 525 videlicet
1037 471 1096 522 et
1118 465 1375 538 operatio
1397 468 1455 520 et
1482 465 1858 519 consuetudo.
1884 462 2035 526 Quo-

432 560 593 615 niam
622 576 761 631 ergo
792 561 994 631 gentes
1016 559 1072 612 et
1085 572 1253 627 reges
1272 554 1616 627 percussisti,
1643 557 1701 607 et
1721 557 1933 608 cuncta
1947 569 2033 607 su—

430 648 623 722 perius
653 652 882 704 ostensa
910 646 1115 713 fecisti,
1146 662 1178 700 0
1205 645 1455 712 Domine,
1493 659 1684 697 nomen
1715 649 1863 697 tuum
1886 648 2034 696 erier-

429 756 558 793 num
576 737 825 804 durabit,
849 734 1061 791 scilicet
1075 734 1333 789 contuitu
1344 734 1555 787 horum
1572 731 2035 803 supradictorum

432 827 503 881 ab
523 824 856 881 hominibus
903 820 1337 895 gloriﬁcaberis,
1396 823 1453 876 et
1482 822 1580 875 illa
1619 818 1801 891 gloria
1851 821 1949 872 tua
1975 818 2034 872 in

431 917 716 970 aeternum
731 912 959 968 durabit
975 928 988 965 :
1004 915 1060 964 et
1075 910 1208 964 inde
1230 908 1531 980 continget
1546 908 1699 980 quod
1715 910 1769 961 in
1781 912 2036 980 silentum

431 1002 574 1058 erit:
610 1002 911 1074 quoniam,
945 1016 978 1054 o
1017 998 1268 1066 Domine,
1298 998 1599 1052 memoriale
1641 1003 1795 1050 tuum

429 1091 653 1148 duravit
678 1093 733 1144 in
758 1092 1090 1161 generatione
1101 1089 1208 1143 hac
1240 1088 1531 1167 praesenti,
1552 1095 1600 1141 et
1618 1086 1861 1159 usquein
1879 1100 2035 1155 gene-

427 1184 686 1236 rationem
706 1179 1212 1248 ultimam,scilicet
1249 1178 1535 1250 percussio
1567 1177 1827 1249 gentium
1849 1179 1906 1230 et
1946 1190 2035 1229 re-

428 1285 569 1341 gum
583 1269 681 1323 ﬁet
698 1272 798 1323 ate
815 1268 873 1322 in
886 1263 2034 1339 omnibusgenerationibushujusvitse,in

430 1357 665 1413 diversis
682 1356 946 1412 ﬁdelibus
972 1356 1178 1410 futuris
1207 1356 1332 1425 jam
1362 1355 1513 1408 natis
1552 1358 1611 1408 et
1639 1354 1825 1408 adhuc
1852 1350 2033 1407 nasci-

429 1446 592 1516 turis,
616 1446 822 1500 etiude
834 1459 1063 1514 semper
1079 1444 1148 1497 ab
1170 1443 1300 1514 ipsis
1313 1442 1575 1497 ﬁdelibus
1602 1440 2033 1512 gloriﬁcaberis.

440 1533 658 1589 Dicitur
681 1535 875 1589 autem
890 1531 1179 1605 percussio
1208 1533 1575 1601 peccatorum
1600 1529 1899 1583 memorialc
1912 1527 2033 1596 Dei,

430 1638 497 1678 co
524 1622 679 1694 quod
699 1637 830 1675 cum
854 1637 888 1675 a
915 1621 1032 1675 Deo
1063 1620 1184 1686 ﬁat,
1216 1622 1274 1673 et
1288 1618 1672 1690 signiﬁcatum
1691 1617 1762 1671 sit
1777 1616 1926 1671 illius
1941 1632 2034 1671 oc-

2133 471 2192 526 id
2216 476 2302 526 est
2326 470 2550 527 familia
2577 472 2953 542 prmlatorum
2972 469 3263 540 majorum
3292 468 3551 524 ﬁdelium
3566 487 3635 524 ex
3653 471 3748 524 Ju-

2133 560 2291 631 daeis,
2347 561 2629 615 benedicitc
2681 561 3081 615 Dominum:et
3105 576 3204 616 vos
3234 559 3294 614 in
3348 559 3623 631 gentibus
3654 558 3751 630 qui

2134 647 2351 704 timetis
2380 650 2695 704 Dominum
2731 653 2885 703 casto
2918 649 3148 714 timore,
3176 651 3296 702 tam
3311 647 3537 719 praelati
3569 663 3752 719 quam

2135 736 2368 804 subditi,
2403 737 2682 791 benedicite
2730 737 3021 792 Dominum
3042 736 3330 790 :dicentes
3354 735 3531 790 etiam
3590 739 3752 789 exte-

2134 823 2252 878 rius
2307 824 2804 891 ore:Benedictus,
2838 823 2896 878 id
2918 827 3004 879 est
3032 823 3093 878 in
3130 828 3414 878 aeternum
3469 823 3754 877 exaltatus

2137 912 2209 966 sit
2235 912 2497 969 Dominus
2529 913 2782 968 Christus
2802 931 2865 966 ex
2892 912 3047 980 Sion,
3070 911 3131 966 id
3161 913 3247 966 est
3275 928 3343 966 ex
3371 911 3584 965 Iudaeis
3612 927 3751 965 nas-

2136 1017 2269 1055 cens
2292 1002 2608 1057 secundum
2640 1001 2797 1074 quod
2843 1002 3021 1057 homo
3056 1002 3152 1072 qui
3200 999 3380 1055 etiam
3427 999 3753 1055 secundum

2137 1090 2291 1162 quod
2315 1091 2467 1145 Deus
2492 1090 2695 1145 habitat
2725 1092 2780 1144 in
2813 1088 3173 1156 Hierusalem,
3205 1088 3266 1143 id
3296 1093 3382 1143 est
3406 1088 3752 1143 dominatur

2137 1177 2196 1232 in
2227 1178 2441 1234 civibus
2470 1179 2716 1235 caelestis
2747 1177 3124 1233 Hierusalem.
3171 1176 3337 1241 Quod
3378 1180 3466 1230 est
3502 1175 3704 1231 dicere
3734 1192 3749 1229 :

2139 1268 2568 1325 Benedicendus
2589 1271 2692 1335 est,
2708 1267 2864 1339 quod
2881 1269 3029 1322 Deus
3053 1268 3138 1321 est
3150 1270 3207 1320 et
3222 1265 3754 1320 homo.PerAaron

2140 1358 2393 1428 majores
2422 1357 2644 1430 praelati
2677 1356 3053 1428 accipiuntur,
3068 1370 3173 1427 per
3186 1353 3314 1408 Levi
3333 1353 3754 1418 minores,cum

2138 1450 2336 1501 tamen
2361 1448 2551 1501 Aaron
2576 1445 2756 1500 tribus
2790 1462 2857 1499 ex
2885 1443 3035 1498 tribu
3069 1443 3198 1498 Levi
3229 1443 3419 1497 fuerit.
3456 1442 3572 1497 Sed
3613 1458 3752 1496 cum

2137 1534 2366 1605 dignior
2385 1551 2518 1606 pars
2541 1534 2723 1588 tribus
2753 1532 2904 1600 Levi,
2934 1532 3116 1587 tribus
3153 1533 3348 1586 Aaron
3398 1531 3596 1597 fuerit,
3646 1545 3754 1600 per

2134 1622 2348 1677 tribum
2362 1624 2553 1676 Aaron
2566 1637 2819 1693 congrue
2833 1621 3081 1691 majores
3091 1619 3313 1690 praelati
3326 1618 3748 1690 intelliguntur;

429 1709 658 1766 cisionis
669 1726 870 1782 regem
885 1712 942 1764 et
959 1708 1377 1779 gentium,quaa
1390 1706 1633 1778 contigit
1645 1705 1715 1760 ad
1734 1703 2035 1759 historiam
2061 1706 2113 1766 B
2136 1710 2379 1781 ideoque
2410 1727 2515 1765 vox
2533 1710 2643 1764 ista
2671 1726 2799 1781 quae
2828 1712 2913 1763 est
2943 1708 3073 1762 Levi
3086 1707 3159 1762 ad
3175 1705 3618 1778 signiﬁcandum
3636 1705 3751 1759 mi-

430 1798 1021 1871 ingredientibusﬂliis
1050 1796 1221 1851 Israel
1252 1796 1310 1850 in
1342 1799 1559 1850 terram
1612 1792 2034 1865 promissionis,

430 1888 591 1943 illam
619 1887 921 1943 historiam
938 1885 1144 1957 saepius
1174 1885 1247 1939 ad
1267 1883 1614 1939 memoriam
1642 1882 1882 1937 reducit.
1913 1882 2037 1935 Non

432 1978 617 2031 solum
675 1978 892 2042 autem,
918 1992 951 2030 (ο
983 1973 1296 2035 auditores,
1338 1972 1448 2026 erit
1483 1970 1666 2042 gloria
1719 1969 1950 2025 Domini
1983 1971 2039 2023 in

429 2072 681 2121 aeternum
708 2069 947 2136 propter
974 2062 1301 2133 supradicta
1328 2059 1733 2126 beneﬁcia,sed
1754 2058 2036 2129 ideoquo-

429 2172 566 2232 que,
593 2156 719 2229 quia
748 2153 1012 2206 Dmninus
1030 2150 1319 2221 judicabit,
1346 2148 1403 2202 id
1424 2150 1508 2202 est
1519 2148 1672 2217 justo
1688 2145 1905 2216 judicio
1936 2160 2037 2198 suo

430 2247 709 2322 dignitate
737 2246 795 2297 et
825 2240 1011 2313 gloria
1039 2236 1634 2308 sublimabitpopulum
1657 2252 1831 2298 suum,
1856 2250 2037 2305 popu-

429 2341 549 2394 lum
572 2333 784 2390 scilicet
812 2328 1094 2395 ﬁdelium,
1124 2328 1431 2398 postquam
1454 2325 1525 2379 ab
1556 2325 1662 2378 hac
1693 2324 1806 2377 vita
1829 2322 2035 2377 disces-

429 2424 629 2491 serint,
655 2420 806 2475 unde
849 2418 920 2472 ab
948 2415 1277 2471 hominibus
1306 2414 1365 2467 in
1396 2414 1501 2467 hac
1550 2412 1662 2466 vita
1697 2410 2037 2482 degentibus

430 2508 875 2583 gloriﬁcabitur;
901 2512 951 2558 et
996 2504 1140 2557 adeo
1189 2500 1441 2572 populum
1474 2515 1767 2576 servorum
1800 2514 2034 2553 suorum

425 2602 579 2672 justo
601 2595 818 2667 judicio
845 2591 1196 2655 sublimabit,
1217 2589 1370 2660 quod
1390 2591 1444 2641 in
1484 2588 1592 2641 illis
1614 2589 1777 2641 servis
1802 2587 1914 2641 suis
1942 2586 2031 2639 de-

422 2687 744 2761 precabitur,
777 2682 835 2736 id
865 2684 951 2735 est
994 2677 1371 2750 deprecabilis
1414 2676 1523 2731 erit
1579 2675 1943 2747 poscentibus
1973 2674 2031 2727 in

433 2775 654 2833 meritis
682 2786 976 2828 servorum
995 2783 1253 2832 suorum,
1270 2768 1331 2820 ut
1353 2765 1433 2819 eis
1445 2781 1648 2819 eorum
1680 2762 2037 2818 interceden-

430 2867 581 2922 tibus
612 2860 833 2919 meritis
844 2857 1123 2914 concedat
1143 2854 1298 2927 quod
1312 2854 1702 2927 postulabunt.
1724 2853 1887 2906 Unde
1910 2851 2034 2923 qui-

431 2955 564 3010 dem
596 2951 771 3008 habet
809 2965 940 3003 usus
968 2945 1228 3000 vivorum
1254 2942 1535 3008 ﬁdelium,
1572 2945 1634 2996 ut
1665 2944 1891 2995 sanctos
1937 2939 2035 3010 qui

398 3042 548 3116 'jam
576 3041 648 3097 ab
668 3040 776 3095 hac
803 3036 922 3092 vita
950 3034 1323 3100 dicesserunt,
1345 3046 1450 3104 pro
1463 3047 1522 3085 se
1538 3029 1852 3085 Dominum
1867 3045 2034 3084 orare

432 3132 662 3203 rogent.

499 3221 669 3276 Facta
694 3211 1091 3272 exhortatione
1111 3227 1212 3266 sua
1228 3207 1301 3264 ad
1320 3207 1679 3264 laudandum
1698 3206 2032 3275 Dominum,

432 3312 495 3364 ut
523 3306 823 3363 auditores
851 3304 923 3357 ab
956 3299 1280 3355 idololatria
1300 3297 1527 3369 penitus
1562 3295 1905 3359 revocando,
1938 3311 2035 3349 eos

433 3395 617 3466 magis
647 3393 721 3448 ad
749 3389 1093 3445 Deilaudem
1117 3386 1390 3451 attrahat,
1418 3383 1833 3438 immoraturin
1852 3383 2033 3437 idolo-

431 3500 563 3540 rum
593 3478 980 3553 deprcssione,
1008 3476 1086 3530 sic
1112 3473 1286 3541 :Dixi,
1315 3489 1348 3528 o
1373 3473 1684 3539 auditores,
1736 3472 1893 3544 quod
1920 3472 2030 3526 Do-

431 3572 623 3628 minus
678 3568 823 3624 adeo
881 3568 1088 3638 potens
1140 3567 1229 3617 est
1283 3562 1436 3633 quod
1480 3562 1659 3615 omnia
1712 3576 2037 3632 quaecunque

430 3660 595 3716 voluit
623 3658 776 3729 fecit,
805 3658 868 3709 ut
888 3654 1063 3708 etiam
1088 3667 1194 3723 per
1223 3653 1415 3722 partes
1447 3650 1740 3704 ostensum
1790 3652 1908 3716 est;
1934 3647 2035 3701 sed

428 3750 508 3804 dii
531 3749 790 3817 gentium,
823 3743 920 3815 qui
944 3758 1050 3797 nec
1070 3740 1244 3794 etiam
1266 3738 1364 3804 dii,
1395 3739 1495 3793 sed
1508 3736 1795 3792 simulacra
1809 3736 2035 3791 dicendi

429 3840 584 3903 sunt,
616 3850 804 3906 neque
825 3829 1040 3902 aliquid
1068 3829 1267 3883 volunt
1297 3842 1485 3898 neque
1513 3824 1729 3896 aliquid
1776 3828 2032 3895 possunt.

429 3926 569 3981 Inde
599 3939 733 3980 vero
766 3937 887 3977 esse
918 3916 1261 3988 impotentia
1289 3914 1727 3980 convincuntur,
1757 3913 2034 3985 quoniam

431 4016 554 4086 ipsa
569 4012 876 4067 simulacra
908 4005 1171 4077 gentium
1199 4010 1481 4081 argentum
1495 4009 1543 4056 et
1571 4018 1762 4057 aurum
1786 4003 2032 4059 existen-

430 4102 513 4155 tia
536 4097 851 4153 secundum
883 4091 1188 4148 materiam
1220 4094 1278 4144 et
1298 4106 1456 4162 opera
1481 4106 1737 4145 manuum
1762 4091 2033 4145 hominum

430 4186 745 4245 secundum
789 4183 1063 4238 formam.
1102 4180 1173 4233 Os
1196 4178 1606 4249 imaginarium
1628 4179 1819 4233 habent
1848 4186 1897 4235 et
1928 4198 2033 4233 non

2136 1815 2308 1854 nores
2335 1800 2603 1870 praelatos
2640 1797 3029 1869 restringitur.

2590 1886 2657 1940 ΙΝ
2699 1885 2922 1942 PSALM
2930 1886 3022 1940 ΠΜ
3068 1884 3298 1939 CXXXV.

2206 1976 2423 2031 Titulus
2451 1974 2751 2031 centesimi
2778 1973 3051 2028 tricesimi
3075 1972 3282 2044 quinti.
3324 1971 3584 2037 Alleluia,
3642 1987 3753 2025 vox

2141 2066 2439 2134 Prophetas
2454 2061 2815 2118 adhortantis
2839 2078 3044 2117 omnes
3060 2061 3133 2114 ad
3147 2059 3538 2114 conﬁtendum
3555 2059 3757 2112 Domi-

2141 2170 2238 2221 no,
2268 2157 2387 2206 tum
2423 2152 2556 2223 quia
2577 2150 2836 2206 bonusin
2855 2152 3211 2216 natura,tum
3225 2148 3358 2219 quia
3384 2148 3439 2201 in
3460 2149 3753 2201 aeternum

2139 2243 2224 2294 est
2254 2240 2650 2294 misericordia
2670 2239 2813 2309 ejus,
2847 2242 2974 2292 tum
2991 2238 3169 2291 etiam
3193 2235 3328 2308 quia
3341 2237 3489 2290 Deus
3502 2235 3751 2288 deorum

2140 2330 2197 2381 et
2226 2328 2506 2383 Dominus
2556 2327 2953 2391 dominorum,
3011 2330 3067 2380 et
3111 2325 3243 2397 quia
3273 2324 3410 2378 facit
3459 2322 3755 2377 mirabilia

2138 2433 2373 2487 magna,
2420 2432 2548 2486 quae
2579 2431 2683 2486 per
2714 2419 2901 2470 totum
2931 2415 3052 2469 fere
3066 2414 3358 2486 psalmum
3384 2411 3457 2466 ad
3480 2411 3603 2481 ejus
3626 2411 3751 2464 lau-

2137 2503 2268 2559 dem
2303 2504 2571 2558 ostendit.

2419 2590 2762 2659 Conﬁtemini
2793 2590 3041 2647 Domino
3056 2589 3326 2653 Patri,vel
3344 2587 3592 2644 Domino
3606 2584 3747 2639 Filio

2138 2681 2367 2735 laudem
2400 2681 2594 2747 corde,
2622 2696 2759 2735 voce
2774 2684 2832 2734 et
2852 2696 3047 2751 opere,
3074 2696 3107 2733 o
3130 2696 3228 2734 vos
3243 2694 3449 2732 omnes
3464 2675 3747 2740 ﬁdeles,et

2137 2770 2247 2824 hoc
2278 2786 2344 2825 eo
2364 2770 2646 2837 contuitu,
2668 2771 2920 2841 quoniam
2948 2770 3109 2824 bonus
3130 2769 3188 2822 in
3209 2770 3439 2822 natura.
3460 2765 3566 2829 Qui
3610 2778 3746 2817 vero

2139 2875 2271 2912 eum
2303 2858 2360 2912 in
2395 2861 2601 2912 natura
2623 2858 2839 2912 bonum
2873 2874 2996 2912 esse
3025 2855 3287 2913 contueri
3318 2871 3433 2909 non
3464 2851 3747 2913 sufﬁcilis,

2136 2948 2460 3016 conﬁtemini
2483 2963 2550 3002 eo
2573 2946 2853 3014 contuitu,
2885 2948 3139 3017 quoniam
3170 2960 3343 3017 usque
3374 2946 3431 2998 in
3485 2949 3748 2996 aeternum

2138 3035 2367 3090 durabit
2385 3035 2747 3090 misericordia
2759 3035 2955 3106 ejus,id
2968 3038 3052 3089 est
3069 3032 3413 3089 beneﬁcium
3428 3029 3753 3085 misericor-

2138 3123 2248 3178 diae
2279 3124 2401 3194 ejus
2432 3123 2586 3194 quod
2611 3123 2870 3177 humano
2890 3122 3088 3194 generi
3095 3122 3315 3193 jugiter
3334 3118 3747 3192 impendit,vel

2135 3212 2213 3266 sic
2230 3228 2243 3266 :
2265 3210 2529 3278 Quoniam
2548 3211 2909 3266 misericordia
2924 3212 3036 3282 ejus
3056 3213 3140 3265 est
3157 3209 3369 3264 ducens
3389 3225 3498 3263 nos
3512 3208 3572 3260 in
3589 3213 3747 3260 steter-

2134 3318 2284 3368 num,
2308 3300 2366 3354 id
2394 3299 2555 3354 estin
2586 3302 2865 3355 aeternam
2889 3299 3063 3353 vitam
3084 3293 3750 3370 perindulgentiamcri-

2136 3384 3749 3458 minum,etaugmentumvirtutum.Con/itemini,inquam

2134 3475 2214 3529 illi
2245 3475 2634 3531 existentiDeo
2654 3475 2968 3543 deorum,id
3010 3478 3095 3529 est
3120 3474 3517 3529 deiﬁcatorum
3556 3472 3628 3525 ab
3650 3473 3748 3526 illo

2136 3569 2489 3632 sanctorum,
2506 3582 2569 3619 ac
2584 3565 2629 3619 si
2644 3564 2823 3620 dicat:
2840 3563 3247 3619 Conﬁtendum
3266 3566 3352 3617 est
3372 3562 3609 3629 illi,cum
3626 3561 3750 3632 ipse

2137 3652 2286 3706 Deus
2317 3652 2389 3706 sit
2419 3669 2621 3707 omnes
2658 3656 2888 3707 sanctos
2927 3652 3217 3708 deiﬁcans.
3266 3649 3611 3719 Conﬁtemini
3638 3649 3752 3703 Do-

2136 3745 2278 3795 mino
2297 3743 2559 3797 omnium
2586 3743 2943 3810 dominorum,
2960 3758 3023 3797 ac
3047 3742 3093 3796 si
3124 3741 3310 3796 dicat:
3335 3740 3747 3795 Conﬁtendum

2135 3833 2221 3884 est
2250 3830 2351 3898 illi,
2383 3846 2513 3884 cum
2528 3831 2787 3885 omnium
2811 3830 3182 3886 dominorum
3209 3830 3488 3885 Dominus
3515 3830 3745 3882 existat.

2135 3919 2481 3989 Conﬁtemz'ni
2505 3920 2594 3974 cui
2607 3920 3001 3975 conﬁtendum
3026 3923 3131 3987 est,
3152 3922 3355 3991 utpote
3375 3922 3472 3990 qui
3487 3919 3621 3988 fecit
3641 3921 3747 3972 mi-

2134 4009 2323 4063 rabilia
2351 4025 2566 4078 magna,
2601 4008 2847 4063 existens
2883 4009 3019 4063 solus
3048 4009 3198 4063 Deus
3226 4024 3330 4080 per
3356 4011 3650 4074 naturam,
3686 4013 3746 4063 et

2131 4097 2412 4151 Dominus
2426 4096 3026 4168 peromnipotentiam
3040 4137 3052 4150 .
3075 4095 3234 4152 Solus
3250 4098 3446 4150 autem
3463 4096 3647 4162 addit,
3668 4097 3744 4149 ad

2132 4185 2540 4252 remotionem,
2575 4183 2708 4255 quia
2750 4188 3022 4256 posuerat
3040 4184 3255 4238 deorum
3304 4191 3353 4239 et
3377 4184 3745 4245 dominorum,

428 4281 726 4352 loquentur.
749 4271 940 4328 Oculos
958 4266 1336 4338 imaginarios
1348 4267 1563 4321 habent
1578 4272 1626 4321 et
1644 4284 1748 4320 non
1764 4268 2032 4323 videbunt.
2057 4251 2110 4311 D
2136 4278 2196 4329 ut
2215 4275 2399 4328 solum
2418 4251 2551 4327 cum
2565 4251 2833 4329 ostendat
2847 4274 3028 4328 Deum
3045 4274 3101 4327 in
3117 4276 3409 4340 nutura,et
3424 4273 3745 4328 Dominum

426 4370 604 4424 Aures
633 4359 1009 4434 imaginariae
1046 4356 1242 4412 habent
1270 4362 1319 4409 et
1366 4372 1471 4408 non
1517 4355 1756 4423 malient,
1800 4359 1856 4411 et
1884 4357 2032 4412 bene

430 4458 557 4511 dico
595 4452 748 4525 quod
776 4467 893 4505 non
920 4445 1577 4519 loquentur,nequeenim
1609 4449 1683 4498 est
1709 4443 1767 4499 in
1790 4462 1879 4499 ore
1904 4448 2035 4516 ipso-

428 4561 547 4599 rum
577 4542 818 4613 spiritus,
858 4537 915 4591 id
955 4539 1039 4590 est
1060 4534 1249 4601 ﬂatus,
1268 4533 1392 4587 sine
1409 4547 1522 4603 quo
1552 4532 1763 4588 locutio
1784 4549 1900 4588 non
1915 4534 2032 4590 for-

429 4633 643 4686 matur.
675 4620 1420 4695 Cumigitursimulacrasic
1444 4620 1791 4690 impotentia
1814 4621 1948 4690 sint,
1977 4627 2034 4677 et

429 4724 628 4775 tamen
660 4732 694 4770 a
732 4711 916 4769 stultis
944 4710 1252 4781 gentilibus
1266 4709 1427 4780 quasi
1449 4708 1525 4763 dii
1540 4708 1822 4777 colantur,
1842 4710 2035 4765 similes

430 4808 539 4864 illis
562 4808 697 4876 [iant
721 4797 1059 4857 interiusilli
1088 4800 1183 4868 qui
1198 4798 1411 4866 faciimt
1443 4812 1527 4863 ea,
1561 4796 1706 4850 sicut
1756 4799 2035 4865 colant,et

428 4912 606 4951 omnes
619 4894 732 4966 qui,
779 4889 883 4946 etsi
910 4904 1027 4942 non
1060 4885 1297 4951 faciunt,
1330 4888 1527 4938 tamen
1557 4884 1832 4956 conﬁdunt
1853 4890 1905 4940 in
1933 4890 2029 4955 eis,

427 4985 537 5040 nisi
555 4982 789 5038 tandem
821 4975 1188 5049 resipuerint,
1233 4972 1447 5027 scilicet
1473 4972 1549 5026 sic
1578 4972 1722 5027 ﬁant
1776 4976 1931 5030 surdi
1975 4980 2032 5030 et

425 5073 561 5129 caeci
595 5070 823 5126 ratione
854 5064 1114 5131 interius,
1146 5062 1291 5117 sicut
1318 5061 1416 5114 illa
1460 5061 1725 5116 exterius.
1756 5062 1871 5118 Hoc
1912 5082 2029 5119 non

426 5156 823 5234 imprecando,
856 5152 955 5207 sed
978 5149 1350 5208 concedendo
1382 5148 1540 5216 dicit,
1574 5149 1724 5203 utsic
1743 5149 2031 5206 auditores

426 5254 499 5307 ab
528 5248 819 5305 idolorum
842 5242 1065 5295 cultura
1087 5239 1397 5293 deterreat.
1417 5235 1525 5302 Illi,
1556 5235 2030 5307 inquam,similes

424 5342 528 5397 illis
553 5338 689 5407 ﬁant
711 5334 807 5404 qui
840 5330 1052 5399 faciunt
1099 5343 1181 5394 ea,
1212 5333 1263 5380 et
1291 5328 1387 5397 qui
1413 5322 1689 5395 conﬁdunt
1719 5327 1775 5378 in
1801 5328 1891 5381 eis.
1923 5327 2029 5382 Vos

423 5444 560 5485 vero
589 5414 1363 5485 domusIsrael,idestfamilia
1378 5412 1635 5467 ﬁdelium
1666 5413 2028 5472 subditorum

423 5518 487 5576 in
510 5512 746 5571 Judaico
768 5507 1001 5582 populo,
1040 5501 1337 5571 benedicite,
1361 5501 1418 5556 id
1448 5504 1533 5557 est
1558 5502 1801 5559 exaltate
1828 5503 2021 5561 Domi-

2134 4361 2645 4432 inomnipotentia.
2667 4361 2995 4416 Notandum
3014 4360 3228 4433 quodin
3257 4363 3372 4415 ﬁne
3392 4361 3748 4432 uniuscujus-

2134 4469 2245 4523 que
2272 4450 2641 4522 versushujus
2653 4451 2857 4523 psalmi
2872 4451 3254 4522 repetendum
3277 4453 3649 4522 est,qaoniam
3683 4454 3741 4505 in

2132 4549 2388 4595 zeternum
2433 4540 2791 4595 misericordia
2819 4542 2955 4610 ejus,
3009 4540 3165 4611 quod
3216 4540 3289 4595 ad
3346 4540 3577 4595 laudem
3632 4540 3745 4594 Dei

2134 4628 2616 4700 Prophetaponit,
2644 4633 2702 4682 et
2729 4628 2891 4682 estin
2919 4644 3267 4700 unoquoque
3282 4628 3429 4683 istud
3443 4644 3743 4699 exponen-

2134 4718 2294 4783 dum,
2327 4717 2468 4771 utin
2501 4716 2689 4787 primo
2730 4734 2893 4771 versu
2913 4718 3037 4787 jam
3068 4717 3391 4787 expositum
3451 4721 3550 4770 est.
3608 4715 3744 4771 Sive

2134 4822 2251 4860 non
2279 4805 2561 4875 itaample
2578 4808 2882 4876 oportelut
2902 4805 3215 4875 accipiatur
3251 4803 3644 4859 misericordia
3678 4805 3743 4859 iu

2136 4910 2481 4965 unoquoque
2512 4909 2671 4947 versu
2725 4896 2789 4948 ut
2820 4892 2876 4946 in
2924 4892 3112 4965 primo
3142 4892 3438 4965 accipitur,
3480 4890 3577 4947 sed
3605 4893 3745 4947 stri-

2133 4981 2295 5046 ctius,
2326 4984 2388 5034 ut
2433 4981 2529 5035 illa
2556 4982 2678 5035 sola
2706 4980 2765 5034 in
2800 4996 3150 5053 unoquoque
3180 4996 3345 5035 versu
3401 4980 3740 5051 accipiatur,

2132 5085 2263 5140 quae
2291 5084 2637 5140 unoquoque
2689 5069 3021 5124 denotatur.
3077 5068 3245 5145 Verbi
3302 5066 3743 5139 gratia:Con/i-

2132 5159 2334 5225 temini,
2369 5157 2627 5229 inquam,
2656 5158 2735 5211 illi
2766 5157 2860 5229 qui
2886 5150 3025 5214 solus
3052 5157 3299 5212 existens
3345 5158 3626 5213 Dominus
3677 5163 3743 5214 et

2130 5244 2280 5298 Deus
2305 5244 2440 5299 fecit
2469 5245 2737 5298 mirabilia
2760 5262 2977 5315 magna,
3008 5248 3261 5316 quoniam
3285 5246 3395 5300 hoc
3438 5248 3738 5301 misericor-

2129 5332 2246 5399 dia,
2276 5332 2333 5386 id
2371 5335 2456 5387 cst
2480 5332 2829 5387 beneﬁcium
2877 5333 3287 5388 misericordiae
3344 5335 3488 5405 ejus,
3520 5334 3740 5390 scilicet

2133 5420 2287 5491 quod
2301 5419 2436 5475 facit
2456 5421 2966 5492 mirabiliamagna
2995 5422 3225 5477 durabit
3249 5425 3305 5478 in
3345 5428 3627 5491 aeternum,
3649 5424 3739 5478 vel

2131 5511 2215 5564 est
2246 5509 2459 5565 ducens
2477 5510 2650 5568 nosin
2674 5514 2979 5568 aeternum.
3004 5512 3246 5587 Exponit
3262 5514 3458 5569 autem
3479 5528 3607 5587 quas
3627 5512 3736 5573 mi-
