4016 6030
231 334 368 403 I333

1159 324 1519 401 niposmo
1554 340 1625 399 IN
1661 326 1998 401 psuuo‘s.
2034 371 2104 385 -
2137 324 2333 399 PSAL.
2390 322 2602 398 cxxiv

3394 328 3532 402 last

233 470 436 526 rabilia
464 466 600 525 fecit
628 465 724 525 sic.
761 465 931 538 Fecit,
960 468 1221 543 inquam,
1264 470 1552 537 mirabilia,
1578 469 1700 524 limo
1727 468 1830 523 sci-
1855 474 1909 532 Α
1933 466 2167 540 quidem
2192 467 2501 524 luminaria
2530 468 2874 526 etsiinterse
2905 464 3534 544 collataquaedamma-

233 560 366 614 licet
388 562 485 633 qui
514 574 724 632 nempe
742 560 870 629 fecit
888 559 1060 628 calas,
1085 559 1146 614 id
1172 561 1259 615 est
1282 560 1549 630 praelatos
1561 558 1833 613 sublimes
1928 557 2061 627 jora
2071 556 2206 627 sint,
2225 557 2491 629 quaedam
2510 558 3116 630 mediocria-,qusedam
3132 575 3266 614 vero
3282 560 3536 621 minora,

232 648 293 703 in
315 648 619 705 sanctitate
643 648 718 703 ad
747 648 989 704 modum
1018 650 1330 705 caelorum:
1368 649 1547 703 ethos
1576 647 1725 703 oculos
1748 647 1834 702 fe-

231 737 310 791 cit
334 738 389 789 in
417 735 680 791 intellectu
722 753 846 804 suo,
883 737 945 791 id
972 740 1059 792 est
1107 737 1166 792 in
1197 736 1478 809 sapientia
1501 753 1623 791 sua.
1660 735 1719 791 Si
1750 736 1835 790 di-

229 840 426 880 camus
456 825 531 880 de
555 824 801 880 Domino
833 827 1021 893 Patre,
1054 824 1308 881 dicemus
1324 825 1481 897 quod
1503 826 1675 881 caelos
1701 824 1839 879 fecit

228 911 291 967 in
322 912 626 986 sapientia,
668 914 729 967 id
761 916 846 968 est
873 913 931 969 in
963 913 1125 968 Filio.
1161 913 1323 969 Unde
1353 914 1836 985 Psalmograplius

230 1000 399 1057 alibi:
421 1001 642 1056 «Verbo
670 1000 903 1056 Domini
929 1001 1055 1056 coeli
1076 1000 1292 1055 ﬁrmati
1315 1003 1449 1055 sunt
1465 1001 1635 1067 (Psal.
1650 1018 1835 1068 xxxvr,

229 1091 358 1157 6).»
394 1088 452 1144 Si
483 1104 619 1144 vero
663 1088 923 1144 dicamus
965 1089 1038 1144 de
1072 1088 1319 1146 Domino
1363 1088 1522 1155 Filio,
1580 1088 1835 1144 dicemus

230 1176 391 1249 quod
420 1178 588 1232 caelos
627 1176 831 1231 fecerit
869 1176 930 1231 in
967 1177 1175 1248 seipso,
1207 1177 1265 1232 id
1296 1180 1382 1232 est
1410 1193 1515 1249 per
1558 1177 1831 1249 seipsum,

231 1282 330 1337 qui
354 1268 439 1319 est
453 1264 955 1336 sapientiaPatris,
977 1281 1097 1320 non
1112 1283 1215 1337 per
1226 1265 1373 1320 vires
1394 1266 1632 1334 alienas,
1663 1270 1721 1321 et
1738 1269 1834 1338 qui

227 1353 525 1421 ﬁrmaverit
550 1352 611 1406 in
623 1353 735 1407 llde
746 1356 985 1424 terram,
1007 1353 1066 1407 id
1089 1356 1174 1408 est
1193 1353 1471 1421 subditos,
1495 1361 1690 1409 terram
1710 1356 1832 1425 ejus

228 1440 593 1495 fructiferam
626 1440 951 1496 existentes.
999 1441 1236 1496 Terram
1267 1441 1394 1496 dico
1424 1441 1728 1498 fundatam
1749 1460 1835 1496 su-

220 1547 323 1599 per
349 1529 906 1601 aq-uasbaptismatis,
931 1545 1056 1600 quas
1073 1529 1518 1584 fundamentum
1535 1530 1834 1585 etinitium

234 1622 369 1671 sunt
398 1617 694 1671 virtutum.
742 1617 903 1672 «Nisi
952 1616 1109 1671 enim
1150 1618 1277 1688 quis
1303 1621 1537 1672 renatus
1567 1617 1737 1672 fuerit
1767 1635 1835 1671 ex

234 1721 386 1776 aqua
406 1708 463 1758 et
492 1705 715 1776 spiritu,
738 1721 853 1759 non
879 1709 1069 1775 potest
1099 1705 1340 1759 introire
1368 1706 1425 1759 in
1456 1723 1702 1776 regnum
1736 1706 1835 1760 Dei

1936 646 2137 700 omnia
2162 650 2360 702 tamen
2389 649 2522 702 sunt
2545 647 2862 702 secundum
2880 663 2941 701 se
2969 650 3252 718 magnaet
3267 646 3537 718 gloriosa:

1935 733 2183 807 ideoque
2208 752 2328 791 non
2367 735 2661 791 immerito
2690 735 2941 807 positum
2967 739 3071 803 est,
3112 738 3208 807 qui
3231 735 3365 806 fecit
3389 735 3544 789 lumi-

1935 823 2095 878 naria
2124 840 2341 893 magna.

2008 910 2255 982 Exponit
2293 926 2433 983 ergo
2479 927 2583 982 per
2611 911 2750 983 quid
2791 910 2924 966 fecit
2952 911 3123 966 caelos
3150 912 3209 966 et
3238 912 3455 966 terram
3480 913 3542 966 et

1934 998 2245 1055 luminaria
2269 1016 2403 1055 cum
2435 1000 2629 1056 addit:
2667 1000 2777 1067 Qui
2792 1003 3052 1072 percussit
3070 1000 3537 1071 Egyptum,etc.

1936 1087 2103 1152 Quod
2129 1087 2208 1143 sic
2236 1088 2545 1159 adaptatur
2574 1105 2589 1143 :
2616 1087 2981 1158 Conﬁtemini,
3016 1090 3277 1161 inquam,
3304 1086 3539 1142 Domina

1935 1175 2032 1248 qui
2062 1191 2167 1246 per
2190 1176 2300 1231 hoc
2338 1176 2473 1231 fecit
2500 1177 2708 1233 coelum
2725 1177 2884 1249 quod
2896 1181 3111 1233 terram
3135 1175 3537 1242 etluminaria,

1932 1264 2071 1336 quod
2087 1267 2347 1334 percussit
2370 1264 2688 1335 ﬂgyptum
2708 1282 2829 1319 cum
2848 1266 3213 1335 primoginitis
3239 1280 3444 1331 eorum,
3474 1261 3537 1317 id

1932 1354 2019 1407 est
2046 1350 2321 1406 destruxit
2341 1352 2635 1424 [Egyptios
2664 1355 2722 1407 et
2753 1352 3146 1424 primogenita
3174 1367 3399 1413 eorum,
3427 1349 3534 1405 sci-

1933 1438 2066 1493 licet
2093 1439 2360 1495 homines
2403 1440 2500 1510 qui
2529 1443 2698 1495 erant
2735 1439 3004 1511 Egyptii,
3033 1440 3094 1495 id
3122 1443 3209 1494 est
3239 1438 3533 1495 tenebrosi

1934 1526 2346 1596 ignorantia,et
2359 1527 2555 1583 aftlicti
2570 1527 2675 1583 sub
2689 1528 2948 1599 pondere
2960 1531 3329 1598 peccatorum
3348 1529 3538 1580 actua-

1935 1614 2094 1668 lium.
2131 1616 2237 1670 Per
2275 1615 2451 1670 ﬁdem
2493 1616 2769 1670 destruxit
2818 1616 3134 1671 secundum
3178 1616 3335 1687 quod
3365 1617 3535 1669 erant

1934 1702 2202 1774 Egyptii,
2226 1707 2285 1759 et
2304 1720 2402 1758 eos
2428 1704 2744 1758 destructos
2759 1705 2837 1758 sic
2862 1704 3235 1772 illuminavit;
3268 1707 3327 1757 et
3347 1719 3382 1757 a
3403 1719 3535 1773 pec-

233 1794 415 1864 (Joan.
446 1810 528 1860 Ill,
549 1795 663 1864 5).»
692 1794 784 1847 Vel
808 1794 1043 1862 ﬁrmavit
1072 1801 1270 1847 terram
1292 1794 1350 1848 in
1383 1795 1708 1850 constantia
1726 1795 1835 1850 vir-
1858 1780 1909 1839 Β
1935 1794 2198 1847 calorum
2228 1790 2539 1848 afﬂictione
2562 1792 2827 1858 libiravit;
2850 1796 2907 1847 et
2923 1808 3126 1847 eorum
3145 1791 3537 1864 primogenita

233 1887 579 1949 tutum,non
593 1882 1082 1953 submergendam
1114 1883 1186 1937 ab
1198 1882 1380 1954 aquis,
1400 1882 1457 1937 id
1484 1887 1613 1938 esta
1642 1900 1838 1955 perse-

215 1957 526 2025 cutoribus
555 1969 999 2042 circumquaque
1030 1987 1159 2025 eam
1184 1970 1257 2025 ad
1285 1970 1524 2027 modum
1555 1988 1837 2043 aquarum

232 2076 338 2130 per
368 2058 895 2129 incorporationem
917 2059 1256 2130 demergere
1285 2059 1732 2128 nitentibus,sed
1747 2077 1836 2115 ex-

234 2149 485 2200 stantem
508 2162 664 2216 super
690 2163 874 2217 aquas,
908 2146 965 2200 id
992 2150 1078 2201 est
1101 2148 1455 2218 superiorem
1481 2148 1642 2219 aquis
1671 2151 1728 2202 et
1748 2148 1834 2202 in-

232 2233 617 2303 superabilem
677 2234 749 2288 ab
806 2233 907 2300 eis,
941 2250 1014 2288 ne
1064 2233 1429 2304 aliquatenus
1466 2233 1601 2305 ipsis
1647 2235 1832 2289 cedat.

234 2319 461 2374 Dictum
491 2323 576 2374 est
603 2320 711 2373 hoc
742 2336 777 2373 a
800 2319 1174 2375 similitudine
1196 2320 1364 2391 hujus
1376 2324 1544 2376 terra;
1566 2321 1836 2376 immobi-

231 2408 323 2476 lis,
357 2424 484 2480 qum
505 2409 774 2462 asseritur
803 2424 973 2480 super
999 2425 1177 2480 aquas
1200 2408 1441 2464 fundata
1466 2425 1585 2464 esse
1610 2426 1623 2477 ;
1656 2425 1783 2480 quis
1805 2425 1839 2467 a

233 2494 686 2567 circumquaque
715 2495 1064 2551 instantibus
1096 2496 1337 2551 marinis
1361 2497 1523 2569 aquis
1543 2496 1837 2567 submergi

236 2599 358 2638 non
387 2585 595 2656 potest.
639 2582 1538 2656 Conﬁtcmini,inquam,Domino
1565 2587 1663 2656 qui
1687 2585 1833 2654 illos,

236 2687 383 2743 quos
412 2670 670 2745 superius
697 2671 833 2741 dixi,
864 2673 1010 2728 calas
1035 2675 1093 2726 et
1122 2679 1342 2741 terram,
1374 2673 1432 2728 id
1459 2676 1545 2728 est
1571 2675 1836 2745 praelatos

237 2762 297 2813 et
324 2758 579 2814 subditos
601 2760 731 2829 fecit
775 2775 879 2831 per
907 2758 1157 2830 gratiam
1202 2776 1364 2815 suam
1397 2776 1517 2816 esse
1547 2760 1835 2816 luminaria

237 2864 458 2919 magna,
492 2847 552 2902 id
594 2851 679 2902 est
723 2864 970 2919 magnos
1010 2847 1435 2903 illuminatione
1492 2848 1839 2920 cognitionis

240 2936 384 3006 ejus,
419 2938 481 2990 ut
510 2934 684 2989 etiam
719 2935 845 2989 aliis
874 2938 1065 2989 essent
1093 2935 1425 3003 luminaria,
1458 2935 1839 2991 illuminanda

1938 1880 2300 1948 destruxit,id
2312 1882 2398 1936 est
2409 1885 2643 1953 peccata
2660 1880 2983 1952 originalia.
3000 1881 3081 1935 Ne
3096 1896 3233 1935 vero
3248 1879 3535 1935 videretur

1940 1984 2142 2023 omnes
2187 1970 2480 2041 Egyptios
2539 1969 2901 2037 destruxisse,
2934 1969 3096 2024 addit
3129 1986 3142 2023 :
3174 1967 3533 2037 Con/itemim',

1936 2057 2197 2129 inquam,
2242 2056 2319 2113 illi
2365 2060 2460 2128 qui
2501 2056 2680 2112 eduxit
2717 2056 2889 2112 Israel
2927 2057 2990 2111 de
3021 2056 3211 2123 medio,
3262 2056 3320 2111 id
3350 2057 3548 2111 estde.

1937 2147 2234 2202 communi
2261 2163 2459 2214 eorum,
2489 2146 3010 2217 Egyptiorum.Ac
3027 2146 3073 2200 si
3094 2146 3276 2200 dicat:
3312 2145 3533 2200 Itadico

1939 2251 2072 2290 eum
2101 2235 2412 2306 Egyptnm
2442 2235 2779 2307 percussisse
2812 2234 2968 2306 quod
2988 2233 3270 2306 quosdam
3287 2251 3353 2289 ex
3373 2234 3539 2306 Egy-

1940 2324 2072 2394 ptiis
2108 2322 2447 2394 poenitentia
2485 2322 2780 2393 percussit,
2801 2326 2859 2378 et
2883 2339 2987 2393 per
3005 2324 3114 2379 hoc
3144 2339 3243 2379 eos
3270 2324 3439 2379 Israel
3459 2323 3540 2378 fe-

1938 2412 2036 2480 cit,
2067 2415 2126 2466 et
2152 2412 2233 2467 sic
2262 2411 2414 2482 ipsos
2430 2410 2772 2467 aconsortio
2787 2411 3032 2468 aliorum
3048 2411 3538 2483 Egyptiorumﬁn

1935 2501 2179 2573 Egypto
2209 2499 2660 2562 remanentium,
2677 2499 2877 2556 eduxit.
2906 2500 2973 2555 Et
2993 2500 3100 2556 hoc
3112 2500 3312 2554 fecitin
3337 2501 3542 2570 potenti

1934 2606 2122 2657 manu,
2156 2587 2216 2644 id
2237 2587 2392 2643 estin
2417 2587 2649 2660 potenti.
2665 2589 3002 2659 operatione
3024 2588 3228 2660 gratim
3257 2595 3459 2656 suae,“
3478 2586 3544 2649 in

1936 2676 2150 2733 brachio
2169 2677 2385 2744 excelso,
2401 2675 2463 2731 id
2477 2679 2562 2731 est
2583 2675 2642 2730 in
2670 2674 3012 2731 fortitudine
3033 2678 3274 2743 excelsa,
3290 2676 3355 2731 id
3379 2678 3466 2731 est
3481 2674 3544 2730 in

1935 2764 2270 2821 fortitudine
2284 2764 2431 2819 illius
2442 2762 2694 2838 potentis
2702 2762 3052 2833 operationis
3060 2764 3260 2834 gratim
3272 2778 3545 2834 suae,tu

1939 2853 2163 2909 excelsa
2181 2855 2286 2921 est,
2316 2851 2377 2907 id
2402 2855 2487 2907 est
2515 2867 2634 2923 pre:
2681 2850 2903 2906 casteria
2929 2850 3365 2907 fortitudinibus
3392 2851 3544 2905 celsa

1942 2945 2001 2997 et
2012 2941 2280 3012 gloriosa.
2298 2939 2435 3004 Quae
2448 2955 2550 3012 per
2567 2939 2866 2994 brachium
2885 2938 3298 3008 denotatur,eo
3316 2938 3473 3010 quod
3489 2939 3547 2992 in

202 3026 213 3030 ’
241 3039 341 3078 eos
361 3023 1038 3124 eadem-cognitioneper
1052 3022 1395 3124 doctrinam.
1401 3022 1569 3121 Quod
1582 3023 1845 3095 praeﬁgu-
1869 3064 1916 3124 Ο
1945 3029 2180 3085 brachio
2200 3028 2479 3083 fortitudo
2509 3026 2598 3084 sit.
2634 3026 2941 3082 Brachium
2958 3029 3015 3081 et
3034 3043 3240 3083 manus
3269 3027 3361 3083 hic
3388 3026 3546 3081 idem

239 3115 431 3167 ratum
458 3115 543 3167 est
572 3112 629 3165 in
655 3111 1055 3179 luminarinS,
1078 3127 1206 3182 qum
1222 3112 1370 3166 Deus
1398 3112 1458 3165 in
1490 3113 1633 3167 60910
1655 3113 1846 3185 posuit
1874 3111 1916 3124 v
1945 3115 2400 3189 signiﬁcant,sed
2412 3132 2619 3171 manus
2634 3117 2799 3171 notat
2813 3114 3545 3186 operationem,brachiuui

243 3206 308 3256 ut
333 3205 547 3256 terram
571 3200 969 3256 illuminarent
1001 3199 1160 3273 (Gen.
1192 3217 1231 3268 ι,
1270 3203 1373 3272 lli).

314 3290 654 3357 Luminaria,
692 3289 952 3362 inquam,
997 3307 1193 3359 magna
1233 3289 1382 3362 fecit,
1424 3292 1484 3344 et
1539 3306 1667 3345 ecce
1718 3305 1847 3362 quin

244 3377 536 3433 luminaria
571 3395 583 3431 :
631 3378 832 3445 Solem,
886 3378 1100 3432 scilicet
1154 3378 1312 3448 fecit,
1358 3378 1417 3433 id
1453 3383 1538 3433 est
1577 3379 1706 3433 illos
1750 3376 1848 3449 qui

245 3466 471 3521 dicendi
503 3470 638 3520 sunt
676 3467 783 3521 sol.
824 3466 1068 3537 Exponit
1110 3482 1249 3539 ergo
1288 3469 1525 3538 propter
1554 3466 1692 3537 quid
1716 3465 1852 3520 fecit

243 3556 447 3623 solem,
480 3572 610 3610 cum
643 3555 822 3623 addit,
854 3557 1058 3621 solem,
1078 3555 1339 3627 inquam,
1368 3555 1667 3609 redactum
1689 3557 1743 3608 in
1755 3572 1852 3625 po-

245 3651 482 3699 testatem
506 3645 630 3699 diei.
666 3645 725 3698 id
744 3644 899 3699 estin
927 3647 1276 3716 potestatein
1303 3642 1629 3699 clarissime
1657 3644 1852 3715 cogni-

245 3733 437 3800 tionis,
463 3749 591 3804 qua:
621 3732 743 3786 dies
772 3732 981 3785 dicitur
1011 3733 1251 3802 prepter
1279 3747 1394 3785 sum
1426 3729 1722 3800 dignitatis
1754 3744 1847 3782 ex-

244 3822 597 3876 cellentiam.
617 3821 781 3884 Quod
811 3821 896 3874 est
922 3836 985 3874 ac
1012 3819 1057 3872 si
1086 3819 1238 3873 dicat
1270 3819 1597 3882 :Quosdam
1612 3817 1689 3871 sic
1714 3816 1848 3871 fecit

244 3926 365 3965 esse
378 3908 708 3974 luminaria,
728 3911 786 3962 ut
811 3910 1052 3979 propter
1070 3906 1532 3978 magnitudinem
1556 3905 1845 3960 illumina-

244 3999 415 4053 tionis
447 4014 585 4064 sum,
640 4013 767 4068 quas
808 3995 930 4049 dies
982 3995 1209 4062 dicitur,
1259 3993 1366 4067 ipsi
1427 3995 1511 4049 sol
1558 3993 1844 4049 dicantur.

245 4087 411 4150 Quod
435 4091 521 4143 est
542 4086 729 4140 dicere
759 4102 777 4137 :
810 4084 1100 4149 Quosdam
1129 4084 1263 4139 fecit
1289 4083 1473 4154 magis
1500 4081 1626 4138 aliis
1645 4083 1844 4154 cogni-

245 4175 405 4229 tione
434 4191 548 4233 suee
598 4172 973 4228 illuminatos.
1002 4173 1157 4228 Fecit
1183 4173 1359 4228 etiam
1393 4171 1573 4226 lunam
1602 4177 1651 4226 et
1672 4172 1845 4227 stellas

244 4262 507 4317 redactas
536 4265 591 4317 in
612 4267 932 4333 potestatem
968 4262 1159 4329 noctis,
1193 4261 1251 4316 id
1301 4264 1388 4316 est
1434 4261 1720 4333 quosdam
1774 4262 1841 4316 it-

1949 3222 2081 3261 vero
2101 3204 2525 3260 fortitudinem.
2559 3202 2820 3258 Ostendit
2848 3206 3042 3258 autem
3073 3219 3179 3274 per
3212 3202 3352 3275 quid
3385 3202 3552 3262 Israel

1949 3294 2130 3349 eduxit
2158 3293 2229 3348 de
2258 3294 2525 3365 Egypto,
2556 3307 2660 3362 per
2683 3291 2974 3361 baptisma.
2994 3291 3273 3359 videlicet,
3304 3307 3435 3347 cum
3450 3291 3550 3352 ad-
3588 3360 3593 3365 Δ

1951 3382 2036 3437 dit
2067 3398 2081 3437 :
2106 3379 2451 3453 Conﬁtemini
2487 3378 2717 3434 Domino
2756 3382 2852 3451 qui
2890 3383 2951 3434 ut
2978 3379 3249 3435 educeret
3279 3380 3450 3435 Israel
3480 3380 3552 3435 de

1950 3468 2371 3540 .lEgyto,divisit
2396 3470 2450 3521 in
2476 3467 2774 3535 divisiones,
2814 3468 2875 3523 id
2903 3471 2991 3523 est
3020 3467 3286 3523 divisitin
3317 3467 3552 3523 diversi-

1952 3560 2097 3613 tates
2125 3574 2272 3613 mare
2300 3555 2569 3621 Rubrum,
2602 3555 2660 3610 id
2690 3559 2776 3610 est
2804 3556 3158 3629 baptismum
3178 3573 3282 3627 per
3303 3555 3549 3611 Rubrum

1950 3663 2099 3700 mare
2122 3644 2578 3716 praefiguratum,
2602 3645 2666 3698 ut
2677 3642 2801 3697 aliis
2820 3646 2970 3698 esset
2985 3643 3045 3699 in
3073 3643 3327 3708 ruinam,
3346 3642 3476 3698 aliis
3492 3642 3550 3697 in

1951 3734 2349 3794 salvationem,
2381 3734 2442 3785 ut
2469 3730 2528 3786 in
2550 3732 2838 3803 psalmum
2865 3732 3354 3802 septuagesimum
3383 3729 3554 3801 septi-

1952 3839 2115 3878 mum
2146 3819 2467 3893 expositum
2493 3823 2579 3873 est
2604 3818 2663 3873 in
2685 3820 2811 3874 loco
2828 3819 2923 3874 ubi
2940 3820 3188 3875 habetur
3221 3837 3234 3875 :
3265 3822 3551 3891 interrupit

1945 3928 2116 3978 mare,
2147 3908 2626 3971 etc.Notandum,
2653 3924 2783 3962 cum
2812 3908 2978 3979 ponit
2997 3909 3204 3978 divisit,
3225 3926 3341 3965 non
3355 3924 3551 3979 super-

1947 4000 2060 4055 ﬂue
2087 3998 2351 4053 additum
2380 4011 2500 4050 esse
2532 3998 2588 4049 in
2616 3995 2914 4064 divisiones,
2948 4000 3010 4051 ut
3039 3997 3245 4053 innuat
3271 3997 3545 4069 multipli-

1947 4089 2177 4143 citatem
2200 4083 2591 4141 diversitatum
2622 4083 2679 4137 in
2703 4083 2822 4154 ipso
2840 4084 3367 4157 baptismate.Licet
3386 4085 3546 4141 enim

1946 4193 2126 4233 unum
2154 4171 2498 4241 sit,diversis
2509 4171 2697 4228 modis
2721 4174 2917 4233 tamen
2931 4174 3366 4244 pluribusbona:
3388 4175 3538 4243 vitas,

1946 4265 2083 4323 boni
2114 4257 2217 4337 per
2253 4261 2442 4333 ipsum
2463 4262 2774 4328 salvantur,
2806 4263 2865 4315 et
2894 4253 3125 4318 diversis
3146 4264 3333 4318 modis
3366 4263 3545 4334 pluri-

244 4351 548 4406 luminavit
587 4350 865 4405 mediocri
907 4348 1167 4421 potentia
1197 4349 1560 4421 cognitionis,
1606 4352 1669 4403 ut
1712 4367 1839 4422 pos-
1864 4354 1918 4413 D
1942 4356 2046 4411 bus
2082 4353 2250 4408 malae
2282 4351 2408 4405 vitae
2440 4350 2579 4405 mali
2600 4349 2907 4421 peripsum
2937 4351 3305 4404 damnantur.
3326 4350 3544 4419 Divisit,

242 4442 358 4497 sint
399 4441 535 4496 luna
794 4440 903 4495 dici
931 4439 1005 4493 ad
1034 4439 1533 4509 comparationem
1556 4442 1743 4511 magis
1774 4446 1840 4500 il-

243 4531 681 4597 luminatorum,
714 4530 811 4601 qui
844 4531 921 4583 sol
971 4529 1259 4595 dicuntur,
1321 4532 1379 4582 ct
1419 4530 1699 4600 quosdam
1741 4535 1844 4588 mi-

246 4620 374 4675 nori
427 4621 687 4691 potentia
729 4617 1093 4688 cognitionis,
1151 4621 1212 4671 ut
1250 4616 1472 4687 possint
1514 4619 1692 4673 stella:
1733 4621 1841 4676 dici

246 4707 319 4763 ad
348 4705 842 4777 comparationem
875 4704 1844 4780 mediocriterilluminatorum,qui

245 4797 383 4849 luna
413 4794 696 4847 dicuntur.
729 4794 824 4848 Sol
875 4793 1086 4865 quippe
1120 4796 1292 4866 longe
1340 4794 1550 4849 clarior
1570 4800 1657 4851 est
1684 4797 1841 4867 luna,

247 4886 305 4936 et
333 4883 468 4936 luna
496 4881 700 4946 stellio,
742 4882 987 4954 ideoque
1031 4899 1286 4955 congrue
1312 4900 1416 4955 per
1443 4884 1629 4938 solem
1658 4885 1844 4957 magis

246 4968 575 5035 illuminati,
608 4985 711 5039 per
748 4971 946 5024 lunam
975 4988 1109 5026 vero
1142 4972 1481 5041 mediocres,
1516 4989 1622 5044 per
1656 4974 1845 5028 stellas

248 5062 440 5113 autem
454 5056 1023 5114 minoresilluminali
1039 5060 1698 5131 intelligunturJllorum
1712 5080 1844 5118 vero

246 5147 611 5205 illuminatio.
645 5148 740 5218 qui
780 5148 917 5203 luna
947 5150 1235 5217 dicuntur,
1262 5153 1318 5204 et
1356 5152 1556 5215 stellae,
1596 5153 1700 5207 etsi
1726 5154 1847 5209 dies

248 5236 360 5293 dici
386 5236 581 5307 possit,
615 5236 929 5292 secundum
956 5255 1014 5293 se
1030 5242 1228 5293 tamen
1253 5239 1326 5293 ad
1342 5255 1545 5294 eorum
1566 5240 1850 5298 illumina-

250 5324 424 5381 tionis
453 5324 974 5395 comparationem,
999 5327 1095 5398 qui
1128 5328 1211 5382 sol
1239 5329 1391 5395 sunt,
1444 5344 1572 5398 quin
1603 5335 1848 5387 antono-

250 5414 485 5472 mastice
516 5412 639 5467 dies
667 5417 772 5484 est,
804 5432 918 5470 nox
944 5417 1287 5487 appellatur.
1337 5417 1502 5471 Juxta
1531 5420 1686 5490 quod
1719 5420 1852 5476 alibi

1944 4447 2206 4517 inquam,
2238 4455 2387 4495 mare
2416 4438 2681 4503 Rubrum,
2717 4442 2775 4492 et
2808 4454 2910 4507 per
2960 4438 3193 4492 medium
3224 4439 3338 4508 ejus
3367 4440 3544 4495 maris

1943 4535 2119 4588 eduxit
2146 4528 2332 4593 Israel,
2367 4528 2424 4580 id
2453 4528 2539 4579 est
2558 4526 2834 4596 populum
2852 4525 3256 4583 salvandorum
3281 4527 3352 4583 de
3374 4529 3543 4602 {Egy-

1943 4626 2042 4692 pto
2062 4614 2433 4672 inﬁdelitatis.
2460 4613 2601 4666 Cum
2626 4612 2764 4667 dicit
2798 4630 2812 4679 ;
2837 4630 2938 4683 per
2964 4614 3198 4671 medium
3230 4619 3369 4688 ejus,
3402 4620 3541 4676 nihil

1944 4710 2071 4781 plus
2102 4708 2370 4760 notamus
2398 4716 2571 4771 quam
2603 4700 2646 4755 si
2704 4707 2946 4779 poneret
2958 4721 3060 4776 per
3088 4705 3219 4759 illud
3250 4724 3398 4764 mare
3424 4708 3542 4766 Ru-

1946 4793 2221 4862 brmn,sed
2236 4793 2357 4846 haec
2371 4789 2541 4845 verba
2551 4790 2716 4861 ponit
2733 4792 2807 4847 ad
2819 4793 3066 4849 historia:
3083 4795 3540 4853 similitudinem.

1942 4885 2051 4939 Per
2075 4882 2307 4937 medium
2327 4880 2539 4953 quippe
2569 4882 2742 4935 maris
2772 4880 2929 4937 Ribri
2949 4883 3109 4937 divisi
3139 4884 3410 4954 leguntur
3423 4886 3544 4941 Filii

1944 4973 2113 5028 Israel
2146 4971 2317 5025 fuisse
2349 4971 2419 5025 de
2448 4970 2724 5042 A‘Igyptiis
2744 4970 2993 5028 iiberati.
3022 4970 3252 5039 Eduxit,
3281 4972 3542 5044 inquam,

1946 5062 2118 5120 Israel
2140 5078 2243 5133 per
2268 5061 2642 5131 baptismum,
2674 5066 2720 5115 et
2758 5061 3118 5127 Pharaonem,
3151 5061 3208 5115 id
3238 5065 3324 5115 est
3345 5063 3543 5120 diobo-

1947 5156 2067 5209 Ium
2089 5158 2136 5204 ct
2170 5153 2426 5205 virtutum
2455 5150 2587 5220 ejus,
2609 5148 2665 5203 id
2678 5151 2761 5201 est
2774 5148 3403 5219 exercitunispiriluum
3424 5170 3547 5208 ma-

1950 5244 2265 5314 lignorum,
2297 5240 2393 5311 qui
2423 5239 2578 5310 prius
2608 5237 2775 5291 Israel
2811 5236 3237 5306 dominabatur,
3269 5241 3406 5296 dum
3427 5247 3553 5299 erat

1953 5332 2013 5386 in
2036 5331 2301 5401 Egypto,
2335 5329 2557 5381 eralssit
2592 5326 2663 5379 ab
2695 5326 2886 5391 Israel,
2919 5324 2979 5379 id
3005 5331 3091 5381 est
3106 5331 3330 5384 excussit
3342 5330 3551 5402 jugum

1955 5418 2227 5492 potentiae
2259 5417 2383 5487 ejus
2403 5432 2436 5469 a
2454 5414 2674 5470 cervice
2690 5412 2967 5482 ﬁdelium,
2986 5417 3041 5468 in
3068 5419 3210 5471 mari
3233 5416 3417 5475 Rubro
3428 5422 3558 5476 sub-

249 5503 549 5562 Psalmista
575 5505 836 5560 testatur.
871 5505 1053 5563 «Dies
1086 5505 1199 5560 diei
1249 5507 1472 5559 eructat
1503 5508 1765 5577 verbum,
1799 5514 1857 5566 et
1958 5524 2252 5580 Inergens,
2279 5505 2335 5560 id
2379 5507 2464 5559 est
2513 5502 2569 5557 in
2602 5502 2968 5575 baptismate,
3002 5503 3340 5578 disperdens
3368 5508 3555 5583 ipsum

251 5609 365 5672 nox
394 5593 545 5649 nocti
578 5592 794 5649 indicat
848 5593 1148 5649 scientiam
1181 5593 1351 5667 (Psal.
1386 5612 1539 5666 xvm,
1571 5596 1648 5671 2).
1687 5619 1714 5646 ››
1743 5599 1857 5657 Ista
1958 5600 2300 5657 Pharaonem
2330 5597 2387 5649 et
2417 5608 2653 5649 omnem
2697 5592 2821 5669 ejus
2848 5593 3184 5651 exercitum.
3219 5594 3343 5663 Qui
3374 5597 3559 5671 etiam

744 5694 980 5751 Parnm...
1014 5693 1166 5751 CLII.

3203 5696 3276 5767 43
