3966 6034
481 318 617 388 1353

964 394 978 406 ,θ
1084 310 1143 381 s.
1183 305 1527 382 BRUNO'NIS
1567 297 2199 381 cARTuU'SIANoaUM
2238 300 2706 380 INSTITU‘TORIS
2748 304 2901 379 or‘p.
2944 320 3121 380 PARS
3161 323 3181 376 ι

3660 324 3797 381 i356

470 453 778 523 postquam
809 444 1071 520 populum
1098 461 1253 498 suum
1275 462 1375 515 per
1392 460 1553 498 mare
1572 442 1830 497 Rubrum
1862 440 2079 507 eduxit,
2100 444 2156 502 Α
2184 443 2338 512 quod
2387 442 2460 497 ad
2502 442 2801 497 historiam
2839 443 3057 516 prolixe
3096 442 3556 515 prophetizatum
3616 449 3707 499 est
3766 462 3797 498 a

472 540 532 591 et
558 538 881 592 Phraonem
897 533 977 589 ibi
992 532 1287 599 demersit,
1320 531 1591 587 eumdem
1622 530 1900 602 populum
1913 544 2079 582 suum

470 624 880 691 transduxit,et
897 621 1082 677 adhuc
1098 620 1418 674 transducit
1439 618 1510 673 ad
1519 618 1766 692 patriam
1785 617 2076 672 caelestem

469 711 845 784 perdesertum
864 710 1034 780 hujus
1046 708 1198 776 vitae,
1218 724 1320 780 per
1332 708 1568 762 virtutes
1586 709 1645 760 et
1658 706 1844 760 bonas
1872 720 2074 775 opera-

471 801 677 856 tioues.
711 799 875 864 Quod
900 798 958 852 in
986 797 1115 851 ﬁliis
1136 797 1307 851 Israel
1334 797 1842 869 praemonstratum
1860 792 2075 864 est,qui

469 892 532 949 in
561 895 779 947 terram
804 886 1199 961 promissionis
1227 901 1331 956 per
1360 885 1652 939 desertum
1673 881 2079 937 sunttransdu—

470 980 567 1034 cti.
603 977 747 1044 Quia
775 975 952 1031 etiam
976 990 1048 1029 ne
1079 974 1327 1044 populus
1354 973 1476 1043 ejus
1500 972 1559 1026 in
1589 972 1696 1026 hac
1714 969 2075 1025 traductione

728 1082 768 1157 ar
789 1062 1020 1157 mag-nis
1049 1065 1108 1116 et
1123 1060 1614 1157 tortibusregibus
1643 1059 2078 1157 occurrentibus

470 1148 870 1228 impediretur,
900 1150 1169 1206 Percussit
1200 1166 1342 1220 reges
1371 1165 1613 1218 magnos,
1646 1148 1704 1202 id
1735 1150 1822 1202 est
1860 1162 2078 1217 magna

470 1245 707 1318 peccata
735 1239 1063 1296 rriminalia
1092 1238 1392 1311 percussit,
1426 1253 1500 1291 ne
1527 1252 1762 1291 suorum
1793 1252 1960 1307 reges
1989 1251 2075 1289 es-

469 1334 636 1398 sent;
665 1336 715 1384 et
746 1344 863 1384 non
894 1327 973 1383 sic
1007 1327 1284 1398 percussit
1330 1329 1393 1379 ut
1434 1340 1550 1378 non
1587 1323 1864 1394 perirent,
1901 1323 1996 1377 sed
2021 1324 2079 1375 et

470 1418 686 1484 occidit,
726 1416 787 1471 id
813 1418 899 1469 est
927 1432 994 1469 ex
1028 1416 1152 1468 toto
1194 1411 1474 1467 destruxit
1503 1410 1628 1465 illos
1658 1427 1800 1479 reges
1831 1424 2077 1479 magnos

467 1508 639 1578 fortes
667 1490 825 1576 prius
854 1501 1182 1567 existentes,
1212 1500 1289 1554 sic
1335 1503 1399 1554 ut
1436 1498 1571 1553 inde
1616 1498 1791 1552 modo
1825 1496 2080 1568 quolibet

469 1610 594 1649 sese
647 1591 919 1663 expedire
946 1605 1063 1643 non
1100 1592 1353 1659 possent.
1387 1588 1608 1655 Occicit,
1643 1586 1907 1657 inquam,
1936 1600 2080 1656 reges

467 1696 690 1753 magnos
719 1685 769 1733 et
785 1679 971 1749 fortes,
1000 1677 1215 1731 scilicet
1241 1675 1381 1730 Seon
1411 1692 1585 1745 regem
1614 1675 2078 1733 Amorrhworum,

2178 530 2446 585 Jeremia.
2475 530 2580 594 Qui
2609 534 2808 586 tamen
2839 532 3117 587 Jeremias
3144 531 3209 586 in
3251 532 3362 586 ﬁne
3389 532 3522 586 libri
3555 533 3645 587 sui
3669 549 3795 603 my-

2178 617 2313 671 stice
2342 618 2774 690 prophetizavit,
2818 621 2972 690 quod
3010 620 3083 673 ad
3108 619 3409 673 historiam
3442 620 3799 691 priedixerat

2178 704 2249 759 de
2278 705 2606 776 captivitate
2636 706 2989 762 Hierusalem
3023 707 3082 761 in
3106 708 3479 779 Babyloniam
3510 708 3671 762 facta
3692 725 3797 780 per

2176 793 2723 861 Nabuchodonosor,
2749 811 2877 866 quae
2899 795 3127 866 signum
3150 799 3273 850 erat
3290 796 3639 867 captivitatis
3656 795 3797 850 ﬁde-

2177 881 2339 949 lium,
2371 882 2611 937 ccelestis
2631 883 2981 938 Hierusalem
3015 883 3245 952 civium,
3278 884 3374 956 qui
3423 900 3558 938 vere
3577 884 3795 955 captivi

2179 969 2405 1024 dicendi
2436 972 2588 1036 sunt,
2615 971 2752 1025 dum
2795 989 2829 1025 a
2871 970 3083 1027 coalesti
3109 972 3462 1027 Hierusalem
3505 974 3792 1037 exsulant,

2178 1056 2332 1112 inter
2352 1059 2654 1129 Babylonis
2678 1060 2825 1114 cives
2854 1076 3096 1132 corpore
3119 1063 3543 1127 conversantes,
3576 1060 3795 1114 scilicet

2178 1145 2330 1200 inter
2360 1146 2575 1220 impios
2607 1148 2777 1219 hujus
2807 1149 3012 1203 mundi
3042 1148 3209 1216 ﬁlios,
3243 1149 3341 1221 qui
3368 1149 3499 1219 jure
3533 1149 3794 1219 Babylon

2179 1233 2406 1300 dicitur,
2470 1234 2528 1288 id
2569 1238 2654 1289 est
2691 1236 2972 1301 confusio,
3015 1252 3083 1290 eo
3135 1237 3289 1307 quod
3320 1240 3587 1291 amantes
3627 1254 3690 1290 se
3736 1236 3795 1289 in

2178 1322 2574 1377 confusionem
2586 1323 3041 1395 praecipitaturus
3054 1314 3139 1378 est
3155 1327 3435 1379 aeternam
3446 1326 3634 1379 Juxta
3654 1323 3793 1378 illud

2177 1410 2545 1464 Dominicum
2576 1428 2589 1465 :
2623 1434 2651 1461 ‹‹
2684 1411 3018 1466 Filiiautem
3049 1412 3216 1483 regni
3243 1413 3413 1483 hujus
3444 1414 3796 1484 dejicientur

2178 1496 2235 1551 in
2290 1499 2559 1552 tenebras
2602 1499 2914 1555 exteriores
2964 1499 3184 1571 (Matth.
3218 1518 3336 1567 vui,
3370 1502 3480 1572 l2).
3512 1523 3541 1551 ››
3573 1502 3659 1555 De
3686 1501 3794 1554 hac

2180 1601 2320 1656 ergo
2360 1586 2686 1657 captivitate
2733 1589 2804 1642 ab
2843 1588 3199 1643 Hierusalem
3250 1590 3487 1656 caelesti,
3548 1588 3793 1660 perfecti

2179 1673 2397 1742 ﬁdeles,
2426 1675 2482 1727 in
2516 1691 2583 1729 eo
2632 1675 2801 1745 positi
2838 1679 3039 1747 agunt,
3088 1676 3343 1730 dicentes
3377 1694 3437 1731 se
3479 1694 3656 1747 super
3684 1678 3792 1731 ilu-

469 1778 525 1824 et
551 1769 632 1839 Og
649 1784 823 1838 regem
850 1764 1060 1831 Bazan,
1098 1771 1147 1817 et
1176 1766 1353 1816 omnia
1386 1780 1549 1833 regna
1578 1762 1865 1817 Chanaan.
1890 1762 1970 1817 Ει
1994 1760 2081 1814 his
2105 1764 2154 1823 B
2181 1761 2342 1816 mina
2390 1763 2698 1833 Babylonis
2747 1764 2979 1832 sedisse,
3013 1767 3071 1817 et
3100 1764 3211 1818 illic
3242 1780 3346 1836 pro
3389 1766 3797 1820 recordatione

472 1857 690 1924 occisis,
721 1863 918 1909 terram
933 1852 1090 1924 prius
1140 1851 1481 1906 existentem
1512 1851 1869 1905 Itmeditatem
1903 1866 2082 1903 eorum

471 1946 616 2001 dedit
669 1943 1030 1999 hereditatem
1073 1939 1265 2005 Israel,
1312 1938 1372 1992 id
1427 1941 1511 1992 est
1560 1939 1774 2008 populo
1824 1937 2081 1991 ﬁdelium

473 2050 639 2091 servo
673 2049 794 2099 suo,
818 2027 1103 2094 existenti,
1138 2027 1197 2081 in
1225 2026 1496 2080 omnibus
1514 2025 1619 2081 sibi
1649 2024 1959 2079 obedienti.
1990 2024 2082 2077 Isti

474 2125 699 2195 septem
724 2134 916 2174 versus
942 2117 1022 2170 ita
1052 2116 1109 2169 in
1129 2116 1237 2169 hoc
1255 2114 1473 2184 psalmo
1505 2116 1874 2185 exponuntur
1892 2112 1977 2182 utj
1988 2128 2082 2165 am

469 2210 534 2265 in
554 2204 902 2281 praecedenti
928 2204 1150 2276 psalmo
1181 2200 1421 2272 expositi
1440 2204 1593 2254 sunt.
1629 2200 1764 2254 Dico
1792 2199 1947 2271 quod
1974 2200 2085 2253 Do-

472 2297 670 2354 minus
715 2295 974 2367 percussit
1014 2307 1156 2361 reges
1196 2306 1416 2359 magnos
1466 2296 1515 2342 et
1564 2290 1754 2359 fortes,
1786 2292 1845 2342 et
1875 2304 1981 2343 nos
2015 2287 2087 2341 de

471 2386 719 2457 Egypto
747 2381 960 2449 eduxit,
981 2384 1039 2435 et
1068 2383 1277 2434 caetera
1305 2377 1587 2433 beneﬁcia
1615 2377 1857 2432 contulit
1884 2394 1898 2444 ;
1931 2376 2088 2447 quod

475 2472 749 2545 equidem
774 2486 894 2523 non
940 2485 1007 2522 ex
1046 2466 1269 2520 meritis
1299 2465 1529 2532 nostris,
1580 2466 1681 2519 sed
1726 2481 1792 2518 ex
1824 2465 1946 2519 sola
1988 2480 2089 2517 sua

474 2556 873 2617 misericordia
893 2554 1049 2609 fecit.
1081 2553 1225 2620 Quia
1255 2569 1387 2607 cum
1418 2553 1537 2624 ipse
1568 2569 1672 2607 nos
1692 2551 1965 2609 oblivioni
1989 2551 2088 2605 de-

478 2649 628 2705 disse
656 2646 806 2703 visus
827 2646 997 2706 esset,
1044 2658 1247 2696 memor
1298 2641 1407 2712 fuit
1464 2643 1633 2696 nostri
1682 2642 1744 2695 in
1791 2639 2091 2692 humilitate

478 2742 682 2803 nostra,
707 2734 766 2789 id
797 2736 883 2788 est
908 2731 967 2785 in
998 2728 1462 2786 consideratione
1486 2726 1828 2782 humilitatis
1855 2729 2088 2793 nostrae,

480 2825 698 2881 scilicet
727 2819 1175 2876 misericorditer
1203 2815 1912 2888 respiciensdejectionem
1941 2830 2094 2868 mor-

480 2913 718 2969 talitatis
739 2915 798 2966 et
828 2907 1216 2982 passibilitatis
1242 2910 1476 2971 nostrm,
1495 2904 1555 2958 in
1587 2920 1763 2976 quam
1784 2920 1888 2975 per
1908 2903 2094 2958 Adam

485 3002 929 3056 deveneramus.
950 2996 1030 3052 Et
1060 2992 1239 3049 nostri
1256 3008 1486 3047 memor
1511 2992 1969 3059 existens,morte
1995 3005 2098 3043 sua

489 3088 710 3143 redemit
736 3102 829 3140 nos
859 3084 924 3139 ab
955 3084 1185 3138 inimicis
1233 3083 1444 3149 nostris,
1481 3096 1515 3134 a
1542 3079 1690 3135 vitiis
1714 3078 1945 3147 scilicet,
1979 3082 2037 3133 et
2065 3095 2099 3132 a

488 3175 783 3248 spiritibus
810 3171 1101 3243 malignis.

568 3261 900 3317 Notandum
930 3258 1230 3331 quoniam,
1278 3257 1383 3311 etsi
1423 3255 1683 3327 superius
1710 3254 1915 3311 dixerit
1944 3255 2100 3327 quod

2183 1850 2320 1905 Sion
2348 1849 2587 1916 ﬂevisse,
2622 1854 2679 1905 et
2705 1867 2976 1922 organaa
3006 1852 3270 1907 salicibus
3316 1853 3708 1923 suspendisse,
3741 1859 3802 1906 et

2181 1939 2467 1993 canticum
2505 1938 2739 1993 Domini
2789 1940 2846 1993 in
2878 1940 3066 1994 aliena
3102 1943 3258 1995 terra
3299 1957 3418 1995 non
3448 1942 3797 1996 cantavisse.

2184 2025 2537 2080 Promittuut
2562 2042 2791 2097 quoque
2822 2043 2880 2080 se
2916 2027 3268 2083 Hierusalem
3297 2030 3537 2083 caelestis
3567 2028 3801 2083 assidue

2184 2114 2589 2168 recordaturos
2621 2130 2763 2177 esse,
2797 2117 2854 2167 et
2884 2119 3055 2169 orant
3080 2118 3141 2169 ut
3160 2115 3442 2170 Dominus
3461 2132 3698 2170 memor
3726 2118 3805 2169 sit

2184 2201 2624 2256 tribulationum
2657 2218 2784 2272 quin
2812 2203 2891 2257 eis
2910 2219 2943 2256 a
2972 2202 3103 2258 ﬁliis
3127 2203 3311 2258 Edom
3343 2205 3700 2271 inferuntur,
3736 2209 3804 2257 ut

2187 2304 2283 2342 eas
2313 2288 2659 2360 quandoque
2692 2295 3046 2357 remuneret,
3078 2292 3135 2345 et
3165 2291 3343 2345 etiam
3374 2292 3691 2346 condolent
3724 2292 3800 2345 de

2188 2377 2421 2430 miseria
2448 2376 2577 2430 ﬁlim
2618 2377 2943 2448 Babylonis.
2976 2379 3090 2433 Hoc
3146 2382 3343 2433 autem
3372 2382 3559 2434 totum
3588 2380 3651 2433 in
3686 2381 3804 2434 hoc

2189 2465 2413 2534 psalmo
2443 2463 2660 2529 dicunt,
2685 2468 2746 2518 ut
2775 2467 3013 2520 caeteros
3032 2466 3228 2521 ﬁdeles
3250 2468 3309 2521 in
3338 2467 3448 2521 hac
3478 2467 3687 2521 eadem
3707 2483 3806 2521 ca-

2190 2551 2451 2623 ptivitate
2481 2552 2695 2622 positos
2712 2553 3016 2621 instruant,
3035 2557 3097 2607 ut
3126 2558 3182 2609 et
3206 2555 3312 2627 ipsi
3330 2554 3597 2609 similiter
3617 2555 3678 2608 in
3694 2555 3803 2608 hac

2164 2640 2526 2710 captivitate
2557 2658 2614 2694 se
2656 2640 2926 2696 habeant.
2984 2641 3129 2697 Sunt
3168 2648 3365 2698 autem
3396 2644 3564 2714 hujus
3591 2642 3802 2714 psalmi

2192 2728 2370 2784 verba
2388 2728 2554 2798 juxta
2581 2729 2881 2784 historiam
2911 2731 3120 2801 posita.

2284 2817 2485 2904 544
2515 2816 2688 2887 Super
2732 2820 2960 2885 ﬂumina
2996 2818 3293 2889 Babylonis
3322 2821 3655 2884 existentes,
3685 2836 3798 2873 non

2196 2905 2479 2958 submersi
2513 2904 2748 2976 quidem
2798 2907 2870 2960 ab
2900 2906 3034 2976 ipsis
3064 2907 3425 2975 ﬂuminibus,
3459 2908 3677 2962 scilicet
3704 2924 3800 2961 ex-

2198 2993 2438 3048 istentes
2469 3009 2640 3064 supra
2681 2993 3047 3049 fraudulenta
3096 2996 3331 3065 negotia
3379 2998 3548 3067 hujus
3571 2996 3802 3058 mundi,

2200 3097 2318 3135 non
2364 3080 2571 3134 subditi
2623 3081 2857 3152 quidem
2909 3082 3043 3155 ipsis
3072 3083 3339 3153 negotiis,
3402 3085 3503 3139 sed
3532 3101 3709 3155 super
3737 3099 3807 3136 ea

2200 3170 2524 3235 existentes,
2549 3171 2606 3223 et
2636 3185 2703 3222 ea
2719 3173 3120 3241 supernentes;
3144 3172 3229 3225 vel
3247 3171 3423 3243 Super
3440 3173 3675 3240 ﬂumina
3697 3170 3812 3226 Ba.

2201 3256 2741 3327 bylodisexistentes,
2774 3257 2834 3311 id
2863 3261 2951 3312 est
2970 3274 3141 3330 supra
3175 3275 3266 3313 res
3301 3261 3625 3326 saecularcs,
3668 3275 3814 3330 quas

496 3367 607 3406 nos
635 3351 708 3404 ab
734 3347 984 3403 inimicis
1005 3345 1239 3418 eripuit,
1268 3345 1363 3398 hic
1395 3347 1593 3398 tamen
1614 3343 1865 3414 pretium
1899 3342 2103 3397 mortis
2203 3344 2729 3413 contemnimus,et
2749 3344 2954 3417 quibus
2974 3347 3172 3417 subjici
3195 3347 3512 3413 renuimus,
3532 3364 3665 3418 qum
3692 3347 3819 3418 qui-

494 3455 612 3493 sum
641 3438 900 3501 denotat,
928 3434 1001 3488 ad
1028 3431 1535 3504 exaggerationem
1557 3430 1731 3502 ipsius
1750 3429 2107 3498 beneﬁcii,ut
2207 3433 2343 3488 dem
2376 3448 2466 3486 res
2496 3435 2553 3486 et
2604 3434 2838 3505 negotia
2888 3435 3181 3489 saecularia
3218 3435 3558 3490 adamantes
3588 3451 3654 3489 se
3684 3435 3823 3488 sub-

498 3543 605 3584 nos
634 3526 693 3580 in
724 3523 895 3579 laude
960 3521 1063 3577 Dei
1125 3520 1514 3594 promptiores
1545 3518 1771 3586 reddat,
1806 3535 1937 3573 cum
1970 3518 2109 3573 dicit
2207 3520 3040 3591 mergunt,addamnationem
3056 3524 3597 3593 pertrahunt,more
3631 3521 3825 3576 ﬂumi-

497 3615 738 3671 redemit.
772 3611 909 3667 Dico
940 3609 1098 3683 quod
1142 3625 1239 3664 nos
1267 3607 1487 3662 redemit
1525 3609 1620 3679 qui
1649 3607 1825 3662 etiam
1858 3610 1988 3679 post
2016 3622 2107 3661 re-
2210 3625 2375 3674 num,
2407 3624 2535 3679 qua:
2555 3609 2827 3662 cadentes
2848 3608 2909 3663 in
2942 3625 2999 3663 se
3040 3610 3441 3682 submergunt,
3468 3614 3527 3665 et
3555 3610 3622 3663 in
3655 3626 3824 3665 mare

502 3702 904 3775 demptionem
927 3697 1023 3752 dat
1041 3696 1265 3769 jugiter
1293 3710 1469 3751 escam
1499 3694 1820 3767 spiritalem
1850 3695 2111 3764 corporis
2211 3696 2480 3751 deferunt
2503 3713 2517 3765 ;
2550 3696 2656 3751 illic
2684 3697 2930 3765 sedimus,
2957 3696 3017 3751 id
3042 3700 3128 3751 est
3148 3697 3259 3752 illic
3277 3698 3680 3752 conversando
3702 3713 3829 3752 cor-

503 3792 589 3848 sui
617 3792 769 3845 omni
795 3789 969 3854 carni,
992 3786 1151 3841 idest
1165 3782 1754 3861 omnismodihomini
1784 3783 2110 3837 tamJudaao
2214 3801 2375 3857 pore,
2399 3784 2610 3838 scilicet
2627 3785 2790 3854 juxta
2813 3785 2913 3839 illa
2942 3784 3187 3840 ﬂumina
3210 3785 3689 3858 Babylonis,licet
3707 3803 3827 3840 non

426 3928 433 3937 .
504 3896 680 3953 quam
693 3875 916 3950 gentili,
940 3878 1062 3929 tam
1083 3871 1259 3928 nobili
1281 3886 1456 3943 quam
1474 3870 1896 3942 iguobili,unde
1917 3869 2115 3924 anima
2213 3872 2285 3926 ab
2311 3872 2399 3926 his
2430 3873 2958 3944 submergeremur,
2990 3873 3242 3927 sedimus
3263 3878 3484 3941 tamen,
3518 3874 3577 3929 id
3613 3878 3702 3929 est
3730 3875 3829 3927 de-

503 3970 858 4025 incessanter
892 3963 1168 4020 reﬁcitur.
1198 3980 1230 4014 α
1261 3961 1387 4015 Non
1413 3959 1576 4014 enim
1608 3962 1697 4013 est
1727 3975 2112 4031 personarum
2207 3959 2345 4031 jecti
2368 3959 2560 4014 fumus
2600 3964 2657 4015 et
2686 3960 2919 4028 anxiati,
2968 3960 3188 4015 scilicet
3226 3978 3502 4032 magnam
3544 3962 3827 4017 delectio-

508 4055 763 4128 acceptio
812 4052 967 4124 apud
986 4052 1170 4105 Deum
1192 4048 1370 4119 (Rom.
1391 4065 1452 4115 u,
1470 4051 1489 4101 l
1506 4048 1573 4116 l).
1595 4068 1622 4095 »
1643 4048 1785 4102 Cum
1818 4047 1955 4101 dicit
1973 4047 2118 4099 omni
2216 4064 2352 4102 nem
2385 4064 2504 4103 esse
2518 4049 2933 4119 reputavimus,
2954 4049 3119 4120 juxta
3136 4050 3233 4104 illa
3255 4050 3491 4105 ﬂumina
3515 4050 3833 4122 corporali.

508 4146 680 4210 carni,
712 4141 869 4196 idem
897 4144 982 4194 est
1009 4136 1563 4207 acsiponeretomni
1591 4135 1838 4202 homini,
1868 4137 2058 4190 totum
2081 4150 2117 4187 a
2216 4140 2304 4190 ter
2328 4136 2613 4205 habitare,
2644 4137 2796 4190 unde
2850 4137 3063 4209 quippe
3108 4138 3278 4192 nobis
3307 4141 3498 4210 plures
3538 4138 3832 4210 angustiae

509 4234 673 4306 parte
708 4229 1034 4301 designans.
1065 4223 1428 4297 Conﬁtemini,
1462 4223 1721 4295 inquam,
1750 4223 1864 4277 Deo
1893 4222 2032 4290 cwli;
2052 4238 2115 4277 ac
2137 4284 2187 4306 ἢ
2215 4224 2553 4295 contingere
2576 4242 2589 4292 ;
2613 4232 2662 4278 et
2682 4225 2936 4279 sedendo
2961 4224 3277 4293 ﬂeoimusid
3298 4229 3434 4281 esta
3458 4227 3602 4281 ﬂetu
3630 4242 3836 4298 corpo-

509 4284 555 4376 is
582 4321 772 4377 dicat:
806 4284 950 4372 (funi
980 4313 1365 4370 totmirabilia
1383 4312 1643 4366 humano
1667 4310 1867 4381 generi
1892 4310 2113 4376 fecerit,
2137 4284 2189 4344 D
2213 4314 2293 4367 ris
2323 4314 2609 4368 abstinere
2636 4314 3017 4385 nequivimus.
3053 4314 3339 4378 Quoniam
3368 4320 3560 4370 autem
3591 4320 3837 4387 possent

510 4408 840 4479 conﬁtemini
868 4404 969 4462 illi.
999 4404 1222 4457 Etcum
1255 4401 1431 4456 etiam
1467 4400 1617 4454 Deus
1649 4399 1858 4453 sitnon
1890 4400 2117 4452 tantum

510 4495 786 4562 hominis,
806 4494 907 4549 sed
938 4493 1086 4559 coeli,
1114 4491 1174 4546 id
1195 4492 1281 4544 est
1304 4489 1611 4563 spirituum
1642 4488 1979 4554 caelestium,
2012 4488 2119 4541 hac

515 4584 814 4640 occasione
867 4582 1195 4649 conﬁtemini
1236 4578 1340 4634 illi.
1384 4576 1727 4647 Conﬁtemini
1754 4593 1981 4649 quoque
2009 4576 2119 4630 Do-

511 4676 659 4729 mino
685 4672 1042 4737 dominorum,
1061 4669 1120 4723 id
1136 4666 1590 4723 estconﬁtemiui
1616 4667 1795 4721 etiam
1821 4665 2120 4737 ideo,quia

510 4764 797 4820 Dominus
817 4764 903 4815 est
924 4757 1188 4814 omnium
1223 4756 1616 4825 dominorum,
1631 4759 1690 4810 et
1717 4755 1846 4810 ideo
1868 4757 2120 4826 quoniam

511 4858 571 4910 in
599 4859 856 4908 aeternum
908 4845 1267 4903 misericordia
1305 4846 1436 4916 ejus.
1488 4845 1605 4900 Hoc
1637 4844 1764 4900 ideo
1797 4844 2028 4916 repetit,
2058 4846 2120 4898 ut

511 4943 659 4999 sicut
690 4942 750 4997 in
771 4937 941 4995 laude
973 4935 1226 5008 inempit,
1251 4935 1330 4990 ita
1356 4934 1521 4988 ﬁniat
1550 4933 1608 4987 in
1641 4934 1829 4988 laude.

959 5028 1029 5082 IN
1060 5024 1385 5081 PSALMUM
1415 5023 1672 5078 CXXXVI.

576 5121 793 5176 Titulus
820 5115 1120 5173 centesimi
1145 5112 1419 5170 tricesimi
1446 5112 1604 5166 sexti.
1641 5111 1891 5168 I'satmus
1938 5112 2120 5168 David

497 5216 720 5283 propter
743 5208 1054 5262 Jeremiam.
1089 5203 1254 5269 Quod
1268 5203 1348 5257 sic
1365 5201 1672 5273 exponitur
1702 5217 1714 5255 :
1749 5200 2117 5255 Psalmusistc

507 5302 595 5356 est
612 5297 813 5361 David,
846 5294 906 5349 id
937 5297 1021 5348 est
1051 5290 1435 5363 ﬁdelium,qui
1465 5289 1558 5344 hic
1598 5293 1801 5360 agunt,
1829 5289 2113 5362 composi-

503 5392 597 5443 tus
629 5391 850 5458 pmpter
878 5382 1191 5449 Jeremiam,
1221 5380 1282 5434 id
1321 5384 1406 5433 est
1428 5380 1591 5451 juxta
1635 5378 1948 5433 Jeremiam
1980 5394 2114 5449 pro-

434 5466 439 5471 ’
502 5476 764 5547 phetam,
797 5470 1010 5527 scilicet
1049 5484 1167 5523 non
1200 5467 1531 5523 discordans
1561 5483 1595 5522 a
1624 5466 1928 5540 prOphetia
1954 5467 2109 5521 Jerc-

504 5561 663 5629 mite,
699 5560 800 5615 sed
853 5558 1159 5614 continens
1205 5557 1264 5613 in
1304 5573 1362 5611 se
1391 5555 1650 5632 mystice,
1689 5555 1821 5610 licet
1850 5555 2125 5631 breviter,

2216 4404 2356 4457 ﬂere
2385 4402 2754 4470 infructuose,
2791 4401 2936 4456 sicut
2966 4402 3045 4456 illi
3078 4404 3174 4474 qui
3212 4403 3375 4469 ﬂent,
3408 4404 3493 4457 vel
3523 4403 3598 4458 de
3632 4420 3839 4457 rerum

2218 4491 2547 4559 amissione,
2576 4492 2665 4544 vel
2696 4491 2809 4545 alia
2842 4491 3175 4561 hujusmodi
3207 4493 3503 4546 occasione
3545 4491 3841 4545 determi-

2218 4583 2363 4634 nant
2392 4580 2546 4634 unde
2600 4579 2905 4645 ilevcruut,
2958 4579 3227 4634 addendo
3281 4579 3359 4633 sic
3388 4596 3400 4633 :
3434 4578 3743 4645 Flevimus,
3784 4580 3845 4633 in

2219 4684 2416 4740 quam,
2448 4668 2576 4720 dum
2616 4666 3015 4721 recordaremur
3046 4671 3148 4731 tui,
3176 4683 3209 4723 0
3246 4666 3381 4722 Sion
3420 4668 3694 4733 ccelestis,
3732 4670 3845 4721 sci-

2217 4757 2352 4811 licet
2369 4757 2629 4811 ilevimus
2646 4773 2751 4829 pro
2773 4757 3173 4813 recordatione
3198 4758 3546 4813 Hierusalem
3562 4759 3846 4824 cmlestis,

2219 4846 2382 4917 cujus
2413 4846 2562 4900 cives
2591 4863 2827 4900 sumus:
2856 4863 2890 4901 a
2916 4862 3031 4918 qua
3081 4845 3173 4900 hic
3217 4847 3277 4900 in
3310 4846 3631 4917 Babylonia
3662 4848 3848 4919 positi

2218 4934 2683 5006 peregrinamur.
2713 4935 2807 4990 Vel
2836 4938 3079 5004 [le-vimus
3108 4936 3534 5006 compatiendo,
3566 4952 3644 4992 ea
3672 4954 3847 4992 occa-

2218 5024 2402 5091 sione,
2435 5023 2569 5096 quia
2600 5024 2813 5079 multos
2842 5024 3010 5095 hujus
3046 5023 3377 5095 Babylonia:
3405 5024 3549 5078 cives
3582 5025 3848 5080 vidimus

2219 5112 2391 5167 abhis
2409 5111 2744 5167 ﬂuminibus
2769 5112 3083 5185 submergi.
3107 5112 3401 5179 Fleoimus,
3424 5112 3696 5184 inquam,
3712 5115 3847 5168 dum

2217 5201 2327 5255 hoc
2358 5204 2506 5255 esset
2527 5201 2684 5272 quod
2715 5201 3359 5272 semperrecordaremur
3389 5201 3490 5267 tui,
3523 5217 3557 5255 o
3588 5203 3849 5258 caelestis

2216 5290 2370 5356 Sion,
2401 5292 2457 5343 et
2477 5289 2840 5345 recordando
2856 5290 2938 5345 tui
2954 5306 3072 5345 non
3101 5305 3401 5360 possemus
3418 5289 3756 5362 submergi,
3781 5310 3847 5346 ac

2218 5378 2263 5432 si
2294 5378 2482 5433 dicat:
2517 5377 2672 5432 Licet
2694 5395 2812 5433 non
2835 5379 3371 5450 submergerentur,
3402 5395 3468 5433 ex
3486 5380 3615 5433 sola
3632 5383 3842 5434 tamen

2217 5464 2617 5538 compassionc
2643 5467 3104 5522 submersionem
3137 5468 3383 5522 aliorum
3412 5468 3707 5524 ﬂevimus.
3739 5471 3841 5525 Vel

2214 5559 2455 5630 [lavimus
2480 5556 2551 5611 de
2577 5557 2974 5613 submersione
2991 5557 3405 5627 aliorum,rlmn
3430 5558 3847 5625 remrdaremu
