4016 6030
197 394 342 458 l3‘57

1136 384 1497 457 Exrosmo
1536 398 1607 456 IN
1645 384 1977 458 PSALMOS.
2009 432 2082 445 —
2118 398 2312 459 PSAL.
2354 387 2590 458 CXXXVI

3360 408 3498 467 1358

198 521 301 589 tui,
332 521 487 589 Sion,
516 520 574 577 id
602 524 685 576 est
710 516 847 576 dum
873 520 943 575 de
975 524 1030 575 te
1049 520 1267 593 jugiter
1295 521 1702 593 cogitaremus,
1728 521 1801 575 ad
1825 526 1878 584 Α
1898 524 2019 577 tem
2051 522 2312 578 dixerant
2341 539 2400 577 se
2425 525 2711 579 canticum
2742 518 2981 581 caelestis
3010 520 3363 583 Hierusalem
3407 529 3496 584 in-

198 626 374 685 quam
406 610 805 665 metuebamus
833 626 931 665 eos
979 610 1309 664 submersos
1336 624 1635 681 nunquam
1676 625 1798 663 esse

196 703 592 768 perventuros.

264 785 531 853 Sedimus,
559 787 819 859 inquam,
836 790 894 842 et
915 788 1249 855 ﬂevimus,et
1270 785 1649 857 corporaliter
1667 802 1799 840 con-

193 874 474 929 versando
494 876 557 929 in
571 876 840 942 salicibus,
865 875 923 929 id
948 878 1032 930 est
1056 874 1209 929 inter
1230 874 1438 945 impios
1455 875 1557 948 qui
1577 874 1796 928 steriles

192 965 327 1016 sunt
348 963 419 1017 ab
451 964 720 1035 operibus
742 964 928 1030 bonis,
957 963 1086 1018 ideo
1108 963 1263 1034 quod
1293 962 1490 1016 salices
1506 961 1793 1027 dicuntur,

192 1067 324 1105 cum
348 1052 547 1107 salices
566 1052 790 1107 steriles
808 1052 1044 1107 arbores
1061 1051 1193 1105 sint.
1212 1050 1279 1106 In
1310 1050 1558 1106 salicibus
1582 1049 1708 1104 dico
1739 1052 1792 1103 in

189 1140 363 1194 medio
389 1141 501 1211 ejus
528 1140 855 1212 Babyloniae
878 1139 1271 1207 existentibus,
1286 1139 1641 1210 scilicetquaa
1666 1138 1792 1209 jam

191 1232 359 1284 erant
387 1230 444 1284 in
472 1228 765 1303 profundo
793 1227 1115 1299 Babylonis,
1137 1228 1291 1282 unde
1321 1227 1649 1281 nullatenus
1671 1228 1794 1298 pot-

189 1322 361 1371 erant
426 1317 589 1385 erui;
652 1316 1017 1387 suspendimus
1073 1332 1276 1384 organa
1328 1322 1507 1368 nostra
1562 1313 1634 1368 ab
1681 1313 1792 1367 illis

186 1404 472 1472 salicibus,
503 1404 561 1459 id
591 1407 676 1458 est
704 1401 1101 1474 elongavimus
1128 1404 1186 1454 et
1208 1399 1613 1471 .separavimus
1642 1415 1789 1471 prae-

189 1491 502 1546 dicationes
528 1494 753 1546 nostras
781 1490 852 1544 ab
898 1489 1007 1544 illis
1054 1487 1245 1559 impiis
1291 1487 1594 1542 sterilibus.
1653 1487 1789 1551 Qua:

191 1580 630 1651 prtedicationes
651 1595 873 1650 organa
894 1577 1475 1648 dicuntur,quantum
1492 1575 1569 1629 ad
1593 1575 1790 1630 fideles

186 1670 645 1741 auditores,quos
669 1668 956 1723 delectant
983 1666 1055 1720 ad
1074 1665 1313 1720 modum
1330 1681 1705 1737 organorum;
1723 1681 1788 1719 ac

186 1758 231 1812 si
258 1758 409 1813 dicat
440 1776 452 1812 :
490 1759 622 1813 Ideo
648 1755 1126 1829 praedicationem
1155 1755 1227 1809 ab
1260 1754 1340 1809 eis
1368 1754 1785 1825 elongavimus,

1899 609 2161 666 ﬁdelibus
2185 628 2303 675 non
2355 615 2706 680 cantaturos,
2746 629 2820 667 ne
2867 614 3197 670 viderentur
3233 615 3496 673 Hierusa-

1897 699 2012 752 lem
2040 699 2314 755 oblivioni
2358 701 2566 770 daturi,
2604 704 2907 756 removent
2938 701 3033 756 hic
3075 702 3153 757 sic
3183 721 3195 757 :
3226 702 3498 767 Quamvis

1897 803 2015 841 non
2043 786 2221 842 simus
2249 788 2533 844 cantaturi
2562 790 2848 844 canticum
2880 790 3113 845 Domini
3149 791 3494 860 infidelibus,

1896 876 2093 929 tamen
2126 892 2423 948 nunquam
2458 877 2666 932 oblitus
2699 893 2799 932 ero
2828 877 3216 948 Hierusalem;
3239 881 3395 951 quod
3425 882 3496 935 de

1895 977 1965 1016 ea
1994 979 2110 1017 non
2141 967 2369 1019 cantem
2394 964 2546 1019 inter
2575 965 2793 1032 fideles,
2825 965 2922 1037 qui
2953 966 3087 1021 huic
3114 967 3337 1022 cantico
3363 972 3499 1024 sunt

1893 1050 2130 1106 habiles.
2164 1051 2330 1116 Quod
2376 1055 2425 1106 si
2450 1054 2648 1109 oblitus
2689 1055 2844 1123 fuero
2895 1038 3071 1121 tui,'o
3121 1054 3492 1125 Hierusalem,

1893 1138 2047 1209 quod
2078 1141 2269 1195 omnis
2297 1140 2523 1195 devotio
2554 1157 2687 1196 mea
2715 1143 2789 1196 ad
2808 1145 2864 1196 te
2894 1157 3013 1197 non
3036 1142 3320 1210 intendat,
3338 1144 3496 1216 quod

1892 1224 1963 1279 de
1993 1228 2050 1280 te
2076 1242 2195 1282 non
2224 1232 2452 1283 cantem
2498 1229 2608 1283 illis
2645 1229 2742 1300 qui
2785 1230 2861 1284 ad
2898 1229 3008 1285 hoc
3054 1233 3225 1285 erunt
3274 1230 3492 1299 idonei,

1890 1312 2103 1369 dextera
2133 1333 2271 1383 mea,
2302 1316 2361 1370 id
2385 1319 2473 1371 est
2499 1317 2655 1372 bona
2685 1317 2945 1389 operatio
2979 1333 3132 1385 mea,
3164 1317 3318 1372 detur
3358 1318 3492 1374 obli-

1889 1404 2054 1466 vioni,
2086 1403 2230 1458 adeo
2258 1408 2320 1458 ut
2337 1422 2636 1477 nunquam
2660 1409 3126 1460 remunerentur.
3156 1407 3253 1461 Vel
3276 1406 3492 1463 dextera

1889 1507 2028 1560 mea,
2059 1492 2118 1546 id
2158 1494 2245 1546 est
2288 1493 2589 1549 collocatio
2620 1510 2753 1548 mea
2786 1494 2862 1549 ad
2908 1494 3205 1549 dexteram
3250 1495 3355 1550 Dei
3385 1498 3490 1551 Pa-

1888 1579 2013 1648 tris,
2036 1597 2211 1652 quam
2227 1585 2511 1653 exspecto,
2537 1581 2691 1638 detur
2705 1582 2977 1649 oblivioni,
2998 1581 3076 1637 sic
3096 1585 3169 1636 uti
3188 1599 3490 1654 nunquam

1889 1683 2021 1722 eam
2063 1668 2362 1741 adipiscar.
2406 1670 2504 1724 Vel
2547 1669 2760 1723 dextera
2801 1686 2940 1737 mea,
2994 1670 3054 1725 id
3096 1672 3182 1724 est
3231 1671 3490 1742 operatio

1889 1771 2023 1812 mea
2066 1757 2220 1813 bona
2261 1758 2418 1812 detur
2453 1756 2734 1824 oblivioni,
2767 1757 2961 1812 id.est
2996 1757 3296 1813 obliviscar
3340 1759 3491 1814 bene

185 1847 464 1919 quoniam
489 1863 586 1901 eos
618 1862 739 1900 esse
768 1844 991 1899 steriles
1020 1846 1079 1897 et
1105 1841 1422 1898 obstinatos
1464 1842 1525 1896 in
1570 1841 1791 1897 malitia
1814 1831 1865 1890 Β
1890 1846 2137 1917 operari.
2169 1847 2238 1901 Et
2263 1863 2380 1907 non
2412 1846 2600 1901 solum
2629 1846 2739 1900 hoc
2764 1845 3151 1901 infortunium
3181 1846 3325 1901 mihi
3349 1863 3489 1903 cons

184 1934 582 2006 cognovimus.
598 1933 758 1988 Unde
770 1933 1052 1988 Dominus
1072 1930 1239 1986 dicit:
1273 1953 1301 1983 ‹‹
1326 1930 1510 1985 Nolite
1524 1932 1788 1985 sanctum

185 2022 323 2076 dare
346 2022 602 2090 canibus,
631 2038 735 2076 nec
767 2020 1110 2092 margaritas
1148 2035 1367 2090 ponere
1404 2021 1540 2073 ante
1584 2033 1788 2088 porcos

184 2107 410 2177 (Matth.
445 2125 540 2177 vn,
580 2108 656 2181 6).
693 2130 721 2157 »
754 2109 820 2162 Et
848 2107 1152 2178 Apostolus
1177 2106 1251 2160 ad
1273 2105 1463 2159 Titum
1490 2121 1503 2159 :
1538 2126 1566 2154 ‹‹
1596 2104 1785 2158 Hiere-

184 2196 363 2251 ticum
388 2196 691 2252 hominem
725 2199 853 2267 post
881 2194 1195 2250 secundam
1228 2195 1286 2248 et
1314 2193 1549 2247 tertiam
1593 2207 1785 2247 corre-

183 2284 448 2355 ptionem
481 2284 671 2339 devita
704 2283 765 2351 (1
785 2287 845 2339 it.
874 2300 958 2351 lli,
1003 2284 1112 2353 10),
1140 2303 1169 2332 ››
1202 2285 1310 2337 etc.
1345 2282 1541 2336 Posset
1569 2279 1738 2351 objici
1768 2297 1784 2333 :

183 2371 372 2435 Quare
405 2371 588 2426 dicitis
617 2388 716 2427 vos
764 2388 985 2443 organa
1025 2369 1502 2442 prsedicationum
1548 2384 1786 2440 suspen-

183 2459 373 2514 disse?
392 2459 595 2514 Fuitne
609 2461 911 2532 quisquam
928 2459 1024 2530 qui
1039 2457 1516 2529 prtedicationem
1534 2460 1786 2511 vestram

182 2547 517 2619 expeteret?
549 2548 686 2602 Huic
717 2549 893 2619 igitur
923 2547 1325 2618 antipophorte
1356 2545 1482 2600 talis
1511 2544 1680 2599 datur
1701 2560 1789 2598 re-

1890 1933 2097 2004 tingat,
2144 1933 2245 1989 sed
2280 1934 2466 1989 etiam
2524 1934 2790 1988 adhaereat
2842 1934 3027 2004 lingua
3082 1950 3201 1989 mea
3240 1935 3491 2005 faucibus

1886 2023 2038 2087 mei's,
2066 2021 2124 2076 id
2153 2026 2238 2076 est
2266 2024 2459 2076 mutus
2495 2020 2633 2076 {iam
2664 2024 2947 2093 quantum
2977 2021 3052 2076 ad
3076 2022 3292 2077 bonam
3330 2025 3488 2079 locu-

1886 2109 2109 2164 tionem
2141 2126 2156 2165 :
2187 2125 2223 2163 a
2246 2109 2624 2164 similitudine
2654 2109 2802 2164 illius
2841 2109 2938 2182 qui
2981 2126 3114 2164 cum
3142 2127 3245 2165 sua
3291 2111 3492 2183 lingua

1885 2195 2145 2252 faucibus
2164 2198 2280 2253 suis
2301 2197 2614 2265 adhaereat,
2644 2214 2762 2252 non
2794 2200 2983 2269 potest
3010 2198 3188 2270 loqui.

1954 2286 2263 2354 Adhwreat,
2286 2284 2553 2359 inquam,
2596 2288 2778 2356 lingua
2822 2304 2939 2342 mea
2980 2288 3233 2357 faucibus
3266 2290 3416 2356 meis,
3445 2290 3495 2344 si

1886 2391 1993 2429 non
2020 2393 2303 2431 memmero
2335 2378 2431 2429 tui.
2465 2375 2625 2431 Idem
2657 2378 2761 2444 est,
2787 2377 2836 2429 si
2880 2375 3083 2430 oblitus
3112 2377 3269 2448 fuero
3300 2380 3400 2444 tui,
3432 2382 3492 2433 et

1886 2466 1935 2518 si
1954 2481 2062 2518 non
2087 2481 2372 2519 meminero
2390 2464 2593 2531 tui,sed
2613 2466 2852 2535 propter
2862 2463 3150 2518 diversum
3177 2463 3492 2535 repetitum

1889 2555 1995 2606 est.
2026 2552 2150 2607 Non
2177 2552 2363 2606 solum
2391 2554 2588 2606 autem
2617 2553 2903 2606 meminero
2934 2554 3017 2605 tui
3044 2555 3357 2623 utcunque,
3390 2551 3493 2606 sed

182 2634 415 2706 sponsio
444 2654 456 2690 :
490 2636 622 2691 Ideo
646 2652 750 2691 nos
780 2634 1130 2707 suspendere
1170 2650 1389 2705 organa
1415 2632 1626 2701 decuit,
1659 2634 1785 2704 quia
1888 2631 2941 2711 etiam,o'Hierusalem,proponam,id
2958 2642 3042 2694 est
3057 2641 3491 2709 anteponamte

183 2723 268 2777 illi
294 2725 391 2795 qui
408 2725 649 2793 captivos
677 2723 943 2776 duxerunt
974 2739 1087 2789 nos,
1105 2720 1163 2777 id
1182 2726 1270 2775 est
1289 2720 1532 2792 Maligni
1556 2720 1788 2791 spiritus
1888 2731 1945 2782 in
1965 2729 2252 2799 principio,
2285 2728 2345 2781 id
2389 2730 2474 2782 est
2513 2727 2906 2798 prascipuitate
2932 2728 3132 2781 laetitia
3158 2744 3307 2795 mete,
3340 2727 3487 2782 scili-

183 2811 282 2883 qui
311 2826 415 2881 per
436 2811 623 2866 Adam
655 2811 715 2864 in
741 2810 1131 2881 captivitatem
1157 2809 1307 2863 hanc
1340 2808 1706 2863 mortalitatis
1731 2811 1789 2862 et
1887 2819 1978 2869 cet
2001 2815 2046 2869 si
2076 2815 2186 2869 hoc
2220 2814 2367 2869 mihi
2392 2815 2720 2886 contigerit,
2753 2818 2815 2869 ut
2840 2815 2912 2871 de
2950 2815 3144 2871 multis
3172 2816 3342 2871 rebus
3366 2815 3492 2871 aliis

190 2897 585 2969 passibilitatis
602 2898 965 2953 adduxerunt
990 2913 1113 2965 nos,
1141 2897 1253 2951 illic
1272 2896 1594 2962 existentes,
1624 2893 1683 2948 id
1704 2896 1789 2948 est
1887 2902 2070 2970 mater,
2098 2903 2162 2955 tu
2189 2905 2386 2956 tamen
2419 2902 2490 2957 de
2511 2918 2625 2973 qua
2650 2902 3045 2974 adispiscenda
3060 2904 3184 2974 jam
3213 2921 3376 2976 spem
3395 2904 3493 2958 ha-

184 2986 248 3041 in
282 2986 545 3041 salicibus
574 2988 685 3041 illis
714 2986 1109 3057 praesidentes,
1140 3002 1245 3058 per
1273 2985 1422 3057 ipsas
1466 2983 1666 3039 salices
1701 2984 1786 3037 ιο·
1889 2989 2020 3057 beo,
2049 2988 2377 3061 principum
2405 2990 2536 3056 eris,
2558 2988 2617 3044 id
2648 2993 2734 3045 est
2757 2991 3045 3063 principua
3083 3007 3253 3046 causa
3274 2991 3490 3046 laetitiae

185 3074 419 3146 quendo
447 3077 906 3144 interrogaverunt
935 3091 1027 3127 nos
1056 3074 1214 3128 verba
1244 3074 1570 3141 cantionum,
1615 3072 1674 3126 id
1705 3073 1789 3125 est
1819 3104 1867 3165 Ο
1888 3093 2054 3132 mena.
2078 3077 2243 3132 Unde
2263 3076 2607 3132 Dominusin
2628 3077 2937 3149 Evangelio
2959 3095 2972 3134 :
2995 3102 3023 3129 α
3049 3079 3308 3134 Primum
3340 3096 3492 3152 qum-

181 3163 362 3217 verba
391 3162 895 3234 praedicationum,
932 3179 1059 3234 quin
1083 3161 1347 3216 fidelibus
1381 3164 1515 3216 sunt
1538 3161 1785 3215 delecta-

188 3250 335 3305 biles
366 3255 427 3305 ut
450 3251 767 3306 cautiones.
801 3250 1274 3320 Interrogaverunt
1303 3249 1541 3321 quidem
1572 3264 1690 3303 non
1722 3250 1788 3301 ut

183 3340 267 3394 eis
296 3340 904 3412 obtemperarent,sed
929 3344 991 3395 ut
1014 3357 1083 3395 ea
1106 3341 1449 3413 spernerent
1476 3340 1535 3393 et
1563 3337 1789 3394 concul-

180 3434 399 3484 carent.

254 3517 617 3573 Determinat
645 3522 841 3573 autem
873 3535 999 3591 quin
1030 3517 1188 3571 verba
1227 3519 1531 3571 cantionum
1556 3519 1784 3571 interro-

175 3613 459 3683 gaverunt,
493 3623 625 3661 cum
674 3607 835 3662 addit
876 3607 989 3663 sic:
1024 3606 1159 3661 Dico
1192 3608 1648 3674 interrogaverunt
1671 3621 1785 3666 nos,

178 3698 276 3766 qui
324 3697 564 3767 captivos
599 3696 866 3749 duxerunt
909 3711 1022 3749 nos.
1068 3693 1144 3751 Et
1186 3693 1291 3766 ipsi
1332 3693 1509 3747 iidem
1556 3692 1786 3764 spiritus

179 3783 421 3855 maligni
446 3786 542 3855 qui
565 3800 668 3855 per
687 3783 1143 3839 inobedientiam
1160 3781 1297 3836 Ada:
1318 3781 1651 3836 abduxerunt
1666 3797 1779 3847 nos,

178 3873 240 3928 id
265 3877 350 3928 est
370 3873 441 3927 ab
477 3876 696 3927 {eterna
726 3871 1083 3927 beatitudine
1115 3870 1173 3925 in
1200 3871 1347 3924 hanc
1393 3869 1781 3942 captivitatem

179 3960 450 4016 citaverunt
485 3978 598 4028 nos,
638 3976 742 4032 per
775 3960 899 4015 illas
944 3959 1142 4014 salices
1183 3961 1646 4027 interrogaverunt
1691 3975 1784 4012 nos

182 4048 438 4105 dicentes
467 4065 480 4103 :
517 4047 746 4103 Cantate
777 4064 957 4102 unum
983 4047 1241 4116 hymnum
1283 4046 1347 4101 de
1375 4048 1594 4101 canticis
1622 4045 1782 4114 Sion,

182 4138 241 4192 id
272 4143 359 4193 est
409 4156 540 4193 cum
579 4137 940 4209 jucunditate
980 4137 1128 4190 nobis
1171 4135 1425 4207 proferte
1478 4153 1652 4190 unam
1691 4135 1785 4207 ju-

182 4227 435 4281 cundam
468 4227 939 4298 praedicationem
980 4243 1048 4280 ex
1067 4225 1176 4280 illis
1199 4225 1471 4297 jucundis
1513 4225 1786 4296 praedica-

181 4313 435 4367 tionibus
490 4332 616 4385 qute
670 4314 917 4369 attinent
968 4313 1042 4367 ad
1086 4313 1225 4367 Sion
1267 4314 1577 4367 cmlestem.
1606 4311 1782 4367 Inter-

1887 3165 1997 3220 rite
2020 3180 2268 3236 regnum
2288 3164 2389 3219 Dei
2414 3163 2632 3235 (Matth.
2657 3181 2731 3232 γι,
2764 3166 2869 3233 33).
2889 3185 2922 3219 »
2939 3166 3064 3221 Non
3095 3165 3233 3222 dicit
3250 3168 3492 3237 primum

1889 3255 2171 3324 quantum
2210 3250 2285 3306 ad
2314 3250 2605 3319 ordinem,
2630 3252 2731 3307 sed
2756 3252 2911 3308 idem
2941 3257 3027 3308 est
3056 3270 3122 3308 ac
3152 3254 3198 3308 si
3226 3254 3442 3331 diceret
3470 3271 3486 3309 :

1887 3339 2178 3411 Prtecipue
2210 3341 2429 3411 quaerite
2454 3356 2575 3408 ore,
2598 3340 2792 3407 corde,
2814 3344 2873 3396 et
2893 3357 3090 3413 opere,
3113 3358 3334 3412 regnum
3360 3341 3485 3411 Dei,

1887 3429 2102 3483 scilicet
2130 3428 2483 3483 Hierusalem
2521 3428 2835 3484 caelestem.
2864 3428 3009 3493 Quia
3042 3432 3091 3484 si
3143 3445 3251 3484 non
3281 3447 3491 3502 prapo-

1886 3533 2035 3570 suero
2064 3519 2144 3584 te,
2162 3515 2524 3570 Hierusalem.
2549 3518 2604 3569 in
2626 3519 2890 3587 principio
2930 3518 3129 3573 laetitiae
3170 3535 3319 3585 mea,
3349 3520 3490 3575 obli-

1886 3605 2035 3658 vioni
2055 3604 2210 3657 detur
2227 3602 2440 3657 dextera
2469 3619 2608 3664 mea,
2636 3609 2686 3656 et
2706 3603 2973 3658 adhaereat
3003 3603 3191 3672 lingna
3220 3620 3337 3657 mea
3359 3605 3490 3675 fau-

1886 3693 2031 3746 cibus
2066 3694 2212 3747 meis.
2242 3692 2357 3745 Hoc
2395 3690 2732 3746 subauditur
2779 3706 2884 3762 per
2920 3690 3326 3762 aposiopesim.
3380 3693 3488 3747 Has

1886 3784 2081 3837 autem
2104 3779 2464 3834 conditiones
2481 3778 2608 3835 ideo
2624 3782 2848 3850 ponunt
2864 3782 2927 3833 ut
2938 3778 3249 3834 ostendant
3268 3779 3490 3835 bonum

1882 3871 2080 3924 votum
2100 3884 2269 3922 suum
2300 3868 2370 3923 de
2398 3867 2769 3934 Hierusalem,
2809 3871 2866 3921 et
2892 3866 3141 3922 innuant
3168 3867 3491 3926 maximum

1886 3956 2303 4012 detrimentum
2331 3955 2412 4010 eis
2440 3955 2778 4018 affuturum,
2809 3955 2907 4027 qui
2937 3958 3134 4010 votum
3164 3956 3385 4011 bonum
3417 3957 3489 4012 de

1888 4045 2239 4100 Hierusalem
2258 4061 2374 4100 non
2397 4044 2713 4099 habebunt.
2736 4043 2916 4099 Orant
2932 4043 3107 4099 etiam
3135 4045 3205 4100 de
3227 4060 3501 4100 remune-‘

1887 4133 2110 4189 ratione
2128 4132 2588 4201 tribulationum,
2607 4149 2747 4205 quas
2767 4150 2870 4205 pro
2887 4133 3006 4188 Deo
3028 4133 3345 4206 patiuntur,
3369 4134 3447 4190 sic
3470 4152 3485 4189 :

1887 4221 2190 4293 Dicoquod
2211 4237 2328 4277 non
2348 4220 2540 4276 oblitus
2568 4239 2655 4275 ero
2684 4221 3050 4289 Hierusalem,
3080 4225 3137 4277 et
3168 4223 3324 4294 quod
3353 4240 3486 4293 pro-

1876 4327 2101 4381 posuero
2135 4309 2477 4365 Hierusalem
2516 4312 2572 4364 in
2605 4312 2868 4382 principio
2904 4311 3102 4365 laetitia
3134 4327 3281 4364 meae.
3315 4310 3489 4380 Cujus

180 4381 526 4471 rogaverunt,
578 4403 838 4474 inquam,
894 4418 991 4457 nos
1055 4402 1219 4457 verba
1276 4404 1606 4455 cantionum.
1673 4402 1785 4456 Nos
1810 4381 1862 4440 D
1886 4398 1969 4453 rei
1996 4398 2186 4469 gratia
2228 4400 2424 4454 multa;
2451 4381 2852 4453 tribulationes
2891 4397 3055 4451 nobis
3104 4397 3429 4457 inferuntur
3454 4416 3489 4454 a

182 4493 379 4543 autem
438 4491 509 4544 ab
569 4490 647 4544 eis
717 4507 939 4561 organa
992 4489 1406 4560 suspendentes
1472 4488 1718 4543 diximus
1768 4506 1781 4543 :

182 4577 456 4645 Quomodo
513 4580 863 4647 cantabimus,
918 4578 1077 4634 vobis
1140 4578 1409 4633 Canticum
1462 4576 1686 4630 Domini
1731 4580 1785 4629 in

180 4672 320 4719 terra
346 4665 540 4733 aliena,
570 4666 624 4720 id
647 4669 732 4720 est
758 4666 817 4720 in
847 4664 1305 4720 consideratione
1346 4664 1549 4719 aliena:

179 4759 350 4809 terrae
370 4754 398 4809 ‘l
426 4756 506 4808 A3
537 4754 579 4808 si
608 4754 802 4809 dicant
829 4771 842 4809 :
879 4755 1021 4809 Cum
1056 4770 1156 4808 vos
1194 4752 1626 4807 consideremus
1669 4757 1783 4807 ter-

180 4859 309 4897 ram
334 4842 591 4896 sterilem
624 4858 745 4897 esse
772 4844 829 4895 et
853 4841 1102 4896 alienam
1135 4859 1168 4896 a
1199 4844 1336 4909 Deo,
1370 4844 1427 4895 et
1479 4856 1597 4895 non
1648 4858 1784 4896 con-

178 4947 386 5002 gruem
406 4930 610 4986 semini
636 4930 912 4985 doctrina:
931 4930 1182 4998 Domini,
1202 4930 1356 4985 vobis
1377 4929 1664 4985 canticum
1689 4931 1785 4985 do-

177 5019 376 5075 ctrinae
409 5019 637 5075 Domini
671 5034 786 5073 non
819 5018 1199 5074 cantabimus.
1233 5019 1327 5073 Vel
1353 5019 1433 5073 sic
1467 5034 1479 5072 :
1514 5019 1625 5074 Nos
1646 5035 1783 5073 con-

178 5112 472 5163 versantes
497 5124 737 5179 corpore
770 5109 826 5162 in
853 5115 991 5161 terra
1021 5106 1218 5174 aliena,
1248 5107 1304 5162 id
1350 5111 1435 5162 est
1486 5107 1640 5163 inter
1686 5126 1785 5163 vos

177 5200 461 5268 terrenos,
490 5200 549 5251 et
574 5214 607 5251 a
641 5200 753 5251 Oeo
784 5196 1012 5267 penitus
1041 5197 1280 5264 alienos,
1309 5197 1567 5267 quomodo
1597 5204 1781 5250 canta-

180 5285 351 5339 bimus
407 5286 550 5339 vobis
608 5288 874 5343 canticum
927 5284 1198 5339 Domini?
1230 5285 1329 5339 Vel
1356 5285 1433 5339 sic
1465 5301 1477 5340 :
1510 5283 1783 5352 Quomodo

178 5374 511 5427 cantabimus
538 5376 800 5427 canticum
828 5373 1051 5427 Domini
1098 5372 1260 5428 vobis
1304 5372 1675 5448 eristentibus
1727 5376 1782 5428 in

179 5468 323 5517 terra
358 5463 555 5531 aliena,
588 5462 646 5516 id
678 5466 763 5517 est
788 5462 846 5516 in
873 5462 1211 5516 terrenitate
1229 5465 1433 5529 vestra,
1457 5478 1585 5534 quae
1607 5479 1641 5517 a
1663 5463 1781 5519 Deo

180 5554 266 5606 est
293 5551 502 5619 aliena,
532 5554 589 5605 et
614 5550 819 5605 semini
848 5549 1125 5605 doctrinae
1165 5566 1283 5606 non
1332 5551 1631 5622 congrua?
1653 5552 1780 5607 Inu-

178 5639 279 5699 tile
306 5639 539 5712 quidem
571 5642 719 5695 esset
746 5639 903 5695 vobis
932 5638 1223 5694 canticum
1256 5639 1531 5695 doctrinas
1549 5640 1781 5698 Domini

178 5731 436 5799 cantare,
472 5728 718 5803 ideoque
749 5745 869 5784 non
926 5728 1306 5785 cantabimus.
1338 5727 1626 5795 Quoniam
1674 5748 1774 5790 au-

1888 4484 2017 4539 ﬁliis
2054 4486 2260 4553 Edom,
2308 4486 2368 4539 id
2406 4490 2492 4539 est
2524 4502 2559 4539 a
2604 4485 2735 4538 ﬁliis
2782 4484 3025 4539 terrenis
3053 4487 3112 4538 et
3133 4485 3483 4555 sanguineis,

1886 4575 2099 4629 scilicet
2123 4592 2158 4629 a
2181 4575 2312 4628 ﬁliis
2340 4573 2663 4644 Babylonis,
2705 4572 2764 4628 id
2793 4577 2878 4628 est
2912 4573 2983 4629 ab
3015 4573 3206 4644 impiis
3234 4574 3485 4631 homini-

1885 4661 2011 4729 bus,
2028 4662 2125 4733 qui
2137 4661 2632 4736 priefiguratisunt
2648 4678 2751 4732 per
2764 4662 2910 4717 ﬁlios
2926 4663 3067 4717 Esau
3090 4663 3187 4735 qui
3213 4666 3273 4718 et
3305 4665 3485 4721 Edem

1886 4751 2113 4818 dicitur,
2148 4750 2245 4823 qui
2275 4751 2335 4804 in
2367 4750 2556 4804 reditu
2582 4751 2832 4807 filiorum
2860 4753 3032 4808 lsrael
3055 4753 3125 4809 de
3156 4753 3486 4825 captivitate

1886 4839 2297 4911 Babyloniaaﬁn
2314 4838 2661 4894 Hierusalem
2674 4840 3100 4912 impediverunt
3111 4841 3292 4909 eos,in
3307 4858 3487 4913 quan-

1885 4931 2009 4982 tum
2028 4930 2359 4999 potuerunt,
2384 4943 2456 4981 ne
2481 4926 2768 4983 civitatem
2797 4931 2856 4984 et
2868 4930 3155 5000 templum
3178 4929 3489 4986 reteditlca-

1884 5019 2036 5070 rent.
2052 5016 2271 5071 Eodem
2293 5016 2503 5088 quippe
2521 5018 2694 5072 modo
2724 5017 2825 5071 filii
2853 5017 3024 5087 hujus
3050 5018 3486 5080 mundi,fldeles

1885 5103 2350 5159 tribulationibus
2379 5104 2666 5177 impedire
2688 5104 2974 5172 nituntur,
3016 5122 3089 5159 ne
3123 5105 3336 5178 seipsos
3365 5108 3485 5163 Deo

1882 5194 2167 5265 templum
2227 5193 2375 5248 bene
2420 5192 2665 5248 vivendo
2710 5192 3016 5248 mdilicent.
3061 5193 3243 5250 Edom
3289 5200 3486 5252 autem

1885 5290 2118 5337 terrenus
2146 5283 2234 5337 vel
2262 5282 2581 5350 sanguineus
2607 5281 3041 5352 interpretatur.

1956 5370 2091 5426 Dico
2122 5370 2277 5443 quod
2306 5385 2412 5440 pro
2428 5368 2830 5424 recordatione
2852 5370 3203 5427 Hierusalem
3231 5372 3483 5431 inferun-

1881 5464 1977 5516 tur
2002 5460 2166 5517 nobis
2185 5457 2583 5514 tribulationes
2599 5473 2632 5511 a
2658 5458 2787 5514 filiis
2810 5459 3011 5517 Edom.
3037 5460 3103 5515 Et
3119 5464 3200 5529 tu,
3235 5460 3483 5531 Domine,

1886 5550 1989 5605 etsi
2022 5548 2195 5605 modo
2229 5547 2470 5602 videaris
2500 5563 2603 5602 nos
2647 5547 2738 5603 hic
2773 5547 3047 5604 oblivioni
3087 5549 3247 5613 dare,
3289 5566 3488 5608 memor

1882 5646 1988 5694 esto
2012 5641 2069 5694 in
2093 5637 2182 5693 die
2208 5635 2565 5706 Hierusalem,
2594 5635 2651 5691 id
2678 5639 2763 5692 est
2787 5636 2846 5692 i.i
2895 5636 2986 5693 die
3024 5637 3247 5709 judicii,
3278 5639 3338 5696 in
3368 5657 3490 5715 qua

1881 5726 2142 5809 plenarie
2172 5725 2484 5783 constitues
2537 5725 2895 5786 Hierusalem
2929 5727 3219 5787 cmlestem
3251 5729 3500 5819 ﬁliorun‘
