4016 6030
574 377 714 458 tuo
1175 368 1236 448 ς.
1258 366 1621 449 erumnis
1655 363 2284 447 caesariem:an
2319 362 2786 445 m'smmoms
2826 364 2981 445 opp.
3029 364 3267 444 mest
3748 376 3865 437 iam

574 518 771 586 Edam,
789 511 851 572 id
874 512 960 572 est
985 526 1215 571 memor
1242 514 1364 567 esto
1394 507 1834 568 tribulationum
1859 522 1986 582 quae
2006 506 2170 564 nobis
2194 533 2250 593 Α
2272 504 2470 576 bonae;
2502 503 2668 580 impii
2696 522 2829 564 vero
2857 502 3015 561 sicin
3040 502 3339 577 impietate
3372 499 3577 572 adulti,
3602 503 3671 558 ut
3693 517 3761 557 ex
3796 502 3867 555 in-

572 625 677 682 pro
725 602 1128 663 recordatione
1175 600 1528 659 Hierusalem
1586 600 1912 656 inferuntur
1959 615 1994 653 a
2044 597 2172 654 ﬁliis
2271 596 2632 671 vidiagloriae
2653 597 2942 653 bonorum
2960 598 3455 651 ettormentorum
3475 610 3723 655 suorum
3743 593 3867 646 nihil

572 697 779 760 Edom,
810 693 871 757 id
898 696 985 749 est
1004 709 1038 747 a
1073 690 1531 763 persecutoribus
1559 688 1688 744 ﬁliis
1730 689 1897 759 hujus
1942 686 2168 755 mundi,
2269 687 2577 741 voluntatis
2605 689 2859 767 habeant
2887 685 2995 741 nisi
3023 686 3222 751 malae;
3243 684 3460 739 nullam
3492 686 3698 737 tamen
3726 686 3871 753 pote-

568 783 819 841 terrenis
843 782 932 837 vel
952 776 1285 851 sanguineis
1312 795 1324 832 :
1358 781 1422 832 ut
1443 793 1541 833 eos
1559 792 1894 832 remuneres
1916 776 2171 847 quando-
2268 775 2478 829 statem
2511 776 2679 831 malm
2709 772 3066 847 operationis
3096 772 3370 828 habituri.

569 889 702 944 que,
729 869 946 927 scilicet
973 868 1034 924 in
1060 867 1153 923 die
1173 866 1547 921 Hierusalem.
1568 865 1666 919 Vel
1691 866 1879 936 potest
1896 879 2017 918 esse
2036 879 2170 918 con-
2693 864 2760 917 IN
2792 862 3117 918 PSALMUM
3161 861 3440 917 CXXXVII.

567 958 751 1015 cessio
763 955 1153 1014 damnationis
1165 954 1419 1010 ﬁliorum
1434 953 1714 1020 Edom,ut
1740 969 1839 1007 eos
1860 951 2169 1022 anequitia
2333 949 2550 1004 Titulus
2574 950 2873 1005 centesimi
2900 949 3171 1004 tricesimi
3202 948 3455 1021 septimi.
3493 947 3758 1002 Psalmus
3786 950 3872 1017 ipsi

567 1065 673 1105 sua
691 1048 980 1103 deterreat
995 1042 1328 1100 sic:Memor
1345 1048 1471 1105 esto,
1492 1041 1740 1110 Domine,
1769 1043 1824 1095 in
1844 1040 1928 1094 die
1959 1040 2164 1094 Hieru-
2263 1036 2462 1104 David,
2489 1038 2546 1092 id
2575 1042 2660 1093 est
2682 1038 2905 1094 Christo
2937 1038 3205 1092 directus.
3243 1038 3365 1091 Non
3398 1036 3554 1109 quod
3578 1036 3671 1091 hic
3716 1037 3867 1090 Chri-

565 1135 755 1203 salem,
772 1134 834 1189 id
847 1136 933 1189 est
946 1132 1006 1187 in
1023 1132 1116 1188 die
1134 1131 1338 1203 judicii
1357 1131 1609 1185 ﬁliorum
1627 1130 2165 1203 Edonijiersequen-
2264 1128 2381 1180 stus
2407 1126 2695 1198 loquatur,
2709 1127 2813 1182 sed
2836 1126 2971 1199 quia
2996 1126 3253 1181 ﬁdelium
3267 1125 3663 1197 perfectorum
3688 1141 3870 1178 massa

565 1146 755 1203 solm,
772 1146 834 1189 ια
847 1146 933 1189 est
946 1150 1006 1187 1n
1023 1146 1116 1188 die
1134 1146 1338 1203 Jumcn
1357 1146 1609 1185 nnorum
1627 1146 1805 1184 noon)
1862 1146 2165 1200 ersequen-
2264 1146 2381 1180 SL113
2407 1146 2695 1198 loquatur,
2709 1146 2813 1182 sea
2836 1146 2971 1199 quia
2996 1146 3253 1181 uacuum
3267 1146 3663 1197 perlecwrum
3689 1146 3867 1178 massa

565 1223 713 1279 tium
733 1238 841 1278 nos
851 1236 954 1293 pro
974 1219 1376 1277 recordatione
1395 1219 1770 1284 Hierusalem,
1994 1220 2056 1270 ut
2067 1232 2165 1271 eos
2262 1212 2323 1267 in
2352 1214 2460 1269 hoc
2482 1215 2703 1286 psalmo
2726 1231 2924 1286 agens,
2954 1214 3128 1270 verba
3149 1230 3251 1268 sua
3274 1213 3471 1284 dirigit
3492 1214 3565 1267 ad
3580 1212 3867 1267 Christum

557 1311 713 1383 juste
739 1310 964 1383 punias.
995 1306 1105 1374 Qui
1128 1306 1405 1363 nimirum
1426 1306 1530 1361 ﬁlii
1551 1305 1734 1360 Edam
1763 1304 2164 1359 contradicunt
2263 1300 2336 1354 ad
2362 1302 2685 1371 gratiarum
2713 1303 3025 1369 actionem,
3046 1301 3358 1356 ostendens
3377 1301 3592 1355 bonam
3622 1300 3869 1355 affectio-

554 1399 718 1455 'inter
734 1416 797 1453 se
817 1414 967 1452 unus
986 1395 1101 1451 alii.
1120 1396 1437 1461 Exinanite,
1458 1395 1723 1448 exinanite
1750 1392 1843 1447 illa
1881 1408 2009 1463 quae
2029 1394 2164 1446 sunt
2262 1404 2395 1443 nem
2439 1406 2604 1444 suam
2648 1406 2824 1462 quam
2880 1389 3061 1444 habet
3108 1388 3423 1444 confitendi
3474 1388 3587 1459 ipsi
3620 1388 3867 1443 Domino

560 1487 622 1540 in
648 1502 732 1553 ea,
763 1484 823 1540 id
860 1487 948 1540 est
979 1484 1037 1537 in
1083 1482 1295 1538 civibus
1326 1482 1449 1553 ejus
1493 1481 1850 1536 Hierusalem
1894 1496 2055 1551 usque
2091 1478 2162 1533 ad
2262 1475 3076 1549 Christo,etpsallendi.Quod
3093 1477 3165 1532 ad
3184 1476 3632 1531 instructionem
3650 1477 3869 1531 audito-

560 1572 1005 1645 fundamentum;
1033 1585 1098 1625 ac
1122 1568 1169 1625 si
1187 1568 1341 1623 dicat
1370 1585 1382 1622 :
1413 1568 1557 1632 Quia
1575 1567 1775 1622 vident
1790 1582 1897 1621 nos
1926 1566 1999 1621 ad
2030 1565 2159 1619 Hie-
2260 1580 2393 1621 rum
2413 1564 2646 1633 facit,ut
2663 1583 2760 1622 eos
2777 1566 3182 1621 instruathanc
3203 1566 3472 1621 eamdem
3496 1565 3866 1620 affectionem

560 1658 1089 1720 rusalemtendere,
1104 1656 1320 1711 invidia
1347 1657 1483 1711 tacti
1500 1658 1924 1728 persequuntur
1939 1670 2045 1708 nos
2059 1652 2159 1706 tri-
2260 1651 2639 1709 habere.0rat
2657 1670 2884 1726 quoque
2907 1653 2977 1708 de
2996 1654 3470 1725 multiplicatione
3490 1654 3797 1719 virtutum,
3812 1658 3868 1706 ut

561 1746 973 1813 bulationibus,
1001 1743 1257 1799 dicentes
1286 1760 1299 1798 :
1334 1744 1754 1814 Persequamur
1779 1758 1877 1797 eos
1922 1740 2164 1796 tribula-
2263 1740 2498 1795 eosdem
2521 1741 2767 1796 instruat
2788 1757 2976 1808 orare,
2999 1744 3056 1795 et
3087 1746 3248 1812 optat
3271 1758 3437 1813 reges
3464 1744 3636 1795 terra:
3669 1745 3739 1795 ut
3771 1742 3870 1795 Do-

559 1835 821 1891 tionibus.
842 1832 1100 1899 assiduis,
1134 1836 1192 1888 et
1232 1831 1312 1886 sic
1342 1831 1763 1893 exinaniamus,
1794 1830 2060 1901 inquam,
2104 1827 2163 1883 id
2188 1851 2239 1909 Β
2262 1828 2423 1882 mino
2454 1830 3007 1898 conﬁteantur,etin
3039 1830 3142 1883 viis
3162 1831 3284 1901 ejus
3305 1834 3573 1897 cantent;
3594 1834 3655 1885 et
3678 1830 3871 1883 subdit

558 1926 999 1979 estevacuemus
1014 1920 1249 1976 virtutes
1267 1923 1325 1974 et
1349 1936 1527 1991 opera
1544 1919 1701 1974 bona
1717 1915 2162 1989 eorum,quibus
2261 1930 2458 1969 causas
2492 1934 2669 1989 quare
2702 1918 2805 1988 ipsi
2836 1917 3097 1973 conﬁteri
3130 1917 3402 1984 debeant,
3435 1921 3491 1971 et
3522 1917 3580 1971 in
3615 1917 3721 1969 viis
3752 1918 3869 1986 ejus

560 2010 636 2066 ad
659 2011 950 2067 ominalem
973 2008 1325 2065 Hierusalem
1346 2007 1613 2074 tendunt,
1636 2010 1694 2061 et
1714 2006 1773 2060 in
1798 2009 2027 2061 tantum
2043 2004 2160 2058 exi-
2260 2009 2514 2061 cantare.

558 2096 1048 2169 naniamus,quod
1060 2112 1237 2168 usque
1254 2095 1328 2151 ad
1347 2094 1797 2150 exinaniendum
1818 2093 2162 2148 fundamen-
2335 2092 2638 2162 Con/ltebor
2663 2094 2784 2161 tibi,
2818 2096 3048 2150 Domine
3072 2096 3315 2163 Christe,
3330 2098 3387 2149 in
3408 2102 3514 2149 toto
3544 2095 3708 2150 corde
3734 2113 3868 2159 meo,

559 2190 684 2242 tum
709 2186 1132 2259 perveniamus,
1166 2183 1380 2238 scilicet
1404 2198 1585 2254 usque
1630 2181 1775 2236 adeo
1822 2198 1919 2237 eos
1965 2197 2158 2253 perse-
2258 2178 2317 2234 id
2348 2185 2432 2235 est
2454 2174 2698 2237 laudabo
2729 2186 2784 2238 te
2811 2183 2871 2238 in
2905 2187 3026 2238 tota
3042 2183 3342 2238 affectione
3366 2183 3553 2237 cordis
3572 2184 3718 2249 mei,
3741 2184 3871 2237 licet

558 2289 828 2346 quatuor,
860 2277 923 2329 ut
951 2273 1129 2329 etiam
1165 2271 1343 2327 ﬁdem
1387 2270 1469 2326 eis
1516 2273 1980 2341 extorqueamus,
2031 2286 2157 2341 quae
2259 2283 2292 2321 a
2314 2268 2523 2323 Iudaeis
2548 2270 2900 2340 vituperatus
2938 2271 3132 2325 fueris.
3168 2272 3235 2324 Et
3275 2271 3485 2325 merito
3518 2271 3866 2333 conﬁtebor,

555 2363 1003 2421 fundamentum
1033 2364 1119 2415 est
1137 2359 1404 2415 omnium
1430 2358 1702 2412 virtutum
1724 2361 1782 2413 et
1797 2374 2038 2429 operum
2061 2357 2160 2412 bo-
2257 2359 2509 2426 quoniam
2531 2358 2728 2412 audisti
2755 2358 2833 2412 sic
2864 2362 2925 2411 ut
2944 2359 3538 2429 impetrarem,omnia
3572 2358 3741 2412 verba
3764 2365 3868 2410 oris

554 2446 1566 2521 norumipsorum.Condolentetiam
1581 2446 1651 2500 de
1664 2445 1896 2500 miseria
1908 2445 2156 2500 ﬁliorum
2255 2446 2390 2509 mei;
2421 2462 2487 2500 ac
2516 2446 2561 2499 si
2585 2446 2736 2501 dicat
2764 2463 2778 2501 :
2812 2448 2939 2502 Non
2960 2448 3147 2503 solum
3173 2451 3229 2502 te
3259 2447 3445 2502 verbis
3470 2447 3664 2501 cordis
3684 2448 3862 2512 oravi,

555 2537 764 2604 Edom,
795 2552 939 2607 quos
964 2535 1147 2597 ﬁliam
1183 2534 1487 2605 Babylonis
1512 2536 1737 2599 vocant,
1757 2536 1819 2588 ut
1850 2533 2158 2588 ostendant
2257 2533 2699 2604 cogitationibus
2723 2535 2954 2602 scilicet,
2982 2536 3081 2590 sed
3102 2539 3157 2590 et
3180 2536 3365 2590 verbis
3395 2536 3513 2590 oris
3538 2536 3861 2590 exterioris.

555 2641 657 2682 eos
685 2641 792 2698 per
820 2640 1036 2680 nomen
1066 2639 1230 2678 sexus
1257 2621 1524 2677 feminini
1565 2621 1931 2677 effeminatos
1949 2638 2069 2676 esse
2096 2622 2154 2677 in
2255 2620 2323 2674 Et
2373 2620 2471 2675 illa
2517 2622 2673 2675 verba
2721 2624 2900 2676 omnia
2947 2623 3169 2690 audisti,
3206 2624 3305 2678 illa
3356 2623 3623 2678 videlicet
3667 2624 3864 2678 omnia

553 2714 880 2781 virtutibus,
905 2712 982 2767 sic
1006 2728 1019 2765 :
1046 2711 1157 2765 Vos
1186 2709 1296 2789 ﬁlii.
1318 2707 1524 2772 Edom,
1559 2709 1657 2781 qui
1682 2709 1859 2765 etiam
1878 2710 1995 2778 ﬁlio
2025 2710 2156 2765 estis
2255 2726 2384 2780 quae
2411 2709 2588 2781 digna
2607 2714 2772 2765 erant
2796 2710 3223 2782 impetratione.
3245 2712 3405 2765 Unde
3428 2711 3586 2765 idem
3606 2712 3861 2767 inEvan-

552 2802 872 2874 Babylonis,
902 2800 963 2856 id
986 2802 1073 2855 est
1098 2798 1271 2870 huius
1297 2798 1521 2865 mundi,
1568 2798 1757 2852 dicitis
1803 2800 2072 2853 exinanite
2099 2802 2158 2853 et
2255 2797 2405 2866 gelio
2435 2813 2448 2850 :
2483 2820 2510 2846 ‹‹
2540 2797 2931 2871 Quodcunque
2955 2798 3235 2869 petieritis
3267 2800 3497 2853 Patrem
3526 2798 3585 2852 in
3620 2799 3855 2853 nomine

551 2891 832 2964 reputatis
859 2904 964 2945 nos
993 2888 1256 2955 miseros,
1280 2903 1380 2942 vos
1408 2903 1543 2942 vero
1574 2903 1694 2941 esse
1718 2887 1937 2942 beatos.
1971 2888 2153 2942 Econ—
2256 2886 2515 2954 meo,det
2545 2886 2701 2941 vobis
2731 2886 2915 2959 (Joan.
2944 2903 3035 2954 xv,
3058 2887 3166 2959 16).
3186 2908 3214 2935 ››
3238 2885 3563 2955 Conﬁtebor,
3591 2886 3855 2958 inquam,

551 2979 732 3035 trario
770 2993 905 3035 vero
953 2980 1039 3039 tu,
1066 2976 1180 3044 ﬁlia
1234 2973 1550 3045 Babylonis,
1594 2975 1793 3028 misera
1847 2990 1926 3041 es,
1960 2974 2065 3028 etsi
2096 2974 2155 3029 in
2254 2975 2311 3028 in
2332 2979 2438 3027 toto
2460 2973 2632 3029 corde.
2645 2974 2733 3046 _Et
2753 2991 2880 3046 non
2912 2976 3098 3029 solum
3128 2974 3257 3040 hoc,
3282 2974 3378 3028 sed
3412 2976 3470 3028 et
3480 2974 3720 3046 psallam
3737 2974 3854 3039 tibi,

552 3066 923 3124 saecularibus
951 3066 1197 3131 floreas;
1247 3044 1561 3118 sedbeatus
1615 3065 1676 3117 et
1715 3061 1809 3116 hic
1849 3062 1909 3116 in
1960 3061 2154 3117 futuro
2176 3099 2224 3161 ϐ
2255 3059 2316 3115 id
2346 3065 2431 3115 est
2461 3062 2608 3116 bene
2869 3062 3154 3133 operabor
3198 3061 3272 3116 ad
3326 3044 3615 3116 honorem
3649 3066 3810 3115 tuum
3843 3079 3855 3113 :

551 3157 851 3229 quicunque
878 3153 1139 3213 ﬁdelium
1169 3151 1419 3206 retribuet
1448 3151 1548 3205 tibi
1577 3150 1973 3204 retributionem
2007 3157 2156 3203 tuam
2182 3149 2224 3161 “⁴’
2257 3150 2312 3201 in
2355 3157 2649 3219 convecta,
2680 3150 2740 3203 id
2786 3152 2871 3203 est
2922 3150 2981 3203 in
3014 3149 3474 3204 consideratione
3525 3149 3856 3219 angelorum,

550 3259 715 3316 quam
739 3242 1032 3299 retribuisti
1047 3240 1216 3295 nobis.
1245 3239 1490 3309 Exponit
1520 3253 1661 3309 ergo
1693 3254 1869 3310 quam
1907 3238 2153 3292 retribu-
2254 3236 2467 3290 scilicet
2496 3253 2614 3292 non
2665 3238 2737 3291 ad
2788 3238 3111 3292 humanum
3164 3237 3422 3292 favorem
3473 3237 3627 3292 bene
3658 3254 3858 3308 opera-

550 3331 775 3385 tionem
799 3324 1704 3396 retribuet,cumaddit:Beatus,
1727 3325 1962 3388 scilicet,
1986 3328 2043 3379 et
2063 3326 2155 3380 hic
2254 3324 2380 3392 bor,
2420 3325 2521 3380 sed
2570 3342 2637 3380 ex
2695 3327 2818 3382 sola
2858 3326 3163 3381 dilectione
3218 3326 3321 3392 tui,
3354 3326 3499 3379 sicut
3553 3326 3749 3397 angeli
3798 3342 3861 3379 ex

550 3418 689 3472 etin
720 3417 936 3483 futuro,
972 3417 1067 3486 qui
1100 3414 1290 3469 tenebit
1318 3414 1585 3486 parvulos
1614 3416 1743 3467 tuos
1772 3429 1845 3468 ne
1874 3418 2152 3482 crescant,
2255 3413 2377 3467 sola
2409 3413 2713 3469 dilectione
2745 3414 3065 3468 ministeria
3091 3414 3170 3469 eis
3216 3413 3476 3484 injuncta
3519 3417 3859 3484 operantur.

552 3505 767 3562 scilicet
784 3504 882 3561 illa
911 3503 1182 3560 membra
1210 3506 1328 3570 tua,
1358 3518 1486 3573 quae
1514 3500 1776 3556 nondum
1805 3502 1864 3557 in
1898 3502 2154 3557 adultam
2253 3500 2353 3555 Vel
2369 3501 2609 3572 psallam
2639 3502 2737 3556 tibi
2777 3504 2833 3555 in
2870 3509 3143 3572 conspectu
3192 3502 3498 3571 angelorum
3529 3501 3861 3572 ponendus.

552 3592 872 3667 nequitiam
888 3592 1273 3657 devenerunt;
1294 3589 1394 3645 sed
1414 3588 1600 3644 adhuc
1612 3605 1787 3661 parva
1804 3593 1937 3644 sunt
1955 3589 2015 3644 in
2037 3606 2158 3645 ma-
2255 3588 2313 3642 id
2340 3593 2425 3643 est
2448 3590 2509 3644 in
2541 3590 2746 3645 eadem
2762 3591 2994 3662 speciali
3024 3590 3514 3661 contemplatione
3548 3589 3865 3643 divinitatis

550 3683 694 3750 litia,
713 3677 1324 3737 retentabitamalitia
1343 3694 1447 3732 sua
1459 3692 1567 3749 per
1580 3676 2152 3751 praedicationemme
2254 3680 2388 3745 tuae,
2422 3677 2479 3732 in
2509 3695 2623 3750 qua
2652 3679 2758 3749 ipsi
2791 3678 2959 3750 positi
2990 3681 3141 3745 sunt,
3175 3678 3389 3732 scilicet
3418 3694 3486 3731 ea
3530 3678 3863 3732 intentione

548 3771 615 3827 in
641 3786 712 3826 ea
730 3771 1013 3835 crescant,
1046 3769 1104 3822 et
1131 3766 1209 3823 sic
1238 3783 1336 3822 eos
1359 3765 1600 3833 tenebit,
1633 3764 1790 3837 quod
1819 3765 1999 3819 allidet
2028 3766 2154 3820 illos
2250 3766 2495 3837 psallam
2512 3766 2648 3821 utad
2661 3767 2935 3821 eumdem
2947 3769 3317 3837 conspectum
3331 3766 3618 3838 attingere
3632 3782 3870 3820 merear

538 3858 795 3933 parvulos
825 3865 941 3913 tuos
967 3855 1255 3926 adpetram
1276 3853 1651 3919 fortitudinis,
1685 3852 1974 3908 Christum
2004 3853 2151 3908 scili-
2253 3870 2367 3924 quo
2398 3855 2589 3927 angeli
2634 3855 3029 3926 perfruuntur.
3076 3856 3144 3909 Et
3195 3855 3265 3909 ad
3316 3854 3567 3925 templum
3614 3862 3864 3908 sanctum

548 3952 657 4019 cet,
693 3948 950 4003 destruet
974 3960 1074 4000 eos
1102 3942 1422 3998 secundum
1452 3941 1606 4013 quod
1639 3941 1778 3996 mali
1819 3944 1953 3995 sunt
1981 3941 2154 4011 :jun-
2254 3949 2408 3996 tuum
2431 3942 2684 4009 veniens,
2708 3943 2768 3997 id
2794 3946 2879 3998 est
2907 3942 3141 3998 veniens
3171 3943 3244 3997 ad
3273 3944 3381 3998 hoc
3412 3944 3560 3997 bene
3591 3942 3864 4007 vivendo,

549 4035 743 4108 gendo
764 4051 865 4089 eos
876 4048 978 4105 per
990 4031 1167 4089 ﬁdem
1195 4033 1373 4101 petra:
1394 4028 1747 4084 fortitudinis
1766 4028 2010 4096 Christo,
2031 4046 2065 4083 a
2079 4030 2152 4083 si-
2253 4034 2317 4085 ut
2337 4046 2569 4085 merear
2588 4048 2709 4085 esse
2724 4037 2967 4086 sanctum
3000 4031 3247 4101 templum
3275 4038 3425 4085 tuum
3458 4031 3516 4085 in
3540 4048 3658 4104 quo
3702 4032 3872 4103 spiri-

549 4122 881 4178 militudine
911 4115 1663 4189 parvulorum,quiallisiad
1686 4116 1937 4188 lapidem
1959 4116 2156 4172 interi-
2253 4120 2450 4176 taliter
2478 4119 2786 4188 inhabiles,
2814 4119 3043 4174 adorabo
3096 4126 3153 4175 te
3184 4121 3241 4174 in
3283 4120 3381 4173 illo
3412 4121 3659 4191 templo,
3690 4120 3749 4173 id
3783 4126 3871 4174 est

548 4213 817 4278 muntur;
851 4223 917 4264 ac
955 4207 1000 4263 si
1035 4205 1187 4261 dicat
1220 4222 1233 4259 :
1268 4206 1472 4260 Beatus
1513 4208 1572 4258 et
1606 4203 1696 4258 hic
1738 4208 1795 4259 et
1839 4204 1899 4258 in
1937 4204 2152 4273 futuro,
2252 4209 2575 4263 venerabor
2604 4210 2661 4262 te
2680 4210 2932 4280 quodam
2957 4208 3233 4279 singulari
3264 4208 3419 4262 cultu
3436 4207 3762 4279 principum
3777 4224 3873 4262 ve-

549 4299 877 4379 quicunque
906 4295 1163 4353 ﬁdelium
1190 4294 1453 4366 parvulos
1478 4295 1604 4347 tuos
1632 4308 1735 4363 per
1759 4291 1936 4347 ﬁdem
1960 4292 2154 4348 incor-
2255 4295 2591 4364 nerationis,
2612 4299 2668 4349 te
2697 4296 2881 4350 Deum
2909 4300 2966 4351 et
2985 4296 3321 4363 Dominum,
3343 4300 3401 4350 et
3418 4313 3511 4350 me
3531 4301 3877 4351 creaturam

550 4387 804 4473 potabit,
857 4384 1167 4473 iungendo
1202 4382 1355 4454 ipsos
1397 4380 1640 4473 Christo
1654 4379 1861 4473 capiti,
1910 4381 2055 4436 sicut
2094 4385 2153 4437 tu
2177 4410 2227 4469 D
2253 4387 2312 4438 et
2350 4400 2579 4439 servum
2612 4385 2956 4454 reputando,
2988 4388 3045 4437 et
3079 4387 3341 4439 sanctum
3377 4384 3662 4455 templum
3700 4388 3877 4437 tuum

552 4470 839 4549 quosdam
855 4492 924 4532 ex
953 4472 1204 4547 parvulis
1230 4470 1458 4537 nostris,
1488 4487 1554 4524 ex
1588 4470 1800 4539 idiotis,
1823 4470 2036 4525 scilicet
2061 4471 2155 4525 de-
2254 4473 2410 4527 bona
2439 4473 2553 4527 vita
2606 4489 2737 4527 mea
2769 4489 2863 4527 me
2917 4472 3204 4527 faciendo.
3237 4473 3352 4526 Hoc
3381 4477 3578 4527 autem
3612 4472 3881 4527 ador-am

552 4555 928 4623 ﬁcieutibusa
947 4564 1058 4619 [ide
1074 4559 1633 4633 propterblanditias
1664 4559 1751 4614 vel
1782 4563 2021 4631 propter
2050 4560 2153 4615 tri-
2253 4560 2436 4614 Deum
2468 4561 2526 4615 in
2558 4561 2890 4632 bujusmodi
2940 4564 3181 4633 templo,
3211 4563 3646 4636 praeﬁguratum
3691 4566 3785 4616 est
3822 4564 3881 4616 in

553 4652 881 4709 bulationes
908 4649 1291 4721 incorporasti
1326 4648 1448 4705 tibi.
1468 4647 1705 4702 Constat
1728 4648 1890 4703 enim
1919 4647 2151 4718 impios,
2255 4648 2380 4719 lege
2398 4650 2596 4717 veteri,
2618 4650 2674 4705 in
2693 4667 2807 4721 qua
2825 4651 3197 4707 constitutum
3232 4639 3355 4706 erat
3368 4654 3428 4704 ut
3456 4653 3587 4721 post
3606 4651 3884 4707 aediﬁca-

553 4740 833 4813 quosdam
861 4756 926 4794 ex
956 4738 1219 4793 ﬁdelibus
1261 4736 1450 4793 idiotis
1494 4735 1889 4807 incorporasse
1932 4734 2057 4790 sibi.
2089 4736 2156 4790 Et
2255 4735 2475 4792 tionem
2506 4740 2706 4810 templi
2740 4757 2913 4795 nemo
2944 4740 3129 4794 Deum
3159 4740 3448 4806 adoraret,
3482 4739 3591 4792 nisi
3619 4739 3684 4794 in
3722 4744 3885 4798 tem-

553 4847 685 4888 ecce
700 4827 1003 4886 retributio
1026 4839 1200 4897 quam
1222 4824 1352 4879 ﬁliae
1366 4823 1673 4894 Babylonis
1688 4823 2154 4909 ﬁliillierusalem
2254 4829 2369 4900 plo.
2402 4828 2656 4883 Adorare
2671 4829 2907 4901 quidem
2926 4830 3158 4901 preprie
3177 4829 3420 4882 dicimus
3444 4829 3625 4882 Deum
3656 4832 3884 4902 praeci-

551 4918 707 4976 beati
739 4915 1085 4980 retribuunt,
1120 4917 1181 4967 ut
1209 4912 1287 4967 sic
1314 4912 1579 4983 parvulos
1602 4912 1728 4982 ejus
1747 4929 1850 4984 per
1880 4912 2156 4967 ﬁdemin-
2252 4932 2364 4988 pne
2395 4917 2571 4987 digno
2599 4921 2655 4972 et
2681 4918 2957 4988 singulari
2987 4919 3140 4971 cultu
3166 4918 3355 4971 colere
3388 4934 3400 4971 :
3435 4917 3573 4971 dum
3602 4933 3753 4972 eum
3789 4937 3885 4974 sos

553 5007 885 5080 corporent,
899 5004 1042 5059 sicut
1063 5003 1185 5075 ipsa
1213 5001 1479 5071 parvulos
1501 5000 1761 5070 ipsorum
1783 5000 2153 5071 incorporare
2253 5005 2374 5058 lum
2388 5005 2569 5059 Deum
2593 5010 2649 5059 et
2677 5006 2985 5060 Dominum
3011 5006 3432 5077 cognoscimus,
3456 5008 3513 5059 et
3539 5021 3648 5060 nos
3673 5023 3887 5063 servos

553 5098 775 5153 nititur.
793 5094 890 5149 Vel
906 5092 1170 5163 parvulos
1185 5090 1318 5144 ﬁlia:
1332 5087 1654 5159 Babylonis,
1677 5089 2155 5160 quosqueimpios
2255 5092 2377 5162 ejus
2406 5097 2463 5147 et
2492 5096 2823 5149 creaturam
2846 5111 2964 5149 esse
2991 5098 3346 5165 reputemus.
3370 5094 3528 5148 Unde
3550 5092 3611 5146 in
3641 5096 3886 5165 Apoca-

555 5188 738 5252 vocat,
759 5182 856 5255 qui
878 5182 969 5237 hic
989 5178 1304 5239 secundum
1317 5180 1542 5250 partem
1562 5193 1596 5231 a
1612 5176 1873 5231 ﬁdelibus
1890 5178 2152 5249 incorpo-
2254 5181 2397 5252 lypsi
2422 5182 2628 5254 legitur
2650 5185 2887 5254 angelus
2908 5184 2979 5238 ab
3004 5182 3341 5237 adoratione
3364 5183 3445 5237 sui
3473 5182 3782 5238 Joannem
3806 5186 3886 5239 sic

552 5278 776 5340 rantur,
805 5271 903 5343 qui
932 5268 1152 5342 parvuli
1191 5268 1478 5333 dicuntur,
1518 5282 1587 5321 eo
1619 5266 1772 5337 quod
1807 5266 1940 5320 licet
1983 5267 2156 5322 nimis
2254 5270 2629 5341 prohibuisse.
2666 5294 2694 5320 «
2732 5272 2865 5326 Vide
2898 5289 2968 5326 ne
2996 5271 3217 5326 feceris.
3235 5272 3549 5326 Conservus
3572 5275 3715 5325 tuus
3748 5291 3889 5327 sum

550 5378 808 5436 nequam
837 5359 973 5427 sint,
1008 5362 1207 5414 tamen
1234 5372 1395 5412 more
1428 5355 1795 5427 parvulorum
1836 5354 1892 5409 in
1936 5357 2157 5412 malitia
2255 5361 2313 5414 et
2342 5359 2587 5415 fratrum
2620 5364 2872 5416 tuorum.
2906 5361 3089 5417 Deum
3112 5361 3291 5416 adora
3321 5361 3515 5433 (Apoc.
3547 5377 3661 5428 xxx,
3694 5366 3817 5435 10).
3862 5388 3887 5410 υ

553 5470 657 5511 sua
703 5450 986 5516 crescunt,
1019 5447 1162 5503 sicut
1202 5445 1425 5502 assidue
1468 5443 1663 5514 injusti
1701 5444 1758 5497 in
1808 5444 2025 5499 malitia
2053 5462 2156 5500 sua
2253 5447 2530 5517 Adorabo,
2591 5446 2852 5521 iniluam,
2898 5457 2948 5503 et
2993 5449 3277 5518 conﬁtebor
3322 5451 3526 5503 nomini
3586 5457 3684 5505 tuo
3720 5470 3890 5525 ειῳςν

554 5539 1104 5612 augmentanturJn
1116 5536 1311 5591 futuro
1332 5549 1465 5589 vero
1482 5533 1953 5603 etjustiperlecte
1975 5534 2155 5590 adulti
2253 5537 2611 5593 misericordia
2640 5543 2733 5592 tua
2760 5547 2811 5595 et
2840 5541 3063 5595 veritate
3084 5545 3202 5609 tua,
3222 5539 3279 5593 id
3311 5542 3396 5593 est
3428 5538 3681 5595 laudabo
3716 5546 3779 5596 te
3812 5561 3891 5600 ex

558 5632 731 5691 erum
752 5628 815 5685 iu
845 5627 1143 5697 charitate,
1174 5627 1237 5681 ut
1262 5623 1409 5679 nihil
1439 5622 1745 5685 voluntatis
1768 5623 2021 5680 habeant
2048 5625 2154 5682 nisi
2255 5626 2715 5685 consideratione
2747 5628 3002 5685 nominis
3037 5628 3117 5683 tui
3150 5646 3163 5684 :
3197 5628 3352 5703 quod
3406 5631 3492 5683 est
3521 5627 3832 5691 Dominus
3874 5652 3892 5699 ξ
