3966 6034
174 290 311 358 *Ι3ϐι

1060 293 1414 356 EXPOSI’I‘IO
1446 293 1514 352 IN
1552 288 1887 352 PSALMOS.
1922 318 1996 338 -ι
2032 287 2231 351 PSAL.
2273 286 2557 349 CXXXVIII

3338 268 3477 344 I362

178 420 249 476 Et
279 421 403 479 haec
428 418 706 478 confessio
739 419 1037 495 continget
1077 421 1147 478 de
1191 418 1549 479 misericordia
1595 427 1687 475 tua
1728 412 1852 478 etA.
1881 413 2006 472 bus.
2034 413 2405 486 Conﬁteantu’r
2433 413 2609 473 etiam
2636 419 2687 471 et
2702 419 2918 473 cantent
2943 432 3012 472 eo
3042 410 3475 489 contuitu,qu0¢

177 512 401 566 veritate
429 515 541 576 tua,
568 509 784 566 scilicet
812 510 1135 566 conﬁtebor
1158 510 1262 566 tibi
1293 513 1530 583 propter
1560 507 1781 565 miseri-

179 598 439 654 cordiam
472 602 630 654 tuam
661 601 719 652 et
746 599 1049 653 veritatem
1073 598 1467 671 promissionis
1493 601 1605 652 tua:
1626 614 1780 653 com-

176 688 417 758 pletam,
447 687 505 741 id
534 690 620 741 est
645 703 712 740 ea
739 686 1035 741 occasione
1067 686 1165 740 tibi
1200 686 1502 755 conﬁtebor,
1517 686 1653 758 quia
1676 702 1779 740 nos

178 775 408 831 salvasti
459 791 563 846 per
612 774 1068 830 misericordiam
1123 782 1177 829 et
1223 779 1285 830 ut
1337 774 1779 846 promissionem

176 867 337 919 tuam
366 864 692 919 verificares
724 881 736 918 :
768 863 1116 935 promiseras
1132 864 1287 919 enim
1308 868 1362 918 te
1383 881 1563 935 genus
1576 865 1779 919 huma-

178 971 324 1008 num
355 955 726 1008 salvaturum.
762 953 830 1007 Et
854 953 982 1007 ideo
1015 969 1242 1025 quoque
1268 953 1609 1019 conﬁtebor,
1650 969 1779 1023 quo-

176 1044 324 1097 niam
354 1040 714 1112 magniﬁcasti
735 1057 928 1095 nomen
956 1048 1202 1097 sanctum
1249 1047 1399 1117 tuum,
1440 1058 1593 1111 super
1631 1056 1783 1094 omne

177 1147 419 1197 nomen,
454 1130 512 1184 id
534 1133 617 1185 est
648 1128 946 1184 ostendisti
978 1129 1100 1200 ipsa
1146 1130 1227 1184 rei
1272 1130 1559 1184 evidentia
1596 1146 1782 1183 nomen

154 1208 421 1273 sanctum
451 1225 623 1285 tuum,
657 1218 810 1290 quod
843 1220 928 1272 est
972 1219 1121 1273 Deus
1166 1221 1224 1272 et
1261 1218 1561 1281 Dominus,
1595 1217 1785 1289 majus

179 1325 301 1362 esse
333 1309 391 1362 et
419 1306 723 1378 gloriosius
754 1307 917 1362 omni
947 1306 1206 1361 nomine.
1251 1306 1411 1361 Unde
1434 1308 1734 1379 Apostolus
1766 1323 1781 1362 :

181 1420 209 1446 ‹‹
240 1396 307 1451 Et
336 1395 495 1450 dedit
515 1394 594 1449 illi
621 1412 835 1450 nomen
859 1395 1016 1466 quod
1045 1398 1130 1449 est
1159 1412 1332 1466 super
1362 1412 1535 1451 omne
1567 1412 1781 1450 nomen

184 1484 350 1555 (Phil.
385 1501 444 1551 ιι,
472 1488 553 1549 9).
586 1506 613 1533 ››
649 1483 916 1547 Quamvis
948 1483 1105 1538 enim
1138 1484 1382 1539 nomina
1412 1484 1535 1539 haec
1567 1482 1782 1555 angeli,

183 1571 536 1643 archangeli,
570 1571 824 1637 virtutes,
859 1574 916 1625 et
941 1574 1150 1626 caetera
1180 1571 1274 1643 huj
1287 1571 1509 1627 usmodi
1535 1571 1788 1643 gloriosa

185 1660 299 1714 sint
336 1663 393 1715 et
446 1676 661 1731 magna
712 1660 1037 1731 designent,
1072 1677 1291 1715 nomen
1326 1664 1520 1715 tamen
1554 1659 1782 1715 Domini

1876 506 2024 560 niam
2053 505 2316 561 Dominus
2344 513 2418 561 est
2442 505 2686 573 excelsus,
2709 505 2769 561 id
2799 508 2885 561 est
2906 506 3297 579 omnipotens,
3315 504 3478 561 ideo-

1880 611 1991 667 que
2015 594 2121 666 ipsi
2146 594 2544 651 conﬁtendum
2595 598 2699 650 est.
2729 594 2812 652 Et
2859 594 2991 665 quia
3016 595 3246 650 humilia
3274 596 3481 667 respicit

1881 687 2144 757 respectu
2180 684 2591 741 misericordiae
2639 700 2775 752 suae,
2822 683 2882 738 id
2919 687 3005 739 est
3057 683 3362 739 miseretur
3387 683 3481 739 hic

1880 774 2145 829 omnium
2158 774 2465 829 humilium
2483 773 2587 828 sibi
2602 772 3022 840 conﬁtentium,
3040 779 3092 827 et
3108 789 3240 827 cum
3255 772 3480 828 humilia

1879 862 2170 934 respiciat,
2194 863 2305 917 alta
2325 863 2522 929 etiam,
2548 861 2607 917 id
2630 866 2715 918 est
2733 862 2980 933 superba
2998 863 3266 933 cognoscit
3295 864 3358 917 ut
3382 874 3486 933 puv

1882 952 2065 1007 niata
2093 953 2243 1021 longe
2272 954 2518 1008 existens
2547 969 2665 1008 non
2692 953 3006 1008 secundum
3029 954 3245 1018 locum,
3276 950 3377 1007 sed
3402 963 3486 1005 se-

1880 1040 2133 1095 cundum
2165 1040 2647 1108 misericordiam,
2679 1040 2891 1095 scilicet
2910 1039 3173 1111 providet
3201 1038 3485 1095 ultionem

1882 1129 2285 1200 superborum,
2313 1128 2390 1183 sic
2403 1131 2466 1183 ut
2482 1130 2652 1200 longe
2664 1128 2835 1183 faciat
2848 1128 2918 1182 ab
2932 1128 3014 1183 eis
3026 1126 3483 1182 misericordiam

1882 1232 2047 1270 suam
2079 1220 2321 1288 propter
2353 1232 2556 1272 eorum
2590 1217 2743 1271 mala
2768 1216 2996 1272 merita.
3024 1214 3274 1287 Exponit
3289 1215 3487 1269 autem

1883 1303 2131 1374 qualiter
2161 1305 2386 1358 humilia
2418 1305 2629 1376 respicit
2647 1304 2723 1359 sic
2758 1321 2771 1358 :
2803 1304 2948 1359 Vere
2976 1302 3208 1376 respicis
3225 1304 3487 1375 respectu

1883 1392 2312 1460 misericordiae,
2345 1396 2403 1449 et
2428 1411 2523 1449 me
2543 1394 2823 1448 humilem
2850 1395 2907 1448 et
2919 1398 3156 1449 caeteros
3173 1391 3483 1447 meimodi.

1884 1480 2027 1535 Nam
2060 1497 2168 1553 ego
2201 1481 2447 1537 existens
2477 1484 2534 1535 in
2576 1481 2766 1547 medio,
2819 1480 2879 1537 id
2918 1484 3003 1536 est
3042 1481 3100 1535 in
3124 1479 3489 1552 plenitudine

1887 1570 2242 1625 tribulationis
2259 1573 2306 1624 si
2331 1570 2691 1638 ambulavero,
2723 1570 2784 1625 id
2805 1574 2891 1625 est
2905 1569 2950 1625 si
2971 1583 3404 1641 perseveravero
3424 1567 3486 1624 in

1883 1658 2209 1713 constantia
2235 1675 2367 1713 mea
2393 1675 2464 1713 ne
2495 1675 2601 1730 pro
2631 1658 3004 1714 tribulatione
3050 1656 3314 1712 deliciam
3344 1656 3491 1711 sicut

184 1750 335 1816 Iesu,
372 1750 539 1815 Deus,
568 1749 801 1816 scilicet,
834 1752 891 1803 et
922 1748 1185 1804 omnium
1209 1749 1487 1804 Dominus
1514 1750 1571 1803 et
1596 1747 1785 1803 omni-
1811 1719 1863 1778 Β
1889 1763 2018 1802 vere
2050 1748 2305 1813 ambulo,
2348 1764 2452 1818 per
2488 1746 2598 1802 hoc
2637 1746 2925 1818 contingit
2969 1745 3108 1800 mihi
3156 1742 3489 1817 hujnsmodi

186 1839 409 1912 potens,
445 1837 748 1909 gloriosius
789 1840 893 1904 est,
927 1839 984 1892 et
1012 1838 1183 1909 longe
1224 1838 1410 1907 majus
1454 1836 1783 1908 designans.

255 1925 493 1980 Ostensa
526 1925 683 1980 bona
706 1924 1008 1980 affectione
1034 1942 1154 1991 sua,
1188 1941 1361 1996 quam
1392 1925 1569 1979 habet
1608 1924 1791 1978 confl~

183 2013 344 2068 tendi
376 2017 433 2068 et
462 2013 765 2085 psallendi,
809 2013 1067 2085 sequitur
1097 2013 1305 2079 oratio,
1343 2030 1468 2084 quae
1501 2012 1627 2067 talis
1653 2015 1738 2066 est
1768 2028 1782 2067 :

182 2101 504 2172 Conﬁtebor,
538 2102 798 2173 inquam,
824 2108 871 2156 et
886 2102 1137 2173 psallam,
1171 2106 1228 2158 et
1253 2102 1499 2155 adorabo.
1537 2101 1786 2172 Ideoque

182 2192 240 2244 in
266 2207 596 2263 quacumque
615 2191 699 2244 die
720 2193 1032 2245 invocavero
1063 2197 1131 2256 te,
1176 2189 1232 2244 id
1257 2192 1343 2244 est
1364 2188 1602 2244 interius
1633 2189 1786 2244 bona

178 2278 504 2346 affectione,
530 2296 648 2333 non
671 2279 856 2334 solum
891 2278 1136 2334 exterius
1166 2286 1300 2333 voce
1314 2293 1552 2333 oravero
1573 2280 1649 2343 te,
1680 2294 1782 2349 po-

177 2384 341 2423 scens
383 2367 749 2439 multiplicari
802 2384 835 2422 a
884 2369 940 2421 te
996 2369 1051 2420 in
1098 2369 1278 2420 anima
1334 2383 1449 2420 mea
1495 2368 1780 2434 virtutem;

176 2454 376 2509 exaudi
404 2472 488 2510 me
521 2459 584 2510 ut
625 2455 965 2526 multiplices
1018 2456 1073 2508 in
1111 2457 1294 2509 anima
1350 2472 1464 2509 mea
1508 2457 1780 2508 virtutem.

179 2542 348 2608 Quod
387 2558 492 2613 pro
523 2546 678 2597 certo
708 2543 906 2608 facies,
943 2558 1141 2597 revera
1171 2542 1566 2613 multiplicabis,
1602 2542 1660 2596 id
1699 2544 1785 2598 est

179 2631 589 2702 augmentabis
631 2631 701 2685 de
733 2631 823 2685 die
856 2630 914 2684 in
969 2630 1125 2685 diem
1171 2647 1410 2686 omnem
1454 2633 1699 2686 virtutem
1727 2633 1784 2684 in

176 2721 362 2775 anima
391 2736 529 2773 mea.
564 2719 679 2774 Hoc
711 2722 906 2774 autem
938 2718 1122 2773 nimia
1142 2718 1486 2774 certitudine
1515 2719 1619 2773 sibi
1648 2735 1781 2789 pro-

176 2807 377 2874 mittit,
401 2807 557 2861 utsic
588 2806 772 2878 magis
803 2806 1096 2861 auditores
1126 2807 1199 2861 ad
1229 2807 1339 2861 hoc
1366 2807 1653 2861 orandum
1680 2807 1785 2861 im-

175 2896 356 2967 pellat
380 2912 479 2967 spe
511 2895 923 2967 consequendi.
950 2895 1118 2949 Facta
1135 2894 1397 2948 oratione
1427 2909 1531 2964 pro
1554 2911 1633 2959 se,
1658 2897 1784 2949 orat

1887 1835 2225 1902 ambulatio,
2258 1834 2392 1908 quia
2443 1834 2739 1907 viviﬁcabis
2788 1852 2872 1890 me
2916 1835 3156 1890 interius
3204 1833 3261 1889 in
3294 1833 3491 1889 anima

1887 1940 1991 1996 per
2016 1923 2286 1994 gratiam,
2311 1940 2444 1978 cum
2475 1923 2722 1979 exterius
2760 1924 2819 1978 in
2852 1938 3092 1995 corpore
3119 1939 3224 1994 pro
3248 1921 3487 1978 tribula-

1886 2011 2044 2065 tione
2066 2012 2444 2067 mortiﬁcatus
2472 2028 2572 2068 ero
2598 2029 2613 2080 ;
2647 2028 2712 2068 ac
2742 2010 2788 2066 si
2810 2011 2960 2066 dicat
2983 2012 3075 2066 :In
3097 2011 3207 2067 hoc
3228 2024 3490 2082 compro-

1884 2098 2076 2165 batur,
2114 2099 2248 2171 quia
2285 2117 2380 2155 me
2425 2099 2708 2155 humilem
2759 2099 3012 2171 respicis,
3064 2098 3342 2172 quoniam
3383 2113 3489 2171 per

1884 2189 2133 2259 gratiam
2165 2191 2323 2244 tuam
2354 2190 2596 2245 interius
2628 2205 2719 2245 me
2750 2188 3154 2257 viviﬁcantem,
3188 2202 3284 2243 me
3313 2187 3488 2243 facies

1882 2275 1943 2330 in
1976 2276 2167 2331 medio
2199 2277 2586 2332 tribulationis
2609 2280 2998 2333 constantem.
3028 2276 3097 2331 Et
3134 2277 3215 2331 sic
3251 2276 3486 2349 quidem

1883 2381 1966 2417 me
1988 2365 2284 2434 viviﬁcabis
2311 2365 2467 2437 quod
2506 2366 2791 2422 extendisti
2833 2380 3056 2419 manum
3109 2371 3279 2431 tuam,
3310 2362 3369 2419 id
3396 2366 3484 2419 est

1883 2456 2181 2507 extensum
2195 2469 2249 2506 m
2260 2453 2334 2506 ibi
2358 2453 2531 2508 facies
2552 2453 2825 2508 auxilium
2839 2451 3038 2524 gratiae
3050 2455 3164 2507 tua:
3174 2467 3335 2523 super
3348 2454 3488 2506 iram

1885 2542 2227 2596 inimicorum
2245 2556 2501 2612 meorum,
2532 2540 2591 2596 id
2612 2544 2698 2596 est
2726 2556 2904 2613 supra
2930 2540 3267 2596 iracundam
3299 2539 3489 2612 impu-

1884 2630 2220 2699 gnationem
2246 2629 2617 2685 inimicorum
2638 2645 2925 2685 meorum.
2945 2627 3111 2692 Quod
3144 2631 3230 2683 est
3251 2626 3439 2683 dicere
3469 2645 3484 2683 :

1884 2715 2025 2771 Cum
2040 2733 2255 2789 magna
2271 2718 2342 2772 sit
2357 2734 2559 2773 eorum
2578 2716 2963 2790 impugnatio,
2982 2717 3098 2787 maj
3108 2734 3171 2771 ns
3184 2719 3384 2772 tamen
3401 2719 3487 2771 est

1883 2803 1940 2856 in
1965 2820 2061 2859 me
2077 2805 2346 2859 auxilium
2374 2807 2576 2878 gratiae
2603 2809 2737 2860 tuas.
2773 2804 3074 2872 Extendes,
3107 2805 3366 2876 inquam,
3393 2803 3487 2859 hic

1883 2891 2027 2946 mihi
2052 2910 2292 2948 manum
2316 2895 2553 2961 tuam,et
2566 2893 2801 2948 tandem
2813 2896 2942 2965 post
2957 2895 3206 2949 mortem
3228 2891 3487 2965 corporis

176 2965 356 3039 etiam
386 2965 492 3054 pro
538 2965 802 3037 fidelibus
842 2982 988 3049 aliis,
1042 2985 1106 3036 ut
1140 2985 1199 3037 et
1247 2982 1353 3053 ipsi
1397 2999 1539 3051 reges
1571 2982 1782 3037 suimet
1805 2965 1853 3027 (ἶ
1876 2981 2024 3051 fecit,
2040 2981 2098 3036 id
2111 2984 2196 3036 est
2216 2980 2386 3037 faciet
2406 3000 2489 3036 me
2506 2980 2941 3036 salvumdextera
2959 2980 3138 3049 tua,id
3157 2980 3484 3037 estmiseri-

176 3071 484 3127 existentes
540 3070 896 3144 conﬁteantur
942 3070 1212 3138 Domino,
1256 3073 1519 3143 exemplo
1573 3086 1672 3125 suo
1718 3074 1780 3124 ut

173 3165 392 3215 Cantcnt
421 3161 475 3213 in
507 3161 602 3214 viis
627 3159 760 3229 ejus,
802 3159 957 3231 quod
988 3159 1073 3214 eis
1120 3158 1488 3213 utilissimum
1527 3162 1628 3214 est.
1662 3159 1778 3213 Hoc

175 3248 372 3302 autem
401 3264 468 3302 ea
488 3246 810 3302 intentione
828 3247 965 3301 facit
986 3250 1049 3302 ut
1078 3247 1367 3303 auditores
1397 3247 1640 3301 instruat
1672 3260 1776 3317 pro

172 3335 420 3390 aliorum
446 3335 692 3391 utilitate
723 3351 910 3391 orare.
944 3336 1082 3391 Dico
1110 3337 1392 3405 conﬁtebor
1421 3337 1479 3389 et
1496 3335 1729 3407 psallam
1756 3352 1774 3389 :

172 3426 235 3478 et
261 3425 520 3496 exemplo
554 3424 667 3479 mei
699 3425 1051 3493 conﬁteantur
1097 3427 1210 3491 tibi,
1263 3424 1511 3491 Domine,
1543 3424 1775 3479 laudem

172 3513 582 3569 omnimodam
613 3530 790 3568 omnes
813 3531 956 3583 reges
975 3521 1148 3578 terrae,
1168 3514 1224 3568 id
1238 3516 1536 3568 estomnes
1556 3513 1772 3580 ﬁdeles,

168 3601 308 3657 facti
340 3619 480 3670 reges
505 3607 658 3657 terra:
706 3618 843 3670 suae,
886 3603 947 3659 id
992 3607 1077 3659 est
1131 3602 1509 3657 sensualitatis
1558 3618 1672 3657 suae
1714 3604 1775 3656 ut

167 3690 321 3746 bene
346 3694 551 3763 regant
572 3708 724 3759 eam,
752 3694 812 3747 et
841 3692 1055 3748 faciant
1083 3694 1298 3746 terram
1328 3689 1771 3745 fructificantem

168 3778 289 3834 Deo
320 3779 475 3835 bona
496 3796 693 3850 opera,
728 3784 787 3835 et
815 3797 884 3836 ea
909 3779 1208 3835 occasione
1237 3778 1621 3833 confiteantur
1644 3781 1771 3851 quia

160 3864 285 3937 jam
314 3867 594 3922 audierunt
622 3870 803 3923 omnia
831 3869 989 3922 verba
1018 3869 1123 3922 oris
1145 3869 1226 3921 tui
1240 3882 1344 3938 per
1368 3865 1771 3938 praedicatores

170 3956 319 4022 tuos,
352 3955 564 4011 scilicet
588 3956 689 4011 illa
721 3956 919 4011 omnia
964 3954 1240 4010 doctrinae
1285 3958 1397 4009 tua:
1452 3954 1648 4017 verba,
1697 3954 1771 4009 ad

167 4039 606 4098 instructionem
623 4044 756 4099 ﬁdei
771 4046 827 4097 et
853 4060 1082 4098 morum
1101 4043 1470 4114 pertinentia,
1489 4043 1609 4096 sine
1627 4059 1769 4114 quo-

169 4143 298 4182 rum
330 4130 534 4186 notitia
564 4148 737 4186 nemo
759 4132 1028 4197 salvetur,
1049 4148 1176 4203 quin
1200 4132 1259 4185 tu
1286 4130 1407 4203 ipse
1428 4146 1527 4185 ore
1550 4133 1647 4185 tuo
1662 4130 1771 4185 dis-

170 4216 607 4285 cipulislocutus
651 4236 729 4272 es.
761 4219 934 4274 Multa
964 4218 1178 4291 quippe
1210 4220 1448 4290 mystica
1476 4222 1534 4273 et
1558 4236 1767 4275 arcana

168 4299 392 4357 locutus
417 4307 503 4357 est
518 4305 794 4358 Dominus
810 4322 937 4376 qua:
956 4321 1073 4359 non
1096 4306 1296 4360 omnia
1324 4306 1630 4361 audierunt
1649 4324 1771 4362 om-

169 4406 272 4444 nes
294 4407 458 4463 reges
479 4393 665 4445 terrae.
686 4392 933 4464 Ideoque
947 4411 1078 4448 cum
1107 4394 1259 4449 dicat
1280 4396 1455 4448 omnia
1484 4397 1639 4449 verba
1665 4400 1769 4452 oris

169 4483 268 4547 tui,
293 4479 801 4535 determinaudum
833 4486 917 4537 est
947 4483 1018 4537 de
1050 4483 1157 4539 illis
1183 4483 1368 4538 verbis
1395 4483 1607 4537 dictum
1623 4502 1764 4551 esse,

166 4585 294 4639 quae
307 4568 379 4623 ad
390 4567 565 4623 ﬁdem
581 4572 638 4623 et
655 4585 845 4624 mores
859 4571 1167 4625 attinentia
1185 4571 1453 4642 ignorare
1474 4587 1589 4625 non
1610 4571 1761 4626 licet.

167 4656 329 4712 Unde
362 4657 570 4727 legitur
600 4656 658 4712 in
681 4659 954 4730 Apostolo
983 4677 995 4713 :
1022 4679 1054 4712 ‹‹
1087 4662 1363 4731 Ignorans
1403 4658 1766 4729 ignorabitur

163 4744 223 4811 (Ι
241 4744 367 4799 Cor.
388 4743 654 4817 x1v,38).»
670 4746 1349 4818 Confiteantur,inquam,
1365 4748 1422 4800 et
1432 4747 1510 4801 sic
1527 4746 1764 4818 quidem

162 4833 317 4904 quod
339 4835 395 4886 in
414 4835 511 4887 viis
530 4834 755 4889 Domini
777 4833 1100 4902 existentes,
1123 4834 1182 4889 id
1199 4837 1282 4888 est
1300 4833 1357 4888 in
1374 4835 1761 4904 completione

161 4924 588 4990 praeceptorum
615 4923 739 4991 ejus
770 4937 897 4992 quae
924 4924 1055 4975 sunt
1082 4921 1186 4975 via:
1226 4921 1299 4976 ad
1330 4921 1529 4989 vitam,

158 5014 395 5074 cantent,
428 5008 486 5064 id
517 5013 601 5063 est
627 5009 1053 5063 delectenturin
1072 5008 1203 5080 ipsis
1215 5008 1315 5063 viis
1332 5026 1365 5063 a
1385 5009 1760 5066 similitudine

158 5096 523 5151 cantantium
550 5096 645 5168 qui
669 5097 728 5151 in
763 5100 935 5152 cantu
978 5114 1078 5152 suo
1112 5097 1490 5153 delectantur.
1527 5100 1765 5154 Possent

160 5200 373 5254 nempe
403 5183 460 5239 in
494 5187 591 5240 viis
608 5185 837 5241 Domini
866 5203 984 5241 esse
1003 5186 1079 5241 sic
1097 5185 1257 5257 quasi
1282 5185 1454 5242 invite
1472 5204 1597 5242 com
1606 5190 1763 5260 plen-

159 5278 244 5327 tes
270 5275 327 5325 et
348 5290 463 5327 non
490 5278 792 5328 cantarent
824 5275 978 5347 quod
1010 5274 1284 5329 nimirum
1305 5292 1419 5329 non
1448 5280 1597 5330 esset
1616 5277 1759 5331 adeo

158 5358 439 5439 utile:sz
444 5363 1042 5434 ﬁteantur,inquam,et
1062 5371 1290 5417 cantent.
1311 5365 1376 5418 Et
1392 5365 1499 5419 hoc
1516 5382 1584 5419 ea
1605 5382 1763 5420 occa-

157 5450 318 5505 sione
335 5466 347 5503 :
363 5453 611 5521 quoniam
631 5468 823 5521 magna
846 5459 919 5505 est
937 5453 1105 5520 gloria
1130 5453 1362 5518 Ilonu'ni,
1384 5469 1560 5524 quam
1584 5453 1640 5506 in
1674 5454 1759 5508 fu-

159 5544 288 5594 turo
319 5539 473 5595 dabit
493 5539 899 5595 conﬁtentibus
924 5541 1050 5611 sibi,
1070 5545 1123 5596 et
1146 5541 1202 5596 in
1225 5544 1317 5595 riis
1331 5542 1452 5613 ejus
1477 5543 1757 5598 cantanti-

1880 3070 2076 3124 cordia
2091 3073 2207 3137 tua,
2223 3070 2576 3125 atormentis
2588 3068 2856 3125 omnibus
2872 3069 3255 3142 eripiendo,et
3271 3067 3487 3126 addex-

1878 3160 2063 3213 teram
2097 3159 2280 3214 Patris
2312 3175 2405 3213 me
2436 3160 2794 3217 collocando.

1948 3248 2082 3301 Post
2130 3265 2246 3302 suae
2277 3248 2473 3306 salutis
2521 3249 2933 3316 ostensionem,
2982 3248 3232 3304 ostendit
3264 3248 3484 3320 justam

1877 3335 2251 3391 inimicorum
2299 3338 2776 3405 retributionem;
2810 3337 3224 3410 apostropham
3267 3336 3485 3392 faciens

1877 3425 1950 3479 ad
1983 3426 2293 3492 auditores,
2329 3429 2391 3481 ut
2420 3444 2518 3483 eos
2556 3429 2629 3483 ab
2661 3427 3031 3483 inimicorum
3072 3425 3482 3483 conformitate

1876 3514 2135 3569 retrahat
2163 3514 2240 3569 sic
2272 3532 2285 3569 :
2324 3516 2367 3570 Ο
2401 3515 2710 3583 auditores,
2740 3516 2866 3571 dico
2895 3516 3050 3587 quod
3079 3516 3386 3571 mesaloum
3401 3514 3484 3570 fa-

1875 3600 1986 3656 ciet
2008 3602 2307 3657 Dominus.
2366 3603 2701 3658 Econtrario
2754 3620 2886 3659 vero
2930 3605 3199 3660 Dominus
3230 3603 3481 3658 retribuet

1872 3688 1931 3743 in
1954 3689 2146 3745 futuro
2179 3691 2397 3761 justam
2448 3690 2692 3745 inimicis
2722 3691 2866 3745 meis
2912 3691 3352 3746 damnationem
3372 3704 3477 3760 pro

1871 3794 1973 3843 me,
2006 3776 2066 3832 id
2092 3782 2177 3833 est
2196 3778 2325 3833 ideo
2352 3777 2488 3851 quia
2511 3778 2654 3833 mihi
2684 3778 3117 3833 tribulationem
3156 3777 3366 3850 injuste
3393 3777 3478 3832 in-

1871 3865 2086 3923 ferunt.
2116 3866 2215 3920 Vel
2236 3882 2338 3936 pro
2362 3884 2465 3935 me,
2495 3865 2555 3921 id
2576 3872 2661 3923 est
2689 3868 2816 3923 loco
2840 3867 2976 3929 mei,
3006 3866 3223 3921 scilicet
3240 3864 3373 3939 quia
3392 3866 3475 3921 eis

1871 3953 1962 4007 hic
1984 3955 2117 4009 nolo
2145 3956 2298 4010 mala
2319 3971 2426 4026 pro
2460 3955 2625 4010 malis
2653 3955 2996 4010 retribuere.
3029 3956 3190 4011 Unde
3229 3956 3472 4028 Aposto-

1872 4040 1957 4093 lus
1989 4058 2002 4097 :
2038 4064 2065 4091 ‹‹
2100 4042 2229 4097 Mihi
2260 4043 2597 4111 vindictam,
2631 4060 2738 4115 ego
2754 4043 3098 4113 retribuam,
3120 4042 3258 4098 dicit
3272 4041 3472 4097 Domi-

1871 4144 1977 4183 nus
2005 4130 2180 4201 (Rom.
2214 4148 2309 4199 xu,
2348 4134 2449 4196 I9).
2489 4154 2516 4181 ››
2547 4133 2683 4189 Orat
2713 4131 2890 4187 etiam
2918 4132 3142 4204 assequi
3185 4128 3341 4203 quod
3367 4130 3471 4186 ad-

1793 4247 1847 4306 D
1870 4220 2196 4274 numeravit
2228 4219 2305 4274 sic
2339 4236 2351 4275 :
2395 4220 2529 4275 Dico
2561 4221 2738 4293 quod,
2787 4221 3037 4287 Domine,
3065 4219 3358 4292 viviﬁcabis
3389 4236 3472 4273 me

1870 4307 2110 4364 interius
2132 4325 2235 4380 per
2256 4309 2501 4381 gratiam
2530 4309 2589 4364 in
2617 4310 2922 4365 virtutibus
2949 4311 3006 4363 et
3032 4307 3243 4361 salvum
3280 4323 3363 4361 me
3389 4307 3471 4362 fa-

1868 4396 2000 4450 cies.
2036 4397 2102 4450 Et
2131 4396 2209 4452 sic
2240 4413 2341 4452 oro
2368 4401 2429 4451 ut
2450 4397 2569 4465 flat,
2602 4416 2635 4453 υ
2663 4398 2911 4461 Domine,
2945 4394 3080 4466 quia
3108 4395 3467 4449 misericordia

1867 4487 1983 4551 tua,
2006 4500 2181 4555 quam
2211 4485 2550 4539 naturaliter
2579 4484 2777 4546 habes,
2806 4483 3082 4537 duratura
3111 4485 3198 4537 est
3225 4485 3281 4536 in
3309 4496 3468 4537 sarcu-

1868 4570 1998 4635 lum,
2026 4571 2078 4624 id
2113 4575 2197 4624 est
2224 4571 2285 4624 in
2319 4574 2629 4638 aeternum;
2660 4589 2725 4626 ne
2748 4571 2999 4644 despicias
3022 4586 3179 4642 opera
3206 4586 3466 4627 manuum

1868 4666 2101 4724 tuarum,
2136 4657 2195 4713 id
2221 4662 2307 4713 est
2346 4675 2417 4714 ne
2464 4658 2706 4714 videaris
2754 4660 3046 4732 despicere
3080 4660 3259 4733 digna
3305 4676 3463 4731 opera

1867 4748 1982 4813 tua,
2013 4764 2141 4818 quae
2171 4746 2229 4801 in
2261 4764 2357 4802 me
2398 4748 2623 4821 operari
2674 4750 2979 4821 incoepisti,
3016 4749 3461 4805 viviﬁcationem

1864 4833 2078 4888 scilicet
2103 4834 2313 4890 animae
2345 4835 2403 4889 in
2444 4836 2775 4904 virtutibus;
2830 4854 2957 4910 quae
2999 4836 3239 4908 quidem
3284 4850 3465 4906 opera

1864 4922 2138 4976 videreris
2157 4922 2470 4996 despicere,
2499 4925 2546 4981 si
2574 4924 3017 4981 vivificationem
3066 4924 3225 4978 illam
3257 4921 3316 4977 in
3365 4938 3460 4978 me

1864 5025 1981 5064 non
2013 5010 2334 5081 perliceres,
2369 5029 2432 5067 ac
2461 5013 2507 5067 si
2529 5012 2681 5068 dicat
2708 5030 2722 5069 :
2756 5013 2971 5068 Perfice
3001 5010 3060 5066 in
3092 5026 3187 5066 me
3215 5008 3461 5067 viviﬁca-

1865 5098 2035 5153 tionis
2067 5115 2264 5172 opera,
2298 5118 2424 5173 quae
2438 5102 2563 5173 jam
2595 5101 2896 5173 incoepisti.

2279 5191 2346 5244 IN
2388 5190 2710 5246 PSALMUM
2741 5191 3044 5246 CXXXVIII.

1929 5278 1970 5332 Τ
1976 5277 2144 5333 itulus
2173 5278 2469 5333 centesimi
2505 5278 2774 5334 tricesimi
2817 5278 3020 5334 octavi.
3069 5277 3319 5333 Psalmns
3349 5276 3467 5333 Da-

1864 5367 1951 5420 vitl
1973 5365 2179 5421 Christi
2205 5368 2526 5439 respicientis
2559 5370 2613 5421 in
2639 5369 2818 5436 ﬁnem,
2847 5368 2905 5423 id
2941 5370 3027 5422 est
3062 5367 3119 5422 in
3149 5366 3468 5438 perfectam

1863 5455 1944 5509 sui
1969 5455 2564 5519 consummationem;
2595 5455 2665 5511 de
2685 5474 2797 5529 qua
2818 5458 2907 5511 hic
2925 5456 3065 5527 agit.
3090 5457 3151 5511 In
3183 5455 3293 5509 hoo
3314 5456 3473 5511 enim

1863 5544 2422 5617 psalmoDominicus
2434 5544 2612 5601 homo
2626 5546 2698 5601 ad
2716 5542 3475 5619 gratiarumactionemDeo
