4016 6030
560 286 582 351 t
594 292 698 352 363

1158 285 1218 351 S.
1259 288 1603 351 BRUNONIS
1639 280 2271 350 CARTBUSIANORUH
2307 284 2779 346 INSTl’l‘UTORlS
2817 282 2973 346 OPP.
3009 283 3192 345 PARS
3227 283 3251 342 l
3729 280 3853 345 {365

557 415 715 474 Patri
760 414 1024 490 loquens,
1066 412 1319 472 ostendit
1356 412 1681 488 perfectam
1711 408 2077 478 innocentia»,
2110 407 2228 513 οιΑ
2262 408 2348 513 est
2369 407 2539 508 Deus,
2560 406 2709 513 sicut
2728 406 2966 509 quilibet
2994 405 3053 463 in
3084 403 3473 513 accubatione.
3513 404 3856 505 Nonsolum

551 504 807 577 justitias,
856 506 915 561 et
958 503 1235 567 scientias,
1276 505 1334 558 et
1362 503 1535 559 totius
1563 500 1838 559 bonitatis
1865 516 1980 555 suae
2010 515 2148 555 con-

553 593 1032 659 summationem,
1062 596 1125 649 ut
1150 591 1438 648 auditores
1461 590 1869 648 inexcusabiles
1903 588 2148 654 reddat;

553 682 865 738 ostendens
888 699 947 737 se
974 682 1117 737 adeo
1146 680 1388 753 dignum
1418 697 1539 737 esse
1570 696 1699 735 cum
1732 678 1982 752 perfecte
2012 694 2149 733 con-

551 773 875 827 summatus
924 770 1042 825 sit:
1094 769 1167 824 ad
1213 769 1372 840 cujus
1428 769 1756 839 exemplum
1811 768 1871 821 ot
1926 764 2032 836 ipsi
2089 763 2148 819 in

551 861 838 931 quantum
867 856 1139 930 possibile
1178 860 1265 912 est
1305 859 1800 922 consummentur,
1842 856 1901 909 et
1945 853 2022 909 sic
2052 869 2149 908 eos

550 947 625 1003 ad
653 946 739 1003 sui
766 945 1236 1002 conformitatem
1270 945 1546 1000 attrahat.

621 1034 850 1090 Domine
873 1036 1042 1090 Pater
1057 1034 1304 1105 probasti
1346 1050 1445 1100 me,
1487 1032 1548 1087 id
1576 1036 1661 1088 est
1696 1030 1876 1087 fecisti
1913 1048 2012 1098 me,
2046 1046 2145 1103 ap-

550 1123 799 1195 probare
828 1125 885 1177 et
914 1122 1164 1193 experiri
1195 1125 1488 1194 prazcepta
1518 1123 1636 1188 tua,
1666 1123 1727 1175 ut
1756 1118 1896 1174 mihi
1917 1136 2034 1173 non
2066 1117 2146 1172 vi-

548 1210 825 1267 derentur
850 1227 1053 1282 aspera
1084 1214 1142 1266 et
1196 1210 1529 1282 injucunda,
1569 1208 1668 1264 sed
1721 1207 2042 1280 probabilia
2090 1209 2148 1261 et

544 1298 856 1355 laudabilia
877 1302 933 1354 et
964 1298 1339 1355 delectabilia.
1368 1300 1497 1354 Haec
1528 1297 1710 1353 oratio
1737 1296 2147 1367 compendiosa

546 1390 654 1454 est,
687 1388 1063 1460 aequipollens
1082 1405 1148 1443 ac
1178 1388 1224 1442 si
1245 1390 1489 1458 poneret
1516 1404 1529 1441 :
1560 1386 1791 1440 Domine
1818 1387 2006 1452 Pater,
2038 1400 2141 1456 po-

543 1474 703 1530 suisti
717 1492 812 1531 me
825 1476 884 1530 in
901 1475 1380 1548 approbationem
1396 1477 1454 1530 et
1464 1472 1877 1548 experienti_am
1896 1489 2142 1548 princep-

542 1565 739 1617 torum
770 1544 1025 1631 tuorum,
1057 1565 1120 1617 ut
1140 1579 1209 1618 ea
1240 1544 1616 1635 complerem.
1645 1560 1721 1615 Et
1972 1578 2053 1614 me
2081 1561 2140 1615 in

538 1649 691 1705 hanc
711 1650 1124 1722 experientiam
1146 1651 1456 1706 adductum
1477 1652 1784 1719 cognovisti,
1812 1649 1871 1703 id
1899 1654 1984 1704 est
1999 1649 2139 1704 dile-

2250 498 2448 552 autem
2470 496 2780 553 intellexisti
2805 498 3171 568 cogitationes,
3204 498 3337 563 etc.,
3356 496 3458 552 sed
3486 494 3855 551 utuniversa-

2250 584 2382 639 liter
2411 585 2621 653 dicam,
2642 592 2713 652 et,
2737 585 2795 640 id
2822 588 2907 641 est
2936 584 3112 640 etiam
3141 602 3316 639 omnes
3343 588 3457 640 eius
3495 602 3642 640 meas
3663 584 3857 655 praei-

2248 673 2393 741 disti,
2427 673 2487 729 id
2516 678 2601 729 est
2628 673 2992 747 operationes
3026 690 3183 728 meas
3204 690 3405 728 omnes
3420 672 3630 745 quibus
3650 670 3854 725 incedo

2249 763 2322 818 ab
2352 766 2571 819 interno
2602 762 2950 835 disposuisti,
2973 763 3031 819 id
3067 767 3153 818 est
3181 761 3427 817 voluisti.
3457 762 3623 827 Quod
3661 761 3855 833 utique

2249 869 2366 908 non
2395 856 2562 919 esset,
2593 852 2701 908 nisi
2745 852 2969 908 idoneae
2999 855 3208 907 essent.
3232 852 3331 907 Vel
3354 869 3531 906 omnes
3562 853 3679 906 vias
3722 868 3856 904 meas

2223 942 2560 1011 'prmidisti,
2580 942 2735 997 idest
2761 958 2857 997 me
2877 940 3191 1013 praevidere
3210 940 3416 1006 fecisti,
3432 942 3495 995 ut
3520 939 3602 994 nil
3630 943 3855 995 temere

2248 1029 2501 1085 facerem
2531 1034 2589 1086 et
2618 1030 2949 1102 improvise,
2990 1030 3092 1085 sed
3138 1030 3335 1085 omnia
3373 1045 3504 1083 cum
3535 1029 3772 1085 ratione
3800 1031 3857 1083 et

2245 1118 2627 1190 providentia.
2661 1120 2739 1174 Ea
2765 1119 2977 1191 quippe
2995 1118 3288 1189 sapienter
3307 1121 3578 1189 aguntur,
3601 1135 3739 1189 qua!
3765 1135 3851 1172 ras

2246 1206 2602 1262 tionabiliter
2623 1207 3034 1280 praividentur.
3052 1206 3335 1282 Quoniam
3358 1210 3555 1261 autem
3575 1223 3637 1261 se
3666 1206 3745 1261 ad
3774 1206 3853 1261 in-

2245 1295 2620 1351 structionem
2651 1312 2887 1351 suorum
2914 1295 3445 1360 commendaverat,
3468 1311 3541 1349 ne
3557 1293 3851 1348 videretur

2242 1382 2351 1437 hoc
2384 1400 2450 1437 ex
2477 1383 2809 1456 arrogantia
2838 1382 3035 1437 fecisse
3062 1399 3074 1437 :
3096 1382 3488 1454 arrogantiam
3502 1386 3703 1438 autem
3718 1382 3849 1436 dici-

2241 1487 2390 1540 mus,
2408 1473 2639 1544 quando
2667 1472 2773 1529 sibi
2800 1472 3039 1545 quilibet
3066 1473 3177 1527 hoc
3208 1472 3362 1544 quod
3392 1489 3511 1527 non
3552 1472 3738 1527 habet
3756 1472 3844 1542 ja-

2241 1565 2466 1616 ctanter
2504 1562 2755 1629 ascribit,
2799 1564 3064 1617 removet
3103 1562 3214 1616 hoc
3252 1561 3329 1615 sic
3373 1578 3386 1615 :
3420 1561 3559 1615 Dico
3605 1560 3852 1631 probasti

2241 1665 2342 1717 me,
2371 1653 2478 1705 etc.
2510 1651 2624 1705 Hoc
2646 1652 2841 1705 autem
2873 1649 3028 1722 quod
3061 1649 3137 1703 sic
3158 1666 3250 1704 me
3266 1648 3672 1704 commendavi
3705 1647 3845 1702 nulli

539 1737 687 1793 xisti.
706 1739 783 1794 Ea
797 1739 1007 1812 quippe
1024 1756 1149 1811 quae
1171 1738 1591 1812 diligit,dicitur
1602 1740 1750 1795 Deus
1770 1754 2137 1810 cognoscere,
2165 1756 2216 1816 Β
2239 1737 2853 1812 videaturarroganter
2865 1755 2987 1793 esse
3008 1738 3247 1804 dictum,
3270 1739 3395 1810 quia
3411 1754 3581 1791 sermo
3601 1736 3709 1792 iste
3732 1752 3844 1808 quo

537 1828 599 1881 et
622 1843 690 1881 ea
720 1843 849 1899 quae
875 1827 1008 1883 odio
1045 1828 1222 1883 habet
1250 1827 1457 1882 dicitur
1487 1826 1728 1882 nescire.
1775 1828 1941 1882 Juxta
1983 1826 2138 1898 quod

537 1912 598 1968 in
622 1915 929 1986 Evangelia
963 1915 1034 1972 de
1065 1915 1258 1988 impiis
1301 1918 1359 1970 et
1399 1914 1570 1969 fatuis
1607 1914 1820 1986 legitur
1850 1931 1864 1969 :
1902 1915 2135 1969 «Amen

537 2000 666 2058 dico
697 2003 878 2070 vobis,
913 2003 1102 2059 nescio
1133 2020 1232 2059 vos
1285 2004 1435 2077 (Luc.
1483 2021 1601 2071 xm,
1642 2002 1744 2072 25;
1776 2003 1977 2060 Matth.
2009 2018 2133 2069 xxv,

512 2090 649 2162 .12).
686 2111 718 2145 »
750 2090 1036 2156 Quoniam
1064 2095 1257 2148 autem
1291 2109 1348 2147 se
1380 2110 1414 2147 a
1456 2094 1573 2148 Deo
1604 2093 1913 2164 probatum
1953 2093 2012 2146 et
2040 2107 2135 2146 co-

534 2179 764 2251 gnitum
793 2184 1233 2248 asseveraverat,
1261 2185 1450 2255 posset
1480 2182 1550 2237 ab
1580 2181 1905 2236 infidelibus
1926 2179 2136 2252 objici:

532 2267 676 2323 Cum
701 2268 780 2324 sic
803 2270 1080 2341 probatus
1106 2270 1183 2324 sis
1214 2272 1273 2325 et
1297 2269 1580 2341 cognitus,
1608 2270 1821 2324 mirum
1853 2274 1939 2324 est
1958 2286 2057 2324 cur
2074 2272 2133 2324 te

528 2357 684 2412 Deus
702 2362 869 2430 pater
884 2358 1184 2431 permittet
1200 2357 1514 2425 humiliari,
1530 2358 1624 2430 qui
1652 2375 1755 2431 pro
1768 2360 1924 2413 certo
1941 2359 2050 2414 hoc
2062 2358 2133 2413 de

532 2447 592 2498 te
613 2462 731 2500 non
748 2449 1064 2516 pateretur,
1089 2446 1193 2501 nisi
1213 2448 1367 2502 mala
1382 2448 1481 2500 tua
1498 2445 1707 2500 merita
1728 2460 2131 2516 promereren-

533 2535 645 2587 tur.
669 2533 757 2587 Ad
787 2534 894 2588 hoc
911 2550 1048 2606 ergo
1065 2534 1503 2600 removendum,
1528 2533 1608 2588 sic
1631 2532 1823 2589 addit:
1850 2532 2009 2587 Licet
2038 2549 2132 2588 me

531 2620 864 2692 probaveris
894 2624 952 2676 et
979 2620 1335 2693 cognoveris,
1368 2627 1424 2675 tu
1450 2625 1646 2676 tamen
1671 2621 1767 2693 qui
1788 2620 1867 2675 nil
1897 2620 2033 2675 mali
2053 2621 2134 2675 vis

530 2711 845 2779 cognovisti,
874 2709 931 2764 id
963 2712 1049 2765 est
1078 2708 1303 2765 voluisti
1333 2713 1391 2765 et
1438 2710 1509 2765 ab
1549 2713 1767 2764 aeterno
1808 2708 2131 2781 disposuisti

527 2799 805 2853 sessionem
823 2813 1016 2865 meam,
1037 2796 1093 2853 id
1107 2800 1191 2853 est
1205 2796 1671 2854 humiliationem
1690 2814 1880 2852 meam
1904 2796 1961 2851 in
1980 2813 2133 2852 mor-

530 2888 687 2942 tem:
726 2893 777 2943 et
819 2886 898 2942 sic
929 2903 1033 2959 per
1069 2887 1344 2941 sessionem
1378 2887 1667 2955 cognovisti
1704 2887 2126 2940 resurrectionem

528 2993 704 3032 meam
736 2992 748 3031 :
783 2991 848 3032 ac
877 2975 923 3030 si
948 2976 1165 3032 diceret
1191 2993 1204 3030 :
1236 2976 1349 3030 Hoc
1366 2991 1483 3032 non
1498 2974 1606 3030 erit
1634 2992 1699 3029 ex
1722 2974 1889 3030 malis
1909 2974 2130 3030 meritis

528 3064 696 3128 meis,
713 3066 869 3138 quod
885 3064 943 3120 in
963 3067 1214 3120 mortem
1237 3064 1710 3130 humiliabor,sed
1723 3080 1788 3118 ex
1806 3064 1926 3118 sola
1936 3065 2131 3118 volun-

526 3154 645 3207 tate
668 3155 725 3207 et
750 3153 1126 3226 dispositione
1157 3156 1275 3207 tua.
1301 3153 1414 3207 Nec
1440 3153 1626 3207 solum
1658 3155 1850 3207 autem
1889 3169 1970 3205 me
2002 3168 2130 3221 pro-

525 3241 728 3295 bastict
754 3240 1205 3312 cognovisti,sed,
1230 3243 1293 3295 ut
1322 3240 1509 3311 majus
1533 3238 1671 3312 quid
1703 3238 1913 3304 dicam,
1934 3239 2130 3292 intelle-

520 3331 652 3384 xisti
673 3331 1013 3397 cogitationes
1028 3345 1187 3394 meas,
1208 3327 1265 3383 id
1293 3331 1379 3382 est
1408 3327 1552 3383 adeo
1579 3330 1803 3381 sanctas
1818 3330 1875 3382 et
1892 3327 2129 3381 idoneas

520 3415 707 3471 fecisti
724 3415 1067 3485 cogitationes
1081 3432 1219 3469 meas
1240 3414 1369 3469 utin
1380 3417 1607 3469 tellectu
1621 3417 1717 3469 tuo
1735 3417 1925 3470 essent
1936 3415 2126 3487 digna).

523 3503 627 3557 llla
656 3519 869 3587 nempe
909 3503 1059 3557 Deus
1090 3505 1315 3559 tantum
1362 3501 1685 3574 intelligere
1740 3501 1966 3570 dicitur,
1998 3520 2125 3575 qua:

520 3591 736 3647 idonea
760 3594 894 3645 sunt
921 3608 986 3646 ac
1006 3590 1052 3645 si
1079 3590 1257 3645 dicat:
1280 3590 1533 3646 Dilexisti
1553 3590 1931 3662 cogitationes
1943 3608 2122 3659 meas,

522 3681 721 3752 utpote
754 3679 959 3753 dignas
998 3683 1058 3736 et
1094 3679 1350 3735 idoneas.
1395 3678 1727 3745 Intellexisti,
1775 3679 2035 3752 inquam,
2068 3682 2128 3734 et

518 3768 630 3825 hoc
660 3784 779 3823 non
801 3786 836 3824 a
864 3768 1149 3824 moderno
1173 3768 1570 3840 tempore,sed
1582 3767 1646 3822 de
1665 3768 1836 3838 longe,
1860 3767 1917 3822 id
1938 3767 2122 3822 estin-

518 3856 785 3913 tellexisti
801 3857 1001 3913 omnia
1019 3873 1146 3928 quae
1170 3856 1413 3928 cogitavi
1435 3873 1469 3911 a
1485 3856 1774 3928 principio
1792 3856 2121 3911 humanita-

518 3944 592 4000 tis
614 3961 783 4000 meaa.
808 3945 876 4000 Et
892 3944 1203 4000 intellexisti
1219 3962 1323 3999 sem
1334 3947 1465 3999 itam
1486 3961 1677 4012 meam,
1700 3944 1758 3999 id
1779 3947 1864 3999 est
1881 3943 2121 3999 dilexisti

517 4032 968 4104 completionem
998 4032 1261 4088 omnium
1288 4033 1604 4088 arduorum
1625 4036 1683 4088 et
1697 4032 2119 4106 prmcipuorum

518 4124 943 4192 praeceptorum
974 4138 1103 4192 qua:
1133 4122 1190 4176 in
1206 4139 1299 4177 me
1314 4126 1419 4188 est,
1434 4139 1564 4194 quae
1588 4121 1796 4177 semita
1807 4122 2032 4189 dicitur,
2048 4137 2116 4176 eo

519 4207 670 4281 quod
696 4209 770 4264 ad
789 4209 1031 4264 modum
1050 4210 1273 4264 semitm
1290 4213 1449 4264 arcta
1461 4209 1554 4277 sit,
1576 4209 1636 4264 id
1647 4210 1936 4280 estpaucis
1958 4226 2116 4264 com-

517 4296 730 4353 munis.
761 4298 828 4352 Et
847 4313 951 4370 per
976 4296 1243 4352 semitam
1274 4300 1333 4352 et
1361 4296 1738 4367 cogitationes
1756 4298 2113 4367 investigasti,

516 4384 574 4440 id
598 4387 680 4441 est
704 4402 799 4441 me
829 4384 1172 4456 investigare
1200 4386 1258 4438 et
1280 4383 1578 4457 exquirere
1600 4382 1780 4439 fecisti
1803 4384 2118 4453 funiculum

2238 1843 2333 1881 me
2360 1826 2765 1882 commendavi
2796 1844 2902 1881 non
2927 1833 3001 1880 est
3032 1828 3259 1881 tantum
3286 1828 3341 1879 in
3371 1826 3551 1896 lingua
3576 1843 3718 1893 mea,
3747 1826 3846 1880 sed

2238 1915 2413 1970 etiam
2442 1915 2501 1970 in
2532 1932 2595 1971 re
2622 1919 2726 1971 est.
2759 1915 2924 1980 Quod
2947 1919 3033 1969 est
3054 1914 3244 1970 dicere
3270 1932 3283 1969 :
3308 1915 3433 1969 Non
3453 1913 3529 1968 sic
3543 1932 3614 1969 ea
3635 1916 3846 1985 loquor

2238 2006 2300 2057 ut
2321 2020 2479 2076 pura:
2509 2020 2677 2059 voces
2707 2003 2822 2058 sint
2858 2021 2869 2058 :
2903 2002 2984 2058 ita
3013 2020 3263 2075 namque
3290 2005 3375 2058 est
3411 2002 3468 2057 in
3494 2019 3557 2057 re
3599 2006 3665 2056 ut
3688 2001 3843 2057 dico.

2237 2093 2304 2147 Et
2323 2092 2431 2147 hoc
2458 2092 2561 2147 tibi
2591 2094 2696 2159 est,
2727 2110 2860 2159 ecce,
2894 2092 2951 2147 id
3000 2095 3085 2147 est
3112 2108 3366 2163 praesens
3406 2094 3466 2146 et
3513 2092 3844 2163 cognitum,

2234 2182 2364 2252 quia
2378 2197 2482 2235 non
2492 2188 2566 2235 est
2575 2198 2744 2236 sermo
2762 2182 2992 2236 tantum
3005 2182 3065 2236 in
3079 2181 3282 2250 lingua.
3298 2181 3379 2236 Tu
3391 2180 3543 2236 enim
3553 2221 3568 2246 ,
3585 2180 3844 2245 Domine,

2233 2271 2522 2339 cognovisti
2544 2271 2723 2323 omnia
2749 2270 3031 2325 novissima
3059 2276 3108 2323 et
3128 2272 3375 2341 antiquo,
3400 2268 3456 2324 id
3486 2271 3571 2323 est
3604 2271 3845 2341 pra'ter-

2231 2356 2313 2411 ita
2342 2360 2400 2411 et
2429 2358 2643 2419 futura,
2699 2360 2757 2412 et
2797 2374 2929 2412 cum
2970 2358 3169 2413 omnia
3221 2356 3584 2429 cognoveris,
3618 2360 3679 2411 et
3732 2358 3842 2411 hoc

2233 2461 2462 2517 quoque
2494 2444 2809 2517 cognoscis.
2854 2445 2990 2500 Dico
3023 2446 3177 2517 quod
3217 2444 3494 2517 quoniam
3536 2446 3845 2500 intellexisti

2232 2535 2576 2603 cogitationes
2616 2551 2778 2602 meas,
2827 2541 2876 2589 et
2908 2535 3217 2606 praevidisti
3246 2551 3420 2588 omnes
3462 2536 3577 2588 vias
3614 2552 3762 2587 meas
3791 2539 3840 2587 et

2220 2623 2467 2693 probasti
2497 2639 2596 2676 me.
2634 2623 2699 2676 Et
2737 2622 2835 2688 sic,
2870 2630 2928 2676 tu
2959 2621 3055 2695 qui
3084 2627 3291 2694 potens
3320 2639 3381 2677 es
3422 2639 3518 2677 me
3552 2622 3833 2687 formare,

2228 2710 2480 2779 formasti
2506 2728 2607 2777 me,
2634 2710 2691 2765 id
2722 2714 2809 2765 est
2862 2727 2956 2765 me
3002 2710 3322 2766 formosum
3354 2709 3596 2765 interius
3650 2710 3830 2764 fecisti

2230 2797 2289 2853 in
2318 2798 2593 2853 moribus.
2628 2798 2781 2853 Licet
2798 2815 2900 2871 per
2920 2797 3321 2853 tribulationes
3340 2798 3539 2853 videar
3560 2797 3829 2853 informis

2233 2887 2502 2941 exterius.
2536 2887 2697 2941 Unde
2733 2886 3031 2941 Psalmista
3049 2885 3177 2940 alibi
3214 2903 3227 2939 :
3262 2905 3292 2937 α
3324 2886 3631 2958 Speciosus
3646 2886 3835 2940 forma

2231 2991 2350 3048 prae
2382 2975 2513 3030 filiis
2540 2974 2845 3030 hominum
2878 2973 3057 3045 (Psal.
3090 2991 3244 3042 xun,
3271 2976 3345 3045 4).
3380 2995 3407 3022 ››
3435 2974 3545 3041 Tu,
3569 2974 3831 3046 inquam,

2227 3066 2480 3134 formasti
2525 3081 2626 3118 me.
2669 3063 2746 3116 Et
2786 3081 2939 3134 super
2985 3062 3304 3118 formatum
3346 3063 3581 3132 posuisti
3613 3080 3833 3115 manum

2230 3159 2399 3215 luam,
2424 3153 2482 3209 id
2503 3156 2588 3207 est
2611 3151 2886 3206 auxilium
2907 3150 3106 3223 gratia:
3131 3154 3265 3213 tua),
3286 3150 3587 3205 scilicetne
3611 3150 3832 3221 aliqua-

2228 3245 2396 3297 tenus
2425 3260 2459 3296 a
2488 3241 2849 3297 formositate
2880 3241 2978 3295 illa
3025 3240 3287 3296 deﬁciam
3308 3241 3537 3310 posuisti
3570 3257 3726 3310 super
3753 3256 3835 3292 me

2230 3331 2587 3403 adjutorium
2616 3331 2818 3401 gratia:
2847 3334 2979 3397 tum,
3000 3330 3154 3401 quod
3186 3347 3277 3384 me
3299 3328 3478 3384 faciat
3499 3345 3831 3400 persevera-

2228 3436 2312 3485 re,
2345 3436 2378 3474 a
2416 3418 2793 3474 similitudine
2825 3418 3169 3490 adjuvantis,
3215 3416 3312 3489 qui
3362 3433 3605 3471 manum
3660 3432 3833 3488 super

2227 3525 2400 3579 quem
2418 3508 2583 3578 ponit
2599 3511 2657 3561 ut
2670 3521 2804 3561 eum
2818 3510 3013 3561 teneat
3029 3523 3101 3561 ne
3118 3505 3304 3561 cadat.
3322 3505 3652 3559 Notandum
3675 3503 3833 3575 quod

2225 3597 2333 3651 hoc
2364 3599 2551 3651 totum
2582 3596 2799 3651 dictum
2830 3598 2915 3649 est
2944 3597 3207 3667 respectu
3228 3592 3403 3649 solius
3423 3592 3828 3646 humanitatis.

2294 3684 2432 3739 Dico
2447 3683 2604 3753 quod
2631 3701 2713 3738 me
2727 3684 2998 3753 formasti,
3018 3686 3127 3737 etc.
3155 3683 3221 3735 Et
3247 3698 3364 3735 non
3396 3682 3586 3735 solum
3610 3680 3834 3735 formo-

2294 3700 2432 3739 UICO
2491 3700 2604 3739 uoa
2631 3701 2713 3738 me
2727 3700 2998 3753 [ormasm
3018 3700 3127 3737 etc.
3156 3700 3221 3735 et
3247 3700 3364 3735 non
3396 3700 3586 3735 somm
3610 3700 3831 3735 ιρι-ωυ-

2223 3700 2652 3843 ειιῐηδέοπιθ
2670 3771 2728 3826 in
2742 3771 3001 3826 moribus
3014 3769 3193 3825 fecisti
3206 3769 3323 3836 ,sed
3336 3768 3510 3823 etiam
3526 3767 3831 3833 scientem,

2223 3863 2289 3915 ut
2330 3863 2384 3915 te
2424 3859 2797 3931 singulariter
2826 3864 2884 3914 et
2908 3858 3181 3914 secretius
3220 3856 3445 3912 austeris
3491 3855 3726 3911 scirem.
3764 3857 3833 3909 Et

2222 3949 2345 4003 haec
2372 3950 2587 4003 scientia
2620 3954 2735 4014 tua,
2763 3947 2820 4002 id
2850 3949 2936 4002 est
2968 3946 3109 4002 mihi
3129 3963 3163 4000 a
3192 3949 3249 4000 te
3280 3945 3434 4011 data,
3464 3961 3589 4017 non
3612 3947 3699 3997 est
3726 3961 3833 4016 per

2220 4054 2315 4092 me
2344 4035 2796 4109 contemptibilis
2841 4035 3014 4102 facta,
3047 4034 3193 4088 sicut
3221 4034 3329 4089 fuit
3357 4050 3462 4105 per
3489 4032 3698 4097 Adam,
3730 4033 3831 4104 qui

2221 4142 2353 4179 cum
2376 4124 2455 4179 tui
2487 4124 2785 4179 scientiam
2816 4122 3103 4187 habuerit,
3138 4124 3196 4177 et
3225 4122 3298 4176 ab
3328 4138 3398 4176 ea
3421 4122 3573 4176 male
3593 4121 3829 4194 agendo

2220 4212 2566 4277 dissenserit,
2599 4229 2729 4267 eam
2767 4210 3266 4284 contemptibilem
3293 4209 3472 4264 videri
3496 4209 3650 4265 fecit.
3679 4209 3829 4264 lllud

2218 4302 2376 4356 enim
2397 4301 2553 4373 quod
2582 4299 3019 4370 contemptibile
3039 4301 3144 4365 est,
3163 4302 3226 4353 ut
3249 4297 3356 4352 vile
3374 4298 3588 4369 aliquid
3607 4297 3831 4351 dimitti

2217 4391 2381 4445 solet.
2398 4391 2520 4445 Non
2547 4392 2652 4455 est,
2672 4389 2933 4460 inquam,
2948 4404 3053 4459 per
3065 4404 3158 4442 me
3179 4386 3632 4459 contemptibilis
3645 4385 3830 4453 facta,

517 4488 740 4535 meum,
770 4472 826 4528 id
860 4475 947 4527 est
988 4471 1410 4529 dimensionem
1451 4472 1778 4528 hereditatis
1809 4490 1954 4539 mca',
1987 4492 2116 4547 quos

2230 4479 2317 4534 sed
2346 4481 2561 4533 scientia
2603 4485 2695 4531 tua
2723 4495 2787 4530 ex
2816 4494 2898 4530 me
2938 4477 3087 4531 bene
3115 4479 3415 4547 operante,
3448 4478 3505 4530 et
3543 4474 3619 4527 sic
3650 4474 3712 4527 in
3757 4490 3833 4528 ea

516 4574 621 4630 per
639 4559 954 4615 funiculum
969 4561 1267 4633 accipitur,
1283 4578 1352 4616 eo
1374 4561 1531 4633 quod
1545 4560 1798 4616 funiculo
1810 4562 2115 4617 haereditas

517 4650 907 4701 mensuretur.
944 4648 1108 4711 Quod
1139 4652 1225 4703 est
1254 4650 1443 4704 dicere
1478 4666 1490 4704 :
1527 4650 1635 4704 Per
1659 4650 2111 4721 completionem

513 4734 830 4790 arduorum
868 4738 1290 4807 praceptorum
1314 4740 1566 4805 tuorum,
1598 4737 1779 4794 fecisti
1801 4754 1894 4793 me
1923 4737 2113 4810 exqui-

511 4839 643 4879 rere
674 4840 709 4879 a
738 4826 796 4878 te
825 4823 1249 4891 haereditatem,
1282 4825 1494 4881 scilicet
1522 4843 1706 4898 genus
1733 4828 2058 4882 humanum
2092 4842 2106 4879 :

512 4912 669 4984 quod
694 4911 965 4969 dimetiar
992 4930 1005 4967 :
1035 4915 1262 4984 partem
1293 4930 1589 4971 assumens
1617 4915 1678 4971 in
1711 4917 2106 4982 salvationem,

508 5004 739 5071 partem
764 5018 898 5058 vero
930 5000 1246 5057 dimittens.
1278 5002 1440 5057 Unde
1466 5002 1523 5057 in
1556 5005 1777 5075 psalmo
1811 5005 2060 5059 secundo
2091 5021 2103 5059 :

509 5112 538 5139 ‹‹
568 5089 799 5145 Postula
820 5107 855 5145 a
880 5106 995 5157 me,
1028 5093 1086 5145 et
1114 5090 1263 5147 dabo
1318 5090 1419 5146 tibi
1460 5094 1662 5163 gentes
1707 5092 2106 5148 hmreditatem

2215 4568 2557 4638 persistente
2596 4566 2852 4620 mirabilis
2888 4566 3037 4635 facta
3079 4571 3156 4618 est
3190 4563 3313 4618 aliis
3343 4568 3402 4619 et
3430 4563 3833 4618 admiratione

2214 4656 2392 4727 digna
2412 4660 2469 4712 et
2485 4655 2893 4712 desiderabilis.
2911 4655 3053 4709 Cum
3069 4654 3229 4709 enim
3251 4652 3543 4724 sapienter
3557 4669 3648 4706 me
3670 4669 3832 4723 prae-

2213 4745 2403 4800 dicare
2424 4745 2704 4810 viderent,
2728 4748 2785 4798 et
2799 4732 2945 4799 bene
2976 4742 3226 4816 Operari,
3242 4741 3541 4797 scientiam
3555 4743 3657 4795 ate
3675 4741 3831 4795 mihi

2211 4833 2409 4888 datam
2440 4833 2589 4888 miro
2632 4832 2808 4887 modo
2865 4830 3181 4903 pretiosam
3221 4847 3343 4885 esse
3387 4830 3829 4902 judicaverunt.

2211 4921 2373 4976 Unde
2404 4921 2459 4975 in
2488 4920 2795 4992 Evangelio
2828 4937 2841 4975 :
2879 4943 2906 4969 ‹‹
2940 4919 3269 4990 Stupebant
3290 4922 3482 4974 autem
3501 4920 3833 4990 omnesqni

2208 5026 2341 5064 eum
2375 5009 2705 5074 audiebant,
2736 5024 2910 5081 super
2948 5006 3260 5078 prudentia
3287 5009 3347 5061 et
3374 5004 3660 5079 responsis
3696 5007 3832 5076 ejus

2209 5099 2358 5169 (Luc.
2384 5115 2442 5165 ιι,
2466 5098 2580 5169 47).
2617 5119 2645 5147 ››
2675 5098 2741 5152 Et
2765 5114 2883 5152 non
2913 5097 3103 5152 solum
3128 5096 3393 5151 mirabilis
3418 5096 3563 5166 facta
3587 5101 3686 5160 est,
3720 5097 3831 5151 sed

506 5182 666 5235 tuam
690 5177 863 5251 (Psal.
889 5194 951 5246 ιι,
975 5179 1053 5251 8).
1083 5201 1110 5228 ››
1134 5179 1238 5235 Ubi
1268 5179 1361 5235 hic
1393 5180 1639 5236 habetur
1672 5182 2011 5250 funiculum,
2046 5182 2105 5236 in
2204 5194 2253 5241 et
2301 5187 2603 5255 con/artata
2659 5193 2732 5241 est
2778 5186 2836 5240 in
2880 5188 3044 5258 parte
3077 5184 3512 5250 salvandorum,
3545 5201 3676 5255 qua:
3714 5201 3831 5255 per

506 5267 786 5323 Hebraica
815 5268 1189 5323 translatione
1231 5268 1477 5324 habetur
1520 5270 1932 5324 accubationcm.
1968 5271 2105 5336 Quae
2204 5276 2387 5330 Adam
2422 5275 2482 5329 in
2502 5274 2935 5330 omnihumano
2957 5290 3171 5346 genere
3186 5273 3489 5328 debilitata
3518 5271 3654 5337 fuit;
3676 5290 3751 5327 ac
3778 5274 3827 5328 si

502 5374 608 5411 vox
638 5356 1080 5428 eequipollenter
1108 5357 1199 5411 hic
1226 5357 1382 5414 idem
1397 5358 1801 5429 designatorum
1825 5360 2099 5426 funiculo,

501 5446 713 5500 scilicet
732 5462 835 5516 par
846 5450 960 5502 tem
983 5448 1409 5511 salvandorum,
1428 5464 1555 5518 quer
1573 5447 1671 5502 Dei
1689 5447 1982 5503 accubatio
2014 5449 2099 5503 di-

500 5534 666 5602 citur,
699 5533 757 5590 id
786 5538 871 5591 est
897 5534 998 5592 Dei
1029 5535 1290 5612 requies:
1324 5552 1393 5594 eo
1419 5535 1573 5611 quod
1603 5536 1659 5591 in
1687 5554 1755 5593 ca
1785 5536 2097 5594 delectatus

2207 5363 2666 5419 dicat:Scientia
2698 5380 2812 5435 qua
2845 5367 2897 5417 te
2925 5379 3109 5434 genus
3140 5362 3465 5416 humanum
3488 5361 3679 5425 sciret,
3706 5362 3823 5417 nisi

2202 5452 2385 5506 Adam
2420 5454 2704 5524 peccaret,
2745 5469 2814 5505 eo
2845 5455 3120 5522 peccante
3167 5449 3243 5504 sic
3276 5449 3571 5504 debilitata
3614 5449 3727 5503 fuit
3762 5452 3819 5507 in

2207 5540 2476 5596 omnibus
2496 5545 2555 5595 ut
2573 5540 2655 5594 vix
2672 5540 2925 5612 aliquam
2950 5542 3059 5595 tute
3092 5538 3308 5595 notitias
3323 5538 3695 5594 scintillulam
3718 5540 3822 5596 ha-
