4016 6030
230 344 367 413 less

1165 340 1521 407 EXPOSITIO
1558 340 1628 402 ΙΝ
1666 338 1999 401 PSALMOS.
2031 370 2100 386 --
2129 342 2324 404 PSAL.
2366 340 2650 407 CXXXVIII

3334 369 3344 377 -
3398 335 3536 415 last

220 468 449 539 berent,
480 468 539 528 et
572 470 628 527 te
660 461 819 544 quasi
852 484 955 543 per
998 467 1294 525 somnium
1355 464 1639 523 viderent.
1668 459 1833 519 Unde
1852 495 1903 546 Α
1932 463 2221 522 constabit
2246 465 2626 542 quiaadestin
2644 468 2934 528 medio:si
2954 467 3267 547 sumpseris
3280 466 3538 547 pennas?

225 559 402 617 etiam
433 560 636 616 Paulus
652 557 816 615 dicit:
843 581 870 607 «
902 556 1177 612 Videmus
1204 572 1359 611 nunc
1399 570 1504 627 per
1533 552 1831 624 speculum

225 647 285 705 in
314 646 690 720 senigmateU
715 645 841 702 Cor.
876 663 994 713 xm,
1023 644 1128 717 l2).
1164 666 1191 694 »
1216 647 1324 699 Per
1352 660 1498 698 mea:
1525 657 1659 697 vero
1676 632 1851 694 mor-.

225 736 296 790 tis
327 736 723 791 obedientiam
750 734 991 793 scientia
1016 734 1125 790 ista
1152 733 1211 790 in
1230 731 1495 788 ﬁdelibus
1539 729 1830 785 conforta-

223 823 400 891 bitur,
428 824 487 880 id
517 827 602 879 est
626 823 1117 890 corroborabitur,
1147 825 1208 877 ut
1232 826 1286 878 te
1317 820 1491 876 etiam
1523 817 1687 874 solito
1710 817 1830 888 ple-

224 911 353 969 nius
383 912 583 968 sciant.
621 911 774 967 Licet
805 912 864 965 in
890 912 997 967 hac
1025 910 1140 966 vita
1171 927 1288 965 non
1330 908 1445 963 sint
1463 908 1614 963 hanc
1649 904 1830 959 scien-

218 1000 367 1057 tiam
399 1002 651 1073 perfecte
675 1000 949 1066 habituri,
983 1000 1138 1071 quod
1168 999 1226 1054 in
1276 999 1469 1053 futuro
1514 994 1828 1051 habebunt.

225 1088 513 1154 Quoniam
543 1092 739 1145 autem
758 1089 828 1143 de
848 1088 1085 1143 scientia
1116 1090 1336 1158 egerat,
1372 1103 1498 1158 quae
1545 1082 1831 1155 praecipue

222 1179 367 1234 solet
389 1195 511 1234 esse
526 1192 697 1233 causa
719 1177 1025 1247 superbiae,
1050 1179 1110 1230 ut
1122 1176 1202 1230 ait
1230 1175 1532 1247 Apostolus
1557 1190 1616 1227 :«
1638 1171 1835 1227 Scien-

224 1265 307 1321 tia
322 1267 486 1322 inﬂat
504 1266 556 1338 (Ι
574 1264 699 1320 Cor.
725 1282 840 1332 Vill,
876 1265 925 1335 1)
950 1286 975 1313 ››
993 1282 1006 1319 :
1026 1266 1174 1319 hanc
1203 1263 1503 1318 scientiam
1552 1260 1831 1316 habituris

224 1354 566 1410 humilitatis
581 1355 909 1427 exemplum
926 1353 984 1407 in
1002 1370 1061 1407 se
1076 1352 1391 1424 praescribit
1412 1352 1489 1406 sic
1505 1368 1517 1405 :
1532 1350 1679 1404 Mira
1689 1350 1827 1416 bilis,

222 1441 489 1514 inquam,
519 1445 677 1513 facta
691 1450 763 1497 est
781 1444 995 1496 scientia
1011 1448 1122 1508 tua,
1150 1442 1208 1495 et
1231 1440 1533 1510 confortata
1547 1444 1621 1492 est
1649 1456 1713 1493 ea:
1726 1452 1828 1502 me,

188 1550 195 1555 λ
224 1530 287 1584 id
313 1534 398 1585 est
425 1548 530 1603 per
554 1547 668 1586 me.
700 1530 777 1584 Et
793 1530 925 1585 licet
954 1531 1103 1585 hanc
1125 1528 1383 1602 pleuarie
1403 1526 1705 1582 scientiam
1728 1525 1829 1579 lia-

224 1619 419 1688 beam,
450 1623 649 1674 tamen
679 1635 787 1674 non
801 1626 985 1690 potero
1010 1619 1081 1671 ad
1100 1636 1235 1684 eam,
1270 1617 1327 1671 id
1357 1618 1442 1671 est
1464 1633 1581 1671 non
1613 1631 1706 1669 me
1732 1630 1835 1685 po-

226 1711 448 1763 tentem
472 1707 804 1779 judicavero
853 1708 927 1762 ad
979 1724 1109 1762 eam
1140 1705 1548 1778 possidendam
1604 1720 1707 1775 per
1737 1718 1831 1757 me

1931 552 2018 607 Ad
2047 555 2201 627 quod
2233 555 2652 629 delignandum
2682 560 2845 616 addit
2874 559 2953 617 sic
2972 578 2987 617 :
3005 561 3147 618 Vere
3174 563 3459 620 constabit
3481 566 3539 623 te

1933 641 2129 698 adesse
2160 644 2217 698 in
2266 645 2375 699 hoc
2407 646 2619 714 medio,
2650 650 2699 701 si
2737 666 3001 721 sumpsero
3049 666 3269 721 pennas.
3318 651 3540 707 Etenim

1932 746 2121 784 manus
2152 738 2267 797 tua,
2291 732 2348 786 id
2370 736 2457 787 est
2482 736 2740 806 operatio
2766 722 3174 809 potentim55
3196 722 3212 809 I
3235 742 3345 795 tua:
3371 740 3541 795 deduv

1932 824 2009 871 cet
2030 836 2110 872 me
2129 819 2272 887 illuc,
2297 822 2359 875 ut
2395 838 2619 893 pennas
2646 840 2874 881 sumam
2898 825 3026 880 etin
3060 827 3330 883 extremis
3360 828 3541 885 maris

1931 905 2208 961 habitem.
2245 908 2356 964 Sed
2386 912 2444 964 et
2468 913 2517 964 si
2542 911 2651 967 hoc
2680 912 2753 967 sit
2781 914 2937 985 quod
2960 931 3165 985 pennas
3188 919 3541 987 sumpsero,et

1932 995 1988 1047 in
2011 997 2254 1050 extremis
2277 1000 2440 1052 maris
2463 999 2790 1064 habitavere,
2811 1007 2863 1055 et
2891 1001 2969 1056 ibi
3009 1002 3201 1057 tenebit
3231 1020 3349 1066 me,
3376 1004 3436 1059 id
3451 1005 3540 1061 est

1931 1097 2297 1153 perseverare
2328 1085 2498 1141 faciet
2537 1087 2750 1144 dextera
2802 1095 2914 1156 tua,
2947 1089 3005 1144 id
3037 1094 3122 1145 est
3144 1090 3541 1150 misericordia

1930 1173 2050 1238 tua,
2072 1171 2284 1228 scilicet
2311 1177 2617 1246 postquam
2666 1176 2775 1231 ista
2813 1178 3052 1250 adeptus
3076 1194 3203 1241 ero,
3235 1195 3341 1233 nec
3367 1179 3422 1234 in
3447 1180 3538 1238 his

1931 1276 2297 1330 perseverare
2324 1265 2547 1337 potero,
2581 1264 2688 1319 nisi
2727 1264 3125 1323 misericordia
3172 1269 3273 1323 tua
3298 1269 3539 1327 tenente

1933 1365 2046 1403 me.

2000 1439 2328 1494 Notandum
2348 1441 2505 1511 quod
2528 1457 2660 1496 cum
2688 1440 2746 1496 in
2775 1458 2879 1497 sua
2906 1457 3153 1513 persona
3205 1443 3541 1499 Dominicus

1930 1526 2106 1581 homo
2136 1531 2335 1598 ponat,
2358 1546 2458 1600 quo
2484 1530 2567 1584 ibo
2596 1548 2628 1584 a
2656 1528 2869 1601 Spiritu
2920 1538 3030 1598 tuo,
3065 1534 3197 1597 etc.,
3227 1548 3408 1604 usque
3429 1549 3443 1587 :
3462 1532 3541 1588 Et

1930 1614 2045 1667 diri
2063 1615 2317 1684 forsitan,
2347 1620 2454 1671 etc.
2478 1617 2746 1673 Nonideo
2758 1617 2836 1673 sic
2868 1617 3061 1690 agitin
3088 1620 3544 1692 personasua,ut

1930 1721 2187 1777 unquam
2208 1705 2316 1761 hoc
2332 1705 2471 1760 sitin
2488 1723 2555 1762 eo
2569 1707 2850 1775 futurum,
2870 1710 2932 1763 ut
2955 1707 3213 1782 aSpiritu
3230 1708 3458 1780 Deieat,
3483 1710 3543 1765 et

223 1796 351 1853 sine
381 1800 477 1853 tuo
510 1797 740 1865 auxilio,
769 1796 984 1851 scilicet
1006 1795 1160 1867 quod
1186 1794 1372 1849 sciens
1387 1810 1513 1849 sum
1534 1808 1832 1864 nunquam
1862 1813 1913 1871 B
1932 1811 1966 1847 a
1992 1793 2136 1848 facie
2163 1794 2286 1865 ejus
2316 1794 2517 1866 fugiat.
2544 1795 2667 1859 Quo
2699 1796 2917 1852 etenim
2949 1797 3126 1852 modo
3185 1797 3483 1853 recederet
3506 1815 3542 1852 a

230 1885 393 1953 mihi,
414 1886 515 1941 sed
546 1885 647 1940 tibi
679 1901 909 1957 semper
938 1884 1240 1939 ascribam.

301 1975 409 2029 Per
428 1975 537 2028 hoc
558 1976 752 2028 autem
784 1974 957 2044 plane
983 1974 1273 2028 auditores
1296 1970 1613 2037 instruit,ut
1646 1970 1835 2024 nullus

230 2062 302 2117 de
332 2062 570 2117 scientia
590 2063 762 2117 suain
782 2079 864 2129 se,
882 2062 980 2117 sed
1012 2063 1070 2117 in
1092 2060 1340 2116 Domino
1355 2058 1650 2132 glorietur.
1675 2057 1837 2112 Unde

228 2151 531 2221 Apostolus
555 2165 568 2202 :
590 2172 616 2198 ‹‹
654 2150 801 2214 Quid
833 2149 993 2204 enim
1010 2150 1187 2204 habes
1205 2149 1361 2222 quod
1386 2164 1503 2202 non
1527 2143 1837 2218 accepisti?

230 2236 289 2291 Si
320 2240 514 2292 autem
545 2238 976 2309 accepisti,quid
991 2236 1254 2308 gloriaris
1293 2236 1453 2308 quasi
1471 2252 1587 2289 non
1610 2249 1839 2304 accepe-

229 2324 309 2379 ris
323 2325 351 2379 ‘?
370 2324 554 2396 (ICor.
576 2344 649 2393 ιν,
664 2326 739 2397 7).
760 2348 788 2374 ››
803 2326 875 2380 Μ
873 2325 1338 2397 irabilis,inquam
1348 2327 1515 2393 ,facta
1533 2329 1607 2378 est
1620 2324 1838 2377 scientia

229 2422 340 2471 tua.
352 2417 554 2470 Etcum
576 2432 670 2469 me
683 2418 843 2470 tanta
858 2414 1097 2470 scientia
1124 2414 1391 2486 spriritali
1409 2411 1835 2477 illuminaveris,

227 2521 334 2576 quo
354 2505 436 2559 ibo
467 2523 500 2557 a
528 2505 724 2574 spiritu
756 2506 890 2557 tuo?
921 2503 1088 2567 Quod
1140 2507 1225 2557 est
1255 2503 1478 2558 dicere:
1502 2502 1559 2556 Si
1589 2519 1620 2554 (ι
1647 2500 1839 2572 spiritu

229 2598 318 2648 tuo
332 2608 426 2646 me
439 2592 547 2646 hac
562 2591 799 2646 scientia
818 2590 1203 2658 illuminante,
1229 2591 1543 2645 secundum
1568 2588 1837 2643 humani-

228 2682 413 2734 tatem
445 2681 599 2734 male
648 2679 888 2734 vivendo
944 2695 1253 2745 recessero,
1299 2697 1402 2750 quo
1433 2679 1536 2745 ibo,
1568 2677 1627 2731 id
1653 2680 1738 2731 est
1765 2677 1840 2731 ad

229 2785 403 2841 quem
433 2768 610 2822 alium
644 2785 738 2822 me
769 2768 1066 2823 conferam
1097 2767 1411 2822 secundum
1443 2765 1836 2827 devotionem,

229 2856 327 2928 qui
368 2874 461 2911 me
487 2854 805 2911 illuminat?
834 2856 921 2910 Ad
952 2857 1173 2911 nullum
1224 2855 1306 2910 ire
1332 2858 1554 2926 potero.
1612 2855 1681 2907 Et
1706 2870 1839 2907 cum

231 2946 510 3000 ultionem
542 2949 702 3000 tuam
732 2963 798 2999 ex
824 2945 1035 3000 merito
1062 2962 1329 2999 sensurus
1357 2943 1487 3010 sim,
1508 2943 1550 2997 si
1580 2942 1840 3013 aSpiritu

228 3036 328 3090 tuo
370 3051 681 3103 recessero,
729 3051 833 3105 quo
859 3053 892 3087 a
922 3035 1064 3103 facie
1121 3039 1214 3086 tua
1264 3034 1497 3102 fugiam,
1562 3031 1620 3086 id
1651 3034 1736 3085 est
1767 3030 1837 3084 ad

1931 1880 2033 1935 Dei
2062 1881 2295 1952 Spiritu,
2319 1882 2415 1954 qui
2443 1883 2548 1939 Dei
2574 1884 2760 1940 Verbo
2784 1885 3169 1956 personaliter
3199 1889 3285 1940 est
3307 1885 3543 1942 unitus?

1936 1968 2046 2024 Sed
2075 1970 2184 2025 hoc
2214 1970 2425 2027 idcirco
2454 1972 2513 2026 in
2545 1988 2796 2044 persona
2811 1973 2894 2027 sui
2925 1974 3388 2046 transfiguratur,
3401 1978 3463 2030 ut
3478 1973 3540 2031 in

1935 2073 1994 2110 se
2025 2058 2292 2113 membra
2316 2077 2419 2114 sua
2446 2058 2714 2126 instruat,
2753 2077 2828 2115 ne
2862 2060 3078 2133 aliquid
3108 2061 3365 2133 ipsorum
3386 2060 3544 2118 aDei

1940 2142 2157 2216 Spiritu
2183 2147 2451 2201 recedere
2468 2150 2805 2217 prazsumat,
2851 2147 3210 2203 ostendendo
3232 2147 3293 2203 in
3312 2166 3372 2204 se
3386 2149 3545 2221 quod

1936 2249 2111 2287 nemo
2142 2235 2418 2289 recedens
2447 2253 2481 2290 a
2505 2235 2651 2290 facie
2670 2236 2793 2307 ejus
2820 2236 3026 2307 fugere
3055 2239 3262 2309 potest.
3315 2238 3409 2292 Est
3434 2236 3544 2308 igi-

1935 2323 2029 2375 tur
2053 2339 2215 2394 aaque
2255 2324 2447 2378 valens
2497 2340 2561 2378 ac
2611 2323 2655 2378 si
2700 2323 2778 2378 sic
2809 2327 3088 2394 poneret:
3118 2324 3261 2380 Cum
3315 2343 3411 2381 me
3465 2324 3546 2381 sic

1936 2409 2264 2466 mirabilem
2286 2412 2345 2466 in
2358 2412 2831 2479 scicntiafeceris,
2866 2416 2925 2468 et
2954 2412 3224 2468 eamdem
3244 2413 3544 2469 scientiam

1936 2497 1993 2551 in
2011 2499 2269 2554 humano
2289 2516 2503 2570 genere
2529 2500 3140 2571 confortaveris,patet
3168 2518 3233 2556 ex
3257 2502 3367 2557 hoc
3388 2502 3546 2574 quod

1939 2588 2078 2642 nulli
2105 2588 2459 2659 estaSpiritu
2480 2592 2575 2645 tuo
2598 2590 3010 2645 recedendum.
3028 2590 3151 2654 Quo
3175 2589 3342 2646 ibunt
3383 2589 3544 2646 enim

1938 2675 2053 2730 mei
2084 2676 2269 2730 afacie
2317 2680 2413 2731 tua
2454 2678 2827 2733 recedentes?
2853 2681 2911 2732 et
2935 2695 3047 2749 quo
3079 2696 3113 2733 a
3141 2678 3285 2734 facie
3326 2681 3424 2733 tua
3452 2678 3542 2733 fu-

1938 2764 2100 2835 gient
2119 2765 2145 2819 ?
2169 2766 2480 2838 Nusquam.
2510 2767 2579 2822 Si
2599 2766 2756 2821 enim
2788 2766 3152 2821 ascenderint
3177 2770 3235 2821 in
3254 2767 3460 2831 caelum,
3482 2773 3542 2820 tu

1940 2851 2049 2906 illic
2070 2870 2139 2920 es,
2156 2855 2204 2906 si
2226 2854 2633 2909 descenderint
2647 2856 2703 2908 in
2720 2855 3015 2925 infernum,
3031 2853 3183 2922 ades;
3215 2855 3267 2910 si
3282 2871 3544 2926 sumpse-

1939 2940 2125 2995 rintin
2150 2941 2260 2994 hoc
2283 2942 2473 2996 medio
2475 2959 2682 3012 pennas
2699 2942 3546 3010 suasdiluculo,ethabitaverint

1940 3029 1996 3080 in
2018 3030 2261 3081 extremis
2292 3031 2475 3097 maris,
2511 3030 2651 3084 ades.
2705 3029 2929 3084 Etenim
2964 3030 3089 3084 illuc
3116 3046 3306 3085 manus
3325 3036 3415 3085 tua
3450 3030 3546 3085 de-

228 3139 405 3193 quem
430 3123 621 3177 locum
652 3098 852 3193 fugere
875 3098 1077 3194 potero
1110 3138 1143 3175 a
1175 3098 1485 3192 priesentia
1515 3123 1634 3186 tua,
1694 3119 1840 3172 utul-
1872 3098 2090 3169 C'ducet
2116 3132 2233 3182 eos,
2286 3122 2335 3169 et
2380 3117 2571 3170 tenebit
2599 3131 2696 3171 eos
2732 3117 2946 3171 dextera
2994 3123 3108 3173 tua.
3184 3117 3545 3174 Perfectione

231 3210 450 3264 tionem
473 3209 642 3264 istam
687 3210 930 3264 evadam
949 3210 976 3264 ?
1006 3209 1316 3280 Nusquam.
1353 3208 1420 3263 Si
1448 3207 1606 3261 enim
1639 3207 1838 3278 fugere
1928 3202 2165 3273 justitiae
2199 3206 2256 3257 et
2286 3220 2517 3259 morum
2539 3206 2596 3257 et
2624 3204 2874 3259 scientia:
2895 3221 3012 3259 sure
3030 3205 3546 3274 ostensa,ostendit

229 3299 424 3357 volens
445 3297 721 3351 ascendere
745 3297 1004 3351 localiter
1032 3300 1089 3351 in
1136 3297 1342 3361 coelum,
1394 3303 1450 3349 tu
1477 3296 1582 3349 illic
1611 3312 1661 3349 es
1718 3313 1835 3350 non

227 3386 507 3451 localiter,
531 3384 630 3439 sed
662 3385 1073 3455 potentialiter.
1106 3387 1170 3439 Et
1188 3387 1236 3438 si
1244 3385 1549 3439 descendere
1566 3384 1637 3437 ad
1658 3384 1835 3454 infer-

228 3490 379 3538 num,
400 3475 462 3526 ut
492 3472 572 3527 tui
595 3466 964 3544 praesentiam
986 3472 1250 3536 evadam,
1279 3472 1434 3543 quod
1465 3474 1664 3525 tamen
1696 3489 1841 3525 nun-

226 3578 403 3632 quam
421 3562 549 3629 erit,
581 3562 790 3615 frustra
807 3559 935 3625 erit,
961 3560 1235 3631 quoniam
1257 3559 1368 3614 illic
1397 3560 1539 3626 ades,
1570 3559 1625 3613 id
1657 3562 1760 3625 est,
1779 3576 1839 3614 es

222 3648 306 3704 ibi
343 3666 594 3721 praesens
624 3648 1015 3719 potentialiter
1064 3647 1161 3718 qui
1212 3665 1306 3702 me
1336 3647 1558 3719 punies.
1588 3648 1836 3719 Ideoque

226 3755 347 3793 non
379 3740 517 3792 esta
549 3740 603 3792 te
617 3736 1179 3802 recedendum,cum
1210 3753 1494 3807 nusquam
1520 3735 1833 3806 possitﬁeri

225 3826 587 3897 confugium.
626 3826 751 3881 Non
782 3826 965 3879 solum
996 3826 1189 3878 autem
1215 3824 1337 3879 ades
1390 3824 1448 3877 in
1487 3824 1629 3878 caelo
1684 3827 1741 3877 et
1771 3823 1829 3877 in

225 3915 478 3981 inferno,
500 3916 599 3969 sed
630 3914 885 3969 etiamin
899 3914 1007 3968 hoc
1024 3913 1239 3968 mundo
1262 3930 1276 3980 ;
1304 3913 1460 3984 quod
1480 3912 1734 3966 medium
1749 3916 1834 3967 est

227 4004 381 4060 inter
411 4006 621 4059 costum
662 4007 719 4057 et
741 4002 1058 4057 infernum.
1090 4002 1255 4067 Quod
1276 4000 1837 4058 indeostenditur.Si

227 4095 387 4149 enim
408 4094 467 4149 in
494 4095 601 4149 hoc
625 4092 818 4147 medio
871 4091 1118 4146 existens
1151 4108 1414 4161 sumpsero
1432 4106 1641 4162 pennas
1671 4107 1832 4158 meas,

229 4184 289 4238 id
318 4186 402 4238 est
431 4183 665 4238 virtutes
687 4199 814 4252 quae
855 4197 1062 4251 pennae
1094 4184 1226 4235 sunt
1272 4180 1421 4234 bene
1451 4180 1832 4246 sumentibus,

228 4288 334 4344 per
359 4288 498 4341 quas
525 4271 595 4325 ad
627 4269 956 4341 paradisum
979 4270 1283 4337 volatur,et
1302 4268 1478 4323 etiam
1509 4268 1554 4321 si
1576 4284 1672 4322 eas
1686 4284 1839 4322 sum-

1939 3290 2115 3346 ctiam
2139 3307 2195 3344 se
2233 3293 2428 3346 tamen
2451 3309 2485 3345 a
2502 3291 2712 3347 Iudaeis
2728 3291 2786 3345 in
2812 3295 3065 3347 mortem
3086 3294 3541 3351 conculcandum

1938 3396 2081 3445 esse,
2116 3378 2248 3432 licet
2277 3378 2420 3433 adeo
2453 3380 2740 3450 perfectus
2758 3379 2849 3446 sit,
2882 3383 2943 3434 ut
2970 3384 3102 3451 post
3123 3386 3546 3454 consequenter

1938 3468 2186 3522 fructum
2206 3468 2482 3538 passionis
2502 3486 2617 3524 suae
2636 3469 2982 3536 ostendal,et
2996 3470 3074 3525 sic
3088 3486 3186 3526 eos
3202 3471 3408 3543 quibus
3419 3488 3547 3543 pass

1938 3556 2020 3610 sio
2034 3572 2134 3610 sua
2149 3555 2444 3610 salutifera
2459 3557 2679 3622 est,sibi
2692 3557 2971 3612 obnoxios
2989 3559 3280 3625 reddat,et
3293 3560 3365 3614 ad
3382 3560 3548 3630 justi-

1936 3644 2091 3698 tiaaet
2107 3643 2420 3697 sanctitatis
2430 3643 3103 3710 sureconformitatem,et
3117 3646 3190 3699 ad
3204 3646 3544 3716 patiendum

1934 3749 2039 3803 pro
2050 3731 2127 3785 sei
2137 3747 2235 3803 pso
2253 3732 2523 3799 attrahat;
2533 3731 2544 3784 i
2555 3731 2856 3785 ncredulos
2868 3748 3000 3786 vero
3018 3732 3242 3787 Iudaeos
3254 3733 3545 3804 resipisce-

1933 3836 1993 3873 re
2010 3818 2385 3890 negligentes,
2420 3819 2488 3873 de
2504 3820 2691 3873 morte
2707 3836 2809 3872 sua
2829 3818 3244 3876 inexcusabiles
3255 3822 3541 3888 ostendat,

1933 3923 2066 3960 cum
2097 3923 2228 3961 eum
2262 3910 2670 3979 usquequaque
2700 3906 3025 3976 perfectum
3046 3906 3107 3962 in
3132 3909 3388 3963 mortem
3412 3925 3547 3963 con-

1934 3994 2299 4049 culcaverint.
2333 3995 2449 4050 Hoc
2478 4011 2617 4067 ergo
2644 3993 2721 4049 sic
2752 3993 2923 4049 dicit:
2949 3995 3082 4050 Dico
3114 3996 3272 4067 quod
3292 3997 3546 4070 formasti

1936 4100 2035 4137 me.
2075 4083 2151 4138 Et
2181 4100 2315 4140 cum
2347 4102 2443 4139 me
2475 4084 2554 4140 sic
2582 4082 2922 4139 formaveris
2946 4084 3078 4152 άιζῖί,
3111 4083 3170 4139 id
3193 4086 3280 4140 est
3307 4085 3544 4158 concepi

1937 4171 2087 4242 apud
2136 4186 2249 4239 me,
2332 4173 2553 4229 tenebrae
2605 4172 2990 4228 conculcabunt
3044 4189 3127 4226 me
3172 4171 3233 4228 in
3290 4174 3545 4227 mortem

1937 4276 2002 4313 ex
2026 4261 2237 4316 invidia
2266 4259 2642 4317 formositatis
2691 4262 2748 4315 et
2776 4259 3028 4316 scientiae
3059 4277 3225 4316 mete.
3254 4260 3546 4315 Tenebras

231 4374 399 4429 psero
430 4360 485 4410 in
532 4357 772 4412 diluculo
803 4356 1038 4427 positas,
1070 4356 1129 4411 id
1159 4358 1246 4409 est
1294 4354 1354 4409 in
1408 4354 1837 4411 illuminatione
1863 4351 1914 4409 D
1935 4350 2159 4405 Judmos
2190 4365 2294 4420 per
2309 4348 2634 4421 emphasim
2671 4349 2828 4417 dicit,
2882 4366 2949 4404 eo
2997 4349 3153 4419 quod
3200 4345 3545 4417 ignorantiae

232 4447 399 4500 bona?
420 4444 744 4511 voluntatis,
768 4453 818 4499 et
843 4445 886 4498 si
904 4446 1209 4499 habitavere
1233 4461 1350 4516 prae
1377 4443 1666 4497 volatione
1718 4443 1838 4513 spei

232 4535 290 4586 et
312 4533 482 4587 bonae
532 4532 659 4586 vitae
719 4532 1152 4587 conversatione
1183 4533 1239 4584 in
1292 4532 1556 4595 extremis,
1590 4529 1645 4582 id
1666 4533 1750 4583 est
1779 4529 1837 4582 in

229 4623 401 4692 portu
438 4620 605 4691 hujus
634 4623 819 4686 maris,
849 4620 905 4673 id
938 4622 1022 4673 est
1051 4619 1109 4672 in
1142 4618 1254 4673 alia
1279 4618 1392 4672 vita
1418 4634 1546 4689 qua:
1578 4619 1838 4671 extrema

232 4712 317 4763 est
342 4711 470 4780 post
496 4710 643 4764 hanc
669 4710 866 4774 vitam,
890 4710 1129 4778 propter
1155 4707 1241 4761 sui
1262 4706 1648 4761 mutationem
1674 4722 1837 4760 mare

233 4797 466 4850 dictam.
492 4796 627 4860 Quae
662 4796 835 4851 etiam
883 4798 1082 4866 portus
1112 4793 1319 4866 quietis
1349 4796 1435 4848 est
1465 4794 1726 4847 fidelibus
1767 4793 1839 4847 de

231 4885 399 4953 hujus
420 4884 545 4938 vita:
573 4885 912 4953 tempestate
939 4882 1332 4948 cvadentibus,
1351 4881 1493 4951 ades,
1515 4880 1571 4935 id
1590 4883 1676 4934 est
1696 4898 1840 4954 pra:-

232 4988 362 5027 sens
382 4988 503 5026 esse
530 4971 589 5026 in
620 4971 730 5024 hoc
762 4969 954 5023 medio
983 4985 1226 5039 appares
1250 4985 1353 5041 per
1373 4986 1468 5023 me
1499 4985 1722 5041 pennas
1751 4986 1840 5023 su-

232 5062 512 5125 mentem,
527 5062 584 5114 et
604 5060 659 5112 in
676 5060 919 5114 extremis
939 5059 1103 5111 maris
1123 5057 1838 5112 habitantem.Notandum

234 5148 368 5221 quia
382 5164 500 5202 non
532 5147 661 5202 ideo
683 5146 818 5201 dicit
840 5148 889 5200 si
913 5162 1197 5215 sumpsero,
1247 5148 1381 5211 etc.,
1409 5144 1548 5216 quin
1579 5162 1675 5199 eas
1696 5161 1837 5217 pen-

235 5254 337 5293 nas
363 5254 398 5291 a
424 5234 1043 5308 primordiohabuerit,
1064 5234 1165 5288 sed
1184 5233 1258 5288 ad
1284 5232 1840 5296 ostensionem,con-

234 5325 554 5381 cessionem
589 5323 725 5379 facit
756 5324 827 5378 de
860 5339 921 5377 re
951 5339 1079 5394 quae
1110 5338 1227 5376 non
1268 5321 1397 5387 erit,
1450 5338 1514 5375 ac
1564 5320 1607 5374 si
1640 5321 1789 5375 dicat
1822 5337 1836 5375 :

238 5414 599 5469 Concedatur
620 5415 681 5467 ut
707 5429 931 5482 pennas
976 5427 1205 5465 sumam
1258 5410 1316 5463 in
1338 5409 1588 5477 diluculo,
1621 5413 1678 5464 et
1709 5409 1840 5464 ideo

240 5520 466 5558 sumam
497 5505 558 5556 ut
585 5504 639 5555 in
667 5502 910 5555 extremis
938 5499 1217 5564 habitem,
1274 5501 1332 5551 et
1362 5514 1465 5568 per
1490 5497 1597 5551 hoc
1651 5499 1841 5570 palam

240 5592 351 5648 erit
381 5591 515 5663 quia
533 5591 589 5647 in
602 5588 918 5646 bocmedio
937 5586 1477 5661 (tiles.Possetquacri
1505 5586 1841 5654 :Quomodo

1938 4438 2192 4493 tenebris
2218 4437 2392 4493 nimis
2409 4438 2626 4493 fuerint
2647 4437 2910 4501 involuti,
2965 4451 3095 4488 cum
3116 4434 3457 4489 Creatorem
3487 4435 3547 4487 et

1939 4526 2296 4580 Salvatorem
2326 4543 2493 4579 suum
2526 4525 2585 4579 in
2619 4528 2868 4578 mortem
2910 4538 2978 4575 ex
3017 4520 3232 4576 invidia
3256 4519 3541 4576 dederint.

1978 4614 2279 4680 ,Tenebra’,
2310 4612 2576 4683 inquam,
2598 4610 2981 4665 conculcabunt
3012 4625 3114 4665 me.
3148 4610 3217 4664 Et
3249 4610 3358 4665 hoc
3378 4611 3543 4680 forsi-

1938 4710 2030 4755 tan
2062 4701 2291 4769 facient,
2325 4700 2383 4754 id
2415 4702 2500 4753 est
2539 4697 2847 4768 improvise
2876 4702 2934 4753 et
2979 4698 3454 4754 irrationabiliter
3483 4702 3544 4754 et

1938 4788 2248 4844 temerario
2282 4790 2466 4842 motu.
2500 4787 2597 4841 Vel
2629 4787 2881 4856 forsitan,
2914 4786 2973 4841 id
3015 4791 3102 4842 est
3125 4803 3345 4853 revera,
3400 4785 3547 4840 sicut

1939 4876 2193 4933 etiamin
2243 4874 2549 4948 Evangelio
2594 4875 2830 4946 forsitan
2887 4892 3003 4930 non
3061 4873 3394 4935 dubitative,
3444 4872 3545 4927 sed

1939 4965 2281 5021 afﬁrmative
2331 4964 2588 5037 ponitur,
2662 4980 2793 5019 cum
2856 4963 3028 5019 dicit:
3063 4984 3091 5013 «
3123 4961 3179 5016 Si
3237 4960 3545 5016 crederetis

1936 5054 2129 5126 Moysi,
2162 5053 2401 5109 forsitan
2437 5052 2749 5109 crederetis
2776 5056 2834 5106 et
2878 5051 3020 5104 mihi
3048 5050 3234 5122 (Joan.
3272 5065 3329 5117 v,
3359 5049 3471 5121 46).
3512 5069 3541 5097 υ

1939 5142 2359 5210 Coneuleabunt,
2398 5143 2661 5215 inquam,
2694 5158 2778 5195 me
2802 5139 3044 5194 tenebrae.
3071 5137 3149 5192 Et
3179 5155 3245 5193 ex
3266 5136 3384 5193 mei
3412 5152 3548 5192 con-

1936 5232 2258 5286 culcatione
2309 5231 2610 5302 continget
2638 5228 2794 5302 quod
2819 5244 2924 5281 nox
2952 5243 3057 5297 per
3083 5225 3407 5299 emphasim
3436 5224 3549 5280 erit

1939 5319 2259 5374 illuminatio
2286 5337 2424 5386 mea,
2452 5319 2510 5373 id
2542 5321 2628 5374 est
2656 5315 3071 5390 parssalvanda
3092 5332 3160 5370 ex
3181 5313 3416 5369 Judaico
3444 5329 3548 5385 po-

1940 5409 2097 5479 pulo,
2138 5408 2234 5480 qui
2260 5425 2365 5480 per
2391 5405 2716 5477 emphasim
2731 5421 2841 5459 nox
2860 5403 3088 5470 dicitur,
3119 5420 3187 5458 eo
3218 5402 3553 5474 quodigno-

1946 5497 2148 5551 rantize
2171 5501 2338 5551 nocte
2358 5494 2431 5548 sit
2456 5494 2758 5559 involutus,
2792 5492 3211 5547 illuminabitur
3242 5489 3354 5546 fide
3374 5492 3432 5546 et
3454 5489 3555 5544 Dei

1949 5584 2281 5660 cognitione
2314 5600 2416 5658 per
2445 5599 2560 5640 me.
2595 5580 2720 5641 No.1:
2769 5581 2896 5641 dico
2931 5580 3202 5657 ponenda
3251 5581 3309 5637 in
3354 5579 3557 5637 deliciis
