3966 6034
528 316 664 377 I367

1131 314 1192 377 S.
1233 316 1577 377 BRUNONIS
1615 310 2249 376 CARTHUSIANORUM
2284 312 2752 373 INSTITUTORIS
2786 314 2945 373 OPP.
2986 310 3164 373 PARS
3202 312 3225 371 Ι

3698 306 3831 371 1388

521 446 671 513 meis,
703 442 763 501 id
789 446 873 503 est
894 444 1046 502 inter
1075 444 1305 503 delicias
1325 462 1504 515 meas,
1528 447 1743 504 scilicet
1767 447 1825 503 in
1839 443 2127 503 consortio
2151 454 2208 519 Α
2230 442 2355 499 aliis
2385 445 2669 500 terrorem
2720 440 3015 499 intulerim
3051 442 3220 514 justee
3278 440 3695 507 damnationis,
3728 440 3833 498 nisi

490 537 585 589 'et
611 533 1018 590 conformitate
1062 534 1470 607 discipulorum
1525 553 1814 604 meorum,
1848 536 1945 609 qui
2000 533 2131 591 s'unt

525 622 747 679 delicias
776 640 944 691 meae,
976 623 1037 678 in
1066 640 1312 696 quorum
1344 625 1646 681 sanctitate
1674 626 1949 694 delector,
1988 624 2131 679 sicut

490 724 503 731 “
523 708 585 765 in
615 710 857 766 summis
887 710 1124 767 deliciis.
1142 714 1280 768 lnde
1298 730 1430 769 vero
1463 716 1683 769 certum
1698 717 1783 769 est
1812 714 1953 769 mihi
1974 713 2130 786 quod

521 798 607 854 illi
629 800 727 872 qui
765 816 877 855 nox
917 802 975 855 et
1001 802 1255 857 tenebras
1296 802 1582 870 dicuntur,
1615 820 1719 875 per
1748 801 2129 859 conculcatio:

526 903 665 943 nem
696 886 1197 957 illuminabuntur,
1253 892 1378 961 quia
1434 889 1542 963 ipsi
1591 888 1767 945 iidem
1824 891 2130 946 existentes

526 975 704 1031 modo
749 977 971 1031 tenebrae
1020 994 1125 1031 non
1183 978 1604 1033 obscurabuntur
1638 997 1670 1033 a
1711 986 1778 1047 te,
1819 979 1879 1034 id
1904 983 1990 1034 est
2011 995 2129 1034 non

526 1065 967 1119 excecabuntur
988 1065 1144 1136 justo
1169 1066 1384 1137 judicio
1410 1070 1533 1135 tuo,
1565 1068 1708 1122 sicut
1756 1068 1931 1123 modo
1973 1068 2130 1138 juste

527 1152 907 1207 obscurantur
942 1167 1047 1225 pro
1075 1152 1241 1208 malis
1261 1154 1486 1209 meritis
1529 1154 1662 1210 suis.
1693 1156 1833 1211 Cum
1861 1155 1995 1210 dicit
2025 1171 2129 1208 non

494 1240 965 1309 'olscurabuntur,
1000 1241 1168 1295 datur
1213 1242 1476 1314 intelligi,
1524 1260 1628 1314 per
1656 1245 1935 1316 lyptoten,
1987 1261 2129 1316 quo-

523 1326 682 1382 niam
715 1345 749 1381 a
779 1329 895 1383 Deo
910 1330 1076 1382 Patre
1098 1328 1671 1399 illuminabuntur,et
1690 1348 1794 1402 per
1811 1332 1919 1386 hoc
1938 1334 2129 1404 palam

521 1418 608 1469 est
638 1415 793 1487 quod
815 1418 873 1470 et
903 1415 1086 1470 aFilio
1105 1415 1600 1473 illuminabuntur.
1618 1419 1761 1474 Nam
1775 1435 2129 1492 qucecunque

525 1504 716 1569 Pater,
745 1504 957 1558 eadem
988 1506 1045 1558 et
1097 1504 1269 1559 Filius
1323 1509 1617 1577 operatur,
1664 1515 1714 1562 et
1770 1525 2125 1564 econverso:

523 1608 705 1647 unum
722 1591 878 1646 enim
910 1594 1043 1646 sunt
1093 1592 1221 1647 Non
1252 1594 1690 1661 obscurabuntur,
1720 1596 1980 1669 inquam,
2003 1603 2127 1665 ate,

522 1680 591 1732 Et
620 1678 773 1735 idem
806 1682 1048 1753 populus
1076 1697 1185 1735 nox
1211 1681 1454 1737 existens
1483 1683 1560 1738 sic
1590 1701 1623 1739 a
1650 1688 1706 1739 te
1738 1685 2131 1758 ﬁdeetcogni-

2229 535 2287 589 et
2311 533 2416 607 ipsi
2440 535 2498 588 te
2529 534 2791 606 exemplo
2817 532 2929 588 mei
2980 531 3351 605 magniﬁcare
3388 530 3737 587 studuerint.
3772 533 3833 587 Et

2228 623 2357 678 ideo
2379 638 2608 695 quoque
2640 622 2846 694 dignus
2887 639 3036 688 sum,
3069 620 3204 694 quia
3255 637 3360 692 per
3407 636 3504 675 me
3557 620 3834 677 mirabilia

2228 713 2457 766 ostensa
2477 713 2609 766 sunt
2629 725 2787 782 opera
2815 716 2929 777 tua,
2948 708 3013 764 id
3033 713 3118 764 est
3145 725 3239 764 me
3288 707 3714 765 rationabiliter
3738 709 3834 764 ba-

2228 799 2418 854 bendo
2445 798 2669 855 ostendi
2696 798 2983 853 mirabilia
3004 800 3061 852 et
3086 796 3421 869 dignissima
3446 814 3566 852 esse
3589 815 3682 864 ea,
3706 815 3831 870 qua:

2227 886 2288 942 in
2315 904 2410 942 me
2442 890 2708 958 operatus
2747 903 2827 954 es,
2853 884 3306 941 rationalitatem
3328 884 3541 939 scilicet
3569 888 3631 940 et
3660 885 3831 941 virtu-

2225 977 2332 1042 tes,
2355 992 2602 1048 quarum
2634 974 2973 1047 dignitatem
2990 972 3371 1045 pereﬁ'ectum
3389 989 3635 1046 Operam
3658 975 3832 1030 bono-

2228 1080 2358 1118 rum
2391 1062 2636 1119 ostendi.
2660 1065 2738 1117 Ac
2752 1062 2796 1117 si
2828 1062 3216 1118 dicat:Adam
3250 1060 3308 1116 in
3352 1078 3466 1133 quo
3514 1062 3830 1118 rationabi-

2229 1151 2452 1206 litatem
2481 1156 2537 1207 et
2561 1152 2796 1206 virtutes
2836 1153 3105 1224 operatus
3129 1167 3208 1217 es,
3242 1167 3311 1204 ea
3339 1150 3638 1205 mirabilia
3669 1155 3726 1205 et
3751 1152 3829 1206 di-

2230 1257 2346 1312 gna
2373 1256 2490 1295 non
2524 1240 2950 1307 ostendit,dum
2971 1240 3044 1295 ab
3058 1238 3377 1293 eisdel‘ecit.
3412 1239 3532 1310 Ego
3566 1256 3705 1295 vero
3731 1240 3830 1294 mi-

2230 1329 2433 1384 rabilia
2458 1328 2701 1396 ostendi,
2726 1345 2857 1382 cum
2889 1328 2946 1383 in
2979 1328 3059 1383 eis
3089 1327 3421 1401 persistens,
3479 1344 3551 1382 ea
3576 1328 3823 1383 exterius

2229 1434 2333 1489 per
2349 1434 2526 1490 Opera
2544 1418 2698 1472 bona
2727 1416 3109 1471 manifestavi.

2301 1505 2606 1575 Mirabitia,
2648 1506 2907 1579 inquam,
2936 1522 3040 1577 per
3065 1521 3158 1560 me
3180 1504 3329 1559 facta
3357 1508 3491 1559 sunt
3519 1522 3680 1576 Opera
3710 1514 3830 1559 tua:

2228 1601 2277 1648 et
2306 1612 2373 1649 ea
2398 1597 2582 1650 anima
2620 1610 2737 1649 mea
2792 1600 3060 1665 cognoscet
3116 1595 3292 1661 nimis,
3323 1592 3383 1647 id
3414 1595 3499 1646 est
3543 1594 3833 1665 reputabit

2228 1683 2390 1738 valde
2412 1683 2587 1756 digna
2619 1686 2676 1737 et
2704 1682 3007 1738 mirabilia.
3048 1683 3128 1735 Ac
3157 1681 3199 1735 si
3226 1682 3375 1736 dicat
3397 1681 3585 1736 :Sicut
3608 1682 3740 1752 jam
3772 1700 3835 1737 ea

520 1767 680 1823 tione
713 1768 793 1823 tui
821 1769 1289 1837 illuminabuntur,
1320 1778 1380 1824 ut
1407 1772 1515 1826 dies
1547 1773 1656 1828 dici
1693 1773 2026 1845 possil,prm
2046 1775 2134 1829 ni-
2153 1770 2205 1830 B
2228 1771 2518 1826 mirabilia
2542 1770 2921 1843 reputavi,ita
2957 1786 3186 1841 quoque
3222 1769 3573 1824 incessanter
3604 1770 3836 1824 mirabi-

519 1856 638 1911 mia
669 1856 925 1912 claritate
950 1858 1083 1912 fidei
1115 1862 1172 1914 et
1193 1859 1539 1931 cognitionis
1569 1878 1705 1916 sua}.
1734 1862 1831 1915 Vel
1875 1862 2128 1916 siczNoa:

520 1942 968 1999 ittuminabuntur
996 1948 1129 2000 sicut
1144 1946 1271 2013 dies,
1300 1946 1357 2001 id
1402 1950 1488 2001 est
1514 1949 1586 2002 ad
1633 1948 2129 2021 comparationem

520 2033 940 2105 apostolorum,
957 2033 1051 2105 qui
1068 2050 1171 2105 per
1187 2035 1507 2107 emphasim
1530 2035 1649 2091 dies
1671 2037 1959 2092 dicuntur.
1978 2037 2127 2103 Nox,

520 2120 783 2192 inquam,
817 2121 1226 2176 ittuminabitur.
1263 2124 1329 2177 Et
1355 2123 1434 2178 sic
1487 2124 1927 2191 illuminabitur,
1974 2125 2131 2197 quod

518 2210 653 2263 sicut
673 2211 843 2264 erunt
875 2211 1097 2264 tenebrae
1157 2210 1290 2281 eius,
1320 2213 1401 2266 ita
1447 2212 1558 2266 erit
1587 2219 1636 2266 et
1693 2213 1867 2268 lumen
1906 2213 2036 2282 ejus,
2072 2213 2131 2267 id

520 2300 607 2352 est
634 2301 852 2371 quanta
870 2298 981 2353 erit
1034 2300 1287 2373 cognitio
1363 2301 1735 2357 tenebrarum
1787 2301 2131 2373 ignorantia:

523 2386 665 2457 ejus,
702 2390 868 2442 tanta
889 2387 997 2443 erit
1021 2388 1368 2444 illuminatio
1396 2388 1528 2443 fidei
1556 2393 1614 2444 et
1628 2389 2125 2462 cognitionisejus,

524 2474 737 2531 scilicet
751 2492 966 2547 magna
980 2476 1153 2532 fuerit
1165 2477 1511 2549 ignorantiae
1527 2482 1584 2533 et
1602 2483 1969 2550 peccatorum
1985 2480 2126 2550 ejus,

522 2562 828 2636 gntessio,
859 2579 1074 2636 magna
1093 2564 1205 2619 erit
1230 2564 1595 2621 illuminatio.
1657 2568 1765 2622 Per
1791 2568 1899 2623 hoc
1931 2570 2127 2622 autem

522 2634 932 2722 invitat
943 2634 1231 2707 auditores
1242 2653 1315 2708 ad
1336 2653 1740 2709 vehementem
1762 2658 2129 2728 peccatorum

522 2755 762 2795 suorum
788 2740 1231 2809 confessionem,
1262 2742 1322 2796 ut
1342 2742 1839 2799 vehementiorem
1897 2744 2127 2800 veniam

517 2845 864 2901 promerean
874 2833 982 2887 tur.

504 2932 507 2937 '
592 2918 788 2974 Posset
818 2917 997 2991 qua'ri
1020 2917 1237 2983 :Quare
1264 2920 1455 2993 potius
1482 2937 1585 2992 per
1646 2924 1702 2975 te
1743 2921 2130 2976 iltmninabitur

519 3022 804 3074 nox,cum
854 3022 959 3078 per
1006 3007 1228 3062 nullum
1289 3008 1742 3080 praecedentium
1796 3012 2125 3065 sanctorum

516 3085 835 3149 illuminari
864 3094 1155 3167 potuerit?
1174 3096 1261 3150 Ad
1274 3097 1428 3168 quod
1450 3097 1873 3153 ostendendum
1895 3115 2131 3171 respon-

527 3181 628 3236 det
652 3181 765 3237 sic:
802 3183 932 3238 ideo
976 3201 1082 3237 nox
1112 3183 1222 3238 erit
1252 3184 1579 3240 illuminatio
1612 3203 1746 3253 mea,
1784 3186 1843 3241 id
1894 3191 1978 3242 est
1998 3188 2128 3243 ideo

529 3270 737 3342 dignus
765 3287 893 3325 sum
924 3272 986 3325 ut
1017 3288 1119 3342 per
1147 3288 1242 3327 me
1300 3272 1701 3329 illuminentur
1744 3273 1821 3329 illi
1877 3275 1970 3348 qui
2019 3293 2130 3330 nox

527 3360 680 3423 sunt,
703 3359 831 3430 quia
861 3364 916 3412 tu
936 3359 1219 3429 possedisti
1241 3377 1385 3414 renes
1443 3378 1600 3427 meos,
1650 3361 1704 3415 id
1740 3364 1826 3416 est
1883 3363 2132 3417 delecta-

526 3444 714 3499 tiones
737 3461 915 3513 meas,
949 3463 1078 3518 qua:
1106 3464 1209 3518 per
1239 3464 1406 3502 renes
1419 3447 1787 3512 denotantur,
1808 3467 1875 3505 eo
1890 3451 2045 3524 quod
2066 3468 2131 3507 ex

526 3531 759 3587 renibus
775 3533 1078 3589 delectatio
1092 3535 1403 3608 procedere
1428 3538 1903 3610 soleat.Congrue
1920 3556 2134 3612 nempe

520 3620 775 3692 positum
804 3624 889 3677 est
918 3629 996 3689 tu,
1029 3623 1102 3678 ad
1125 3623 1544 3691 differentiam,
1590 3643 1655 3680 ac
1691 3626 1735 3680 si
1769 3626 1922 3682 dicat
1971 3644 1983 3681 :
2025 3630 2132 3682 De-

527 3709 862 3767 lectationes
888 3714 1229 3767 eaeterorum
1262 3712 1319 3766 in
1358 3716 1522 3787 parte
1553 3714 1814 3770 diabolus
1860 3716 2132 3787 possidet,

527 3815 659 3853 cum
688 3800 998 3871 aliquando
1024 3800 1219 3856 illicita
1249 3800 1305 3854 in
1333 3800 1414 3855 eis
1452 3801 1724 3874 cogitatio
1787 3803 2131 3859 suboriatur.

530 3887 952 3944 Delectationes
982 3904 1123 3944 vero
1148 3905 1310 3943 meas
1340 3891 1399 3943 tu
1426 3891 1578 3944 solus
1607 3893 1665 3945 et
1691 3891 1969 3963 possides,
2002 3893 2137 3948 etab

530 3976 682 4028 initio
714 3975 829 4029 mei
851 3977 1149 4046 possedisti,
1181 3978 1245 4031 ut
1272 3977 1428 4032 nulla
1458 3977 1517 4033 in
1570 3995 1663 4033 me
1686 3979 1986 4035 delectatio
2034 3981 2135 4035 ha-

530 4061 764 4131 beatur,
792 4062 899 4115 nisi
932 4063 1032 4118 tibi
1085 4064 1295 4135 placita
1323 4068 1383 4119 et
1412 4068 1521 4120 ate
1549 4066 1843 4139 disposita.
1890 4068 2139 4141 Ideoque

535 4147 686 4202 solus
716 4164 783 4202 ex
806 4150 1076 4205 omnibus
1106 4151 1315 4222 dignus
1344 4146 1494 4220 sum,
1528 4169 1633 4224 per
1653 4170 1826 4226 quem
1878 4156 2141 4212 infideles

532 4235 955 4291 illuminentur.
987 4238 1053 4291 Et
1078 4241 1139 4292 tu
1193 4239 1369 4293 etiam
1421 4244 1692 4312 suscepisti
1743 4259 1825 4297 me
1877 4243 1942 4298 de
1988 4250 2142 4298 utero

2150 3053 2198 3111 C

2229 1859 2305 1913 lia
2330 1876 2450 1914 esse
2481 1860 2782 1932 reputabo,
2811 1861 2867 1913 et
2889 1875 2957 1913 ea
2986 1857 3272 1913 mirabilia
3310 1874 3431 1913 esse
3489 1858 3618 1913 aliis
3650 1860 3834 1913 mani-

2229 1947 2472 2002 festabo.
2508 1947 2643 2012 Quae
2662 1963 2767 2018 pro
2781 1949 2936 2002 certo
2958 1946 3142 2001 Adam
3162 1945 3449 2000 mirabilia
3463 1963 3582 2001 non
3602 1950 3836 2018 reputa-

2228 2035 2326 2103 vit,
2360 2036 2496 2090 dum
2528 2035 2586 2089 in
2630 2035 2712 2089 eis
2762 2051 3128 2106 perseverare
3185 2034 3453 2107 neglexit.
3497 2036 3646 2089 Cum
3702 2035 3840 2090 dicit

2229 2127 2409 2178 anima
2440 2142 2555 2179 mea
2606 2126 2932 2196 cognoscet,
2992 2122 3147 2177 idem
3184 2125 3270 2176 est
3299 2139 3363 2177 ac
3384 2122 3428 2177 si
3481 2123 3638 2177 dicat
3669 2141 3683 2178 ε
3720 2124 3838 2195 Ego

2229 2230 2595 2285 cognoscam.
2627 2213 2855 2267 Partem
2871 2209 3024 2266 enim
3053 2228 3159 2284 pro
3180 2213 3301 2265 toto
3330 2211 3513 2283 ponit.
3544 2211 3839 2275 Quoniam

2231 2305 2426 2357 autem
2458 2301 2676 2356 dixerat
2706 2302 2935 2356 Patrem
2963 2316 3070 2372 per
3094 2316 3151 2354 se
3200 2316 3323 2353 esse
3370 2300 3835 2372 magnificatum,

2231 2390 2523 2463 quomodo
2549 2405 2653 2460 per
2673 2405 2805 2443 eum
2824 2387 3225 2460 magnificatus
3237 2387 3307 2441 sit
3319 2387 3622 2442 ostendere
3644 2388 3837 2442 inten-

2232 2479 2334 2546 dit,
2364 2478 2442 2533 sic
2463 2477 2626 2532 :Dico
2660 2477 2815 2549 quod
2845 2494 2948 2549 per
2978 2492 3071 2530 me
3124 2476 3495 2546 magniﬁcatus
3524 2493 3597 2542 es,
3625 2479 3685 2530 et
3737 2493 3839 2547 per

2229 2566 2338 2621 hoc
2366 2568 2423 2621 te
2444 2563 2828 2638 magniﬁcavi,
2859 2564 2995 2636 quia
3022 2580 3127 2618 non
3151 2570 3227 2619 est
3245 2579 3281 2618 α
3314 2580 3396 2618 me
3423 2563 3748 2620 occultatum
3782 2582 3835 2619 os

2232 2672 2408 2709 meum
2434 2670 2469 2710 α
2500 2661 2547 2708 te
2576 2654 2775 2708 datum
2794 2652 2935 2725 quod
2957 2669 3033 2722 os,
3062 2651 3276 2707 scilicet
3306 2654 3367 2706 tu
3408 2653 3610 2722 fecisiti
3667 2655 3722 2705 in
3745 2670 3830 2706 oc-

2229 2744 2393 2810 culto,
2426 2742 2483 2798 id
2516 2745 2600 2796 est
2629 2741 2686 2795 in
2718 2740 2979 2795 interiori
3006 2757 3159 2808 meo,
3182 2739 3240 2794 in
3259 2740 3457 2795 anima
3481 2740 3833 2814 scilicetquas

2231 2832 2450 2887 occulta
2479 2833 2582 2884 est.
2641 2829 2882 2885 Ponitur
2928 2832 3121 2884 autem
3164 2828 3258 2883 hic
3306 2846 3361 2882 os
3415 2844 3520 2900 pro
3550 2844 3684 2895 esse,
3721 2846 3833 2883 non

2229 2937 2335 2992 pro
2364 2937 2471 2974 ore.
2500 2918 2644 2975 Dicit
2681 2936 2814 2972 vero
2839 2917 3292 2972 rationalitatem
3345 2933 3464 2971 esse
3504 2935 3558 2970 os
3604 2917 3834 2981 animm,

2228 3025 2296 3063 eo
2329 3008 2483 3079 quod
2516 3006 2802 3061 robustior
2842 3021 2974 3078 pars
3000 3005 3210 3059 anima:
3240 3004 3331 3071 sit,
3354 3004 3498 3059 sicut
3523 3021 3587 3058 os
3607 3004 3667 3059 in
3722 3021 3840 3059 cor-

2228 3113 2369 3169 pore
2394 3095 2680 3151 robustius
2723 3096 2825 3150 est.
2883 3095 2998 3148 Hoc
3057 3097 3252 3149 autem
3307 3094 3459 3166 quod
3526 3092 3690 3159 dicit,
3739 3112 3841 3147 non

2230 3191 2305 3239 est
2335 3184 2677 3248 occultatum,
2733 3182 2888 3237 idem
2948 3184 3034 3236 est
3088 3199 3153 3236 ac
3183 3181 3226 3235 si
3260 3182 3442 3237 dicat:
3478 3180 3548 3235 0s
3600 3198 3781 3235 meum
3811 3200 3843 3234 a

2232 3277 2288 3327 te
2319 3274 2542 3339 datum,
2598 3271 2751 3344 quod
2795 3270 3059 3325 videlicet
3134 3272 3311 3340 fecisti
3372 3274 3427 3323 in
3481 3271 3709 3337 occulto,
3744 3287 3848 3323 non

2232 3366 2308 3417 est
2336 3379 2367 3414 a
2393 3379 2473 3414 me
2498 3361 2842 3422 occultatum,
2874 3359 3088 3414 scilicet
3132 3360 3213 3411 vis
3257 3357 3501 3413 rationis
3546 3375 3698 3412 mea?
3728 3374 3844 3412 non

2234 3453 2319 3505 est
2349 3467 2381 3504 a
2400 3466 2490 3503 me
2505 3451 2803 3515 occultata,
2834 3449 2931 3503 sed
2951 3465 3012 3501 ex
3023 3446 3198 3501 terius
3220 3444 3614 3513 manifestata,
3636 3446 3779 3500 dum
3797 3449 3847 3499 le

2233 3539 2381 3593 bene
2405 3537 2641 3592 vivendo
2664 3540 2721 3593 et
2749 3537 2873 3591 aliis
2892 3535 3259 3610 praedicando
3298 3534 3619 3606 ghriosum
3646 3537 3704 3588 et
3730 3551 3847 3588 ma-

2235 3642 2417 3698 gnum
2447 3625 2691 3680 ostendi.
2729 3626 2864 3690 Quaa
2915 3625 3111 3696 utique
3139 3621 3379 3678 rationis
3404 3621 3486 3676 vis
3536 3623 3612 3676 ab
3662 3622 3845 3677 Adam

2237 3717 2519 3770 occultata
2564 3714 2692 3781 fuit,
2736 3714 2977 3770 dum-al)
3007 3710 3338 3768 obedientia
3388 3709 3490 3764 Dei
3538 3710 3845 3769 desistens.

2237 3819 2367 3857 eum
2384 3803 2705 3875 glorificare
2722 3805 2777 3858 et
2790 3801 3161 3874 magniﬁcum
3177 3797 3480 3854 ostendere
3498 3814 3622 3852 non
3633 3799 3849 3853 studuit

2239 3892 2462 3947 Dictum
2484 3896 2568 3946 est
2589 3888 3221 3947 asimilitudineinertis
3235 3886 3448 3953 militis,
3472 3887 3568 3958 qui
3585 3887 3847 3960 gladium

2238 3997 2426 4047 suum,
2459 3997 2591 4035 cum
2614 3980 2850 4035 viriliter
2887 3994 3146 4051 pugnare
3206 3977 3462 4042 deberet,
3520 3975 3847 4030 abscondit.

2240 4069 2381 4121 Cum
2430 4067 2567 4122 dicit
2621 4085 2676 4122 os
2727 4085 2832 4122 non
2863 4083 2982 4122 esse
3039 4065 3378 4130 occultatum,
3422 4078 3528 4134 per
3591 4064 3845 4135 lyptoten

2241 4156 2409 4210 datur
2433 4155 2676 4227 intelligi
2710 4156 2865 4228 quod
2896 4154 3034 4209 illud
3063 4171 3123 4209 os
3147 4154 3297 4209 bene
3322 4150 3631 4223 operando
3665 4152 3861 4212 mani-~

2240 4243 2484 4312 festavit,
2513 4248 2569 4299 et
2606 4244 2682 4299 sic
2708 4246 2889 4299 Deum
2936 4240 3341 4315 magnificavit.
3376 4239 3597 4294 Dicitur
3622 4256 3855 4311 quoque

534 4325 726 4379 matris
749 4342 897 4395 mea»,
929 4325 989 4381 id
1018 4329 1099 4381 est
1126 4328 1189 4379 tu
1234 4326 1390 4382 fuisti
1447 4332 1740 4400 susceptor
1783 4333 1839 4385 et
1870 4333 2145 4404 patronus
2165 4334 2219 4394 D
2240 4333 2489 4388 liberum
2515 4332 2819 4388 arbitrium
2849 4349 2910 4387 os
2935 4331 3165 4387 animae.
3201 4329 3372 4401 Cujus
3400 4344 3505 4398 pro
3528 4332 3695 4382 certo
3720 4332 3859 4383 tunc

536 4429 700 4468 meus
729 4430 763 4469 a
791 4416 1054 4487 tempore
1085 4415 1203 4483 illo,
1264 4431 1331 4470 ex
1371 4431 1484 4488 quo
1528 4418 1585 4472 in
1628 4424 1775 4472 utero
1799 4421 1988 4473 matris
2016 4437 2143 4475 meae

535 4499 641 4567 fui,
671 4501 884 4556 scilicet
938 4502 1019 4557 ita
1072 4505 1366 4574 susceptor
1421 4519 1585 4559 meus
1638 4506 1897 4561 exstitisti
1940 4510 2002 4561 ut
2048 4524 2141 4564 me

539 4589 727 4643 solum
776 4589 1101 4646 immunem
1135 4609 1168 4647 a
1200 4596 1436 4664 peccato
1495 4594 1713 4650 faceres
1761 4595 2046 4668 originali.
2075 4598 2144 4651 Et

539 4676 671 4732 ideo
697 4693 926 4751 quoque
949 4679 1153 4751 dignus
1174 4699 1320 4750 sum,
1357 4686 1418 4738 ut
1448 4698 1554 4754 per
1584 4700 1676 4738 me
1709 4700 1821 4740 nox
1851 4684 2141 4740 illumine-

539 4768 652 4832 tur,
685 4764 819 4838 quia
845 4783 952 4840 ego
1006 4770 1288 4838 conﬁtebor
1308 4771 1405 4825 tibi
1448 4776 1907 4843 perseveranter,
1970 4774 2027 4828 id
2059 4778 2145 4830 est

540 4855 697 4910 nullo
724 4856 991 4928 tempore
1022 4855 1288 4912 desistam
1330 4875 1364 4913 a
1413 4861 1766 4918 confessione
1796 4863 1980 4919 laudis
2005 4867 2138 4920 tuae.

540 4939 705 5005 Quod
743 4947 828 4998 est
859 4942 1401 5021 dicere:Quidquid
1422 4949 1558 5004 boni
1589 4950 1648 5005 in
1700 4968 1797 5007 me
1849 4956 1935 5007 est
1984 4954 2140 5010 laudi

539 5032 650 5085 tua:
681 5031 983 5088 ascribam.
1017 5034 1086 5088 Et
1111 5033 1247 5090 ideo
1265 5037 1449 5092 adhuc
1495 5041 1621 5110 quia
1664 5041 2037 5110 magniﬁcatus
2090 5059 2141 5097 es

535 5132 641 5189 per
660 5134 777 5187 me,
797 5120 858 5175 id
889 5125 973 5176 est
1016 5123 1149 5194 quia
1173 5140 1279 5195 per
1334 5126 1803 5197 praedicationem
1836 5130 1895 5182 et
1923 5129 2139 5186 bonam

533 5206 711 5263 vitam
743 5224 938 5263 meam
966 5211 1367 5283 magniﬁcatus
1395 5216 1453 5267 et
1496 5215 1845 5286 glorificatus
1873 5234 1934 5272 es
1985 5220 2136 5289 apud

533 5293 838 5368 discipulos
867 5314 1051 5362 meos,
1098 5301 1259 5355 Unde
1291 5301 1444 5357 idem
1472 5302 1528 5358 in
1596 5304 1903 5377 Evangelia
1952 5306 2129 5363 dicit:

531 5406 560 5433 ‹‹
596 5384 782 5452 Pater,
813 5386 1171 5443 manifestavi
1201 5406 1415 5446 nomen
1446 5395 1607 5447 tuum
1626 5394 2132 5470 hominibus,quos

528 5471 732 5529 dedisti
759 5474 899 5529 mihi
950 5475 1131 5546 (Joan.
1165 5495 1295 5545 xvu,
1320 5480 1394 5548 9).
1438 5502 1464 5528 ››
1516 5480 1899 5552 Magni/iratus
1937 5502 2005 5553 es,
2038 5486 2126 5540 in-

526 5574 722 5628 quam,
755 5577 858 5633 per
878 5578 993 5617 me.
1024 5564 1093 5618 Et
1121 5565 1230 5621 hoc
1252 5568 1572 5640 terribiliter,
1619 5568 1680 5624 id
1712 5572 1797 5626 est
1845 5570 1923 5626 ita
1972 5574 2124 5646 quod

2244 4420 2325 4474 vis
2355 4422 2689 4488 occultatur,
2715 4438 2845 4476 cum
2870 4437 2987 4475 non
3017 4422 3170 4473 recte
3201 4418 3610 4490 usurpatur,et
3625 4414 3860 4490 admitti

2244 4508 2434 4581 operis
2445 4486 2778 4564 exercitium
2797 4508 3213 4563 ﬂectitur.Nam
3230 4486 3361 4560 cum
3378 4522 3412 4559 a
3428 4486 3858 4574 Domin553

2242 4596 2370 4651 ideo
2403 4597 2600 4651 datum
2632 4596 2704 4651 sit
2741 4599 2804 4652 ut
2842 4596 2899 4650 in
2926 4596 3080 4651 bono
3134 4596 3484 4658 exerceatur,
3535 4596 3599 4646 et
3654 4593 3743 4646 sic
3794 4594 3861 4647 sit
3928 4608 3929 4655 ἢ

2244 4684 2539 4752 meritum,
2564 4685 2656 4739 ille
2679 4701 2878 4740 revera
2908 4683 3047 4738 illud
3090 4699 3206 4737 non
3237 4681 3310 4736 ad
3340 4683 3449 4735 hoc
3492 4696 3621 4735 esse
3649 4681 3861 4735 datum
3928 4681 3929 4735 1

2243 4773 2365 4844 ipsa
2393 4773 2477 4827 rei
2508 4773 2858 4845 experientia
2883 4776 3075 4845 negat,
3095 4770 3192 4843 qui
3210 4769 3401 4843 potius
3430 4768 3499 4823 ad
3532 4785 3713 4823 usum
3730 4786 3864 4842 0pc-

2241 4862 2481 4917 rationis
2510 4879 2696 4934 pravas
2728 4861 2995 4917 declinat.
3021 4861 3158 4925 Quia
3190 4875 3326 4913 vero
3358 4857 3580 4911 dixerat
3612 4873 3859 4913 ossuum

2240 4968 2347 5004 non
2373 4967 2491 5005 esse
2520 4949 2867 5019 occultatum,
2900 4952 3090 5021 posset
3115 4948 3224 5003 dici
3251 4964 3266 5003 :
3289 4946 3428 5031 Non.
3463 4947 3548 4998 est
3569 4944 3858 5000 mirumsi

2241 5057 2295 5094 os
2310 5057 2416 5093 non
2444 5039 2759 5108 occultasti,
2783 5039 2919 5112 quia
2959 5037 3200 5093 forsitan
3224 5037 3283 5090 in
3311 5037 3418 5090 hac
3465 5033 3856 5105 passibilitate

2241 5126 2299 5180 in
2336 5144 2450 5198 qua
2479 5143 2675 5181 sumus
2717 5142 2822 5181 nos
2844 5143 2960 5180 non
2992 5122 3167 5179 fuisti.
3188 5123 3405 5177 Contra
3426 5118 3585 5192 quod
3603 5134 3855 5190 respon-

2240 5215 2429 5271 dendo
2444 5234 2500 5270 se
2515 5216 2684 5270 fuisse
2706 5214 3035 5287 passibilem
3049 5211 3318 5276 ostendit,
3334 5214 3508 5282 utper
3527 5208 3644 5262 hoc
3662 5208 3853 5279 magis

2237 5305 2607 5360 commendet
2627 5301 3114 5378 perseverantiam
3137 5318 3252 5355 suae
3271 5300 3437 5354 bonae
3467 5294 3848 5368 operationis.

2231 5396 2500 5467 Magnum
2528 5393 2686 5449 enim
2712 5393 2817 5448 fuit
2848 5408 2979 5446 eum
3006 5391 3064 5445 in
3093 5388 3389 5462 proposito
3408 5382 3691 5441 bonitatis
3736 5400 3844 5436 sua

2231 5500 2638 5557 perseverasse,
2673 5499 2802 5537 cum
2819 5499 2884 5535 ex
2912 5480 3204 5535 debilitate
3224 5474 3609 5551 passibilitatis
3628 5471 3844 5526 habue-

2231 5574 2304 5629 rit
2325 5589 2486 5645 posse
2518 5572 2780 5627 deﬁcere.
