3966 6034
348 270 371 338 l
384 276 484 336 369

1266 272 1622 339 Exeosmo
1649 275 2081 354 iNkpSALuos.
2116 305 2185 321 -
2217 274 2410 338 PSAL.
2444 277 2728 340 cxxxvui

3513 279 3650 348 l370

417 396 533 453 Hoc
577 399 771 454 autem
807 396 885 454 sic
917 397 1090 457 dicit:
1125 397 1262 457 Dico
1292 417 1398 459 non
1426 408 1501 457 est
1528 402 1847 459 occultatum
1894 419 1950 459 os
1975 405 2031 467 Α
2052 396 2246 463 Nemo,
2276 396 2537 473 inquam,
2569 403 2625 458 in
2669 404 2743 461 eis
2769 420 2932 477 spem
2986 404 3220 463 habebit
3255 404 3650 468 formositatis.

342 499 544 553 meum,
576 491 624 542 et
654 487 953 545 substantia
983 506 1121 556 mea,
1153 488 1211 545 id
1238 493 1324 545 est
1354 495 1562 547 natura
1590 509 1744 559 mea,
1777 510 1953 565 quam

346 574 605 646 superius
633 592 688 630 os
717 576 929 643 vocavi,
964 594 1080 633 non
1108 580 1194 632 est
1222 580 1742 647 occultata,scilicet
1769 581 1850 636 vis
1868 598 1957 637 ra-

347 662 686 719 tionalitatis
714 668 772 719 et
800 664 964 720 liberi
989 665 1207 721 arbitrii
1244 667 1359 723 mei
1388 684 1504 723 non
1533 672 1619 723 est
1649 670 1951 736 occultata,

349 752 483 808 licet
496 752 567 807 sit
584 752 828 808 existens
844 757 898 807 in
917 755 1258 824 inferioribus
1278 757 1535 827 partibus
1552 758 1784 824 terrae,id
1797 761 1882 813 est
1893 758 1951 813 in

348 840 518 911 hujus
533 841 735 896 mundi
753 842 1011 912 partibus
1037 860 1166 916 qua
1184 843 1452 900 dicuntur
1466 845 1741 901 inferiora
1760 849 1952 915 terrae,

348 925 408 982 id
438 930 525 983 est
552 928 906 1001 indigniores
919 933 1109 1002 partes
1135 933 1401 999 terrae,ad
1435 938 1758 1005 respectum
1785 950 1952 1005 para-

350 1015 458 1071 disi
482 1017 790 1085 terrestris,
824 1018 881 1073 in
915 1035 1028 1089 quo
1057 1020 1242 1075 Adam
1275 1021 1489 1091 positus
1524 1022 1781 1093 primum
1811 1022 1950 1090 fuit;

351 1103 448 1176 qui
471 1104 703 1176 dignior
715 1109 772 1161 et
788 1107 1049 1178 superior
1079 1107 1304 1176 dicitur,
1334 1126 1402 1164 eo
1425 1110 1579 1181 quod
1600 1110 1677 1165 ibi
1700 1112 1857 1166 nulla
1882 1112 1956 1167 sit

349 1192 494 1247 aeris
516 1192 1322 1262 inclementia,immoderatio
1344 1199 1717 1270 nulla,neque
1749 1199 1952 1254 caloris

351 1296 537 1352 neque
550 1280 906 1352 frigoris,scd
919 1282 1115 1337 omnia
1134 1300 1336 1339 serena
1348 1287 1405 1338 et
1422 1288 1763 1359 temperata.
1780 1287 1955 1342 Cazte-

348 1384 477 1423 rum
510 1369 566 1423 in
597 1369 767 1440 hujus
789 1370 990 1425 mundi
1007 1374 1263 1427 convalle
1289 1376 1374 1427 est
1395 1372 1807 1429 maximaaeris
1821 1392 1951 1446 per-

346 1455 619 1523 turbatio,
655 1457 806 1512 unde
830 1457 1127 1529 multiplex
1149 1460 1337 1530 passio
1367 1461 1672 1533 contingit.
1704 1463 1954 1535 Ideoque

345 1544 595 1599 mundus
612 1544 715 1599 iste
733 1546 1000 1616 paradiso
1016 1546 1273 1615 inferior,
1298 1566 1413 1603 non
1436 1550 1750 1605 secundum
1780 1552 1954 1607 situm

344 1632 579 1699 loci,sed
600 1634 916 1689 secundum
934 1634 1339 1707 indignitatem
1354 1638 1579 1693 rei.lloc
1593 1643 1782 1694 autem
1798 1641 1952 1712 quod

2051 487 2198 543 Mihi
2231 496 2410 545 autem
2444 532 2459 558 ,
2487 490 2546 546 id
2576 494 2661 547 est
2700 492 2799 548 sed
2829 494 2903 550 ad
2950 495 3237 552 honorem
3267 513 3465 553 meum
3494 499 3654 552 nimis

2076 577 2414 647 honoriﬁcati
2432 585 2554 633 sunt
2583 581 2746 635 amici
2762 581 2849 636 tui
2877 622 2890 647 ,
2917 582 3082 647 Deus,
3109 585 3169 639 id
3200 587 3285 640 est
3312 586 3656 642 honoriﬁca-

2051 664 2268 720 buntur
2297 666 2356 720 in
2405 666 2680 722 virtutum
2711 668 3073 724 formositate
3108 670 3327 741 fideles,
3377 674 3472 745 qui
3503 675 3653 729 bene

2052 751 2294 808 vivendo
2327 754 2496 809 amici
2518 755 2597 809 tui
2628 756 2805 811 futuri
2821 761 2985 825 sunt;
3014 774 3079 813 ac
3104 759 3149 814 si
3179 761 3360 816 dicat:
3391 762 3521 817 Mihi
3547 760 3653 818 soli

2055 841 2457 897 ascribendum
2488 846 2593 909 est,
2640 844 2795 916 quod
2825 845 3149 919 quicunque
3181 848 3376 904 ﬁdeles
3401 853 3569 905 erunt
3592 850 3651 906 in

2053 929 2353 985 virtutibus
2397 930 2658 999 formosi,
2701 948 2806 1003 per
2835 951 2928 988 me
2989 935 3142 991 enim
3193 937 3434 993 formosi
3487 938 3646 993 fient.

2052 1016 2121 1069 Et
2149 1017 2324 1071 etiam
2348 1019 2501 1089 quod
2534 1020 2720 1088 majus
2749 1024 2853 1087 est,
2886 1023 3036 1090 mihi,
3068 1023 3125 1078 id
3156 1028 3248 1080 est
3268 1026 3341 1079 ad
3367 1026 3650 1082 honorem

2054 1120 2250 1158 meum
2264 1106 2421 1158 nimis
2440 1108 2769 1175 confortatus
2788 1114 2865 1165 est
2879 1112 3213 1182 principatus
3446 1131 3649 1176 eorum,

2050 1190 2110 1244 id
2140 1195 2225 1245 est
2256 1193 2674 1249 confortabitur
2703 1195 2762 1262 in
2791 1197 3064 1251 virtutum
3085 1198 3476 1267 formositate;
3512 1219 3574 1256 ac
3605 1202 3651 1258 si

2052 1277 2232 1333 dicat:
2265 1280 2394 1335 Mihi
2438 1282 2841 1337 ascribendum
2893 1288 2977 1338 est
3031 1287 3184 1356 quod
3216 1287 3472 1360 discipuli
3512 1290 3657 1356 mei,

2052 1366 2147 1438 qui
2180 1366 2466 1439 principes
2493 1372 2553 1422 et
2592 1369 2884 1441 digniores
2908 1374 3040 1425 sunt
3068 1372 3218 1427 inter
3247 1374 3397 1445 ipsos
3418 1376 3654 1444 amicos,

2052 1454 2360 1509 confortati
2392 1459 2450 1510 et
2479 1457 2695 1511 robusti
2723 1462 2895 1513 erunt
2922 1459 2981 1514 in
3008 1461 3114 1515 hac
3144 1461 3656 1536 formositate.Ego

2054 1542 2209 1596 enim
2240 1544 2586 1599 dinumerabo
2615 1562 2698 1600 eos
2724 1546 2969 1615 amicos,
3002 1548 3062 1604 id
3092 1552 3179 1604 est
3223 1567 3324 1606 eos
3371 1552 3442 1607 de
3475 1570 3663 1610 massa

2054 1631 2483 1702 perdendorum
2510 1636 2827 1705 exemptos,
2862 1639 3016 1691 certo
3043 1653 3286 1693 numero
3302 1639 3372 1694 ad
3394 1640 3656 1696 formosis

345 1721 482 1776 dicit
508 1722 803 1777 substantia
834 1739 949 1777 mea
1009 1726 1066 1777 in
1117 1725 1457 1793 inferioribus
1507 1733 1674 1793 terrae,
1716 1728 1793 1782 sic
1850 1730 1944 1784 ad-

2050 1720 2230 1775 tatem
2249 1720 2446 1774 salutis
2475 1721 2709 1792 eligam,
2742 1737 2807 1776 ac
2855 1723 2900 1777 si
2932 1723 3082 1779 dicat
3116 1742 3129 1778 :
3163 1728 3245 1781 Ita
3298 1727 3438 1783 mihi
3465 1733 3653 1785 certus

346 1812 577 1879 aptatur
601 1810 951 1866 :Substantia
982 1814 1117 1879 mea,
1142 1812 1198 1867 id
1217 1816 1301 1867 est
1323 1813 1406 1868 vis
1422 1817 1647 1870 naturas
1668 1831 1812 1871 mea;
1834 1834 1951 1873 non

344 1900 430 1951 est
459 1898 760 1964 occultata,
790 1900 890 1953 sed
919 1916 1022 1971 per
1042 1903 1528 1971 perseverantiam
1557 1903 1724 1958 bona:
1753 1921 1953 1977 opera-

342 1984 514 2039 tionis
544 1985 932 2054 manifestata,
974 1987 1107 2042 licet
1153 1988 1224 2042 sit
1276 1990 1463 2060 posita
1507 1992 1562 2044 in
1609 1992 1949 2061 inferioribus

346 2079 518 2140 terra,
541 2073 601 2128 id
632 2074 791 2130 estin
809 2075 980 2145 hujus
996 2076 1199 2131 mundi
1226 2078 1561 2133 calamitosa
1586 2080 1949 2147 convale,ubi

343 2164 534 2231 posset
588 2178 708 2217 esse
765 2164 921 2218 locus
950 2165 1293 2232 occultandi,
1327 2170 1562 2238 propter
1612 2167 1948 2224 instantiam

345 2251 701 2308 multimoda:
730 2252 1050 2311 anxietatis.
1077 2254 1240 2318 Quod
1270 2271 1374 2325 pro
1401 2260 1554 2311 certo
1574 2256 1759 2312 Adam
1789 2258 1946 2326 fecit,

343 2338 554 2394 scilicet
584 2340 697 2395 vim
729 2344 948 2396 natura:
969 2359 1083 2397 sua:
1106 2343 1423 2406 abscondit,
1445 2362 1561 2399 non
1592 2346 1962 2423 persistendo‘

342 2427 402 2482 in
429 2427 781 2492 obedientia,
805 2429 935 2484 licet
953 2431 1212 2485 nondum
1234 2434 1290 2485 in
1308 2432 1658 2499 inferioribus
1674 2438 1823 2488 terrae
1847 2451 1948 2506 po-

344 2514 481 2570 situs
509 2520 676 2583 esset,
709 2517 807 2571 sed
838 2517 896 2572 in
926 2518 1193 2590 paradiso
1220 2519 1315 2574 ubi
1360 2521 1514 2574 nulla
1534 2521 1813 2591 passionis
1841 2538 1943 2576 an-

340 2603 700 2667 xietas;nulla
729 2605 1030 2660 deiicieudi
1058 2607 1380 2662 necessitas.
1405 2609 1529 2662 Non
1558 2612 1642 2663 est
1664 2611 1945 2665 occultata

336 2691 631 2746 substantia
662 2710 775 2747 mea
807 2692 961 2748 idem
994 2696 1080 2748 est
1110 2694 1265 2766 quod
1312 2713 1417 2749 non
1442 2702 1518 2750 est
1547 2697 1863 2751 occultatum
1886 2714 1943 2752 os

337 2795 530 2845 meum,
581 2779 681 2834 sed
710 2781 1019 2852 repetitum
1062 2785 1147 2836 est
1197 2786 1257 2836 ut
1295 2782 1470 2837 addat
1509 2784 1571 2838 in
1602 2784 1941 2852 inferioribus

338 2873 504 2923 terra.
530 2867 671 2924 Cum
702 2868 878 2941 igitur
905 2870 1191 2940 perfectus
1221 2870 1330 2924 sim
1362 2886 1430 2924 eo
1452 2871 1607 2942 quod
1631 2889 1774 2925 renes
1801 2890 1939 2927 meos

326 2956 605 3027 possedisti
626 2959 684 3011 et
724 2959 996 3029 suscepisti
1031 2975 1110 3012 me
1147 2959 1210 3011 de
1258 2965 1403 3012 utero
1447 2960 1633 3012 matris
1686 2976 1828 3027 meae,
1889 2966 1939 3015 et

335 3061 441 3098 non
480 3050 555 3098 est
604 3046 925 3101 occultatum
948 3063 1002 3099 os
1044 3063 1238 3113 meum,
1288 3048 1485 3117 procul
1560 3046 1732 3102 dubio
1782 3051 1942 3120 patet

334 3132 487 3202 quod
518 3134 663 3187 oculi
692 3135 775 3187 tui
804 3135 1047 3188 viderunt
1101 3136 1470 3205 imperfectum
1503 3152 1696 3202 meum,
1752 3136 1811 3191 id
1853 3140 1940 3192 est

334 3220 481 3273 oeuli
513 3220 900 3292 dispositionis
938 3224 1051 3277 tua:
1082 3222 1489 3293 praeviderunt,
1541 3226 1597 3277 et
1636 3225 1940 3279 voluerunt

334 3305 837 3379 imperfectionem
862 3326 1077 3377 meam,
1108 3310 1164 3364 id
1191 3312 1277 3364 est
1292 3314 1545 3365 mortem
1572 3327 1785 3377 meam,
1810 3329 1939 3384 quae

335 3411 563 3450 summa
580 3396 841 3451 debilitas
857 3401 941 3451 est
960 3400 1015 3451 et
1035 3397 1938 3470 imperfectio,scilicetcum_adeo

338 3487 769 3537 consummatus
793 3484 879 3538 sin
915 3484 972 3538 in
1018 3485 1182 3540 omni
1222 3486 1573 3557 perfectione
1603 3486 1935 3555 sanctitatis,

338 3570 582 3642 ideoque
636 3575 696 3625 ut
726 3587 829 3642 per
858 3589 953 3627 me
994 3572 1192 3627 fideles
1223 3575 1511 3628 salventur
1560 3575 1765 3647 dignus
1806 3575 1937 3644 sim,

1963 3001 2012 3060 C

2052 1804 2160 1860 erit
2188 1823 2462 1862 numerus
2490 1824 2714 1876 eorum,
2756 1813 2818 1863 ut
2849 1827 3035 1883 neque
3062 1829 3316 1869 crescere
3349 1832 3536 1887 neque
3560 1817 3656 1870 de-

2050 1910 2303 1949 crescere
2329 1896 2526 1967 possit.
2577 1897 2685 1951 Per
2725 1897 2832 1952 hoc
2882 1902 3076 1954 autem
3109 1916 3205 1955 eos
3254 1902 3445 1957 reddit
3471 1903 3651 1958 bene-

2049 1984 2225 2047 volos,
2252 2000 2384 2038 cum
2410 1984 2482 2039 ad
2512 1986 2755 2040 salutem
2784 2002 2883 2042 eos
2913 1988 3064 2043 dicat
3093 2006 3214 2045 esse
3233 1990 3648 2046 dinumeratos.

2050 2072 2155 2135 Qui
2189 2090 2322 2128 vero
2354 2073 2574 2129 dixerat
2597 2075 2964 2146 dinumerabo,
3019 2096 3091 2133 ne
3143 2080 3473 2137 viderentur
3498 2081 3651 2153 apud

2048 2160 2316 2217 homines
2347 2164 2757 2232 numerabiles,
2794 2166 2954 2221 addit
2981 2183 2994 2221 :
3018 2166 3115 2235 Et,
3139 2167 3272 2224 licet
3290 2169 3478 2225 dicam
3496 2170 3651 2242 quod

2049 2264 2146 2303 eos
2170 2249 2576 2318 dinumerabo,
2624 2254 2822 2307 tamen
2879 2256 3377 2327 multiplicabuntur
3414 2258 3558 2312 adeo
3592 2259 3653 2312 ut

2045 2337 2160 2391 sint
2187 2354 2344 2409 super
2376 2356 2592 2393 arenam
2613 2381 2630 2402 ,
2658 2358 2774 2395 non
2790 2344 2850 2395 ut
2866 2341 2979 2395 sint
2995 2343 3184 2415 plures
3205 2361 3450 2399 numero
3473 2362 3648 2417 quam

2046 2442 2260 2493 areum,
2289 2428 2390 2481 sed
2419 2444 2590 2500 super
2621 2445 2858 2484 arenam
2883 2431 3135 2497 erunt,id
3148 2435 3233 2485 est
3260 2432 3447 2504 magis
3476 2433 3646 2488 innu-

2044 2513 2350 2568 merabiles
2380 2531 2553 2586 quam
2585 2532 2781 2583 arena,
2815 2517 3026 2571 scilicet
3050 2521 3112 2572 ut
3154 2518 3315 2573 citius
3335 2520 3513 2592 possit
3536 2537 3643 2575 nu-

2046 2615 2240 2654 merus
2271 2602 2620 2658 arenae-sciri
2652 2620 2828 2676 quam
2854 2620 3056 2659 eorum
3082 2623 3378 2662 numerus.
3398 2608 3513 2663 Hoc
3543 2625 3643 2663 au-

2045 2690 2164 2742 tem
2197 2690 2351 2759 quod
2377 2690 2456 2743 sic
2477 2693 2640 2747 amici
2653 2694 2735 2745 tui
2753 2691 3443 2761 honoriﬁcabuntur,uon
3455 2697 3641 2751 solum

2041 2775 2257 2829 accidet
2286 2793 2390 2847 per
2418 2779 2784 2848 imperfectum
2810 2796 3006 2845 meum,
3056 2780 3117 2835 id
3142 2784 3229 2835 est
3256 2797 3363 2852 per
3388 2785 3639 2838 mortem

2041 2877 2234 2916 meam
2265 2878 2277 2916 :
2308 2864 2407 2918 sed
2452 2879 2556 2934 per
2580 2865 2688 2920 hoc
2717 2882 2945 2938 quoque
2975 2868 3133 2939 quod
3177 2870 3440 2935 exuri-exi,
3470 2869 3528 2923 id
3556 2874 3643 2924 est

2040 2950 2195 3021 quod
2226 2967 2291 3005 ex
2327 2956 2511 3007 morte
2562 2969 2795 3025 surgam
2843 2957 2902 3009 et
2925 2954 3266 3012 immortalis
3288 2958 3423 3011 (iam
3455 2960 3513 3013 et
3536 2956 3642 3012 im‘

2040 3037 2356 3111 passibilis:
2388 3042 2465 3107 et,
2498 3040 2630 3095 licet
2674 3041 2936 3097 nondum
2975 3044 3409 3113 exsurrexerim,
3441 3048 3640 3102 tamen

2039 3142 2150 3198 ego
2176 3126 2356 3182 adhuc
2386 3127 2631 3183 existens
2663 3130 2922 3185 mortalis
2950 3134 3007 3185 et
3038 3131 3311 3202 passibilis
3334 3150 3454 3187 sum
3473 3140 3642 3189 tecum

2039 3216 2360 3269 coaeternus
2380 3218 2439 3270 et
2454 3216 2970 3283 consubstantialis,
2986 3220 3299 3275 secundum
3316 3221 3471 3293 quod
3491 3222 3643 3277 Deus

2038 3301 2282 3375 ideoque
2312 3307 2518 3375 potens
2543 3321 2667 3359 sum
2702 3306 2917 3362 amicos
2941 3310 3070 3363 tuos
3095 3308 3495 3365 honoriﬁcam.

2110 3392 2247 3447 Inde
2277 3409 2411 3449 vero
2425 3396 2585 3465 patet
2613 3395 2768 3467 quod
2782 3399 2971 3451 tecum
2984 3395 3044 3451 in
3065 3398 3312 3454 essentia
3335 3397 3474 3454 item
3490 3416 3640 3466 sum,

2040 3480 2319 3550 quoniam
2366 3482 2417 3536 si
2446 3483 2694 3537 occiderit
2720 3483 2865 3538 Deus
2892 3482 3061 3539 Pater
3098 3492 3417 3556 peccatores,
3468 3486 3526 3542 id
3557 3491 3643 3542 est

2040 3570 2263 3622 constat
2279 3568 2433 3640 quod
2450 3571 2513 3623 tu
2544 3570 2796 3625 occidisti
2818 3571 2945 3640 jam
2976 3575 3317 3629 excaecando
3357 3574 3416 3629 in
3442 3575 3635 3630 animo

343 3659 924 3731 placuitdispositioni
947 3664 1079 3727 tute,
1105 3664 1167 3715 ut
1187 3662 1501 3717 secundum
1526 3663 1940 3719 mortalitatem

2046 3654 2189 3723 iusto
2213 3656 2429 3726 judicio
2469 3660 2569 3711 tuo
2599 3660 2946 3727 peccatores,
2980 3659 3309 3729 resipiscere
3356 3662 3639 3726 nolentes,

342 3745 713 3819 imperfectus
735 3765 919 3804 essem
952 3752 1009 3803 et
1025 3748 1246 3817 debilis,
1261 3746 1439 3821 etpro
1458 3751 1637 3805 salute
1673 3769 1941 3809 meorum

340 3832 667 3891 futurorum
723 3836 960 3903 moriar,
1007 3835 1084 3890 Et
1131 3854 1236 3908 per
1263 3839 1412 3893 hanc
1444 3837 1941 3909 imperfectionem

341 3922 544 3978 mortis
569 3940 715 3979 mea:
747 3926 801 3977 in
825 3941 917 3979 me
938 3926 1074 3979 libro
1092 3932 1182 3981 tuo
1208 3925 1327 3980 dies
1356 3926 1667 3993 scribentur,
1687 3928 1745 3983 id
1772 3932 1855 3984 est
1880 3929 1939 3983 in

338 4013 600 4083 exemplo
621 4011 735 4067 mei
759 4012 856 4085 qui
887 4016 1015 4068 sunt
1048 4013 1197 4069 liber
1224 4018 1370 4081 tuus,
1403 4031 1575 4086 quem
1594 4016 1939 4087 proposuisti

337 4101 632 4172 exemplar
639 4101 879 4172 justitiaa
901 4102 959 4156 in
983 4102 1271 4167 omnibus,
1295 4102 1618 4157 scribentur
1635 4103 1765 4166 dies,
1786 4104 1843 4159 id
1857 4109 1941 4161 est

336 4187 576 4256 perfecti
610 4190 795 4245 effecti
828 4191 1150 4246 afficientur
1198 4191 1279 4246 illi
1310 4191 1406 4263 qui
1435 4191 1611 4247 futuri
1637 4195 1769 4247 sunt
1799 4193 1937 4261 dies,

2042 3742 2237 3797 dicens
2266 3742 2378 3797 illis
2401 3745 2623 3799 occulto
2655 3749 2713 3801 et
2740 3745 3039 3802 inaudibili
3069 3745 3220 3802 dicto
3254 3746 3642 3818 dispositionis

2043 3833 2154 3885 tuas
2179 3832 2262 3887 :0
2280 3834 2387 3886 viri
2422 3831 2694 3888 effusores
2722 3837 3043 3904 sanguinum
3075 3876 3088 3901 ,
3121 3833 3184 3889 id
3204 3838 3290 3890 est
3317 3851 3350 3890 ο
3382 3835 3485 3890 viri
3509 3851 3641 3907 pro-

2040 3919 2332 3975 ximorum
2363 3919 2786 3989 interfectores,
2818 3922 3128 3994 aliquando
3169 3923 3227 3977 in
3265 3936 3509 3994 corpore
3540 3939 3642 3994 pu-

2042 4008 2279 4075 niendo,
2312 4009 2620 4080 aliquando
2641 4027 2774 4065 vero
2804 4011 2865 4064 in
2898 4011 3092 4066 anima
3116 4028 3216 4067 eos
3240 4011 3645 4081 blanditiisﬁe-

2039 4096 2327 4169 cipiendo,
2359 4097 2617 4153 declinata
2643 4116 2676 4152 a
2704 4116 2805 4166 me,
2832 4098 2887 4153 id
2921 4102 3006 4155 est
3031 4098 3303 4155 discedite
3327 4102 3385 4155 et
3414 4099 3646 4173 elonga-

2041 4184 2184 4239 mini
2210 4201 2244 4239 a
2274 4184 2391 4239 mei
2427 4186 2759 4257 cognitione
2799 4189 2857 4241 et
2892 4187 3215 4243 voluntaria
3261 4188 3639 4259 subjectione.

340 4272 396 4327 id
428 4278 513 4327 est
543 4276 680 4329 clari
707 4280 764 4331 et
793 4278 1105 4333 illuminati
1140 4280 1200 4332 in
1228 4279 1485 4346 scientia,
1513 4281 1773 4354 discipuli
1798 4282 1937 4345 mei,
1961 4271 2014 4331 Ῑ)
2042 4272 2109 4326 Εἰ
2138 4272 2269 4327 ideo
2300 4288 2512 4345 nempe
2561 4274 2839 4341 ἀεσῖίηαίεν
2870 4277 2996 4348 quia
3041 4276 3214 4329 ἀίσίίίδ
3236 4277 3291 4328 in
3320 4278 3641 4344 σοθέταίίοηε

339 4360 568 4416 scilicet.
605 4362 768 4427 Quod
798 4368 992 4418 autem
1022 4382 1081 4419 se
1113 4365 1322 4419 librum
1349 4366 1504 4431 dicit,
1547 4371 1604 4422 et
1656 4369 1775 4424 dies
1798 4370 1935 4425 scri-

340 4448 563 4506 bendos
576 4467 695 4505 esse
723 4452 795 4505 ad
808 4454 1137 4521 exemplum
1161 4452 1245 4506 sui
1274 4453 1491 4520 asserit,
1511 4470 1544 4508 a
1561 4454 1939 4512 similitudine

340 4540 555 4595 dictum
588 4545 673 4595 est
703 4541 907 4613 optimi
934 4542 1081 4609 libri,
1111 4542 1183 4596 ad
1213 4543 1371 4613 cujus
1400 4544 1727 4614 exemplum
1751 4545 1940 4600 caeteri

337 4627 468 4684 libri
500 4631 847 4686 scribuntur.

407 4718 653 4790 Exponit
683 4722 877 4774 autem
896 4720 1188 4791 quomodo
1216 4719 1287 4776 ad
1303 4719 1422 4791 ejus
1449 4719 1776 4792 exemplum
1803 4721 1937 4776 scri-

334 4806 563 4873 bentur,
597 4807 783 4862 adden
796 4808 866 4862 do
892 4808 967 4861 sic
994 4825 1006 4862 :
1027 4808 1160 4863 Dico
1177 4808 1402 4881 quodin
1421 4824 1511 4862 me
1533 4808 1662 4862 libro
1675 4807 1785 4862 dies
1808 4811 1938 4862 scri-

336 4894 538 4961 bentur,
583 4895 797 4950 scilicet
822 4896 1201 4967 formabuntur
1229 4896 1304 4951 ad
1342 4897 1669 4968 exemplum
1711 4896 1847 4962 mei,
1879 4897 1941 4952 id

333 4986 419 5038 est
447 4983 686 5038 interius
734 4983 794 5038 in
848 4984 1148 5039 virtutibus
1203 4985 1344 5038 [ient
1372 4984 1647 5040 formosi:
1698 4992 1747 5039 et
1790 5003 1939 5040 nemo

330 5071 676 5127 formabitur
711 5074 763 5124 in
796 5074 867 5126 eis
896 5089 1227 5127 remanens.
1249 5074 1328 5131 Ac
1361 5072 1405 5126 si
1437 5072 1619 5127 dicat:
1645 5074 1785 5127 Cum
1810 5075 1934 5146 plu-

330 5177 419 5214 res
451 5160 523 5213 ad
563 5176 766 5215 eorum
798 5162 1128 5232 exemplum
1186 5159 1424 5215 formosi
1468 5161 1580 5215 sint
1624 5161 1933 5229 efficiendi,

331 5249 519 5303 nullus
569 5251 765 5303 tamen
808 5249 865 5304 in
896 5249 977 5304 eis
1030 5265 1193 5320 spem
1231 5252 1407 5320 ponet
1435 5249 1832 5318 formositatis,
1874 5256 1937 5306 ut

331 5335 484 5391 dono
500 5337 752 5407 ipsorum
775 5340 937 5411 putet
956 5354 1014 5391 se
1027 5336 1345 5392 formosum
1362 5336 1506 5392 fieri.
1534 5338 1693 5394 Unde
1708 5340 1932 5394 Paulus:

332 5438 357 5465 ‹‹
387 5413 654 5488 Nunquid
689 5418 895 5472 Paulus
925 5418 1222 5472 crucifixus
1263 5420 1348 5471 est
1376 5432 1482 5487 pro
1508 5418 1664 5473 vobis
1694 5417 1721 5472 ?
1750 5423 1847 5473 aut
1877 5418 1933 5476 in

327 5505 562 5562 nomine
620 5505 778 5560 Pauli
831 5505 1103 5578 baptizati
1144 5505 1322 5561 estis?
1360 5526 1387 5555 »
1435 5503 1518 5577 (Ι
1539 5504 1664 5561 Ccr.
1723 5524 1763 5575 ι,
1800 5511 1882 5565 l3.
1919 5511 1934 5581 )

2035 4364 2223 4415 vestra
2254 4360 2637 4432 nequissima:
2667 4362 2886 4417 Fideles
2919 4364 3189 4431 accipiant
3215 4363 3271 4414 in
3296 4364 3534 4416 vanitate
3561 4363 3637 4417 ci-

2037 4453 2233 4507 vitates
2261 4468 2401 4517 suas,
2449 4449 2506 4504 id
2533 4448 3003 4503 estcollectiones
3033 4447 3505 4521 hominum,un
3531 4448 3640 4504 sibi

2040 4536 2657 4603 conformant,scilicet
2686 4551 2818 4589 cum
2848 4533 2955 4606 ipsi
2979 4536 3193 4589 multos
3215 4534 3322 4590 sibi
3341 4537 3636 4609 colligant,

2041 4625 2246 4697 quibus
2285 4623 2474 4679 nescio
2527 4640 2654 4695 qua:
2709 4621 3014 4678 invisibilia
3060 4624 3215 4679 bona
3270 4626 3637 4696 promittunt,

2040 4713 2194 4767 unde
2213 4713 2318 4786 ipsi
2332 4727 2562 4785 quoque
2576 4710 3108 4766 remunerationem
3124 4715 3480 4785 exspectant:
3523 4714 3638 4768 Hoc

2040 4801 2255 4856 faciant
2285 4804 2340 4855 in
2367 4798 2686 4866 oanitate,id
2717 4802 2801 4853 est
2828 4799 3127 4866 inutiliter,
3156 4802 3219 4853 ut
3234 4816 3338 4854 nec
3367 4799 3474 4869 ipsi
3502 4799 3638 4855 inde

2041 4890 2354 4962 quidquam
2397 4888 2655 4944 utilitatis
2684 4887 2938 4943 habeant
2977 4903 3252 4958 unquam,
3279 4885 3475 4941 necilli
3497 4903 3638 4959 quos

2041 4978 2145 5034 sibi
2164 4977 2584 5034 conformando
2616 4976 2922 5048 accipiunt.
2953 4972 3289 5029 Nonneillos
3308 4978 3638 5045 peccatores

2038 5068 2134 5138 qui
2184 5067 2334 5121 male
2374 5064 2621 5121 videndo
2652 5063 2872 5118 oderunt
2915 5068 2963 5114 te
2990 5060 3222 5127 oderam,
3278 5060 3337 5116 id
3366 5065 3451 5117 est
3487 5061 3639 5119 odivi

2036 5155 2472 5211 accidendo'eos
2499 5157 2691 5208 tecum
2722 5151 2780 5205 in
2825 5149 3023 5206 anima
3050 5149 3392 5206 excaecando
3420 5150 3449 5205 ?
3474 5150 3636 5207 Odivi

2039 5244 2253 5316 utique,
2294 5242 2538 5313 ideoque
2568 5240 2790 5294 constat
2818 5236 2974 5310 quod
3005 5240 3196 5293 tecum
3233 5237 3392 5293 idem
3417 5253 3544 5294 sum
3575 5239 3636 5295 in

2036 5334 2261 5387 natura.
2298 5331 2412 5387 Hoc
2433 5331 2628 5384 autem
2658 5325 2814 5382 idem
2841 5328 2927 5379 est
2945 5341 3008 5379 ac
3033 5325 3079 5381 si
3103 5326 3181 5381 sic
3212 5329 3474 5398 poneret.
3500 5328 3638 5383 Inde

2036 5422 2192 5491 patet
2208 5435 2301 5473 me
2317 5421 2508 5471 tecum
2531 5431 2672 5482 esse,
2697 5414 2834 5487 quia
2854 5415 3183 5485 peccatores
3202 5430 3345 5485 quos
3366 5413 3638 5482 occidisti,

2039 5526 2135 5563 eos
2186 5507 2317 5563 odio
2347 5504 2567 5560 habens
2612 5502 2764 5571 ideo,
2790 5505 2915 5575 quia
2949 5501 3215 5559 dixerunt
3244 5505 3302 5557 in
3332 5504 3645 5574 cogitatione
