4016 6030
382 193 512 304 i371

986 238 1046 301 S.
1088 242 1431 303 BRUNONIS
1469 242 2100 333 CARTHUSIANQRUM
2136 244 2604 305 lNSTlTUTORlS
2642 246 2800 303 OPP.
2839 240 3017 302 PARS
3050 238 3076 300 Ῑ

3538 232 3700 301 me

366 379 472 425 sua
498 363 782 442 accipiant
809 364 1005 424 fideles
1028 367 1083 422 in
1111 368 1353 424 vanitate
1397 370 1633 426 civitates
1672 387 1823 438 suas,
1872 384 1971 426 eos
1994 374 2049 434 Α
2076 370 2163 426 est
2191 371 2415 428 assidua
2441 370 2516 427 ad
2543 368 2927 428 aeternitatem
2949 367 3164 425 ducens
3190 381 3203 423 :
3236 364 3449 423 scilicet
3470 363 3549 422 sic
3585 365 3695 423 fac

371 455 636 513 similiter
664 454 845 512 occidi
876 456 1010 511 odio
1052 457 1292 526 habens,
1323 456 1399 511 Et
1426 458 1560 514 licet
1585 475 1682 514 eos
1712 461 1974 527 oderam,

373 546 571 599 tamen
602 560 670 598 ex
692 542 1086 616 compassione
1121 545 1527 601 misericordiae
1562 547 1904 613 tabescebam,
1920 546 1979 601 id

374 633 464 701 est
489 630 764 686 anxiabar
787 647 893 702 pro
920 632 1003 687 eis
1034 631 1090 687 in
1118 632 1333 701 anima,
1362 651 1396 689 a
1426 634 1805 689 similitudine
1829 634 1979 689 illius

374 718 474 791 qui
505 726 588 773 "ex
620 718 803 774 nimia
831 719 1117 774 anxietate
1171 722 1428 776 tabescit.
1479 722 1841 789 Tabescebam,
1889 722 1977 776 iu-

375 823 575 879 quam,
607 808 922 863 extendens
951 825 1046 863 me
1076 809 1536 865 consideratione
1558 828 1715 882 super
1734 811 1861 866 illos
1881 812 1982 865 ini-

373 897 537 951 micos
569 912 707 950 meos
737 896 1061 963 existentes,
1100 898 1258 968 quod
1272 897 1425 969 juste
1455 899 1732 971 puniendi
1762 898 1980 966 sunt,id

374 985 464 1038 est
493 982 769 1039 auxiabar
806 1001 873 1039 ex
901 985 1299 1057 compassione
1349 987 1739 1042 damnationis
1774 1003 1978 1042 eorum

372 1087 550 1143 quam
580 1071 989 1145 praevidebam.
1024 1074 1085 1127 In
1108 1073 1217 1128 hoc
1241 1078 1435 1129 autem
1456 1075 1622 1130 nobis
1650 1076 1981 1147 exemplum

370 1157 430 1213 in
460 1176 519 1214 se
546 1159 885 1231 praescribit,
909 1163 1234 1232 quantenus
1259 1162 1331 1215 de
1357 1162 1725 1218 inimicorum
1742 1164 1981 1218 damna-

372 1243 535 1300 tione
564 1247 973 1318 compatiendo
998 1248 1215 1304 anxiari
1239 1235 1658 1313 debemus,etsi
1681 1249 1853 1304 eosin
1873 1250 1984 1305 hoc

374 1333 532 1404 quod
560 1335 726 1390 malis
747 1339 888 1390 sunt
915 1336 1162 1391 odimus.
1195 1338 1355 1392 Unde
1378 1340 1622 1409 Prosper
1646 1355 1659 1392 :
1679 1338 1895 1392 «Recte
1922 1337 1982 1392 in

377 1421 544 1477 malis
564 1422 792 1478 odimus
820 1423 1100 1478 malitiam
1117 1424 1477 1497 etdiligimus
1506 1428 1851 1480 creaturam.
1880 1446 1908 1474 »

451 1509 596 1573 Quia
623 1526 757 1565 vero
785 1511 1005 1565 dixerat
1016 1528 1074 1566 se
1090 1512 1222 1567 odio
1244 1513 1459 1568 habere
1481 1516 1828 1584 peccatores,
1852 1528 1985 1567 cum

344 1658 349 1663 ,
381 1597 673 1669 quoddam
701 1599 900 1654 odium
933 1601 1152 1654 malum
1183 1600 1275 1667 sit,
1299 1601 1370 1655 de
1397 1618 1509 1674 quo
1534 1602 1669 1657 odio
1690 1601 1863 1667 dicat,
1886 1601 1985 1655 de-

2078 476 2172 514 me
2199 460 2343 533 inea
2367 477 2756 531 perseverare,
2781 461 2844 514 ut
2864 474 3161 530 nunquam
3182 456 3254 512 ab
3284 472 3353 511 ea
3382 455 3688 521 desistam,

2078 552 2135 604 et
2158 566 2262 621 per
2291 566 2419 605 eam
2450 550 2521 604 ad
2540 548 2924 603 aeternitatem
2946 544 3405 618 attingam.Multi
3433 545 3589 600 enim
3604 543 3691 598 ad

2077 643 2307 711 tempus
2335 641 2765 711 perseverantes
2804 636 3153 708 quandoque
3184 634 3477 702 deficiunt,
3512 636 3575 691 et
3602 634 3685 689 sic

2079 727 2151 782 ad
2182 726 2565 782 mternitatem
2597 743 2715 781 non
2747 726 3061 797 attingunt.

2526 851 2594 904 ΙΝ
2624 848 2948 904 PSALMUM
2977 848 3229 903 CXXXIX.

2148 973 2362 1028 Titulus
2385 972 2685 1028 centesimi
2710 970 2980 1027 tricesimi
3013 970 3150 1027 noni
3180 970 3433 1026 Psalmus
3474 969 3683 1035 David,

2082 1059 2137 1115 id
2158 1063 2243 1115 est
2274 1060 2712 1133 uniuscujusque
2732 1058 3277 1131 fidelisrespicientis
3297 1058 3355 1112 in
3387 1059 3591 1125 finem,
3628 1056 3687 1111 id

2083 1153 2168 1204 est
2197 1150 2254 1204 in
2281 1149 2587 1215 Christum,
2603 1149 2699 1221 qui
2723 1152 2808 1203 est
2836 1148 2965 1221 fian
2982 1150 3039 1202 et
3053 1148 3303 1220 perfecte
3321 1162 3692 1202 consumma-

2083 1237 2247 1291 tusin
2265 1237 2424 1292 omni
2437 1236 2730 1308 justitiaet
2756 1235 3077 1302 sanctitate,
3105 1235 3239 1289 utin
3267 1235 3485 1306 psalmo
3514 1250 3687 1305 supe-

2084 1324 2222 1379 riori
2245 1328 2535 1379 ostensum
2556 1327 2659 1379 est.
2679 1323 2850 1394 Cujus
2870 1322 3238 1394 perfectionis
3252 1323 3688 1376 utvaleantcsse

2084 1412 2409 1485 participes,
2424 1414 2593 1467 orant
2608 1415 2670 1466 ut
2702 1413 2847 1467 Deus
2860 1410 3223 1483 perzgratiam
3249 1409 3451 1481 eripiat
3464 1427 3499 1463 a
3520 1409 3691 1463 malis

2084 1500 2435 1567 hominibus,
2469 1500 2528 1554 id
2576 1503 2661 1554 est
2688 1517 2721 1554 a
2750 1500 2903 1554 male
2941 1499 3332 1569 operantibus,
3365 1502 3423 1552 et
3450 1497 3689 1568 iniquis,

2087 1588 2143 1643 id
2176 1592 2261 1643 est
2290 1589 2362 1643 ab
2378 1587 2682 1655 haereticis,
2705 1588 2801 1659 qui
2842 1604 2938 1642 eos
2968 1586 3072 1641 sibi
3100 1587 3465 1641 conformare
3498 1585 3695 1639 nitun-

378 1686 659 1742 terminat
684 1703 815 1742 cum
849 1687 1015 1742 dicit;
1052 1689 1301 1756 Οιιεναιη,
1331 1673 1591 1761 induam,
1616 1690 1761 1756 “105,
1788 1691 1849 1743 et
1876 1690 1985 1744 hoc
2006 1696 2057 1754 Β
2087 1678 2361 1732 tur.Hanc
2391 1680 2585 1731 autem
2610 1677 2932 1730 orationem
2955 1692 3023 1729 ea
3044 1675 3363 1730 intentione
3387 1673 3608 1728 faciunt
3628 1675 3697 1727 ut

376 1788 495 1827 non
527 1773 723 1845 iniquo
745 1775 898 1842 odio,
915 1775 1011 1830 sed
1018 1777 1257 1846 profecto
1278 1776 1651 1845 odioIoderam
1670 1775 1879 1838 illos,id
1900 1779 1985 1831 est

374 1860 477 1915 tali
504 1860 636 1917 odio
670 1862 1053 1934 quodbonum
1089 1866 1174 1918 est
1200 1867 1256 1919 et
1285 1865 1359 1919 ad
1389 1866 1673 1936 perfectos
1697 1864 1846 1920 viros
1860 1882 1989 1936 per-

373 1947 540 2004 tinet.
571 1950 819 2019 Oderam,
850 1950 1063 2007 scilicet
1083 1969 1180 2007 eos
1204 1952 1263 2006 in
1291 1953 1401 2008 hoc
1430 1954 1585 2025 quod
1606 1953 1766 2017 mali,
1789 1972 1906 2008 non
1926 1953 1986 2007 in

375 2037 484 2092 hoc
512 2038 667 2110 quod
698 2039 798 2094 Dei
827 2043 1091 2095 creatura
1119 2043 1302 2095 erant.
1332 2035 1467 2097 Dico
1490 2042 1645 2114 quod
1666 2043 1988 2098 tabescebam

377 2141 531 2195 super
551 2129 793 2182 inimicos
819 2132 1062 2184 meoszet
1083 2128 1215 2184 licet
1238 2146 1305 2184 ex
1318 2131 1716 2202 compassione
1740 2130 1984 2185 damna-

378 2211 552 2267 tionis
579 2231 781 2270 eorum
809 2216 1184 2284 tabescerent,
1210 2219 1409 2272 tamen
1442 2217 1663 2272 inimici
1692 2217 1825 2272 facti
1855 2221 1988 2272 sunt

378 2299 521 2355 mihi
546 2302 696 2356 male
752 2303 1016 2370 vivendo,
1044 2304 1198 2376 quod
1221 2304 1461 2359 minime
1481 2305 1669 2360 facere
1683 2306 1983 2371 deberent,

376 2386 625 2462 ideoque
653 2406 750 2445 eos
761 2390 784 2461 j
796 2394 915 2445 uste
929 2391 1061 2446 odio
1076 2392 1271 2448 habui.
1290 2393 1597 2465 Postquam
1623 2409 1987 2448 consumma-

375 2477 495 2530 tam
512 2477 927 2546 perfectionem
945 2496 1107 2533 suam
1128 2480 1200 2533 ad
1214 2480 1537 2537 auditorem
1549 2480 1986 2535 instructionem

378 2562 791 2630 ostendit,orat
803 2565 872 2618 de
888 2566 1312 2635 perseverantia
1323 2567 1578 2637 ejusdem
1594 2568 1986 2638 perfectionis,

375 2652 439 2703 ut
458 2650 692 2705 eosdem
714 2651 1002 2707 auditores
1015 2654 1085 2708 de
1105 2654 1210 2708 hac
1233 2654 1435 2709 eadem
1456 2654 1809 2726 perfectione
1822 2672 1989 2711 orare

372 2737 636 2793 instruat.
671 2739 814 2807 Dixi,
848 2757 881 2795 ο
900 2740 1143 2796 Domine
1169 2743 1361 2807 Pater,
1384 2743 1543 2815 quod
1558 2744 1804 2813 probasti
1814 2762 1914 2813 me,
1939 2751 1989 2799 et

384 2828 797 2899 cognogistione,
829 2834 880 2883 et
916 2831 1210 2899 cognovisti
1238 2832 1484 2884 semitam
1516 2849 1707 2885 meum.
1744 2832 1858 2887 Hoc
1890 2850 1988 2887 au-

373 2916 491 2969 tem
745 2933 849 2972 oro
883 2920 944 2972 ut
970 2897 1835 2989 perseverenterfacias,scilicet
1858 2938 1988 2992 per-

2085 1765 2208 1820 aliis
2243 1766 2352 1820 hoc
2384 1764 2537 1819 idem
2563 1764 2766 1819 orandi
2807 1763 2947 1818 dent
2984 1764 3333 1835 exemplum.
3366 1760 3698 1816 Ostendunt

2085 1870 2313 1925 quoque
2383 1852 2638 1924 ipsorum
2684 1851 3089 1907 haereticorum
3146 1849 3578 1906 infestationem
3631 1850 3700 1902 et

2086 1943 2367 1996 occultam
2391 1944 2448 1995 et
2484 1940 2870 2007 manifestam,
2900 1942 2960 1993 ut
2984 1938 3272 1994 auditores
3294 1939 3365 1993 ab
3391 1954 3459 1993 ea
3484 1953 3697 1992 cavere

2087 2030 2351 2086 doceant.

2156 2118 2322 2189 Eripe
2351 2135 2452 2182 me,
2481 2117 2726 2184 Domine,
2775 2134 2879 2189 per
2908 2115 3178 2171 auxilium
3231 2114 3431 2187 gratiae
3462 2117 3595 2179 tuae,
3619 2112 3697 2165 ab

2085 2208 2301 2262 homine
2330 2206 2492 2272 man,
2512 2206 2566 2259 id
2588 2208 2672 2259 est
2694 2204 3240 2259 amassahominum
3260 2205 3412 2258 mala
3442 2218 3694 2273 operan-

2086 2296 2253 2361 tium,
2287 2312 2359 2349 ne
2386 2312 2479 2349 me
2492 2293 2596 2349 sibi
2623 2295 2993 2349 conformare
3029 2292 3265 2365 possint.
3288 2291 3363 2345 Et
3391 2294 3531 2362 eripe
3548 2308 3632 2344 me
3656 2307 3696 2342 α

2087 2386 2199 2438 viro
2231 2386 2431 2455 iniquo,
2463 2383 2520 2437 id
2550 2386 2635 2437 est
2664 2400 2698 2437 a
2746 2399 2935 2437 massa
2960 2381 3215 2436 virorum
3258 2379 3693 2446 haereticorum,

2087 2472 2545 2528 antonomastice
2568 2470 2922 2542 iniquorum,
2956 2487 3027 2524 ne
3059 2486 3153 2524 me
3174 2467 3281 2524 sibi
3308 2470 3531 2523 valeant
3556 2485 3697 2522 con-

2086 2561 2359 2615 formare.
2394 2561 2546 2614 Bene
2577 2576 2708 2613 vero
2730 2558 3099 2629 singulariter
3128 2557 3316 2628 primo
3350 2557 3590 2627 ponitur
3621 2557 3692 2609 ab

2088 2650 2296 2703 homine
2314 2648 2454 2701 malo
2484 2650 2541 2701 et
2571 2666 2603 2700 α
2634 2648 2746 2700 viro
2770 2648 2953 2718 iniquo
2987 2664 3000 2700 :
3035 2650 3233 2719 postea
3259 2644 3556 2716 pluraliter
3587 2662 3693 2716 po-

2091 2737 2247 2790 nitur
2275 2738 2373 2807 qui
2399 2738 2787 2805 cogitaverunt,
2812 2734 2946 2804 quia
2970 2737 3027 2788 et
3050 2750 3227 2787 unum
3261 2733 3395 2805 quid
3422 2733 3480 2786 in
3502 2748 3693 2787 massa

2092 2828 2225 2879 sunt
2254 2828 2311 2878 et
2341 2825 2538 2878 multae
2558 2840 2837 2896 personae.
2873 2822 3015 2877 Cum
3047 2824 3243 2876 autem
3267 2838 3325 2875 se
3348 2824 3407 2875 et
3434 2821 3505 2875 de
3535 2821 3691 2875 mala

2092 2912 2488 2985 operantibus,
2519 2917 2576 2966 ct
2606 2930 2639 2967 a
2669 2910 3032 2981 virisiniquis
3062 2909 3201 2981 eripi
3232 2908 3480 2964 oraverit
3509 2907 3690 2963 fidelis

374 3006 704 3058 severanter
719 3005 891 3075 proba
920 3020 1022 3072 me,
1049 3006 1191 3060 Deus
1210 3006 1462 3073 Pater,id
1493 3012 1577 3061 est
1606 3008 1712 3061 duc
1736 3024 1830 3063 me
1857 2979 1987 3081 per-
2019 2979 2066 3039 Ο
2091 3000 2148 3055 in
2171 3001 2278 3055 hoc
2307 3002 2527 3072 psalmo
2555 3017 2753 3071 agens,
2784 2998 3070 3069 praecipue
3102 2997 3448 3052 immoratur
3477 2997 3535 3050 in
3564 3012 3692 3050 ora-

377 3094 708 3145 severanter
736 3091 796 3145 in
810 3093 1291 3165 approbationem
1323 3096 1380 3148 et
1405 3094 1819 3166 experientiam
1847 3111 1989 3165 pra:-

381 3181 683 3248 ceptorum
712 3183 1027 3247 tuorum,et
1047 3182 1156 3235 hoc
1187 3182 1311 3236 dico
1329 3183 1667 3236 secumdum
1694 3182 1989 3254 cogitatio-

382 3281 502 3319 nes.
520 3265 685 3329 Quod
698 3270 783 3321 est
802 3268 993 3322 dicere
1021 3285 1034 3322 :
1064 3269 1172 3323 Fac
1188 3287 1280 3323 me
1300 3269 1480 3339 probe
1510 3273 1568 3324 et
1594 3270 1985 3341 diligenterde

382 3353 655 3422 prmeepti
704 3355 784 3407 tui
831 3356 1105 3426 cogitare.
1136 3356 1213 3410 Et
1242 3357 1320 3410 sic
1348 3360 1476 3412 scito
1498 3375 1586 3410 cor
1612 3375 1811 3426 meum,
1844 3358 1985 3412 scili-

379 3441 471 3492 cet
491 3439 636 3494 adeo
648 3441 837 3495 cordis
854 3441 967 3496 mei
980 3442 1357 3513 cogitationes
1374 3445 1585 3515 probas
1598 3444 1792 3512 facias,
1814 3449 1985 3501 utcor

382 3540 580 3580 meum
609 3526 689 3581 sic
716 3526 957 3599 dignum
984 3528 1055 3583 sit
1083 3533 1144 3584 ut
1172 3530 1313 3585 illud
1348 3532 1510 3599 scias,
1546 3532 1605 3586 id
1639 3535 1725 3586 est
1754 3533 1981 3604 diligas.

380 3613 481 3667 Illa
510 3613 665 3669 enim
693 3616 840 3670 Deus
870 3615 1015 3672 scire
1035 3617 1242 3673 dicitur
1262 3636 1388 3691 qua:
1407 3619 1767 3691 diligit.‘Non
1796 3623 1982 3676 solum

379 3703 575 3756 autem
604 3720 688 3756 me
695 3704 873 3775 proba
890 3708 1172 3777 quantum
1191 3708 1263 3761 ad
1285 3708 1791 3779 cogitationes,sed
1808 3709 1985 3764 etiam

380 3804 482 3852 oro
533 3791 800 3861 interroga
828 3810 911 3846 me
938 3797 1219 3865 quantum
1246 3796 1318 3850 ad
1351 3812 1548 3869 Opera,
1579 3796 1636 3851 id
1667 3800 1750 3851 est
1770 3797 1860 3852 fac
1892 3814 1986 3853 me

381 3878 626 3949 experir,
667 3883 725 3934 et
762 3882 1085 3952 approbare
1144 3885 1421 3939 mandata
1475 3888 1572 3939 tua
1602 3889 1881 3957 quantum
1914 3887 1986 3941 ad

380 3981 576 4037 opera,
608 3967 822 4023 scilicet
847 3969 937 4024 fac
968 3974 1029 4025 ut
1060 3971 1207 4027 bene
1234 3988 1442 4042 operer
1470 3973 1816 4044 complendo
1843 3990 1987 4042 pra:-

381 4056 549 4125 cepta
570 4058 687 4109 tua.
717 4058 1081 4135 Interrogare
1102 4060 1338 4130 ponitur
1367 4078 1471 4132 pro
1502 4062 1743 4133 experiri
1774 4063 1859 4116 vel
1884 4078 1987 4132 pro

381 4139 749 4214 investigare,
782 4160 850 4198 eo
866 4146 1022 4214 quod
1040 4146 1453 4218 interrogando
1481 4150 1625 4204 solet
1654 4150 1780 4204 fieri
1817 4167 1987 4221 expe-

2088 3088 2245 3143 tione
2273 3088 2585 3159 ereptionis
2605 3088 2677 3141 ad
2698 3086 3000 3153 haereticis,
3016 3102 3147 3140 cum
3159 3085 3477 3156 periculum
3507 3084 3688 3138 maxi-

2089 3194 2249 3232 mum
2275 3177 2331 3230 in
2361 3178 2443 3231 eis
2467 3177 2558 3230 sit.
2594 3177 2810 3230 Horum
2842 3177 3038 3229 autem
3068 3174 3470 3228 haereticorum
3500 3172 3687 3243 impu-

2086 3265 2426 3337 gnationem
2443 3262 3007 3333 ostendit,sic:Eripe
3036 3279 3137 3328 me,
3171 3261 3431 3333 inquam,
3455 3276 3689 3315 amassa

2084 3354 2337 3409 virorum
2368 3352 2733 3422 iniquorum:
2754 3352 2848 3422 qui
2858 3350 2961 3404 viri
2981 3349 3161 3421 iniqui
3179 3350 3545 3419 cogitaverunt
3581 3349 3685 3400 ini-

2083 3444 2327 3515 quitates,
2356 3442 2413 3495 id
2448 3440 2770 3511 estiniquas
2786 3439 3555 3510 ethazrcticascogitationes,
3584 3436 3687 3491 ad-

2084 3531 2343 3585 inventas
2372 3528 2431 3583 in
2461 3530 2656 3597 corde,
2690 3544 2805 3583 non
2852 3526 2908 3583 in
2942 3527 3263 3598 Scripturis.
3316 3527 3395 3580 Ac
3423 3526 3469 3580 si
3496 3525 3682 3579 dicat:

2083 3620 2217 3673 ldeo
2246 3634 2477 3673 necesse
2508 3620 2593 3672 est
2618 3634 2784 3672 orare
2813 3633 2925 3683 me,
2947 3619 3064 3670 uta
3084 3614 3688 3686 virisiniquiseripiar,

2085 3706 2219 3778 quia
2238 3704 2343 3776 ipsi
2356 3705 2772 3777 cogitaverunt,
2795 3708 2853 3758 et
2869 3704 3053 3759 adhuc
3066 3703 3322 3774 cogitant
3341 3701 3693 3774 iniquitates,

2088 3810 2228 3865 quas
2246 3793 2304 3847 in
2334 3794 2507 3848 corde
2529 3793 2930 3859 adivenerunt,
2963 3794 3021 3845 et
3047 3808 3081 3846 a
3111 3791 3418 3862 Scripturis
3448 3806 3564 3845 non
3595 3790 3697 3843 ha-

2089 3882 2357 3936 buerunt.
2396 3883 2459 3935 Et
2484 3898 2600 3935 non
2626 3882 2811 3935 solum
2843 3883 3226 3950 cogitaverunt,
3255 3878 3353 3933 sed
3376 3882 3433 3932 et
3458 3884 3566 3932 tota
3586 3877 3699 3943 die,

2088 3970 2147 4025 id
2179 3973 2265 4024 cst
2286 3967 2504 4040 jugiter
2533 3968 2939 4034 constituebant,
2962 3968 3020 4021 id
3046 3970 3132 4021 est
3144 3967 3412 4021 adversus
3442 3964 3695 4020 Catholi-

2089 4074 2183 4112 cos
2202 4057 2391 4128 praelia
2422 4056 2831 4122 moliebantur,
2849 4073 2950 4128 per
2982 4055 3386 4126 garrulitatem
3417 4054 3696 4126 multipli-

2089 4162 2220 4199 cum
2249 4144 2821 4216 argumentationum
2835 4144 3163 4199 suarum.Et
3179 4160 3295 4197 non
3310 4143 3694 4214 qualicunque

379 4227 589 4285 rientia
613 4233 671 4285 et
694 4230 1076 4303 investigatio.
1103 4233 1767 4307 Interroga,inquam,me
1792 4254 1988 4292 secun-
2010 4225 2061 4283 D
2090 4233 2265 4287 modo
2297 4233 2681 4287 constituebant
2682 4233 2895 4303 prcrlia,
2920 4232 3019 4286 sed
3036 4232 3115 4286 ita
3141 4233 3295 4304 quod
3313 4232 3697 4287 acuerantlin-

379 4316 518 4372 dum
546 4334 744 4390 opera,
775 4328 826 4391 ei
854 4319 933 4374 sic
957 4337 1204 4390 cognosce
1223 4323 1435 4376 semitas
1448 4340 1608 4389 meas,
1638 4323 1695 4378 id
1728 4328 1813 4378 est
1841 4325 1986 4379 adeo

383 4420 477 4457 me
505 4409 794 4478 praecepta
833 4411 930 4462 tua
964 4408 1211 4480 experiri
1238 4408 1439 4483 facias,
1467 4412 1530 4463 ut
1554 4411 1790 4465 semitas
1829 4429 1988 4467 meas

383 4508 715 4563 cognoscas,
742 4495 802 4551 id
821 4500 984 4552 estut
1013 4497 1265 4553 rationes
1292 4514 1451 4553 meas
1480 4498 1684 4569 diligas
1707 4516 1721 4566 ;
1754 4516 1881 4572 qua:
1900 4517 1986 4555 se-

383 4578 539 4634 mitae
578 4580 866 4650 dicuntur,
891 4600 958 4638 eo
992 4587 1146 4656 quod
1176 4587 1368 4641 arduae
1413 4590 1545 4641 sunt
1565 4590 1623 4642 et
1646 4586 1986 4658 singulares.

381 4666 584 4735 Proba,
607 4668 868 4740 inquam,
900 4675 950 4725 ει
966 4673 1234 4742 interroga
1266 4715 1280 4740 ,
1306 4681 1355 4728 et
1381 4675 1495 4729 vide
1522 4675 1987 4744 misericorditer,

310 4748 321 4755 '
381 4754 594 4810 scilicet
621 4756 732 4811 hoc
761 4774 878 4813 non
910 4775 1012 4814 oro
1044 4760 1176 4814 solis
1205 4762 1426 4817 meritis
1454 4764 1721 4831 meis,sed
1743 4765 1864 4820 haec
1887 4782 1989 4821 oro

379 4843 557 4900 facias
582 4848 842 4917 respectu
876 4845 1288 4903 misericordia“:
1314 4852 1444 4907 tum.
1472 4852 1573 4906 Illa
1603 4852 1817 4925 quippe
1842 4855 1990 4923 Deus

383 4930 584 4986 videre
605 4935 663 4987 et
678 4932 962 5005 respicere
980 4934 1185 4991 dicitur
1216 4952 1464 5007 quorum
1492 4938 1818 4994 miseretur.
1834 4941 1986 5006 Vide,

381 5015 646 5090 inquam,
667 5022 716 5074 si
740 5023 943 5077 tamen
978 5026 1033 5077 in
1059 5041 1140 5078 me
1164 5031 1239 5078 est
1267 5023 1457 5097 aliqua
1473 5026 1565 5081 via
1591 5028 1902 5099 iniquitatis,
1930 5028 1990 5083 id

380 5109 467 5161 est
493 5108 752 5178 operatio
770 5109 1110 5182 iniquitatis,
1135 5129 1263 5183 qua:
1281 5111 1338 5166 in
1363 5112 1491 5168 altis
1514 5117 1599 5168 est
1620 5114 1795 5170 viaad
1819 5116 1989 5170 dam-

380 5193 700 5263 nationem,
735 5199 869 5252 tunc
902 5216 1200 5271 nunquam
1240 5217 1334 5255 me
1369 5200 1577 5256 videas.
1610 5203 1688 5256 Ac
1718 5203 1761 5257 si
1794 5204 1982 5259 dicat:

377 5282 496 5337 vide
522 5303 624 5347 me,
648 5302 778 5340 cum
810 5304 926 5342 non
951 5287 1024 5341 sit
1044 5288 1098 5343 in
1130 5306 1221 5344 me
1249 5289 1337 5344 via
1358 5289 1693 5363 iniquitatis.
1727 5293 1803 5348 Ει
1821 5292 1987 5346 deduc

376 5389 458 5425 me
504 5373 563 5426 in
594 5376 680 5427 via
709 5381 902 5428 (eterna
926 5376 1099 5443 facta,
1132 5377 1189 5430 id
1219 5382 1302 5432 est
1318 5396 1410 5434 me
1438 5397 1803 5452 perseverare
1820 5381 1907 5435 fac
1927 5380 1984 5435 in

374 5460 465 5514 via
499 5462 911 5518 mandatorum
940 5467 1196 5527 tuorum,
1224 5467 1299 5521 sic
1330 5471 1391 5521 ut
1418 5468 1561 5523 mihi
1592 5469 1665 5523 sit
1684 5469 1987 5538 seternajd

2085 4338 2251 4391 gnam
2284 4338 2456 4386 suam,
2490 4320 2548 4374 id
2580 4325 2666 4375 est
2695 4324 2861 4375 acuta
2889 4323 2947 4374 et
2976 4320 3202 4375 subtilia
3234 4318 3495 4375 fecerunt
3523 4318 3699 4372 verba

2090 4427 2214 4476 sua,
2466 4412 2526 4462 ut
2544 4407 3113 4480 magislaederent,et
3128 4424 3197 4461 eo
3209 4408 3455 4478 amplius
3479 4406 3697 4477 pericu-

2092 4500 2211 4553 losa
2236 4500 2445 4552 essent.
2476 4496 2780 4563 Acuerunt,
2815 4496 3077 4567 inquam,
3107 4495 3409 4550 existentes
3429 4497 3560 4549 sicut
3583 4512 3694 4547 ser-

2080 4592 2285 4656 pentes,
2318 4584 2375 4638 id
2408 4587 2494 4638 est
2514 4582 2935 4655 comparabiles
2959 4582 3337 4653 serpentibus.
3365 4583 3519 4636 Sicut
3537 4580 3693 4635 enim

2089 4674 2388 4743 serpentes
2420 4673 2671 4727 tortuose
2704 4670 3037 4725 incedentes
3066 4673 3312 4725 latenter
3340 4671 3597 4743 serpunt,
3637 4671 3699 4723 et

2090 4760 2168 4816 sic
2205 4760 2266 4815 in
2297 4761 2517 4816 occulto
2547 4758 2906 4831 percutiunt;
2933 4757 3131 4829 itaipsi
3146 4761 3399 4813 tortuose
3431 4757 3697 4812 inceden-

2091 4855 2198 4918 tes,
2229 4866 2335 4922 per
2361 4850 2612 4905 diversos
2638 4865 2862 4904 errores
2883 4848 3193 4911 hmresum,
3216 4848 3274 4901 in
3298 4849 3515 4903 occulto
3541 4850 3598 4901 et
3628 4864 3699 4901 ex

2090 4938 2406 5010 improviso
2440 4938 2700 4992 incautos
2728 4936 3077 5009 percutiunt.
3121 4937 3188 4989 Et
3218 4936 3310 4990 sub
3329 4936 3487 4990 labiis
3512 4952 3695 4988 eorum

2091 5031 2178 5083 est
2202 5044 2461 5082 venenum
2490 5026 2733 5097 aspidum
2765 5068 2778 5093 ,
2813 5026 2872 5080 id
2898 5030 2981 5080 est
3011 5025 3068 5079 in
3103 5023 3291 5078 verbis
3324 5040 3527 5077 eorum
3557 5023 3700 5077 latet

2090 5132 2253 5170 error
2284 5113 2640 5182 insanabilis,
2670 5115 2814 5170 sicut
2841 5130 3131 5168 venenum
3172 5112 3437 5182 aspidum
3468 5111 3698 5166 insana-

2089 5204 2201 5259 bile
2233 5205 2335 5258 est.
2372 5205 2683 5275 Postquam
2710 5203 2863 5257 enim
2880 5218 2947 5256 eo
2966 5217 3161 5254 errore
3184 5200 3423 5271 quilibet
3448 5199 3702 5254 imbutus

2089 5292 2219 5360 erit,
2252 5293 2340 5347 vix
2374 5293 2471 5348 illo
2523 5292 2735 5361 poterit
2779 5289 3033 5360 expediri
3070 5289 3212 5343 sicut
3251 5288 3453 5361 aliquis
3479 5305 3701 5343 veneno

2089 5382 2352 5453 aspidum
2382 5381 2654 5446 imbutus,
2689 5396 2756 5434 eo
2789 5382 2886 5433 aut
2908 5379 2990 5431 vix
3023 5379 3119 5431 aut
3144 5394 3440 5448 nunquam
3464 5377 3705 5449 expedi-

2092 5473 2202 5524 tur.
2237 5472 2500 5541 Congrue
2523 5485 2655 5523 vero
2670 5467 2941 5540 ponitsub
2956 5466 3143 5521 labiis:
3164 5482 3295 5520 cum
3318 5466 3477 5521 enim
3500 5482 3703 5523 eorum
