4016 6030
451 213 586 274 1373

432 434 857 492 inextricabilis.

509 529 820 600 Postquam
844 527 1096 584 ostendit
1124 529 1507 586 necessarium
1537 548 1657 587 esse
1688 515 1756 587 se.
1779 534 2035 600 orare,ut

435 633 468 670 a
503 615 636 671 viris
678 615 890 689 iniquis
919 616 1215 688 eripiatur,
1253 634 1381 673 cum
1414 619 1682 675 adversus
1712 621 2032 677 Catholicos

426 704 786 760 constituant
814 704 1013 775 praelia
1031 705 1258 760 auditus
1278 706 1451 761 etiam
1465 724 1711 779 quorum
1729 710 1894 764 valde
1915 710 2033 782 pri-

427 794 650 849 culosus
674 795 778 861 est,
811 794 1078 848 eamdem
1103 794 1426 850 orationem
1457 796 1530 850 ad
1549 796 1703 851 aliud
1734 796 2033 869 repetit,ut

422 881 689 937 videlicet
719 882 988 937 ostendat
1015 883 1401 939 necessarium
1424 901 1544 939 esse
1577 901 1911 953 orare,cum
1927 886 2032 941 ad-

423 988 616 1026 versus
637 987 769 1026 eum
788 970 1142 1026 constituant
1156 972 1371 1043 prielia.
1398 990 1525 1045 quae
1552 973 1728 1028 etiam
1757 974 2026 1030 ostendit.

426 1062 541 1116 Hoc
569 1063 764 1115 autem
789 1060 867 1115 sic
897 1061 1062 1115 dicit:
1094 1061 1215 1116 Non
1238 1063 1422 1142 solum
1457 1079 1558 1117 oro
1581 1062 1801 1136 eripiab
1821 1064 2032 1118 homine

423 1150 585 1216 malo,
618 1152 675 1203 et
703 1166 738 1205 a
758 1152 873 1203 viro
904 1150 1109 1221 iniquo,
1131 1150 1261 1205 ideo
1299 1150 1434 1223 quia
1465 1151 1821 1206 constituunt
1839 1151 2031 1223 praelia

424 1237 698 1292 adversus
743 1253 1115 1309 quoscunque
1159 1238 1500 1301 Catholicos,
1547 1256 1673 1311 quae
1712 1240 2033 1311 periculosa

422 1328 564 1382 sunt
589 1325 766 1380 etiam
788 1327 973 1381 solum
997 1325 1489 1394 audientibus,sed
1506 1331 1563 1382 et
1578 1345 1679 1383 oro
1692 1329 1899 1382 custodi
1926 1345 2029 1397 me,

420 1415 672 1481 Domine,
698 1414 761 1468 de
776 1430 944 1469 manu
961 1417 1277 1485 peccatoris,
1305 1416 1363 1471 id
1390 1419 1474 1472 est
1498 1417 1569 1471 de
1618 1418 1902 1487 potestate
1933 1433 2029 1470 cu-

410 1502 736 1575 juscunque
758 1503 911 1557 mala
931 1504 1244 1574 operantis,
1259 1520 1331 1557 ne
1346 1521 1439 1558 me
1461 1504 1640 1576 possit
1658 1504 2029 1576 incorporare

421 1591 549 1658 sibi,
582 1597 631 1644 et
661 1593 802 1662 eripe
837 1609 921 1645 me
962 1610 994 1645 a
1026 1594 1155 1645 viris
1185 1593 1398 1663 iniquis,
1430 1592 1492 1647 id
1535 1596 1620 1647 est
1644 1593 1925 1648 hmreticis
1954 1611 2027 1649 ne

1368 222 1725 287 EXPOSlTlO
1763 226 1832 286 IN
1868 224 2201 288 PSALMOS.
2242 259 2309 272 -
2347 218 2543 291 PSAL.
2585 232 2819 294 CXXXIX

446 343 623 399 verba
661 344 875 402 blanda
903 344 1207 402 videantur
1234 350 1292 407 et
1320 348 1493 421 bona,
1511 351 1651 408 latet
1678 348 1736 409 in
1760 350 1841 408 eis
1876 367 2041 409 error

3604 238 3739 302 1374

2056 396 2112 457 Α
2134 351 2407 457 nequest:
2443 354 2498 457 (ἶ
2525 353 2772 457 ρογηίηε,
2817 371 3017 457 revera
3057 356 3307 457 quine,
3338 359 3435 457 qui
3458 357 3585 434 jam
3626 360 3739 417 hoc

2137 444 2282 500 mihi
2309 445 2658 502 beneficium
2688 448 2972 516 concedis,
2997 449 3151 521 quod
3175 453 3235 505 tu
3266 447 3456 506 existis
3480 450 3652 506 virtus
3681 453 3739 505 et

2133 550 2304 589 causa
2331 535 2517 590 salutis
2546 552 2696 604 mea,
2732 537 2789 591 id
2819 539 2903 591 est
2933 538 3028 609 qui
3066 556 3124 593 es
3154 538 3477 594 constantia
3514 554 3647 594 mea
3676 539 3735 595 in

2133 623 2293 679 omni
2320 625 2495 689 bono,
2530 641 2632 691 per
2663 643 2837 697 quam
2861 626 2934 681 ad
2961 626 3204 681 salutem
3236 630 3516 682 mternam
3557 627 3731 683 attin-

2129 729 2265 783 gam
2287 730 2299 779 ;
2319 715 2377 767 tu
2606 714 2932 768 obumbrasti
2938 730 3093 785 super
3110 719 3267 785 caput
3292 732 3465 770 meum
3483 714 3733 786 positum

2130 803 2186 853 in
2211 801 2296 855 die
2308 802 2444 869 belli,
2476 802 2531 857 id
2562 805 2646 856 est
2673 801 2878 858 dedisti
2908 801 3438 870 obumbrationem,
3460 802 3519 858 id
3540 807 3625 858 est
3641 820 3731 857 re-

2128 888 2429 961 frigerium
2461 888 2869 944 misericordia:
2892 892 3023 957 tuae,
3041 904 3214 962 super
3230 892 3490 945 mentem
3512 906 3730 953 meam,

2128 977 2375 1048 positam
2398 977 2457 1032 in
2472 980 2695 1034 fervore
2712 977 2866 1044 belli,
2894 978 2990 1049 qui
3015 977 3285 1049 perdicm
3301 978 3639 1050 intelligitur
3662 994 3730 1033 eo

2131 1065 2285 1135 quod
2317 1065 2375 1120 in
2404 1066 2494 1120 die
2526 1066 2718 1121 fervor
2746 1065 2880 1121 solis
2907 1065 2997 1121 sit.
3043 1065 3209 1129 Quod
3239 1068 3324 1120 est
3357 1065 3548 1121 dicere
3575 1081 3587 1119 :
3623 1061 3727 1128 Qui

2124 1152 2248 1223 jam
2277 1153 2387 1208 hoc
2409 1153 2550 1209 mihi
2578 1153 2925 1209 beneﬁcium
2963 1153 3274 1220 contulisti,
3300 1155 3361 1207 ut
3380 1152 3585 1208 cumiu
3614 1152 3726 1205 fer-

2130 1257 2264 1295 vore
2322 1241 2455 1296 belli
2514 1240 2920 1296 haereticorum
2974 1241 3190 1313 positus
3257 1235 3727 1308 essem,mentem

2129 1345 2324 1383 meam
2363 1329 2737 1402 refrigerares
2767 1329 3007 1401 spiritali
3038 1331 3096 1384 et
3124 1328 3391 1385 invisibili
3421 1327 3729 1398 refrigera-

2114 1415 2289 1473 tione
2325 1418 2526 1488 gratia:
2556 1421 2690 1485 tute,
2739 1435 2812 1472 ne
2847 1418 3118 1472 deficeret
3148 1418 3252 1473 sub
3285 1418 3425 1471 azstu
3455 1415 3634 1471 nimio
3660 1414 3728 1469 il-

2128 1504 2238 1559 lius
2272 1505 2407 1559 belli
2442 1522 2477 1560 a
2525 1505 2903 1561 similitudine
2947 1504 3358 1580 pugnantium,
3395 1504 3491 1577 qui
3523 1503 3727 1560 obum-

2126 1592 2371 1648 brantur
2390 1611 2464 1648 ne
2494 1596 2732 1666 prOpter
2769 1597 2973 1649 uastum
3013 1592 3301 1648 deficiant.

420 1679 762 1752 incorporer
780 1679 852 1735 ab
883 1681 963 1735 eis
985 1680 1082 1752 qui
1115 1683 1481 1750 cogitaverunt
1507 1682 1846 1752 supplantare
1876 1700 2024 1751 gres-
2051 1714 2104 1773 Β
2193 1682 2275 1736 Tu
2302 1682 2562 1755 inquam,
2585 1684 2834 1749 Domine,
2855 1700 2960 1737 non
2973 1681 3243 1736 tradasme
3247 1683 3538 1753 peccatori,
3566 1679 3622 1735 id
3644 1682 3731 1735 est
3780 1747 3786 1752 ι

416 1785 505 1824 sus
532 1785 689 1836 meos,
724 1768 783 1823 id
811 1771 897 1822 est
921 1769 1051 1824 ideo
1081 1786 1115 1823 a
1144 1768 1277 1824 viris
1312 1768 1524 1842 iniquis
1567 1787 1669 1826 oro
1691 1771 1859 1843 eripi,
1891 1772 2026 1843 quia

416 1860 788 1927 cogitaverunt
839 1859 897 1910 et
928 1857 1114 1912 adhuc
1161 1856 1419 1928 cogitant
1445 1859 1787 1931 supplantare
1814 1876 2022 1929 gressus

421 1963 579 2011 meos,
614 1944 675 2000 id
706 1947 792 1999 est
818 1944 1215 2016 cogitaverunt
1239 1946 1488 2016 qualiter
1524 1946 1856 2001 affectiones
1888 1947 2020 2003 fidei

417 2050 561 2089 mea;
592 2032 965 2105 pessumdare
992 2035 1243 2104 possent,
1276 2049 1340 2087 ac
1370 2033 1415 2088 si
1447 2034 1600 2088 dicat
1626 2050 1639 2089 :
1694 2034 1752 2089 Si
1790 2036 2019 2090 tantum

415 2122 684 2176 adversus
714 2120 857 2176 alios
886 2123 945 2174 et
982 2137 1100 2176 non
1132 2122 1399 2177 adversus
1425 2138 1518 2176 me
1554 2122 1900 2194 cogitarent,
1947 2124 2019 2178 ti-

415 2209 695 2265 mendum
716 2213 863 2264 esset
892 2209 1035 2264 mihi
1062 2227 1135 2264 ne
1166 2213 1509 2265 caeterorum
1541 2212 1804 2284 exemplo
1819 2214 2021 2267 contra

413 2313 555 2367 quos
578 2296 837 2368 cogitant
851 2296 1274 2369 incorporarer,
1300 2298 1345 2352 si
1363 2297 1464 2368 ipsi
1485 2297 2012 2369 incorporarentur.

412 2384 637 2447 Quanto
666 2385 849 2456 magis
878 2403 1015 2458 ergo
1041 2387 1366 2442 timendum
1383 2389 1468 2442 est
1488 2404 1619 2441 cum
1637 2386 1907 2442 adversus
1920 2405 2017 2443 me

410 2473 833 2543 cogitavcrint?
856 2474 981 2529 Non
1009 2476 1196 2530 solum
1233 2477 1428 2532 autem
1477 2476 1587 2530 hoc
1631 2477 2014 2545 cogitaverunt,

410 2560 507 2615 sed
535 2564 593 2615 et
613 2560 715 2632 ipsi
748 2563 977 2634 superbi
1000 2563 1400 2630 existentes,id
1430 2566 1515 2618 est
1545 2581 1612 2618 ex
1632 2563 1902 2635 superbia
1933 2582 2019 2620 er-

411 2651 623 2716 rantes,
654 2651 1039 2707 absconderant
1074 2653 1207 2706 milu'
1232 2652 1497 2724 laqueum,
1548 2652 1607 2707 id
1633 2655 1718 2706 est
1748 2651 1855 2707 nisi
1886 2655 2018 2708 sunt

412 2736 686 2793 absconse
716 2756 921 2811 parare
951 2739 1091 2794 mihi
1122 2741 1492 2812 laqueum,id
1521 2744 1875 2795 esterrorem
1901 2757 2016 2813 quo

409 2841 504 2880 me
525 2825 906 2898 illaquearent
925 2830 981 2881 et
1011 2827 1117 2881 sibi
1139 2829 1594 2883 conformarent.

481 2915 631 2969 Bene
661 2932 794 2970 vero
825 2914 960 2970 dicit
991 2915 1393 2970 absconderant.
1420 2916 1577 2970 Tunc
1612 2914 1770 2970 enim
1794 2915 1851 2970 in
1884 2916 2014 2970 abs-

2126 1786 2199 1825 ne
2232 1770 2536 1841 permittas
2572 1788 2667 1827 me
2723 1770 2872 1826 tradi
2924 1769 3215 1836 haeretico,
3270 1767 3730 1825 antonomastice

2122 1857 2433 1928 peccatori,
2466 1862 2529 1913 ut
2559 1858 2639 1915 illi
2667 1860 3019 1914 conformer.
3054 1858 3291 1913 Necesse
3323 1860 3409 1912 est
3449 1859 3644 1912 autem
3667 1859 3731 1911 ut

2120 1945 2230 2000 hoc
2262 1962 2447 2001 orem.
2488 1946 2601 2018 Ipsi
2652 1947 2807 2003 enim
2828 1954 3129 2019 peccatores
3158 1948 3522 2017 cogitaverunt
3545 1951 3728 2000 contra

2120 2052 2221 2102 me,
2255 2034 2470 2091 scilicet
2498 2036 2895 2108 cogitaverunt
2926 2036 3064 2091 talia
3096 2052 3224 2108 quae
3265 2035 3405 2091 mihi
3437 2034 3729 2090 contraria

2121 2122 2255 2191 sint,
2303 2125 2457 2197 quali
2494 2124 2756 2182 videlicet
2796 2126 2970 2181 modo
2999 2142 3094 2180 me
3127 2124 3439 2197 decipiant.
3480 2125 3565 2179 Me
3597 2122 3725 2178 dico

2120 2216 2454 2283 separatum
2485 2232 2519 2268 a
2547 2214 2799 2269 desiderio
2826 2232 2959 2269 meo.
3012 2213 3284 2269 Desidero
3312 2213 3468 2268 enim
3490 2212 3547 2268 in
3577 2212 3725 2267 inte—

2118 2299 2328 2370 gritate
2357 2300 2490 2356 fidei
2514 2300 2835 2372 persistere.
2866 2304 2914 2355 A
2939 2317 3053 2373 quo
3079 2318 3291 2374 nempe
3321 2299 3604 2356 desiderio
3628 2316 3719 2353 re-

2119 2403 2406 2454 moverer,
2440 2388 2484 2443 si
2510 2390 2796 2462 peccatori
2828 2390 3247 2446 conformarer.
3280 2390 3348 2443 Et
3376 2386 3511 2460 quia
3537 2383 3727 2442 contra

2119 2493 2202 2531 me
2230 2480 2615 2547 cogitaverunt,
2651 2496 2754 2535 oro
2797 2496 2861 2533 ne
2888 2478 3222 2550 derelinquas
3260 2493 3343 2530 me
3373 2462 3723 2547 inadfutum,

2118 2580 2249 2620 cum
2268 2565 2461 2637 ego,in
2476 2570 2754 2639 quantum
2771 2564 3396 2638 possum,perliberum
3417 2562 3723 2618 arbitrium

2117 2654 2517 2723 peccatoribus
2543 2654 2829 2709 resistam.
2870 2653 2959 2709 Ne
2993 2653 3328 2725 derelinquas
3358 2669 3440 2706 me
3459 2651 3615 2706 idem
3642 2652 3729 2705 est

2118 2742 2274 2812 quod
2292 2741 2554 2812 superius
2586 2742 2837 2813 positum
2874 2746 2978 2807 est,
3012 2760 3078 2797 ne
3108 2740 3290 2794 tradas
3316 2757 3398 2793 me
3428 2741 3719 2810 peccatori,

2117 2828 2225 2882 nisi
2252 2828 2387 2900 quia
2409 2829 2655 2884 liberum
2688 2828 2997 2884 arbitrium
3030 2830 3214 2895 notat,
3247 2830 3305 2883 et
3333 2831 3419 2882 est
3455 2844 3523 2881 ex
3543 2826 3725 2882 nimia

2115 2916 2419 2971 affectione
2448 2916 2778 2989 repetitum.
2804 2918 2901 2971 Ille
2922 2915 3136 2988 quippe
3157 2913 3255 2987 qui
3292 2930 3397 2986 per
3420 2931 3480 2969 se
3510 2913 3724 2985 aliquid

407 3002 643 3056 condito
691 3005 901 3073 parant
944 3004 1154 3058 erroris
1217 3004 1508 3074 laqueum,
1563 3020 1695 3058 cum
1745 3003 2014 3075 quaedam
2041 2988 2089 3049 Ο
2114 3006 2411 3075 operatur,
2438 2988 2762 3077 opportune
2785 3006 2914 3057 orat
2944 3005 3008 3056 ut
3037 3002 3356 3073 adjuvetur.
3384 3001 3610 3068 Dico,ne
3633 3002 3723 3055 de-

402 3090 616 3145 blanda
645 3092 835 3159 verba,
860 3109 988 3163 quin
1018 3093 1216 3146 sancta
1236 3091 1499 3146 videntur
1520 3091 2011 3158 admiscendo,in-

405 3177 769 3234 ductionibus
793 3178 909 3234 suis
938 3179 1206 3235 fidelesin
1232 3196 1489 3234 errorem
1507 3180 1797 3235 attrahere
1816 3179 2011 3235 nitun-

403 3268 532 3320 tur:
566 3284 600 3321 a
627 3265 1001 3322 similitudine
1033 3267 1341 3334 venatoris,
1376 3268 1472 3339 qui
1500 3267 1639 3323 fera)
1673 3269 1759 3322 vel
1792 3267 2011 3323 volucri

402 3352 780 3423 decipiendm,
812 3354 1081 3425 laqueum
1108 3353 1165 3407 in
1197 3355 1532 3410 abscondito
1568 3355 1902 3410 tendit.Non
1926 3373 2012 3409 so-

400 3440 521 3494 lum
560 3443 754 3495 autem
788 3441 1170 3495 absconderant
1199 3441 1469 3513 laqueum,
1490 3442 1589 3496 sed
1617 3445 1674 3495 et
1704 3441 2011 3496 manifeste

400 3529 745 3583 extenderunt
766 3531 924 3599 funes
954 3532 1009 3583 in
1030 3531 1298 3602 laqueum,
1327 3529 1384 3584 id
1418 3532 1504 3584 est
1528 3533 1789 3584 extensas
1827 3533 1885 3584 et
1915 3547 2008 3585 or-

396 3616 629 3691 dinatas
660 3619 921 3673 fecerunt
967 3618 1505 3689 argumentationes
1547 3637 1695 3686 suas,
1726 3622 1789 3672 ut
1822 3623 2011 3674 essent

400 3707 544 3763 mihi
587 3709 641 3761 in
672 3708 941 3780 laqueum,
975 3707 1031 3762 id
1061 3710 1145 3762 est
1175 3707 1231 3762 in
1261 3706 1590 3778 captionem
1618 3709 1677 3760 et
1729 3706 2010 3762 interem-

400 3796 821 3868 ptionem,qum
843 3784 1384 3863 dicunturfunes,eo
1403 3796 1555 3867 quod
1571 3812 1773 3867 graves
1791 3795 1905 3850 sint
1935 3796 2009 3851 ad

400 3883 875 3957 dirumpendum,
898 3883 1041 3938 sicut
1060 3883 1249 3956 laquei
1278 3884 1348 3938 de
1379 3883 1611 3937 funibus
1630 3882 1826 3950 facti,a
1850 3883 2007 3938 simi-

399 3971 641 4026 litudine
668 3971 974 4039 venatoris,
998 3971 1093 4042 qui
1114 3972 1187 4026 ad
1199 3972 1349 4026 feras
1364 3971 1755 4043 illaqueandas
1776 3972 2010 4043 laqueos

401 4060 582 4115 factos
610 4061 681 4115 de
711 4059 1227 4115 funibusextendit.
1255 4061 1378 4114 Non
1414 4061 1599 4114 solum
1626 4062 1819 4114 autem
1850 4059 2010 4128 funes

403 4148 768 4221 extenderunt,
808 4149 909 4203 sed
927 4148 1101 4220 etipsi
1125 4149 1435 4204 existentes
1456 4166 1576 4203 non
1599 4147 1657 4203 in
1676 4147 1883 4203 itinere
1908 4146 2009 4202 sed

2113 3092 2381 3163 relinquas
2392 3110 2495 3157 me,
2527 3108 2594 3146 ne
2611 3098 2917 3162 peccatores
2946 3089 3331 3157 eraltentur,id
3363 3092 3449 3145 est
3477 3090 3723 3162 superbe

2111 3178 2435 3251 glorientur
2460 3179 2504 3234 si
2538 3179 2844 3234 derelictus
2888 3178 3121 3234 fuerim.
3153 3178 3242 3234 Ne
3284 3178 3601 3245 caaltentur,
3634 3177 3722 3232 in-

2112 3285 2310 3338 quam,
2346 3270 2403 3322 et
2432 3268 2540 3322 hoc
2569 3269 2729 3337 forte,
2768 3266 2828 3321 id
2843 3266 3306 3322 estinfortunate
3333 3265 3405 3320 ad
3422 3282 3622 3321 eorum
3646 3264 3724 3318 vi-

2112 3354 2318 3411 delicet
2342 3355 2748 3412 infortunium.
2780 3356 2932 3410 lstud
2954 3358 3150 3410 autem
3169 3354 3320 3426 quod
3345 3353 3483 3409 dicit
3505 3371 3569 3408 ne
3581 3355 3722 3424 forte

2111 3443 2411 3500 exaltentur
2435 3444 2619 3500 oratio
2652 3447 2737 3499 est
2766 3461 2870 3516 pro
2906 3442 3324 3515 peccatoribus,
3358 3445 3422 3497 ut
3458 3458 3564 3514 pro
3604 3441 3712 3496 ini-

2111 3532 2272 3587 micis
2303 3532 2593 3587 auditores
2625 3548 2792 3586 orare
2811 3532 3166 3586 instruat.Ac
3182 3531 3226 3584 si
3255 3530 3443 3584 dicat:
3466 3529 3598 3583 Ideo
3617 3543 3718 3583 oro

2110 3636 2230 3673 non
2262 3619 2607 3691 derclinqui,
2648 3618 2785 3690 quia
2813 3619 2859 3673 si
2886 3618 3191 3673 derelictus
3222 3617 3554 3681 deficerem,
3586 3631 3718 3685 pec-

2109 3708 2332 3761 catores
2353 3707 2485 3762 inde
2508 3707 2579 3761 ad
2597 3723 2799 3761 eorum
2822 3705 3202 3761 infortunium
3219 3702 3718 3759 etdamnationem

2109 3795 2519 3849 exaltarentur.
2544 3794 2642 3848 Vel
2664 3811 2728 3847 ne
2752 3794 3054 3848 exaltentur
3078 3794 3238 3863 forte,
3271 3792 3331 3847 id
3357 3794 3442 3847 est
3471 3794 3714 3846 temere.

2107 3884 2186 3936 Ac
2214 3883 2259 3937 si
2291 3883 2477 3937 dicat:
2504 3882 2638 3937 Ideo
2666 3898 2766 3937 oro
2811 3885 2873 3936 ut
2902 3899 3021 3937 non
3050 3879 3509 3953 exaltentur,qui
3540 3882 3718 3934 teme-

2110 3969 2264 4025 raria
2291 3974 2439 4026 esset
2460 3970 2794 4041 hujusmodi
2825 3969 3119 4036 exaltatio,
3148 3969 3393 4041 ideoque
3423 3968 3623 4024 nociva
3636 3966 3717 4023 eis

2107 4058 2195 4112 Ne
2220 4059 2574 4131 derelinquas,
2616 4058 2881 4131 inquam,
2912 4073 3011 4114 me.
3043 4058 3111 4112 Et
3131 4074 3361 4113 necesse
3393 4059 3480 4112 est
3506 4059 3569 4111 ut
3605 4058 3715 4112 hoc

2109 4164 2299 4205 orem.
2328 4149 2474 4203 Nam
2494 4149 2748 4203 circuitus
2777 4165 2957 4202 eorum
2978 4146 3166 4219 operit
3184 4149 3242 4202 et
3266 4145 3718 4219 operietjugiter

387 4236 559 4305 juxta
579 4237 697 4302 iter,
712 4236 770 4291 id
793 4240 875 4290 est
890 4235 991 4290 visi
1016 4241 1211 4291 tenere
1227 4236 1627 4291 auctoritatem
1651 4240 2006 4302 sanctorum,
2032 4268 2085 4328 Ι)
2108 4236 2735 4308 caputeorum,ideoque
2762 4235 3147 4307 periculosum
3163 4237 3249 4290 est
3263 4252 3394 4289 cum
3417 4234 3499 4288 eis
3520 4248 3713 4302 agere.

400 4339 529 4393 qua:
559 4322 821 4377 ﬁdelibus
851 4332 935 4378 est
960 4327 1180 4377 reclum
1212 4323 1318 4377 iter
1339 4322 1499 4391 ﬁdei,
1531 4341 1704 4395 quam
1736 4324 1841 4394 ipsi
1866 4322 2005 4378 sini-

397 4413 513 4464 stre
545 4412 863 4481 exponunt,
895 4414 953 4465 et
994 4410 1070 4465 sic
1103 4427 1217 4464 non
1248 4414 1381 4464 sunt
1408 4410 1469 4464 in
1501 4410 1622 4481 ipso
1649 4410 1875 4480 itinere,
1906 4412 2006 4465 sed

386 4500 555 4569 juxta
582 4501 707 4567 iter;
740 4499 838 4554 tali
894 4499 1068 4553 modo
1088 4501 1382 4568 posuerunt
1426 4499 1560 4551 milii
1585 4498 1913 4563 scandalum,
1947 4498 2005 4552 id

399 4590 484 4641 est
526 4587 937 4641 ofl'endiculum
981 4586 1192 4641 erroris
1248 4585 1818 4656 periculosissimum.
1847 4587 2004 4639 Tunc

396 4675 555 4730 enim
582 4675 744 4730 citius
773 4674 977 4746 aliquis
1005 4673 1308 4744 decipitur,
1327 4691 1459 4729 cum
1479 4673 1582 4744 ipsi
1604 4673 1999 4729 auctoritassi-

395 4763 573 4818 nistre
593 4764 971 4834 interpretata
989 4762 1680 4834 praetenditurﬂuoniam
1701 4767 1896 4818 autem
1908 4781 1999 4818 ex-

395 4852 673 4906 tenderunt
698 4852 877 4919 funes,
904 4854 962 4904 et
981 4851 1146 4920 juxta
1187 4853 1285 4905 iter
1341 4851 1663 4905 scandalum
1683 4859 1996 4922 posuerunt,

391 4940 511 4995 dixi
535 4940 769 4995 Domino
792 4943 850 4994 et
872 4939 1115 4994 interius
1147 4940 1303 4994 bona
1330 4940 1729 5007 aﬂ‘ectionc,et
1750 4940 1997 4996 exterius

393 5046 491 5086 ore
518 5031 691 5085 :Deus
716 5046 920 5083 meuses
942 5034 1020 5096 tu,
1064 5028 1122 5081 id
1145 5031 1228 5081 est
1255 5028 1494 5083 Creator
1542 5046 1731 5098 meus;
1764 5032 1819 5084 te
1848 5030 1995 5085 scili-

389 5121 480 5173 cet
505 5122 708 5189 reputo
750 5118 1082 5172 Creatorem
1116 5118 1174 5169 et
1200 5133 1292 5171 me
1320 5122 1522 5188 reputo
1548 5121 1894 5174 creaturam.
1930 5119 1997 5171 Et

389 5223 521 5260 cum
554 5210 607 5261 te
620 5208 804 5260 Deum
826 5222 1021 5259 meum
1044 5221 1165 5258 esse
1190 5206 1454 5276 reputem
1488 5205 1729 5272 ;e.raudi,
1745 5205 1994 5270 Domine,

388 5312 568 5350 vocem
598 5295 975 5366 (lqii-ecationis
1006 5311 1151 5359 meae,
1182 5292 1395 5347 scilicet
1424 5310 1553 5347 cum
1600 5293 1676 5347 sis
1720 5293 1997 5349 Dominus

389 5384 782 5457 omnipotens,
805 5383 933 5437 audi
958 5398 1156 5436 vocem
1189 5398 1406 5448 meam,
1426 5399 1537 5453 qua
1558 5385 1613 5435 te
1644 5383 1997 5455 deprecorut

387 5475 602 5530 efﬁcias
633 5474 786 5547 quod
818 5490 940 5528 oro.
976 5472 1112 5536 Quae
1144 5472 1421 5527 nimirum
1445 5489 1549 5527 vox
1575 5473 1994 5543 deprecationis

2108 4324 2285 4396 Caput
2305 4343 2485 4380 eorum
2499 4340 2789 4378 summam
2813 4322 3047 4378 hieresis
3065 4322 3298 4387 dicit,eo
3320 4321 3476 4391 quod
3497 4319 3570 4373 ad
3585 4334 3716 4372 eam

2107 4431 2312 4469 omnes
2327 4429 2529 4468 eorum
2558 4409 2860 4466 sententia:
2910 4410 3196 4480 spectant,
3230 4407 3375 4461 sicut
3395 4409 3567 4477 caput
3596 4422 3718 4462 om-

2107 4501 2267 4554 nium
2308 4500 2711 4555 membrorum
2744 4494 3070 4566 principale
3096 4496 3200 4550 est.
3242 4493 3515 4548 Circuitus
3555 4493 3711 4562 dicit,

2106 4588 2450 4658 multiplices
2472 4587 2763 4662 anfractus
2788 4582 3364 4656 argumentationum
3396 4585 3454 4637 et
3483 4584 3713 4639 senten-

2101 4676 2316 4730 tiarum
2343 4675 2622 4746 ipsorum,
2652 4673 2862 4745 quibus
2891 4689 3186 4728 summam
3219 4671 3454 4727 haeresis
3470 4689 3589 4726 sua:
3614 4687 3707 4725 oc-

2101 4764 2322 4818 cultant
2352 4765 2411 4816 et
2434 4762 2723 4828 muniunt,
2766 4778 2885 4817 nea
2910 4761 3213 4818 Catholicis
3252 4761 3638 4832 perimantur,
3671 4776 3705 4812 a

2098 4850 2477 4907 similitudine
2518 4852 2821 4924 serpentis,
2872 4852 2970 4923 qui
3022 4850 3265 4906 circuitu
3309 4848 3510 4902 cauda:
3539 4849 3710 4919 caput

2098 4941 2309 5012 operit,
2338 4939 2399 4993 in
2430 4956 2544 5012 quo
2575 4940 2861 5012 praecipue
2888 4939 3134 4994 vitalitas
3159 4937 3284 5009 ejus
3309 4939 3413 5003 est,
3440 4952 3513 4990 ue
3543 4935 3604 4990 in
3638 4951 3705 4991 eo

2097 5029 2472 5100 percutiatur.

2166 5118 2409 5189 Exponit
2429 5119 2625 5173 autem
2657 5117 2763 5172 hoc
2791 5115 2947 5186 quod
2970 5112 3223 5185 positum
3249 5115 3335 5167 est
3358 5112 3614 5167 circuitus
3626 5129 3705 5165 eo-

2093 5224 2214 5259 rum
2261 5209 2457 5278 operiet
2496 5212 2658 5277 caput
2699 5220 2906 5269 eorum,
2942 5202 3054 5257 sic:
3100 5202 3390 5267 Circuitus,
3460 5199 3701 5271 inquam

2093 5313 2296 5361 eorum,
2323 5298 2515 5367 aperiet
2540 5300 2699 5365 eaput
2728 5310 2933 5355 eorum,
2957 5291 3014 5347 id
3052 5295 3141 5347 est
3172 5290 3473 5361 multiplex
3500 5289 3693 5343 anfra-

2092 5388 2214 5439 ctus
2242 5382 2663 5437 sententiarum
2695 5384 2753 5435 et
2781 5380 3358 5453 argumentationum
3382 5393 3588 5433 eorum
3612 5392 3703 5431 oc-

2092 5473 2333 5528 cultabit
2356 5474 2414 5525 et
2444 5470 2793 5543 praemuniet
2825 5486 3114 5525 summam
3144 5468 3380 5525 haeresis
3400 5480 3704 5539 eorum,ne
