4016 6030
406 276 540 342 1375

997 278 1056 338 S.
1098 274 1435 337 BBUNONIS
1475 266 2106 332 CARTHUSIANORUM
2140 265 2609 326 INSTITUTORIS
2652 265 2808 324 OPP.
2849 261 3025 321 PARS
3062 259 3105 319 ι.

3566 244 3707 315 me

406 404 584 479 possit
602 402 907 479 exstingui.
942 402 1106 471 Quod
1139 407 1228 459 est
1270 402 1489 459 dicere:
1524 399 1697 456 Labor
1742 398 2005 453 labiorum
2024 416 2079 478 Α
2100 392 2310 450 dicium
2341 392 2411 449 de
2442 406 2785 465 quocunque
2823 388 2999 479 bono,
3050 400 3155 479 pro
3196 399 3275 479 eo
3320 378 3575 479 inepiam
3602 394 3710 453 pa-

407 495 640 564 ipsorum
659 495 852 565 aperiet
877 492 1045 560 eos,id
1075 494 1160 549 est
1186 492 1491 546 verborum
1533 504 1766 544 suorum
1810 485 2004 541 multi-

406 579 713 652 plicitas,in
728 581 933 652 quibus
953 578 1311 634 inveniendis
1332 577 1434 648 ipsi
1457 577 1617 630 valde
1636 574 2002 638 laborabunt,

405 667 630 723 muniet
654 684 772 723 eos.
807 668 950 733 Quia
974 684 1078 739 pro
1108 666 1387 721 hmreticis
1418 666 1700 728 oraverat,
1734 662 1931 716 dicens
1946 676 2008 714 ne

407 754 546 826 forte
573 757 886 824 exaltentur,
919 755 1169 812 ostendit
1201 754 1356 826 quod
1387 770 1503 808 non
1553 753 1956 807 exaltabuntur
1991 766 2005 818 ;

407 844 508 898 sed
540 844 778 916 quidam
796 861 998 900 eorum
1020 840 1599 907 convertentur,etsic
1620 840 2006 905 salvabuntur;

410 930 648 1003 quidam
669 948 803 987 vero
825 932 885 986 in
912 931 1246 1004 garrulitate
1258 927 2013 1001 persistentes,damnabun-

412 1021 521 1073 tur.
554 1018 670 1073 Hoc
701 1022 895 1074 autem
926 1036 995 1075 ea
1025 1018 1344 1073 intentione
1382 1016 1517 1072 dicit
1548 1020 1824 1070 utomnes
1846 1014 2007 1069 audi-

405 1106 561 1161 tores
590 1106 661 1160 ab
692 1107 895 1161 haeresi
925 1107 1201 1161 retrahat.
1235 1105 1345 1160 Oro
1378 1123 1448 1159 ne
1475 1104 1623 1159 forte
1656 1105 2006 1169 exaltentur;

409 1195 468 1247 et
490 1209 621 1249 vere
648 1211 766 1248 non
787 1195 1210 1260 exaltabuntur,
1227 1210 1361 1248 nam
1375 1193 1561 1247 cadent
1584 1192 1832 1246 carbones
1856 1206 2012 1261 super

409 1296 513 1347 eos,
548 1280 604 1335 id
635 1284 720 1336 est
742 1280 1025 1353 spiritales
1056 1281 1159 1336 viri
1191 1280 1288 1352 qui
1318 1283 1452 1334 sunt
1485 1280 1766 1335 carbones
1796 1280 2012 1333 desola—

410 1366 564 1436 torii,
593 1367 727 1440 igne
757 1370 1048 1425 charitatis
1079 1374 1136 1425 et
1161 1370 1258 1426 Dei
1284 1368 1629 1441 cognitionis
1652 1368 1893 1435 accensi,
1920 1384 2011 1424 σα-

409 1456 535 1510 dent
561 1473 715 1527 super
743 1474 845 1522 eos,
879 1456 937 1512 id
968 1461 1052 1511 est
1083 1474 1214 1512 cum
1246 1474 1459 1529 magno
1484 1457 1743 1529 pondere
1773 1459 2008 1511 senten-

411 1543 621 1598 tiarum
675 1561 907 1599 suarum
938 1545 1398 1599 authenticarum
1439 1544 1780 1617 oppriment
1829 1561 1925 1598 eos
1955 1544 2013 1596 et

412 1630 734 1697 devincent,
760 1649 795 1686 a
818 1632 1197 1687 similitudine
1227 1633 1569 1704 ponderosa:
1610 1632 1714 1698 rei,
1744 1632 1813 1686 de
1841 1648 2012 1703 super

2102 482 2304 550 tiente,
2327 483 2493 554 juxta
2546 479 2701 553 quod
2740 476 2981 549 legitur:
3021 496 3048 524 «ι
3096 471 3342 544 Incipiat
3361 469 3644 543 judicium
3675 483 3715 522 a

2106 571 2281 627 domo
2311 570 2408 626 Dei
2430 569 2481 637 (Ι
2504 569 2746 633 Petr.1v,
2780 569 2885 635 l7).
2918 587 2944 614 »
2977 563 3222 635 Exponit
3266 578 3407 635 ergo
3438 558 3591 635 quod
3615 558 3713 628 ju-

2109 659 2321 713 dicium
2354 659 2519 712 faciet
2553 657 2623 712 de
2660 655 2852 725 inope,
2876 669 3009 707 cum
3036 651 3114 706 sic
3139 650 3333 706 addit:
3373 649 3469 717 Et,
3504 650 3561 706 id
3606 656 3715 719 est,

2109 748 2281 802 faciet
2310 746 2596 801 vindictam
2619 761 2937 815 pauperum,
2978 740 3034 795 id
3066 742 3153 794 est
3180 740 3333 810 justo
3370 738 3585 810 judicio
3611 757 3718 796 suo

2110 835 2281 889 faciet
2313 834 2621 889 vindictam
2657 832 2727 886 de
2781 829 3127 902 pauperibus
3178 827 3289 881 suis
3329 829 3716 900 peccantibus,

2110 940 2241 982 cum
2265 939 2364 978 eos
2388 922 2478 976 hic
2498 939 2601 994 per
2630 918 2963 975 transitoria
2984 918 3213 988 ﬂagella
3242 915 3499 988 corrigit,
3524 920 3586 970 ut
3616 932 3721 987 per

2112 1011 2221 1065 hoc
2253 1010 2592 1081 comprobet
2631 1007 2782 1078 quod
2824 1022 2955 1060 cum
3001 1021 3108 1059 nec
3143 1002 3256 1058 suis
3286 1006 3502 1082 parcat,
3537 1006 3719 1058 multo

2114 1099 2304 1153 minus
2334 1098 2393 1151 in
2434 1097 2625 1151 futuro
2662 1097 2876 1165 parcet
2921 1092 3167 1163 injustis.
3216 1091 3426 1158 Faciet,
3459 1090 3720 1163 inquam,

2113 1187 2401 1241 vindictam
2426 1201 2747 1256 pauperum,
2802 1184 3202 1235 verumtamen
3246 1196 3577 1251 quanquam
3629 1179 3725 1234 hic

2114 1292 2394 1347 pauperes
2419 1290 2548 1327 suos
2564 1273 2748 1341 justos
2768 1287 2873 1342 per
2904 1269 3133 1339 ﬂagella
3162 1268 3434 1337 corrigat,
3441 1267 3580 1337 justi
3602 1284 3721 1322 non

2110 1361 2243 1417 ideo
2267 1362 2543 1416 desistent
2573 1377 2606 1414 a
2650 1359 2817 1414 laude
2848 1355 2951 1422 tui,
2984 1356 3084 1409 sed
3125 1355 3267 1427 justi
3295 1356 3724 1410 confitebuntur

2114 1449 2339 1503 nomini
2363 1452 2480 1504 tuo.
2505 1448 2619 1502 Hoc
2651 1449 2711 1500 ut
2728 1443 3721 1516 superiusexponitur.Hic,inquam,

2113 1537 2497 1605 conﬁtebuntur
2529 1536 2737 1588 nomini
2760 1540 2869 1589 tuo.
2902 1532 2976 1586 Et
3008 1531 3065 1585 in
3101 1531 3294 1585 futuro
3344 1531 3448 1602 ipsi
3473 1532 3719 1586 recti/ta-

2116 1625 2376 1691 bitabant,
2427 1623 2481 1677 in
2522 1626 2747 1676 aeterna
2789 1619 2992 1693 gloria,
3046 1618 3369 1684 existentes,
3404 1636 3437 1673 o
3477 1618 3719 1673 Christe.

412 1717 690 1786 cadentis,
730 1737 857 1791 quas
905 1720 1155 1792 aliquem
1208 1719 1501 1792 opprimit.
1552 1720 1675 1774 Non
1707 1720 1890 1773 solum
1919 1736 2013 1773 au-
2037 1736 2087 1795 B
2113 1731 2231 1767 cum
2264 1713 2408 1766 vultu
2432 1719 2541 1777 tuo,
2562 1712 2618 1766 id
2643 1714 2726 1766 est
2754 1727 2885 1764 cum
2912 1707 3251 1780 paenitentia
3279 1710 3377 1761 tua
3397 1707 3644 1763 videndo
3664 1711 3723 1762 te

413 1807 531 1860 tem
568 1807 816 1861 carbones
868 1808 1055 1862 cadent
1084 1825 1240 1878 super
1276 1825 1380 1875 eos,
1414 1810 1477 1863 ut
1530 1807 1855 1872 devincant,
1911 1807 2012 1861 sed

412 1892 610 1960 etiam,
639 1894 902 1963 Domine,
924 1912 1027 1966 per
1056 1896 1292 1951 eosdem
1325 1897 1604 1951 carbones
1629 1896 1841 1965 dejicies
1869 1912 1951 1949 eos
1981 1911 2015 1949 a

411 1981 679 2053 superbia
703 1999 932 2046 eorum,
964 1983 1021 2038 id
1052 1986 1137 2038 est
1153 2000 1253 2038 eos
1276 1984 1525 2038 humiles
1555 1983 1748 2049 facies,
1782 1982 2017 2037 mittens

413 2071 612 2140 postea
643 2072 699 2123 in
722 2072 915 2140 ignem,
946 2071 1002 2126 id
1034 2074 1119 2125 est
1149 2071 1209 2125 in
1260 2071 1747 2126 illuminationem
1775 2070 2018 2141 Spiritus

412 2157 613 2212 sancti.
645 2158 714 2212 Et
743 2159 800 2213 in
833 2159 1029 2231 ignem
1060 2159 1215 2214 missi
1252 2159 1486 2214 ulterius
1507 2177 1612 2213 non
1641 2159 2018 2231 subsistent,‘id

413 2246 497 2297 est
553 2262 671 2300 non
719 2248 1147 2319 permanebunt
1175 2249 1237 2303 in
1286 2250 1486 2302 miseris
1550 2248 1855 2303 haeresum.
1903 2248 2018 2302 Hoc

414 2333 606 2386 autem
627 2333 698 2388 de
724 2338 887 2405 parte
909 2335 1124 2389 dictum
1144 2339 1247 2390 est.
1268 2332 1442 2407 Super
1455 2336 1758 2407 quosdam,
1778 2335 2017 2408 inquam
2112 2334 2115 2337 λ

414 2435 616 2474 eorum
645 2420 831 2475 cadent
853 2424 1124 2488 carbones,
1145 2426 1203 2477 et
1242 2423 1585 2493 dejicientur
1622 2426 1676 2476 in
1719 2425 1914 2492 ignem,
1962 2426 2021 2477 et

415 2508 471 2559 in
497 2509 717 2582 miseriis
730 2526 846 2582 non
878 2510 1172 2563 subsistent.
1232 2510 1330 2562 Vir
1359 2517 1534 2564 autem
1564 2510 1887 2582 quicunque
1916 2510 2018 2563 lin-

410 2608 627 2661 guosus,
890 2595 946 2650 id
979 2599 1064 2650 est
1116 2596 1444 2668 quicunque
1483 2614 1550 2651 ex
1577 2597 1657 2651 eis
1681 2597 2018 2668 resipiscere

414 2681 635 2750 nolens,
668 2684 726 2738 in
758 2683 1123 2755 linguositate
1167 2684 1401 2739 hmresis
1435 2701 1550 2739 suae
1603 2685 2013 2757 perseverabit,

412 2768 469 2820 in
502 2774 644 2823 terra
668 2770 776 2825 hoc
799 2788 906 2825 non
935 2772 1197 2841 dirigetur
1222 2789 1256 2825 a
1285 2773 1556 2839 Domino,
1590 2772 1685 2826 ubi
1718 2774 1879 2828 locus
1927 2776 2019 2827 est

418 2852 728 2927 dirigendi,
746 2856 805 2911 id
819 2861 904 2911 est
921 2857 1177 2930 quandiu
1194 2858 1251 2911 in
1266 2858 1374 2913 hac
1389 2861 1544 2913 terra
1560 2858 1853 2925 vivet,non
1876 2859 2013 2914 diri-

2114 1801 2258 1855 facie
2291 1800 2362 1854 ad
2384 1799 2612 1853 faciem.
2648 1799 2745 1853 Vel
2784 1797 2883 1864 sic,
2907 1797 2952 1850 si
2975 1796 3045 1850 de
3062 1798 3230 1850 Patre
3260 1794 3512 1851 dicatur:
3566 1797 3632 1850 Et
3660 1795 3722 1849 in

2115 1887 2330 1953 futuro,
2372 1904 2405 1941 o
2432 1888 2580 1940 Deus
2612 1887 2798 1951 Pater,
2855 1883 2959 1956 ipsi
3012 1884 3140 1937 recti
3166 1883 3500 1947 habitabant,
3549 1883 3603 1937 id
3636 1884 3725 1937 est

2116 1976 2438 2030 manebunt
2466 1974 2526 2028 in
2549 1976 2765 2029 interna
2784 1972 2970 2044 gloria
2990 1989 3109 2028 cum
3130 1971 3275 2024 vultu
3296 1971 3470 2036 luo,id
3492 1973 3721 2025 estcum

2122 2063 2344 2119 Christo
2400 2062 2540 2116 Filio
2607 2064 2724 2127 tuo,
2770 2060 2867 2131 qui
2898 2060 3082 2113 vultus
3113 2061 3241 2113 tuus
3282 2058 3513 2125 dicitur,
3563 2063 3627 2113 ut
3662 2059 3721 2114 in

2122 2153 2325 2222 quarto
2356 2151 2579 2220 psalmo
2607 2152 2898 2202 ostensum
2919 2151 3001 2202 est
3023 2147 3118 2202 ubi
3146 2146 3313 2201 dicit:
3358 2170 3385 2194 ‹‹
3422 2146 3724 2218 Signatum

2122 2243 2206 2293 est
2236 2254 2406 2309 super
2428 2239 2745 2292 noslumen
2778 2236 3054 2290 vultustui
3088 2235 3260 2306 (Psal.
3296 2252 3370 2301 1v,
3398 2235 3473 2306 7).
3524 2258 3550 2283 ››

2602 2326 2671 2379 1N
2718 2323 3039 2378 PSALMUM
3090 2322 3236 2380 CXL.

2190 2414 2405 2467 Titulus
2434 2411 2734 2468 ceutesimi
2766 2410 3211 2483 quadragesimi.
3244 2411 3493 2468 Psalmus
3522 2409 3723 2477 David,

2122 2502 2177 2556 id
2206 2508 2281 2556 est
2306 2501 2561 2555 fidelium
2594 2500 2666 2555 ad
2693 2499 3133 2554 instructionem
3156 2498 3506 2565 auditorum,
3534 2503 3725 2553 osten-

2123 2590 2382 2644 dentium
2406 2606 2464 2643 se
2488 2589 2561 2643 ad
2586 2589 2898 2643 Dominum
2917 2589 3190 2642 clamasse
3213 2590 3271 2641 et
3291 2604 3423 2642 eum
3444 2591 3726 2654 orasse,ut

2121 2695 2218 2733 eos
2243 2678 2419 2749 digne
2446 2678 2660 2732 faceret
2683 2695 2847 2732 orare
2876 2681 2931 2730 et
2960 2677 3110 2731 bene
3142 2675 3395 2746 operari,
3414 2680 3469 2731 et
3488 2677 3720 2731 eosdem

2120 2765 2431 2820 custodiret
2449 2783 2520 2820 ne
2552 2766 2609 2820 in
2634 2782 2733 2820 ore
2763 2766 2849 2819 vel
2869 2764 2926 2818 in
2949 2764 3120 2819 corde
3140 2764 3724 2835 criminaliterpecca—

2121 2857 2272 2916 rent,
2305 2858 2445 2909 etne
2468 2870 2599 2908 cum
2624 2853 2956 2907 hominibus
2981 2851 3721 2924 Operantibusiniquitatem

412 2945 661 3013 geteum
679 2945 979 3012 Dominus,
1003 2946 1207 3000 utﬁdci
1224 2948 1444 3000 rectum
1465 2945 1831 3001 iterincedot.
1856 2946 1919 3000 In
1934 2950 2015 3001 in-
2042 2952 2091 3013 α
2118 2942 2636 2997 communicarent.
2669 2941 2993 2997 Ostendunt
3025 2957 3253 3012 quoque
3275 2939 3501 3011 quod,si
3532 2956 3725 3011 pecca-

415 3033 573 3084 teritu
598 3047 729 3086 vero
752 3049 883 3087 cum
905 3032 1101 3087 anima
1126 3033 1484 3103 separabitur
1509 3051 1543 3088 a
1563 3034 2017 3106 corpore,ipsum

410 3117 585 3171 virum
611 3120 892 3190 injustam,
922 3119 979 3175 id
1003 3122 1087 3174 est
1115 3120 1300 3175 virum
1341 3121 1669 3193 linguosum
1717 3122 1845 3176 ideo
1884 3123 2018 3193 quia

416 3203 659 3275 injustus
689 3209 795 3274 est,
823 3208 1032 3278 capient
1060 3208 1201 3262 mata
1233 3210 1465 3263 azternaa
1497 3208 1906 3277 damnationis,
1942 3225 2015 3263 ne

421 3292 660 3347 ulterius
685 3294 1063 3359 evadat.Quia
1092 3311 1224 3350 vero
1255 3295 1340 3348 vir
1362 3296 1656 3367 linguosus
1681 3296 1759 3350 sic
1773 3297 2014 3351 damna-

415 3378 590 3446 bitur,
623 3383 860 3450 cognovi,
882 3398 990 3453 ego
1022 3399 1125 3454 per
1155 3383 1528 3437 contrarium.
1557 3384 1664 3438 Per
1684 3383 2017 3453 hoc;scilicet

414 3464 523 3519 hoc
553 3468 796 3537 cognovi,
849 3470 975 3540 quia
1026 3469 1267 3541 cognovi
1296 3470 1451 3541 quod
1482 3470 1744 3526 Dominus
1760 3472 1922 3540 faciet
1954 3472 2014 3528 in

417 3552 609 3609 futuro
632 3553 854 3625 justum
868 3555 1138 3626 judicium
1163 3560 1352 3627 inopis,
1382 3558 1439 3612 id
1470 3559 1721 3630 estjuste
1751 3576 2020 3615 remune-

415 3640 566 3696 rabit
578 3658 867 3716 quemque
881 3642 1109 3698 fidelem
1127 3661 1318 3711 suum,
1337 3645 1431 3717 qui
1446 3661 1549 3718 pro
1571 3662 1639 3701 eo
1658 3645 2017 3719 hicinopiam

415 3731 650 3801 patitur.
682 3733 760 3787 Ac
788 3733 835 3788 si
860 3733 1010 3788 dicat
1036 3752 1053 3787 :
1087 3733 1228 3789 Cum
1268 3750 1397 3789 suos
1421 3736 1494 3789 sit
1522 3736 1752 3790 interna
1779 3735 2018 3790 beatitu-

417 3818 549 3874 dine
575 3825 1068 3885 remuneraturus,
1092 3826 1312 3876 certum
1333 3825 1415 3876 est
1432 3822 1565 3877 inde
1589 3823 1752 3891 mihi,
1783 3823 1937 3895 quod
1959 3825 2017 3879 et

414 3906 564 3961 viros
594 3907 889 3978 linguosos
915 3912 1000 3964 est
1013 3910 1167 3981 juste
1188 3910 1583 3965 damnaturus.
1608 3911 1676 3964 Et
1693 3927 1806 3964 non
1826 3912 2014 3965 solum

413 3994 577 4062 faciet
578 3995 848 4065 judicium
869 3999 1055 4067 inopis,
1089 3996 1188 4050 sed
1205 4004 1255 4051 et
1274 3997 1444 4052 faciet
1489 3996 1778 4051 vindictam
1807 4014 2012 4068 paupe-

415 4097 533 4134 rum
562 4082 633 4136 de
650 4083 780 4137 viris
800 4083 1092 4153 linguosis,
1111 4084 1326 4140 scilicet
1346 4085 1479 4140 inde
1504 4084 1647 4140 mihi
1672 4088 1893 4140 certum
1927 4089 2014 4140 est

415 4167 569 4239 quod
598 4168 751 4224 viros
788 4169 1081 4242 linguosos
1115 4171 1433 4239 damnabit,
1471 4173 1605 4244 quia
1648 4175 1835 4227 certus
1882 4190 2011 4227 sum

2122 3030 2325 3095 verint,
2359 3046 2393 3083 a
2415 3029 2584 3100 justis
2613 3028 3021 3100 corripientnr,
3055 3029 3115 3081 ut
3136 3027 3427 3082 auditores
3460 3028 3719 3093 instruat,

2121 3134 2193 3171 ne
2225 3118 2270 3171 si
2297 3117 2529 3188 quando
2560 3116 2925 3188 peccaverint
2961 3132 2995 3169 a
3017 3115 3185 3185 justis
3230 3114 3442 3185 corripi
3472 3115 3717 3186 fugiant.

2121 3205 2443 3259 Prasdicunt
2456 3221 2685 3275 quoque
2702 3204 3091 3275 quorumdam
3112 3192 3480 3275 peccatorum
3493 3218 3727 3257 conver-

2118 3292 2442 3358 sionem,ut
2468 3292 2824 3346 auditoribus
2845 3292 3174 3362 exemplum
3200 3290 3575 3346 convertendi
3598 3307 3722 3362 pec-

2117 3384 2338 3436 catores
2368 3379 3227 3450 tribuant.Ostenduntinsuper
3244 3396 3302 3433 se
3332 3395 3366 3433 a
3381 3379 3720 3451 quibusdam

2120 3469 2513 3539 peccatoribus
2540 3486 2655 3523 non
2687 3468 3087 3523 convertendis
3110 3483 3227 3522 esse
3259 3468 3720 3539 passurostribu-

2122 3557 2381 3624 lationes,
2416 3560 2474 3610 et
2516 3572 2622 3627 pro
2653 3557 2789 3627 ipsis
2815 3555 3283 3611 tribulationibus
3305 3559 3494 3621 orant,
3528 3559 3587 3609 ut
3617 3570 3717 3610 au-

2121 3644 2401 3700 ditoribus
2431 3644 2758 3716 exemplum
2789 3645 3063 3711 tribuant,
3098 3646 3155 3697 et
3179 3642 3436 3713 patiendi
3460 3645 3520 3698 et
3547 3642 3605 3697 in
3622 3642 3721 3697 tri-

2119 3731 2509 3787 bulationibus
2531 3732 2752 3787 orandi.
2787 3734 2981 3801 Agunt
2997 3747 3224 3802 quoque
3238 3732 3309 3784 de
3334 3730 3718 3803 quorumdam

2121 3819 2573 3875 Christianorum
2606 3821 2663 3875 in
2682 3819 3163 3875 tribulationibus
3184 3814 3432 3886 defectu,
3460 3819 3717 3890 quossci-

2116 3908 2249 3961 licet
2287 3911 2524 3980 propter
2541 3908 2862 3980 iniquitatis
2879 3925 2992 3962 suae.
3017 3907 3284 3962 meritum
3306 3907 3455 3961 Deus
3474 3906 3720 3961 deﬁcere

2117 3996 2353 4066 patitur,
2377 4000 2440 4050 ut
2462 4012 2564 4067 per
2592 3998 2700 4051 hoc
2726 3998 3058 4051 deterreant
3083 3996 3153 4049 ab
3174 3995 3478 4066 iniquitate
3494 3994 3719 4049 audito-

2119 4101 2228 4147 res,
2258 4101 2329 4138 ne
2345 4085 2612 4139 deficiant
2624 4087 2681 4139 et
2707 4087 2783 4139 sic
2810 4084 2868 4138 in
2891 4087 3175 4138 internum
3208 4086 3468 4155 pereant.

2420 4172 2644 4226 Domine
2671 4173 2838 4239 Deus,
2860 4171 2929 4224 ad
2950 4177 2998 4224 te
3016 4171 3445 4226 misericordem
3464 4174 3521 4226 et
3537 4170 3719 4225 omni-

415 4256 570 4326 quod
586 4254 879 4329 ‘pauperes
908 4274 1039 4313 suos
1061 4258 1131 4313 de
1162 4259 1273 4313 illis
1298 4259 1432 4314 viris
1462 4259 1739 4331 linguosis
1760 4260 2011 4315 vindica-
2038 4256 2092 4313 D
2119 4263 2424 4329 potentem
2454 4260 2769 4331 respiciens
2796 4261 3042 4320 clamavi,
3076 4259 3134 4314 id
3165 4262 3249 4313 est
3276 4260 3591 4313 clamorem
3626 4259 3716 4313 in-

410 4341 526 4410 bit;
555 4360 683 4416 qua:
724 4361 829 4418 pro
889 4348 1043 4401 certo
1100 4346 1354 4401 vindicta
1396 4364 1512 4401 non
1566 4347 1672 4401 erit
1702 4347 1812 4401 alia
1842 4364 2017 4418 quam

416 4429 712 4487 damnatio
730 4435 967 4487 aeterna.
987 4432 1129 4488 Cum
1154 4433 1291 4488 dicit
1312 4434 1465 4506 quod
1489 4434 1655 4503 faciet
1673 4434 1743 4488 de
1767 4433 2018 4489 virislin-

412 4518 604 4585 guosis
629 4520 915 4574 vindictam
934 4538 1255 4594 pauperum,
1276 4522 1444 4577 datur
1469 4521 1711 4595 intelligi
1738 4524 2016 4594 quoniam

412 4602 564 4675 ipsos
594 4621 877 4676 pauperes
906 4614 1342 4680 persequentur.

483 4692 569 4747 Ad
599 4692 708 4748 hoc
733 4697 926 4748 autem
948 4697 1103 4766 quod
1125 4700 1283 4751 extra
1312 4697 1525 4753 librum
1558 4698 1916 4769 intelligitur,
1934 4698 2013 4753 sic

414 4779 710 4852 sequentia
736 4781 1075 4853 junguntur.
1107 4783 1243 4839 Dico
1265 4786 1420 4856 quod
1446 4786 1611 4855 [aciet
1640 4786 1711 4840 de
1737 4786 2015 4857 linguosis

412 4868 700 4923 vindictam
737 4885 1063 4941 pauperum,
1112 4875 1419 4944 propterea
1467 4873 1623 4944 quod
1675 4889 1774 4928 eos
1818 4889 2012 4944 perse-

414 4961 689 5028 quuntur.
731 4956 1109 5014 Verumtamen
1137 4960 1267 5016 licet
1293 4977 1389 5016 eos
1419 4965 1839 5034 persequantur
1852 4965 2012 5017 metu

412 5059 635 5111 eorum,
640 5044 781 5114 justi
796 5062 829 5100 a
846 5046 1317 5115 tuiconf‘essione,
1348 5066 1381 5103 o
1402 5050 1695 5116 Deus,nou
1719 5049 2008 5106 deficient.

410 5133 508 5187 sed
527 5132 666 5204 justi
690 5133 907 5204 jugiter
933 5136 1323 5203 conﬁtebuntur
1344 5138 1548 5191 nomini
1572 5144 1681 5203 tuo,
1712 5136 1769 5190 id
1789 5140 1873 5191 est
1896 5140 2012 5192 lau-

409 5220 629 5275 dabunt
659 5224 715 5276 te
745 5238 810 5276 ex
842 5222 1299 5279 consideratione
1343 5224 1593 5280 nominis
1622 5224 1725 5293 tui,
1755 5226 1910 5296 quod
1927 5228 2013 5280 est

407 5309 707 5365 Dominus.
737 5309 836 5366 Vel
856 5310 971 5365 sic:
1008 5311 1146 5366 Dico
1172 5313 1327 5384 quod
1361 5316 1535 5368 virum
1580 5314 1837 5384 injustam
1858 5314 2009 5369 mala

406 5400 613 5467 capient
632 5399 693 5453 in
733 5401 968 5452 interitu.
999 5400 1136 5454 Inde
1170 5417 1303 5456 vero
1325 5402 1434 5457 hoc
1471 5406 1709 5472 cognovi,
1741 5406 1866 5475 quia
1895 5403 2006 5459 Do-

408 5487 585 5541 minus
610 5486 776 5555 faciet
815 5488 1081 5559 judicium
1107 5490 1305 5557 inanis,
1330 5491 1540 5548 scilicet
1589 5493 1761 5549 faciet
1794 5492 1883 5548 hic
1909 5494 2003 5565 ju-

2117 4350 2295 4402 tensa:
2327 4347 2644 4402 affectionis
2698 4347 2883 4414 emisi,
2913 4352 2973 4401 ut
3018 4347 3119 4402 tibi
3158 4363 3389 4419 prorsus
3427 4348 3718 4402 voluntate

2116 4434 2271 4490 bona
2286 4436 2522 4490 devotus
2543 4453 2746 4491 essem.
2781 4436 3067 4500 Quoniam
3088 4451 3226 4507 ergo
3247 4436 3495 4501 clamavi,
3527 4437 3721 4490 exaudi

2115 4541 2217 4589 me,
2250 4526 2311 4577 ut
2338 4523 2490 4594 quod
2516 4524 2747 4577 clamavi
2770 4524 3102 4596 impetrem.
3131 4524 3253 4578 Non
3294 4525 3480 4578 solum
3520 4527 3714 4578 autem

2116 4612 2365 4676 clamavi,
2384 4611 2484 4665 sed
2512 4615 2569 4665 et
2594 4615 3032 4681 perseveranter
3044 4612 3328 4667 clamabo.
3368 4612 3436 4665 Et
3464 4629 3582 4665 cum
3603 4612 3711 4666 cta-

2114 4716 2325 4754 mavero
2349 4699 2419 4751 ad
2445 4709 2511 4766 te,
2532 4699 2746 4775 intende
2771 4702 2886 4753 voci
2900 4717 3044 4766 mea},
3063 4699 3122 4753 id
3134 4703 3219 4754 est
3240 4700 3328 4754 fac
3345 4703 3402 4754 te
3424 4699 3714 4754 intensum

2114 4787 2379 4841 interiori
2406 4788 2530 4842 voci
2568 4787 2837 4841 clamoris
2867 4787 3002 4854 mei,
3040 4791 3101 4842 ut
3129 4787 3394 4842 videlicet
3424 4786 3578 4859 quod
3624 4788 3713 4841 in-

2114 4878 2278 4929 tense
2308 4890 2434 4943 oro,
2479 4878 2538 4929 tu
2572 4876 2797 4930 intense
2833 4876 3118 4930 conferas.
3150 4874 3419 4941 Clamavi,
3449 4876 3709 4946 inquam,

2115 4964 2173 5015 et
2193 4962 2491 5030 clamabo;
2517 4966 2575 5017 et
2596 4979 2726 5018 ecce
2748 4963 2884 5035 quid
2910 4964 3141 5018 clamavi
3167 4967 3225 5018 et
3243 4964 3535 5018 clamabo:
3561 4962 3710 5015 Diri-

2111 5058 2274 5120 gatur
2298 5050 2556 5105 sciliceta
2588 5054 2641 5104 le
2671 5052 2840 5106 oratio
2877 5068 3013 5117 mea,
3045 5051 3103 5105 id
3142 5055 3229 5106 est
3266 5052 3354 5105 fac
3390 5050 3712 5106 oralionem

2115 5156 2308 5195 meam
2340 5140 2621 5196 directam
2653 5144 2711 5195 et
2732 5141 2969 5212 justam.
3000 5140 3140 5204 Quia
3162 5156 3294 5195 vero
3327 5138 3710 5212 quorumdam

2114 5229 2542 5301 bypocritarum
2565 5230 2748 5285 oratio
2762 5229 3094 5283 hominibus
3108 5230 3321 5283 directa
3336 5229 3709 5294 videtur,cum

2113 5317 2301 5389 potius
2328 5318 2397 5373 sit
2427 5319 2658 5389 injusta,
2700 5317 2773 5373 ad
2813 5315 3318 5372 determinandum
3364 5317 3612 5376 additur,
3655 5317 3707 5367 in

2113 5412 2385 5476 conspectu
2418 5414 2525 5460 tuo.
2568 5408 2644 5459 Ac
2692 5406 2735 5459 si
2767 5406 2951 5460 dicat:
3006 5406 3115 5459 Nec
3157 5421 3258 5460 oro
3310 5408 3372 5458 ut
3422 5402 3703 5459 tamenin

2112 5498 2422 5567 conspectu
2451 5494 2757 5550 hominum
2776 5494 3076 5567 dirigatur,
3097 5494 3195 5549 sed
3218 5496 3270 5547 in
3300 5501 3570 5565 conspectu
3597 5501 3699 5559 tuo,
