4016 6030
429 272 568 348 t377

426 407 486 463 id
510 411 595 465 est
618 406 695 464 sic
723 402 991 478 dirigatur
1012 392 1075 461 ut
1105 401 1176 461 sit
1200 398 1260 462 in
1292 403 1653 479 heueplacito
1680 404 2030 474 tuo,scilicet

426 500 488 551 ut
517 514 586 551 ea
614 499 811 569 petam
835 513 963 568 quae
981 494 1083 550 tibi
1101 496 1348 568 placent,
1369 497 1571 567 etquae
1597 495 1849 566 petenda
1872 497 2021 548 sunt.

425 582 707 647 Quoniam
735 587 930 639 autem
947 584 1185 657 quidam
1212 587 1380 638 orant
1405 600 1473 638 ea
1493 600 1621 655 quae
1634 582 1855 637 oranda
1869 584 2021 650 sunt,

423 675 481 726 et
509 673 624 727 Deo
660 674 910 744 placent,
943 676 999 726 et
1022 672 1131 727 hoc
1147 675 1344 726 tamen
1378 688 1495 726 non
1518 672 1672 727 bona
1700 670 2022 725 intentione

420 763 482 813 ut
510 758 591 814 illi
610 760 705 832 qui
734 761 1078 833 sapientiam
1110 763 1279 815 orant
1304 759 1560 831 adipisci,
1579 774 1697 814 non
1711 761 1772 812 ut
1798 758 2023 829 sapien-

416 850 506 902 ter
522 847 763 904 vivendo
782 849 1030 904 coelestia
1047 848 1203 903 bona
1216 865 1279 903 ex
1288 848 1612 918 petant,sed
1632 850 1694 901 ut
1709 864 1775 901 ex
1805 863 1876 901 ea
1892 863 2025 902 con-

415 939 610 989 secuta
639 952 760 991 sese
791 936 913 990 aliis
949 936 1281 1007 praeferant,
1314 935 1545 989 additur
1570 936 1707 989 sicut
1731 937 2018 988 irwensum.

413 1023 492 1077 Ac
517 1022 561 1076 si
593 1023 745 1078 dicat
778 1040 790 1077 :
828 1026 909 1078 Ita
934 1040 1036 1078 oro
1055 1024 1332 1094 dirigatur
1359 1025 1532 1078 oratio
1554 1040 1667 1076 mea
1682 1024 1736 1075 in
1748 1030 2021 1093 conspectu

416 1118 504 1164 tuo
537 1113 598 1165 ut
623 1111 695 1166 sit
733 1113 869 1165 sicut
927 1112 1221 1177 incensum,
1251 1110 1348 1176 sic,
1381 1111 1616 1177 scilicet,
1668 1110 1740 1164 ad
1771 1111 2021 1165 coelestia

412 1200 568 1255 bona
598 1199 918 1255 intentione
951 1199 1821 1266 intendes,sicutfumusincensi
1846 1198 1917 1253 ad
1933 1216 2020 1254 su-

408 1288 638 1359 periora
670 1288 870 1343 tendit.
908 1288 1023 1343 Hoc
1052 1292 1245 1343 autem
1272 1291 1459 1342 totum
1509 1290 1595 1341 est
1625 1303 1689 1341 ac
1736 1286 1779 1341 si
1813 1286 1965 1341 dicat
2000 1303 2012 1340 :

410 1375 518 1430 Fac
537 1393 630 1431 me
645 1392 811 1431 orare
826 1393 894 1431 ea
919 1393 1047 1448 quas
1066 1376 1286 1430 oranda
1307 1378 1460 1441 sunt,
1476 1378 1533 1429 et
1554 1376 1665 1429 hoc
1693 1374 2015 1428 intentione

409 1463 730 1540 cmlestium
752 1465 1063 1522 bonorum.
1092 1464 1160 1517 Et
1211 1464 1435 1517 elevatio
1466 1481 1725 1517 manuum
1751 1479 2010 1529 mearum,

407 1549 466 1603 id
497 1553 581 1605 est
610 1568 852 1623 operum
882 1568 1148 1606 meorum
1182 1550 1254 1605 sit
1277 1551 1602 1619 sacri/icium
1632 1552 2010 1621 vespertinum,

406 1638 465 1692 id
497 1643 582 1692 est
602 1640 910 1711 completio
938 1656 1101 1694 novae
1144 1638 1306 1709 legis,
1341 1656 1470 1711 quas
1498 1642 1584 1693 est
1616 1639 2006 1693 dulcissimum

406 1726 745 1781 sacriﬁcium
775 1730 912 1783 Deo.
946 1727 1106 1782 Unde
1138 1729 1418 1799 Prosper;

623 1816 827 1887 Offerri
852 1820 1031 1889 nequit
1058 1818 1226 1871 hostia
1252 1818 1449 1886 major,

405 1902 582 1969 Quam
609 1922 730 1959 cum
764 1906 917 1959 homo
938 1912 1207 1959 castorum
1238 1906 1459 1975 pro/ert
1494 1903 1749 1958 libamina
1778 1922 2007 1973 morum,

471 1991 548 2045 Et
575 1993 639 2046 de
666 1995 927 2047 virtutum
950 2009 1164 2048 munere
1184 2009 1336 2046 sacra
1363 1992 1505 2049 litat.

472 2082 686 2136 Dicitur
702 2086 894 2136 autem
913 2082 1163 2136 novalex
1181 2083 1535 2152 vespertinum
1558 2081 1899 2149 sacri/icium,
1919 2081 2007 2135 vel

400 2169 535 2242 quia
558 2170 865 2224 novissima
895 2173 979 2224 est
1008 2172 1137 2241 post
1176 2171 1451 2235 veterem,
1486 2168 1564 2222 sic
1596 2172 1658 2221 ut
1687 2185 1816 2222 eam
1851 2169 2007 2222 nulla

401 2257 1832 2329 aliasequatur,sicutvesperum,cumsitextremum
1852 2257 2008 2309 nulla

400 2362 533 2417 pars
547 2344 661 2399 diei
681 2345 956 2416 sequitur,
979 2346 1067 2400 vel
1093 2344 1295 2417 quiain
1316 2348 1502 2398 morte
1525 2343 1726 2398 Christi
1745 2343 2006 2399 dedicata

398 2438 503 2501 est,
523 2451 650 2506 quae
666 2436 1021 2505 vespertinum
1031 2434 1353 2501 sacriﬁcium
1368 2433 1669 2500 dicitur,eo
1683 2432 1837 2504 quod
1853 2432 2004 2485 circa

398 2537 703 2592 vesperum
736 2522 810 2576 ad
837 2522 1043 2576 horam
1074 2537 1312 2588 nonam,
1332 2521 1680 2575 scilicetsese
1696 2520 2000 2575 moriendo

400 2610 516 2664 Deo
546 2610 885 2665 sacriﬁcium
915 2609 1099 2663 laudis
1122 2609 1347 2663 obtulit.
1381 2608 1518 2672 Quae
1544 2608 1822 2662 nimirum
1852 2623 2003 2662 mor-

397 2696 470 2750 tis
500 2697 716 2753 oblatio
749 2699 807 2751 in
839 2698 966 2768 lege
1011 2696 1188 2751 veteri
1221 2713 1324 2768 per
1373 2713 1591 2768 agnum
1622 2696 1999 2767 figurabatur,

396 2801 503 2855 per
528 2786 689 2856 cujus
712 2788 1058 2856 vespertinum
1076 2786 1393 2853 sacri/icium
1410 2783 2004 2855 populuslsraeliticus

397 2876 483 2927 est
509 2873 578 2926 ab
609 2873 941 2944 Egyptiaca
966 2873 1235 2927 servitute
1265 2871 1559 2927 liberatus.

465 2959 707 3014 Elevatio
735 2960 994 3032 inquam,
1026 2977 1281 3013 manuum
1308 2976 1544 3012 mearum
1590 2958 1660 3013 sit
1683 2958 1999 3027 sacriﬁcium

393 3050 766 3117 vespertinum,
800 3048 1014 3103 scilicet
1055 3048 1129 3101 sic
1173 3047 1473 3119 permittas
1504 3064 1598 3101 me
1637 3046 1794 3100 bona
1823 3062 1999 3116 opera

392 3152 526 3190 mea
554 3136 1041 3191 bonaintentione
1059 3138 1282 3191 elevare
1298 3138 1355 3190 et
1374 3135 1769 3206 magnificare,
1804 3138 1865 3188 ut
1882 3151 1999 3188 non

390 3225 580 3278 solum
591 3229 841 3279 veterem
853 3226 970 3292 ,sed
983 3227 1039 3278 et
1054 3240 1264 3278 novam
1280 3224 1470 3295 legem
1483 3223 1998 3293 complcam.Unde

389 3311 672 3367 Dominus
699 3313 756 3366 in
784 3314 1092 3385 Evangelio
1124 3331 1135 3367 :
1174 3336 1201 3363 ‹‹
1224 3312 1336 3366 Nisi
1370 3311 1746 3366 abundaverit
1779 3311 1999 3380 justitia

391 3402 581 3454 vestra
609 3401 735 3470 plus
767 3418 942 3472 quam
974 3401 1303 3455 Scribarum
1325 3403 1382 3453 et
1407 3399 1849 3466 Pharisaeorum,
1879 3414 1997 3452 non

388 3485 676 3542 intrabitis
701 3488 760 3541 in
793 3504 1041 3560 regnum
1069 3489 1343 3543 caelorum
1365 3486 1589 3558 (Matth.
1619 3504 1673 3553 v,
1705 3488 1852 3555 20).»

462 3574 587 3629 Non
617 3577 803 3630 solum
823 3580 1016 3630 autem
1038 3577 1290 3630 clamore
1310 3574 1536 3628 intenso
1559 3573 1736 3639 oravi,
1757 3576 1997 3627 utoratio

388 3680 513 3716 mea
543 3662 811 3732 dirigatur
840 3667 897 3718 et
912 3664 1129 3718 elevatio
1159 3680 1422 3717 manuum
1449 3679 1688 3715 mearum
1722 3661 1795 3714 sit
1818 3662 1964 3716 sacri
1975 3692 1993 3701 -

387 3753 575 3820 ﬁcium
600 3755 972 3822 vespertinum,
1017 3751 1119 3805 sed
1170 3752 1347 3805 etiam
1393 3750 1464 3805 de
1495 3749 1753 3804 custodia
1779 3749 1895 3803 oris
1917 3748 1994 3802 sic

392 3841 549 3895 oravi
581 3856 594 3894 :
625 3840 795 3907 Pone,
828 3841 1078 3907 Domine,
1109 3838 1397 3893 custodiam
1426 3839 1649 3904 orimeo,
1681 3837 1740 3891 id
1779 3839 1864 3891 est
1905 3853 1996 3890 cu-

390 3928 540 3983 stodi
572 3928 833 3999 potentia
862 3926 1170 3982 voluntatis
1200 3929 1312 3980 tua:
1339 3943 1401 3981 os
1427 3941 1644 3979 meum.
1669 3924 1747 3978 Ne
1762 3940 1896 3978 vero
1910 3924 1990 3978 vi-

387 4017 618 4073 deretur
649 4034 816 4072 orare
847 4019 910 4091 ut
942 4016 1017 4070 sic
1047 4015 1379 4076 custodiret,
1403 4030 1474 4068 ne
1499 4013 1989 4084 aliquidloquere-

385 4110 501 4174 tur,
530 4107 601 4161 ad
624 4104 1132 4160 determinandum
1147 4102 1223 4157 sic
1250 4097 1410 4157 addit
1434 4101 1557 4168 :E't,
1580 4101 1637 4155 id
1661 4101 1988 4167 estscilicet,

389 4191 546 4247 labiis
563 4197 688 4248 meis
707 4211 859 4265 pone
877 4196 1089 4259 ostium,
1124 4191 1180 4246 id
1208 4193 1293 4245 est
1317 4191 1495 4244 talem
1519 4188 1837 4243 custodiam
1862 4205 1990 4259 quas

1413 265 1773 343 "iaxrosmo
1808 270 1879 341 IN
1916 262 2254 343 PSALMOS.
2285 314 2355 329 —
2383 270 2581 349 ιδεμ..
2634 274 2764 348 cii.

2134 404 2236 462 sed
2267 422 2369 463 oro
2401 406 2557 483 quod
2589 413 2776 484 majus
2804 414 2909 482 est,
2940 407 3153 475 scilicet
3181 436 3247 476 ne
3286 418 3531 496 declines,
3559 426 3618 486 id
3648 438 3737 489 est

2137 512 2210 587 ne
2242 499 2539 587 permittas
2568 499 2847 587 declinari
2878 506 2937 559 et
2963 521 2998 558 a
3028 506 3309 579 dignitate
3568 536 3731 576 sanc-

2135 584 2312 639 titatis
2341 603 2456 642 suae
2486 588 2781 644 humiliari
2808 580 2898 645 cor
2927 609 3099 649 meum
3126 599 3181 651 in
3210 580 3389 655 verba;
3411 580 3651 677 malitias,
3676 610 3734 666 id

2134 674 2220 725 est
2246 673 2320 727 ad
2350 675 2723 745 cogitandum
2753 678 2929 733 verba
2957 680 3054 735 illa
3084 700 3211 754 quas
3251 690 3521 748 malitiosi
3551 673 3738 753 homi-

2130 775 2234 855 nes
2268 760 2601 855 loquuntur,
2630 766 2952 821 excusando
2991 786 3048 823 se
3093 771 3164 826 de
3210 780 3477 847 peccatis,
3512 784 3599 837 vel
3628 776 3751 855 per.

2124 845 2529 904 infirmitatem
2558 854 2801 920 natura,
2828 855 2915 908 vel
2930 871 3035 925 per
3053 845 3728 926 necessitatem-tactile

2122 934 2168 988 si
2186 934 2346 1026 dicat
2366 953 2379 989 :
2399 937 2523 991 Non
2542 939 2728 993 solum
2749 956 2851 995 oro
2865 957 2937 996 ne
2950 945 3122 1000 verba
3141 949 3378 1005 malitiae
3398 953 3728 1026 loquar,sed

2123 1022 2298 1077 etiam
2322 1025 2479 1094 quod
2502 1025 2813 1083 minimum
2838 1034 3036 1086 estoro
3051 1050 3123 1088 ne
3140 1035 3198 1090 in
3221 1040 3394 1095 corde
3408 1022 3582 1099 verba
3601 1022 3725 1103 ma-

2120 1108 2257 1164 litiae
2276 1111 2620 1185 concipiam,
2638 1117 2699 1168 ut
2716 1133 2811 1171 me
2829 1118 2899 1173 de
2918 1122 3167 1188 peccatis
3178 1140 3462 1184 excusem.
3481 1130 3605 1187 Non
3640 1151 3728 1189 sn-

2120 1197 2460 1288 lum‘autem
2474 1201 2583 1256 hoc
2599 1218 2724 1270 oro,
2747 1205 2848 1259 sed
2875 1206 2988 1260 hoc
3006 1225 3257 1282 quoque,
3281 1230 3398 1269 non
3421 1220 3725 1288 permittas

2119 1283 2394 1340 declinari
2418 1304 2508 1341 cor
2532 1306 2704 1345 meum
2752 1291 2824 1345 ad
2868 1296 3192 1352 excusandas
3231 1283 3587 1361 excusationes
3606 1311 3722 1364 mei

2117 1372 2407 1428 existentis
2433 1378 2489 1428 in
2514 1380 2760 1446 peccatis,
2789 1379 3003 1435 scilicet
3028 1386 3089 1437 ut
3105 1384 3148 1439 si
3166 1387 3358 1459 aliquo
3380 1393 3556 1449 modo
3582 1413 3725 1452 con-

2117 1460 2310 1531 tigerit
2337 1466 2401 1518 ut
2425 1480 2520 1517 me
2573 1467 2742 1521 stulte
2797 1467 2868 1522 de
2910 1473 3158 1540 peccatis
3190 1491 3474 1548 excusem,
3509 1484 3581 1538 ad
3612 1486 3721 1541 hoc

2114 1550 2320 1602 saltem
2347 1553 2743 1643 excaecationis
2770 1571 2841 1609 ne
2872 1573 2967 1611 me
2987 1561 3288 1629 permittas
3319 1565 3509 1637 dejici,
3544 1575 3603 1626 ut
3630 1574 3717 1643 ip-

2115 1652 2206 1729 sas
2235 1640 2628 1694 excusationes
2663 1658 2954 1713 excusem,
3008 1646 3067 1701 id
3108 1651 3193 1702 est
3224 1650 3372 1720 ipsas
3402 1671 3522 1712 esse
3563 1640 3716 1729 jus—te

2040 1718 2093 1777 B
2113 1723 2293 1779 factas
2317 1725 2377 1779 in
2409 1727 2581 1782 corde
2614 1729 2956 1800 concipiam.
2993 1734 3161 1805 Pejor
3190 1718 3348 1794 enim
3377 1745 3460 1797 est
3486 1718 3714 1803 excusa-

2114 1811 2194 1865 tio
2222 1814 2622 1882 excusationis,
2656 1834 2834 1889 quam
2861 1821 3146 1877 excusatio
3176 1825 3247 1879 de
3275 1831 3541 1898 peccatis.

2186 1900 2451 1955 Ostendit
2469 1905 2664 1957 autem
2678 1920 2806 1976 quas
2825 1906 2929 1962 sibi
2956 1909 3170 1965 utilitas
3181 1914 3502 1988 continget,
3516 1920 3559 1974 si
3582 1939 3711 1980 ora-

2112 1986 2192 2042 tio
2224 2004 2325 2082 sua
2354 1989 2615 2082 superius
2637 1992 2829 2082 posita
2851 1994 3207 2067 admittatur,
3222 1986 3714 2082 utper—bocmagis

2112 2075 2267 2146 quod
2285 2081 2411 2130 orat
2426 2079 2649 2149 assequi
2674 2084 2984 2138 mereatur.
3010 2084 3121 2139 Oro
3132 2103 3274 2156 pone
3303 2094 3601 2150 custodiam
3628 2075 3719 2152 bri

2110 2179 2243 2228 meo,
2269 2166 2327 2217 et
2349 2179 2455 2218 non
2485 2164 2707 2220 declines
2726 2185 2816 2221 cor
2832 2186 3025 2224 meum.
3048 2171 3211 2235 Quod
3235 2176 3282 2230 si
3326 2178 3709 2250 impetravero

2107 2249 2308 2305 beatus
2334 2268 2454 2321 ero,
2480 2253 2614 2324 quia
2634 2270 2755 2309 cum
2787 2257 3093 2314 hominibus
3119 2249 3460 2331 operantibus
3506 2272 3707 2343 iniqui-

2110 2343 2273 2390 tatem
2302 2339 2669 2395 criminalem
2701 2359 2807 2396 non
2832 2349 3251 2418 communicabo,
3275 2351 3332 2406 id
3357 2358 3442 2410 est
3470 2339 3707 2416 non-ero

2104 2425 2392 2497 particeps
2408 2431 2465 2481 et
2484 2433 2826 2500 cooperator
2841 2431 3161 2504 iniquitatis
3190 2454 3412 2497 eorum.
3433 2444 3499 2498 Et
3516 2446 3706 2504 deter-

2106 2512 2450 2568 minandum
2482 2519 2566 2569 est
2594 2520 2836 2588 prepter
2856 2523 3175 2591 sequentia,
3203 2526 3336 2597 quia
3379 2530 3596 2589 dictum
3624 2541 3709 2592 est

2104 2598 2213 2653 hoc
2243 2600 2316 2654 de
2346 2600 2536 2655 minus
2577 2605 2967 2674 operantibus.
3013 2608 3142 2663 Non
3170 2619 3585 2689 communicabo,
3617 2622 3706 2679 in-

2104 2704 2302 2777 quam,
2354 2705 2476 2743 cum
2523 2691 2825 2746 hominibus
2863 2697 3197 2763 operantibus
3247 2702 3597 2777 iniquitatem,
3655 2718 3707 2766 et

2105 2775 2280 2829 etiam
2308 2792 2413 2828 non
2454 2779 2855 2833 communicabo
2899 2797 3019 2838 cum
3064 2782 3236 2840 electis
3292 2804 3490 2860 eorum,
3521 2775 3588 2849 id»
3620 2801 3706 2853 est

2104 2876 2236 2915 cum
2270 2862 2515 2933 praelatis
2539 2867 2739 2919 etcum
2756 2866 3073 2937 majoribus
3094 2887 3318 2942 eorum,
3335 2882 3701 2948 operantium

2102 2948 2487 3020 iniquitatem.
2526 2951 2605 3006 Ne
2646 2968 2780 3008 vero
2812 2954 3102 3011 videretur
3119 2975 3180 3013 se
3209 2964 3437 3031 penitus
3457 2984 3523 3022 ex
3548 2986 3703 3028 arro-

2103 3037 2302 3108 gantia
2345 3037 2676 3107 justiﬁcare,
2701 3040 2775 3094 ad
2804 3043 3132 3114 exemplum
3173 3047 3510 3109 humilitatis
3538 3073 3596 3112 se
3619 3059 3703 3114 in-

2101 3125 2299 3196 digere
2316 3126 2676 3197 correptione
2707 3130 2957 3185 ostendit
2980 3132 3057 3186 sic
3091 3150 3103 3187 :
3137 3134 3267 3190 Non
3285 3147 3699 3217 communicabo,

2101 3211 2362 3284 inquam,
2415 3231 2531 3267 cum
2579 3218 2915 3284 operantibus
2953 3222 3296 3293 iniquitatem
3329 3245 3347 3281 :
3379 3228 3459 3284 ita
3487 3211 3701 3291 scilicet

2103 3306 2164 3356 ut
2186 3302 2562 3358 criminaliter
2590 3319 2844 3374 peccem.
2865 3304 2978 3361 Sed
3008 3312 3207 3366 tamen
3239 3330 3369 3369 cum
3400 3318 3699 3377 venialiter

2101 3407 2431 3462 peccavero,
2462 3394 2707 3462 corripiet
2740 3410 2823 3447 me
2866 3396 3243 3455 ecclesiastica
3272 3403 3588 3478 disciplina,
3610 3412 3703 3482 ju-

2099 3486 2208 3568 stus
2237 3480 2478 3550 quilibet
2508 3480 2767 3568 Ecclesia:
2798 3484 3088 3553 prtelatus,
3123 3491 3180 3541 et
3208 3490 3319 3545 hoc
3348 3509 3464 3548 non
3505 3496 3564 3551 in
3590 3480 3698 3568 ira,

2099 3566 2199 3621 sed
2229 3569 2283 3619 in
2310 3567 2688 3622 misericordia.
2723 3570 2799 3623 Et
2827 3573 3123 3641 increpabit
3150 3592 3233 3629 me
3261 3582 3468 3635 severis
3486 3566 3695 3654 verbis,

2099 3658 2155 3708 ct
2185 3654 2325 3709 illud
2354 3658 2554 3708 tamen
2586 3654 2685 3709 fiet
2722 3655 2782 3708 in
2823 3657 3234 3716 misericordia.
3270 3664 3578 3738 Corripiar,
3615 3673 3699 3727 in-

2097 3758 2295 3813 quam,
2329 3758 2363 3795 a
2385 3742 2563 3811 justo,
2594 3742 2763 3798 oleum
2779 3750 2953 3798 autem
2970 3751 3267 3815 peccatoris
3282 3768 3387 3805 non
3402 3756 3697 3827 impinguet

2096 3836 2257 3899 caput
2285 3846 2483 3896 meum,
2516 3829 2575 3883 id
2620 3832 2706 3883 est
2750 3834 3008 3886 mentem
3038 3850 3253 3903 meam,
3295 3842 3352 3892 et
3392 3840 3471 3895 sic
3502 3860 3602 3899 oro
3636 3851 3698 3901 ut

2095 3917 2317 3971 eveniat
2342 3916 2519 3972 oleum
2548 3917 2761 3971 scilicet
2776 3923 3085 3989 peccatoris,
3118 3922 3176 3976 id
3202 3928 3286 3979 est
3316 3926 3567 3986 adulatio
3598 3949 3696 3988 cu-

2084 4005 2321 4076 juslibet
2349 4005 2683 4077 peccatoris,
2701 4004 2851 4060 dicta
2877 4007 3091 4075 oleum,
3105 4026 3173 4065 eo
3187 4014 3343 4083 quod
3358 4015 3432 4069 ad
3453 4019 3695 4079 modum

2094 4092 2204 4147 olei
2234 4092 2417 4147 suavis
2442 4091 2512 4145 sit
2538 4095 2597 4148 et
2623 4093 2856 4160 blanda,
2876 4111 2983 4147 non
3005 4098 3296 4168 impinguet
3317 4112 3478 4174 caput
3494 4123 3689 4179 meum,

2091 4181 2152 4235 id
2183 4183 2267 4235 est
2297 4195 2415 4234 non
2439 4179 2677 4234 deliniat
2692 4183 2950 4236 mentem
2969 4199 3184 4254 meam,
3206 4190 3264 4241 et
3288 4189 3531 4247 delectet
3545 4200 3605 4250 ut
3618 4199 3692 4253 ad

302 4277 317 4285 “
386 4262 789 4350 comparabilis
817 4282 888 4334 sit
914 4281 1080 4346 ostio,
1096 4279 1308 4334 scilicet
1332 4277 1475 4331 sicut
1492 4277 1700 4331 ostium
1715 4275 1787 4330 ad
1803 4277 1909 4331 hoc
1929 4279 1985 4330 in
2010 4262 2064 4321 D
2088 4284 2430 4323 consensum
2443 4267 2702 4322 imoith
2721 4270 3035 4340 Peri-Fallat,
3050 4272 3123 4327 ad
3138 4275 3379 4331 mOdum
3396 4280 3691 4352 olei,quod

388 4366 561 4421 domo
593 4368 846 4438 ponitur,
878 4372 939 4422 ut
973 4368 1063 4421 his
1095 4366 1192 4439 qui
1215 4367 1274 4419 in
1306 4366 1547 4419 domum
1579 4363 1987 4435 intraredigni

388 4456 942 4525 suntaperiatur.llis
959 4472 1093 4510 vero
1118 4455 1445 4526 quilintrare
1468 4469 1585 4506 non
1605 4451 1817 4505 debent
1834 4453 1987 4506 clau-

387 4542 576 4611 datur,
608 4543 687 4597 ita
725 4560 953 4615 quoque
986 4543 1073 4598 ori
1123 4556 1254 4597 meo
1293 4539 1551 4596 custodia
1580 4538 1987 4593 misericordiae

385 4634 496 4685 tua:
531 4631 855 4703 praesideat,
879 4635 940 4684 ut
970 4647 1097 4702 qua:
1123 4629 1414 4701 loquenda
1436 4630 1587 4693 sunt,
1618 4626 1827 4693 dicam,
1860 4642 1987 4697 qua:

384 4734 516 4773 vero
547 4736 695 4773 vana
719 4722 920 4772 suntet
949 4719 1168 4785 nociva,
1202 4723 1445 4785 taceam.
1480 4717 1604 4770 «De
1638 4713 1797 4768 omni
1831 4714 1987 4768 enim

382 4807 555 4862 verbo
570 4808 753 4862 otioso
766 4807 1146 4877 quodcunque
1164 4806 1333 4861 locuti
1352 4805 1565 4859 fuerint
1583 4802 1845 4857 homines
1857 4803 1986 4857 red-

383 4895 524 4949 dent
547 4894 833 4949 rationem
852 4894 911 4947 in
944 4894 1034 4947 die
1053 4893 1250 4964 judicii
1272 4894 1496 4965 (Matth.
1521 4909 1616 4960 xu,
1640 4892 1789 4963 36).»
1816 4890 1984 4958 Pone,

384 4983 648 5055 inquam,
680 4984 873 5035 ostium
903 4981 1054 5035 labiis
1079 4983 1223 5033 meis.
1261 4981 1466 5034 Ostium
1487 4981 1612 5035 dico
1643 4982 1988 5034 circumstan-

385 5075 487 5138 tiae,
522 5072 581 5126 id
612 5073 697 5124 est
742 5072 917 5125 talem
952 5067 1245 5122 custodiam
1275 5070 1358 5120 ori
1400 5085 1512 5121 meo
1561 5086 1719 5138 pone,
1772 5072 1834 5121 ut
1864 5084 1984 5122 non

382 5160 717 5231 simpliciter
730 5176 792 5214 os
808 5159 879 5213 ab
894 5157 1087 5211 illicita
1104 5156 1313 5211 locutio
1330 5172 1400 5207 ne
1422 5156 1720 5223 custodiat,
1740 5157 1838 5210 scd
1856 5174 1984 5223 quze

383 5250 558 5303 etiam
590 5244 1127 5318 omnibuscorporis
1141 5242 1397 5298 sensibus
1431 5241 1777 5306 circumstet,
1801 5243 1859 5292 et
1888 5256 1985 5293 eos

383 5332 453 5391 ab
484 5336 691 5391 illicitis
710 5336 959 5390 motibus
986 5332 1230 5399 muniat,
1250 5330 1434 5384 visum
1455 5328 1665 5381 scilicet
1695 5344 1765 5381 ne
1792 5327 1985 5380 illicite

380 5424 591 5493 videat,
627 5441 827 5479 aurem
861 5441 932 5477 ne
963 5422 1155 5477 illicite
1183 5418 1399 5485 audiat,
1434 5419 1491 5470 et
1519 5419 1757 5470 caeteros
1788 5430 1985 5468 sensus

382 5512 635 5575 imiliter.
670 5513 794 5569 Non
825 5513 1008 5568 solum
1040 5513 1235 5565 autem
1252 5524 1353 5563 oro
1384 5504 1520 5580 poni
1551 5502 1841 5559 custodiam
1880 5504 1982 5575 ori,

2090 4356 2587 4428 quosimpinguat
2610 4356 2832 4411 delinit.
2864 4356 2995 4411 Non
3026 4362 3692 4437 impinguet,inquam,ut

2091 4461 2186 4499 me
2214 4445 2321 4499 sibi
2352 4444 2696 4499 conformat.
2731 4444 2799 4497 Et
2827 4461 2957 4498 vere
2982 4461 3101 4500 non
3143 4447 3551 4524 impinguabit,
3591 4460 3692 4514 sed

2090 4549 2198 4603 ego
2226 4532 2414 4602 potius
2431 4534 2796 4603 peccatorum
2831 4534 3056 4603 partem
3104 4535 3245 4591 mihi
3285 4540 3686 4603 conformabo.

2091 4619 2357 4687 Quoniam
2384 4620 2560 4704 adhuc
2583 4618 3003 4691 aliquantulum
3033 4624 3201 4693 spatii
3231 4630 3427 4696 restat,
3475 4637 3532 4686 et
3559 4639 3690 4704 post

2089 4710 2261 4763 oratio
2275 4724 2392 4761 mea
2418 4700 2675 4777 superius
2704 4708 2890 4777 posita
2917 4709 3026 4763 erit
3056 4713 3111 4764 in
3134 4700 3683 4790 beneptacitikeorum,

2091 4796 2150 4849 id
2180 4800 2264 4850 est
2293 4794 2849 4851 continebiturinter
2873 4798 3690 4872 beneplacitaeorum,scilicet

2087 4882 2335 4956 placebit
2364 4881 2444 4935 eis
2472 4881 2581 4936 hoc
2608 4881 2766 4937 idem
2799 4899 2963 4938 orare
2985 4885 3139 4955 quod
3155 4888 3413 4957 superius
3429 4894 3605 4964 oravi,
3630 4899 3689 4951 et

2087 4988 2192 5044 per
2220 4971 2327 5025 hoc
2356 4971 2523 5023 oratio
2558 4987 2674 5024 mea
2713 4971 2822 5024 erit
2851 4974 2908 5026 in
2932 4972 3264 5042 beneplacitis
3291 4992 3494 5049 eorum,
3528 4985 3683 5054 quod

2086 5060 2318 5129 absorpli
2335 5063 2456 5111 sunt
2466 5060 2654 5128 juncti
2664 5065 2845 5128 petrte,
2870 5058 2927 5112 id
2948 5062 3033 5113 est
3057 5076 3090 5114 a
3106 5062 3273 5117 nobis
3298 5065 3687 5128 absorbebun-

2086 5151 2201 5214 tur,
2232 5146 2292 5201 id
2318 5150 2404 5199 est
2431 5145 2952 5217 incorporabuntur
2975 5147 3259 5219 jungendi
3292 5157 3473 5221 petrae
3498 5156 3682 5218 ﬁrmi-

2083 5234 2219 5289 tatis
2257 5233 2477 5288 Christo
2511 5249 2614 5303 per
2669 5232 2885 5287 bonam
2938 5234 3134 5289 vitam.
3185 5237 3681 5316 Absorbcbuntur,

2085 5322 2347 5393 inquam,
2372 5336 2486 5375 non
2506 5320 2760 5375 minores
2784 5324 3040 5391 tantum;
3066 5324 3167 5379 sed
3188 5327 3345 5397 quod
3367 5330 3683 5388 mirabilius

2086 5409 2215 5477 erit,
2249 5410 2423 5464 etiam
2439 5407 2647 5479 judices
2680 5424 2884 5470 eorum,
2921 5411 3142 5481 praalati
3188 5413 3401 5470 scilicet
3429 5433 3682 5489 quorum

2078 5497 2300 5575 judicio
2313 5497 2641 5570 etexemplo
2658 5497 2913 5554 minores
2934 5503 3192 5575 peccant.
3213 5501 3689 5569 Absorbebuntur
