4016 6030
381 324 520 390 l379

988 330 1046 390 ς,
1088 318 1430 389 B‘R‘UNoNIs
1470 317 2101 388 CARTHUSIANORllM
2140 317 2607 387 INSTITUTOR‘IS
2648 320 2802 388 opp.
2849 322 3022 388 PARS
3061 333 3081 386 ι

3550 310 3741 387 raso

376 462 641 533 inquam.
673 462 730 512 et
759 457 866 512 hoc
892 471 1001 529 per
1027 457 1200 512 verba
1220 456 1646 529 praedicationis
1666 472 1832 511 meae.
1862 453 1980 509 Au-
2001 466 2056 526 Α
2073 453 2287 509 Titulus
2311 454 2387 510 sic
2412 434 2734 527 exponitur.
2768 453 3067 512 Intellectus
3092 454 3288 524 istc,id
3330 458 3413 511 est
3434 458 3729 528 psalmus

375 551 518 605 dient
547 547 705 603 enim
731 546 965 601 auribus
992 545 1180 600 cordis
1234 545 1392 599 verba
1447 562 1586 612 mea,
1639 547 1697 598 et
1739 545 1971 612 merito,

375 638 636 710 quoniam
663 636 786 707 ipsa
796 641 1108 705 potuerunt,
1140 632 1199 687 id
1223 635 1309 687 est
1332 632 1593 704 potentia
1616 636 1787 686 erunt
1802 635 1859 687 et
1878 647 1972 686 va-

374 726 554 782 lentia
602 724 676 779 ad
725 739 822 777 eos
866 721 1250 776 instruendos.
1285 719 1553 788 Quidam,
1586 721 1846 792 inquam,
1877 737 1974 774 au-

375 815 519 869 dient
547 811 704 867 verba
726 827 865 877 mea,
911 812 970 863 et
998 809 1460 863 absorbebuntur
1476 807 1765 879 jungendi
1789 816 1974 879 petrae.

377 902 623 968 Quidam
648 915 782 953 vero
813 913 930 953 non
958 896 1205 951 audituri
1236 899 1406 950 erunt
1436 895 1662 950 dicendi
1709 913 1815 967 per
1852 913 1975 951 em-

376 991 603 1065 phasim
624 987 904 1052 infernus,
935 1001 1002 1039 eo
1033 984 1189 1056 quod
1212 1001 1271 1039 se
1303 985 1452 1039 male
1483 984 1747 1051 vivendo,
1779 986 1837 1039 et
1866 1001 1977 1038 cie-

374 1085 531 1135 teros
560 1077 715 1132 malo
745 1073 1009 1143 exemplo
1031 1073 1104 1127 ad
1130 1071 1423 1126 infernum
1440 1071 1752 1139 attrahent,
1769 1073 1977 1126 etsecus

373 1170 530 1225 hunc
558 1165 855 1235 infernum,
887 1161 945 1215 id
978 1160 1532 1231 cstjuxtajudicium
1550 1160 1720 1230 hujus
1742 1158 1974 1226 inferni,

286 1237 297 1249 ’
376 1257 629 1325 dissipata
649 1258 776 1307 sunt
796 1267 911 1305 ossa
936 1256 1137 1316 nostra,
1179 1247 1238 1302 id
1269 1250 1355 1303 est
1385 1248 1834 1321 dissipabuntur,
1867 1250 1974 1303 sci-

374 1344 528 1406 licet,
560 1342 928 1398 destruentur
979 1337 1247 1392 fortiores
1303 1352 1371 1391 ex
1423 1336 1633 1391 nostris
1663 1336 1977 1391 secundum

374 1446 582 1501 corpus
610 1444 716 1500 per
743 1425 901 1481 varia
920 1427 1229 1479 tormenta.
1255 1423 1392 1478 Ossa
1413 1423 1539 1478 dico
1558 1423 1826 1496 dissipata
1842 1426 1979 1478 sicut

375 1515 667 1572 crassitudo
683 1519 837 1570 terra:
855 1520 1051 1583 erupta
1083 1519 1157 1565 est
1192 1527 1351 1581 super
1373 1519 1599 1578 terram,
1634 1511 1691 1565 id
1721 1514 1805 1565 est
1834 1510 1979 1565 sicut

375 1605 548 1659 ﬁmus
575 1602 708 1657 licet
730 1600 1027 1656 sordidum
1058 1598 1275 1670 aliquid
1304 1602 1362 1652 et
1406 1599 1537 1660 vile,
1582 1603 1777 1653 tamen
1809 1613 1979 1669 super

378 1696 599 1746 terram
630 1689 911 1762 diruptus,
943 1687 1000 1742 id
1021 1690 1106 1741 est
1138 1686 1446 1757 dispersus,
1478 1689 1694 1741 terram
1726 1702 1975 1741 crassam

2076 542 2179 596 iste
2196 545 2304 610 est,
2334 542 2535 611 David,
2565 542 2769 597 Christi
2796 543 3026 598 habitus
3055 544 3136 598 illi
3162 543 3361 610 David,
3402 562 3522 598 cum
3553 553 3715 598 esset

2076 633 2131 684 in
2148 631 2413 701 spelunca,
2435 631 2492 685 id
2523 635 2607 685 est
2636 631 2693 685 in
2711 635 3003 704 assumpta
3023 632 3387 688 humanitate
3416 634 3670 688 mortali
3700 651 3717 701 ;

2076 736 2203 791 qua:
2230 719 2301 773 ad
2327 724 2648 791 respectum
2681 720 2907 775 deitatis
2931 719 3165 775 humilis
3185 721 3312 789 fuit,
3343 722 3417 776 ad
3444 721 3713 776 modum

2075 809 2383 878 speluncm,
2416 812 2473 863 et
2501 808 2562 862 in
2593 824 2707 880 qua
2736 808 2902 863 latuit
2932 811 2992 862 ut
3034 810 3089 861 in
3130 809 3397 880 spelunca.
3429 809 3527 864 Vel
3555 810 3650 864 sic
3691 825 3709 863 :

2078 896 2139 951 In
2168 896 2277 951 hoc
2306 897 2532 969 psalmo
2557 897 2875 951 denotatur
2903 896 3228 951 intellectus
3251 897 3430 952 David
3462 897 3713 965 Christi,

2076 983 2303 1039 habitus
2331 1002 2452 1038 cum
2484 991 2611 1039 esset
2644 987 2700 1037 in
2743 984 3014 1055 spelunca,
3048 987 3110 1038 ut
3134 985 3264 1051 hoc,
3298 987 3361 1038 ut
3390 1001 3562 1057 supra
3593 1001 3709 1039 ex-

2077 1071 2334 1144 ponitur.
2369 1072 2467 1126 Vel
2497 1073 2725 1127 habitus
2754 1089 2874 1126 cum
2903 1079 3035 1128 esset
3061 1074 3124 1126 in
3152 1072 3399 1143 spelunca
3439 1072 3707 1145 sepulcri

2077 1160 2337 1215 nondum
2367 1176 2451 1227 re,
2484 1159 2583 1215 sed
2607 1161 2734 1231 jam
2776 1160 3258 1224 consideratione,
3285 1159 3522 1229 scilicet,
3550 1176 3702 1214 cum

2070 1247 2197 1317 jam
2227 1248 2622 1305 consideraret
2665 1265 2724 1303 se
2774 1248 3120 1303 moriturum
3170 1249 3229 1303 in
3271 1250 3533 1320 sepulcro
3565 1265 3705 1303 esse

2075 1337 2571 1408 ponendumllaac
2592 1336 2768 1391 verba
2777 1336 3116 1408 protulitvel
3137 1337 3289 1391 hunc
3304 1337 3699 1403 intellectum,

2078 1424 2174 1495 qui
2196 1424 2253 1477 in
2284 1425 2393 1479 hoc
2423 1425 2645 1495 psalmo
2667 1423 3006 1495 concipitur,
3038 1424 3259 1479 habuit.
3290 1424 3389 1478 Vel
3413 1441 3535 1478 cum
3558 1431 3700 1478 esset

2078 1510 2263 1565 adhuc
2311 1515 2366 1566 in
2404 1512 2647 1582 spelunca
2706 1514 2841 1566 ante
2884 1512 3232 1582 passionem,
3267 1512 3324 1566 id
3354 1516 3440 1566 est
3468 1512 3529 1566 in
3575 1512 3699 1566 hoc

2078 1599 2297 1653 mundo
2318 1600 2694 1670 corporaliter
2716 1615 3092 1667 conversans;
3116 1599 3212 1670 qui
3238 1599 3516 1655 nimirum
3547 1615 3696 1670 pro-

2077 1690 2207 1759 pter
2228 1688 2313 1741 sui
2328 1687 2719 1742 humilitatem
2734 1688 3005 1757 spelunca
3022 1687 3128 1741 dici
3139 1689 3249 1755 tur,
3272 1686 3340 1741 ad
3355 1690 3613 1757 respectu
3624 1704 3691 1740 n1

378 1779 567 1849 reddit
595 1780 655 1831 et
682 1775 954 1843 fertilem,
981 1774 1061 1829 sic
1089 1779 1151 1829 et
1191 1790 1315 1841 nos,
1353 1791 1457 1829 ceu
1500 1774 1636 1829 viles
1670 1777 1734 1829 et
1762 1773 1977 1828 sordidi
1998 1770 2048 1830 B
2075 1774 2277 1848 patrias
2307 1775 2567 1843 caelestis,
2600 1791 2727 1846 quae
2760 1791 2928 1829 mons
2958 1774 3216 1828 sublimis
3247 1775 3587 1846 appellatur.
3620 1776 3690 1826 1η

377 1883 484 1939 per
538 1866 696 1922 varia
745 1862 1025 1936 supplicia
1088 1862 1470 1933 discerpendi,
1522 1863 1783 1917 Ecclesia:
1831 1860 1979 1915 ﬁlios

378 1954 643 2026 exemplo
673 1951 1012 2007 constantiae
1043 1948 1255 2004 nostrae
1301 1949 1550 2026 pingues
1577 1949 1979 2026 in‘virtutibus

378 2018 713 2108 reddemus,
745 2042 804 2094 et
848 2039 927 2093 sic
964 2037 1181 2092 fertiles
1214 2037 1273 2091 in
1301 2018 1466 2092 bonis
1711 2037 1979 2109 Operibus

376 2130 673 2186 faciemus.
694 2125 1126 2198 Dissipabimur,
1145 2124 1405 2196 inquam,
1420 2124 1736 2178 secundum
1752 2140 1978 2194 corpus;

378 2217 646 2289 ideoque,
678 2231 802 2277 oro,
834 2213 1099 2280 Domine,
1136 2229 1202 2266 ne
1239 2212 1458 2282 auferas
1509 2213 1745 2265 animam
1784 2229 1978 2278 meam,

379 2305 439 2359 id
469 2308 554 2359 est
579 2319 653 2359 ne
683 2301 985 2373 permittas
1030 2300 1103 2355 ab
1156 2299 1245 2354 his
1296 2299 1727 2371 dissipatoribus
1769 2298 1980 2353 auferri

382 2393 641 2450 animam
691 2406 903 2455 meam,
948 2394 1011 2444 ut
1052 2391 1211 2443 metu
1265 2404 1557 2460 corporeus
1598 2388 1983 2461 dissipationis

380 2481 460 2534 eis
487 2481 672 2535 cedat.
690 2478 777 2533 Ne
791 2476 1308 2547 auferas,inquam,
1323 2492 1512 2546 neque
1536 2476 1710 2530 debes
1732 2476 1981 2543 auferre,

379 2571 529 2640 quia,
562 2583 595 2621 ο
615 2565 864 2631 Domine,
878 2579 1078 2617 revera
1097 2562 1363 2629 Domine,
1378 2564 1522 2618 oculi
1538 2566 1645 2617 mei
1658 2563 1981 2631 interiores,

382 2656 442 2711 id
473 2658 558 2709 est
577 2651 909 2708 affectiones
939 2666 1086 2705 mea:
1116 2650 1187 2703 ad
1232 2657 1280 2704 te
1324 2650 1658 2721 respiciunt,
1690 2653 1749 2705 et
1776 2653 1987 2721 speravi

383 2760 454 2797 ea
484 2759 610 2814 quae
649 2743 782 2795 sunt
811 2741 869 2794 in
898 2746 967 2805 te,
999 2738 1232 2805 scilicet,
1264 2740 1485 2793 aeterna
1527 2738 1684 2793 bona
1722 2755 1839 2794 non
1885 2756 1985 2793 sae-

385 2829 620 2885 cularia.
647 2828 783 2900 Non
809 2828 1050 2897 auferas,
1090 2826 1352 2896 inquam,
1401 2828 1635 2880 animam
1661 2844 1854 2895 meam,
1887 2828 1985 2881 sed

392 2917 599 2976 custodi
616 2934 698 2971 me
726 2934 759 2971 a
785 2915 967 2988 laqueo
991 2914 1428 2982 blanditiarum,
1469 2930 1623 2986 quem
1656 2921 1983 2982 statuerunt,

2078 1878 2192 1934 quo
2223 1862 2441 1917 mundo
2489 1862 2650 1933 quasi
2681 1864 2735 1915 in
2765 1863 3010 1932 spelunca
3041 1861 3296 1916 Christus
3322 1861 3507 1927 latuit,
3538 1862 3689 1915 dum

2077 1950 2411 2005 incarnatus
2436 1948 2701 2004 mortalis
2731 1953 2791 2003 et
2837 1949 3120 2021 passibilis
3149 1950 3436 2020 apparuit.
3468 1949 3693 2002 Titulus

2079 2041 2273 2094 autem
2302 2039 2429 2106 iste,
2472 2038 2637 2108 juxta
2670 2037 2971 2092 historiam
3005 2038 3222 2108 positus
3260 2040 3367 2103 est,
3402 2053 3527 2108 quae
3556 2036 3690 2090 talis

2078 2129 2201 2180 est:
2243 2124 2386 2179 Cum
2434 2142 2468 2178 a
2500 2124 2668 2178 Saule
2715 2124 2891 2178 David
2938 2126 3396 2196 persequeretur,
3454 2123 3689 2194 spelun-

2079 2230 2207 2269 cam
2260 2214 2545 2285 ingressus
2574 2215 2678 2279 est,
2728 2215 2786 2265 et
2847 2211 2925 2265 ibi
2974 2212 3157 2266 latuit.
3213 2209 3434 2265 Accidit
3490 2212 3691 2264 autem

2082 2306 2144 2356 ut
2173 2304 2501 2372 persecutor
2521 2301 2643 2371 ejus
2668 2299 2800 2354 Saul
2832 2316 2964 2354 cum
2982 2300 3055 2354 ad
3073 2301 3263 2354 locum
3277 2297 3535 2369 ejusdem
3559 2314 3693 2369 spc-

2082 2390 2267 2443 luncaa
2296 2387 2643 2461 perveniret,
2705 2391 2762 2440 et
2786 2387 2961 2441 David
3020 2386 3097 2441 ibi
3141 2388 3322 2440 latere
3366 2386 3689 2457 ignoraret,

2083 2494 2256 2532 causa
2287 2479 2549 2530 ventrem
2582 2473 2866 2547 purgandi
2912 2490 3043 2527 eam
3091 2472 3514 2545 ingrederetur.
3560 2472 3688 2535 Quo

2084 2567 2392 2638 purgante,
2414 2562 2592 2617 David
2629 2563 2879 2616 latenter
2908 2562 2980 2616 ad
3011 2577 3144 2616 eum
3181 2561 3437 2629 accessit,
3459 2564 3517 2615 et
3538 2560 3694 2614 clam

2086 2668 2250 2707 oram
2273 2650 2614 2721 chlamydis,
2648 2649 2707 2704 id
2738 2654 2824 2704 est
2846 2649 3171 2704 vestimenti
3191 2649 3313 2720 ejus
3333 2648 3595 2715 abscidit,
3631 2651 3692 2701 ut

2084 2741 2194 2796 hoc
2220 2740 2384 2810 signo
2416 2737 2826 2809 comprobaret
2850 2738 3004 2808 quod
3035 2753 3167 2791 cum
3195 2736 3492 2791 occidendi
3519 2737 3691 2791 facul-

2085 2832 2268 2884 tatem
2297 2827 2590 2883 habuisset
2620 2825 2777 2897 (Reg.
2818 2842 2967 2894 xxxv,
2994 2829 3048 2893 4,
3085 2829 3190 2891 l5).

2154 2915 2444 2987 Allegoria
2465 2917 2658 2970 autem
2670 2914 2838 2985 hujus
2855 2913 3129 2981 historiae,
3146 2930 3265 2969 non
3281 2930 3686 2985 usquequaque

376 3007 448 3064 .id
478 3010 564 3062 est
593 3007 848 3060 statuent
875 3004 1201 3075 peccatores
1242 3001 1494 3100 milti,.id
1537 3006 1623 3057 est
1651 3003 1724 3057 ad
1762 3003 1985 3057 incom-
2009 3050 2057 3110 Ο
2092 3002 2516 3079 persequenda,
2535 3003 2662 3057 talis
2681 3005 2767 3057 est
2794 3018 2807 3056 :
2841 3004 2947 3057 Per
2962 3001 3141 3056 David
3157 3001 3394 3073 quidem
3422 3018 3527 3071 pro
3555 3018 3685 3073 per-

378 3096 629 3167 ,modum
653 3108 873 3160 meum,
902 3094 964 3145 ut
987 3106 1081 3145 me
1116 3106 1222 3161 per
1244 3105 1376 3145 eum
1408 3089 1786 3161 illaqueantes
1810 3107 1844 3145 a
1861 3107 1991 3162 pro-

388 3183 574 3256 posito
595 3179 913 3237 sanctitatis
941 3194 1087 3234 mea:
1123 3180 1412 3233 revocent.
1449 3176 1691 3246 Custodi,
1727 3178 1987 3251 inquam,

384 3288 490 3337 me,
522 3286 595 3325 ne
625 3269 902 3339 illaqueer
932 3266 1028 3320 illo
1052 3265 1277 3336 laqueo.
1302 3266 1371 3319 Et
1383 3281 1498 3319 non
1521 3267 1707 3329 solum
1731 3280 1765 3319 a
1784 3266 1988 3336 laqueo

386 3356 799 3414 blanditiarum
834 3369 937 3408 oro
968 3352 1264 3414 custodiri,
1299 3352 1398 3406 sed
1441 3359 1490 3405 et
1537 3352 1756 3408 custodi
1787 3369 1880 3407 me
1916 3369 1991 3408 ne

390 3459 626 3514 superer
653 3460 686 3495 a
708 3440 973 3495 scandulis
997 3441 1327 3510 operantium
1357 3441 1716 3511 iniquitatem,
1755 3440 1815 3494 id
1845 3444 1928 3495 est
1958 3458 1993 3496 a

388 3528 854 3587 tribulationibus
881 3526 1219 3593 manifestis,
1259 3543 1387 3598 quas
1434 3527 1576 3581 mihi
1623 3528 1991 3599 operationes

390 3616 709 3690 iniquitatis
729 3615 1003 3683 inferant,
1039 3631 1180 3686 quas
1210 3615 1480 3670 scandala
1518 3632 1678 3683 voco,
1726 3633 1794 3673 eo
1835 3616 1990 3689 quod

390 3707 564 3762 illatae
589 3703 870 3777 plurimos
894 3702 1299 3757 scandalizent.
1336 3700 1561 3756 Custodi
1596 3719 1699 3765 me,
1730 3703 1990 3774 inquam,

392 3798 450 3850 et
473 3809 607 3849 vere
627 3791 909 3848 custodies
930 3807 1023 3845 me
1054 3807 1126 3845 ne
1157 3790 1385 3846 cadam.
1422 3791 1575 3846 Multi
1626 3808 1757 3847 vero
1802 3791 1993 3845 Chris-

374 3882 530 3940 tiani
553 3887 855 3953 peccatores
874 3882 929 3932 in
948 3879 1198 3933 retiaculo
1223 3879 1673 3950 ejusiniquitatis
1702 3879 1871 3951 positi
1901 3897 1990 3933 ca-

390 3971 535 4037 dent,
560 3969 618 4023 id
642 3972 728 4023 est
772 3964 1042 4021 deficient
1070 3981 1105 4018 a
1132 3965 1427 4036 proposito
1451 3966 1824 4022 confessionis
1852 3985 1988 4035 sum,

392 4059 481 4111 vel
506 4073 610 4128 per
637 4056 907 4126 laqueum
939 4054 1027 4107 vel
1054 4068 1159 4123 per
1188 4053 1476 4122 scandala,
1504 4070 1569 4108 ac
1605 4054 1649 4108 si
1682 4054 1833 4110 dicat
1864 4072 1877 4111 :
1908 4057 1991 4111 Me

393 4142 677 4199 custodias
699 4157 771 4195 ne
802 4140 992 4211 aliquo
1024 4139 1197 4194 modo
1219 4142 1443 4209 cadam,
1460 4143 1673 4197 multos
1684 4159 1816 4198 vero
1832 4143 1990 4199 Chri-

394 4232 615 4288 stianos
642 4232 972 4301 peccatores
996 4226 1201 4281 merito
1223 4227 1545 4299 iniquitatis
1563 4247 1699 4297 suae,
1719 4248 1832 4302 qua
1848 4231 1990 4286 irre-

2089 3093 2380 3150 sccutione
2411 3091 2596 3146 Saulis
2639 3091 2698 3145 in
2746 3092 3018 3162 spelunca
3046 3090 3398 3159 latitantem,
3429 3090 3684 3144 Christus

2062 3183 2273 3238 'multo
2305 3183 2569 3251 tempore
2594 3179 2724 3233 vita:
2752 3196 2867 3233 sua:
2898 3195 2933 3232 a
2950 3178 3159 3232 Iudicis
3176 3176 3456 3232 membris
3477 3176 3685 3231 diaboli

2091 3270 2419 3340 persecutus
2450 3266 2508 3320 in
2536 3266 2646 3319 hoc
2674 3265 2893 3320 mundo
2922 3264 3472 3332 humanituslatens,
3503 3265 3683 3335 expri-

2092 3356 2292 3409 mitur.
2314 3356 2424 3408 Per
2450 3353 2683 3407 Saulem
2713 3370 2850 3409 vero
2898 3354 2960 3408 in
2990 3356 3325 3426 speluncam
3375 3371 3544 3409 causa
3584 3369 3681 3425 po-

2090 3443 2270 3497 nendi
2292 3440 2571 3496 fetidasui
2585 3441 2797 3495 ventris
2827 3442 3151 3514 ingressum
3183 3443 3447 3498 diabolus
3477 3441 3683 3512 ﬁgura-

2090 3535 2205 3597 tur,
2229 3530 2325 3601 qui
2340 3545 2445 3600 per
2458 3532 2759 3600 peccatum
2781 3530 2955 3600 primi
2978 3531 3394 3602 parentishunc
3408 3528 3682 3584 mundum

2093 3619 2385 3691 ingressus
2408 3621 2514 3683 est,
2538 3620 2602 3670 ut
2617 3617 2998 3688 cogitationes
3030 3618 3468 3689 etoperationes
3490 3617 3687 3671 fetidas

2093 3710 2151 3761 et
2168 3705 2392 3760 illicitas
2407 3704 2499 3758 hic
2514 3708 2778 3775 poneret.
2804 3705 2904 3776 Guj
2916 3722 2977 3758 us
2995 3707 3318 3760 vestimenti
3332 3722 3495 3761 oram
3512 3704 3686 3760 David

2094 3794 2348 3849 Christus
2377 3792 2572 3864 glanio
2593 3792 2854 3859 abscidit,
2871 3810 3002 3847 cum
3032 3794 3272 3849 humani
3301 3794 3526 3865 generis
3538 3792 3687 3865 quod

2092 3882 2193 3938 tibi
2226 3886 2289 3937 ut
2307 3881 2718 3938 vestimentum
2767 3883 3140 3953 conjunctum
3174 3887 3301 3938 orat
3328 3886 3553 3953 partem
3581 3882 3683 3934 sal-

2091 3971 2339 4026 vandam
2603 3969 2677 4023 ab
2703 3969 2878 4042 ipsius
2908 3971 3265 4042 subjectione
3292 3969 3559 4041 spiritalis
3583 3969 3680 4023 do-

2092 4058 2292 4112 ctrinae
2324 4059 2515 4128 gladio
2543 4058 2935 4129 sequestravit.
2970 4058 3064 4112 Est
3081 4058 3328 4130 igituriu
3346 4058 3455 4112 hoc
3472 4058 3681 4128 psalmo

2090 4162 2196 4202 vox
2216 4145 2416 4216 capitis
2440 4145 2688 4216 qualiter
2718 4144 2779 4199 in
2809 4145 3265 4201 consideratione
3279 4145 3554 4217 passionis
3574 4160 3682 4198 sua:

2091 4235 2165 4289 ad
2190 4234 2502 4289 Dominum
2530 4234 2865 4289 clamaverit
2906 4238 2963 4289 et
3000 4251 3132 4289 cum
3161 4234 3500 4305 deprecatus
3519 4231 3684 4288 fuerit

394 4319 484 4375 titi
513 4320 669 4386 sunt,
701 4316 945 4371 deﬁcere
980 4313 1298 4385 permittes.
1320 4315 1649 4384 Peccatores,
1666 4317 1991 4390 inquam,z‘n
2013 4327 2065 4386 ι)
2092 4321 2466 4389 ostendentis,
2499 4324 2561 4376 ut
2586 4322 2643 4376 in
2666 4338 2725 4375 se
2755 4322 3030 4377 membris
3051 4322 3165 4377 suis
3184 4323 3511 4392 exemplum
3543 4337 3681 4392 prae-

391 4407 645 4463 reliaculo
674 4405 795 4476 ejus
840 4401 1160 4475 iniquitatis
1198 4403 1368 4474 positi
1407 4406 1559 4472 sunt,
1602 4404 1849 4477 ideoque
1899 4424 1991 4461 ca-

395 4497 556 4549 dent.
585 4494 704 4563 Ego
731 4495 926 4548 autem
954 4490 1053 4563 qui
1080 4489 1352 4546 custodiri
1381 4494 1492 4546 ate
1523 4509 1625 4548 oro
1653 4495 1995 4563 singulariter

394 4599 531 4649 sum,
564 4581 624 4635 id
661 4584 749 4634 est
775 4579 1145 4649 singulariter
1174 4595 1268 4632 me
1316 4580 1523 4647 habeo,
1550 4580 1762 4636 scilicet
1799 4583 1992 4655 singu-

394 4673 579 4726 larem
607 4684 769 4742 spem
808 4670 867 4720 et
894 4666 1215 4737 appetitum
1247 4667 1433 4723 habeo
1465 4671 1781 4725 casiestium
1809 4673 1993 4727 bono-

395 4776 547 4827 rum,
580 4774 699 4814 non
744 4754 1125 4825 multiplicem
1169 4756 1493 4827 appetitum
1531 4762 1897 4815 terrenorum
1939 4765 1998 4816 et

394 4846 762 4919 singulariter
782 4859 882 4899 ero
903 4842 1066 4898 donec
1096 4842 1167 4896 de
1196 4843 1303 4897 hac
1324 4844 1458 4912 vita,
1494 4848 1778 4920 corporali
1809 4853 1996 4905 morte

398 4945 683 4991 transeam.
702 4934 770 4988 Et
783 4932 918 5005 quia
931 4931 1273 5002 singulariter
1287 4950 1407 4987 sum
1424 4937 1481 4989 et
1496 4951 1618 5002 ero,
1633 4952 1750 4991 non
1763 4938 1998 5008 permit-

395 5030 483 5081 tas
508 5041 601 5079 me
622 5022 846 5078 cadere.
880 5021 1043 5076 Unde
1063 5021 1546 5093 Psalmographus
1565 5024 1728 5079 alibi:
1762 5048 1790 5076 ‹‹
1809 5027 1996 5081 Unam

393 5115 532 5190 petii
558 5131 592 5170 a
620 5111 1052 5179 Domino,hanc
1067 5111 1359 5183 requiram
1378 5112 1546 5184 (Psal.
1569 5130 1716 5179 xxvx,
1739 5115 1818 5188 4),
1835 5138 1862 5166 n
1885 5121 1992 5171 etc.

892 5200 961 5254 IN
988 5198 1312 5256 PSALMUM
1342 5200 1514 5256 CXLI.

466 5290 682 5349 Titulus
691 5287 988 5344 centesimi
1004 5287 1434 5360 quadragesimi
1450 5290 1647 5361 primi.
1671 5293 1996 5350 Intellectus

391 5381 594 5446 David,
625 5396 757 5435 cum
784 5379 931 5434 esset
959 5378 1018 5430 in
1049 5378 1343 5449 spelunca.
1365 5379 1669 5434 Intellectus
1685 5398 1822 5436 sane
1843 5385 1991 5454 psal-

392 5490 522 5527 mus
546 5470 650 5524 iste
680 5467 908 5529 dicitur,
936 5481 1005 5521 eo
1031 5465 1188 5537 quod
1209 5465 1266 5520 in
1300 5481 1368 5521 eo
1402 5466 1727 5523 intellectus
1757 5469 1990 5540 Christi,

392 5557 509 5612 veri
525 5554 720 5621 David,
742 5570 913 5626 quem
929 5553 985 5607 in
1004 5553 1266 5624 passione
1288 5570 1388 5608 sua
1401 5554 1623 5625 habuit,
1641 5558 1987 5621 continetur.

2094 4409 2304 4463 scribat
2319 4408 2377 4462 in
2404 4408 2867 4467 tribulationibus
2889 4410 3447 4466 orandi.Passionem
3463 4426 3682 4482 quoque

2096 4514 2258 4552 suam
2284 4496 2589 4564 indicat,ut
2609 4498 2757 4554 illios
2782 4516 2886 4570 pro
2907 4516 3154 4571 quorum
3187 4499 3368 4554 salute
3400 4514 3591 4569 passus
3605 4500 3685 4551 est

2096 4586 2373 4641 obnoxios
2402 4586 2509 4640 sibi
2539 4586 2766 4656 reddat,
2784 4591 2840 4642 et
2858 4588 3114 4659 patiendi
3144 4604 3247 4659 pro
3264 4587 3386 4659 ipso
3405 4588 3487 4641 eis
3507 4603 3686 4641 exem-

2095 4676 2257 4746 plum
2283 4674 2577 4729 attribuat.

2177 4763 2313 4817 Voce
2337 4781 2473 4832 mea,
2506 4765 2563 4819 id
2584 4769 2669 4819 est
2700 4764 2842 4819 mihi
2872 4782 3132 4837 congrua
3159 4782 3291 4821 voce
3324 4766 3583 4821 videlicet
3610 4766 3687 4821 in-

2098 4866 2281 4906 censa:
2322 4852 2642 4907 devotionis
2676 4858 2875 4909 sancta
2916 4858 2974 4909 et
3024 4872 3188 4926 pura,
3220 4872 3253 4909 o
3285 4856 3593 4921 auditores,
3622 4854 3688 4908 ad

2094 4939 2391 4994 Dominum
2419 4941 2649 4995 Patrem
2662 4942 2914 4998 clamavi.
2948 4942 3111 5007 Quod
3133 4948 3217 4997 est
3241 4943 3431 4998 dicere
3465 4961 3477 4998 :
3511 4944 3688 4997 Inten-

2099 5028 2236 5082 dam
2266 5044 2406 5099 erga
2430 5046 2562 5084 eum
2604 5030 2977 5086 devotionem
3008 5034 3068 5086 et
3102 5031 3469 5087 affectionem
3500 5030 3685 5097 habui,

2098 5132 2227 5187 quae
2258 5118 2479 5172 clamor
2498 5118 2755 5174 intensus
2803 5120 2930 5174 fuit.
2978 5121 3101 5174 Non
3130 5122 3314 5176 solum
3342 5123 3536 5174 autem
3586 5119 3686 5173 cla-

2096 5207 2261 5274 mavi,
2291 5204 2600 5262 affectuose
2628 5224 2721 5261 me
2754 5224 2894 5279 erga
2925 5224 3059 5262 eum
3080 5208 3370 5275 habendo,
3393 5208 3493 5263 sed
3522 5206 3685 5262 ctiam

2095 5307 2217 5346 voce
2242 5309 2360 5347 mea
2391 5293 2651 5351 interiori
2687 5296 2994 5366 deprecatus
3022 5314 3176 5367 sum,
3222 5296 3279 5351 id
3310 5300 3395 5350 est
3426 5296 3685 5366 depreca-

2095 5380 2320 5436 tionem
2359 5381 2470 5437 ieci
2513 5383 2823 5456 respiciens
2847 5384 2917 5437 ad
2943 5384 3235 5441 Dominum
3262 5384 3683 5440 misericordem

2094 5473 2153 5524 et
2181 5469 2665 5541 omnipotentem.
2682 5472 2804 5527 Non
2826 5474 3229 5530 tantummodo
3261 5474 3491 5528 clamavi
3506 5472 3685 5528 adbo-

2090 5560 2321 5630 minum,
2342 5562 2400 5614 et
2423 5560 2728 5636 deprecatus
2754 5580 2870 5619 sum
2898 5580 3055 5638 eum,
3087 5563 3186 5620 sed
3203 5568 3259 5620 et
3291 5580 3443 5619 nunc
3471 5561 3679 5636 eﬂ'undq
