3966 6034
468 312 605 381 l383

1070 304 1131 375 Β.
1157 300 1503 374 BRUNONIS
1539 300 2173 374 CARTHUSIANORUM
2208 301 2674 375 tNSTl’l‘U'l‘ORIS
2696 308 2867 419 ODP.
2907 302 3106 372 PARS.
3143 302 3169 370 Ϊ

3635 312 3659 374 Ι
3677 314 3789 375 38$

465 441 627 497 libera
660 454 733 496 ne
763 433 988 507 cedam,
1009 436 1108 493 sed
1136 437 1313 492 etiam
1339 439 1668 510 postquam,
1693 450 1788 491 me
1812 436 2064 497 mortuo,
2090 440 2144 499 Α
2163 434 2376 505 dentia,
2405 454 2465 492 se
2488 436 2833 508 adepturum
2853 434 3005 507 quod
3023 436 3169 503 orat,
3188 435 3250 490 ut
3274 432 3413 491 alios
3426 435 3785 508 pmnitentes

464 548 501 586 a
513 529 724 586 Iudaeis
740 526 1099 584 custodiarin
1128 526 1409 598 sepulcro,
1426 528 1486 581 ut
1502 524 1561 580 in
1577 529 1762 580 morte
1787 528 2064 596 perpetua

464 618 746 684 detinear,
766 616 896 673 edite
926 617 1165 670 animam
1190 631 1384 682 meam,
1415 614 1473 669 id
1498 617 1584 668 est
1609 630 1704 668 me
1732 613 1796 668 de
1823 612 2063 668 custodia

461 706 793 763 Iudaeorum
815 703 1229 761 resuscitando.

532 794 863 850 Notandum
885 792 1039 865 quod
1054 792 1220 864 ponit
1242 792 1368 847 educ
1387 790 1818 864 animam,quia,
1834 792 1878 848 si
1909 791 2061 846 dice-

461 888 573 953 ret,
590 884 717 941 educ
745 901 848 951 me,
881 885 1072 956 posset
1095 881 1338 953 intelligi
1370 886 1435 939 ut
1461 899 1667 954 corpus
1696 883 1818 953 ejus
1840 881 2061 937 inresu-

461 975 750 1040 scitatum,
769 974 855 1027 vel
872 972 944 1040 vi,
958 973 1045 1027 vel
1060 970 1251 1042 aliquo
1263 971 1440 1027 modo
1464 972 1535 1027 de
1553 988 1758 1029 eorum
1781 971 2060 1036 custodia,

460 1064 818 1119 educeretur.
835 1060 946 1115 Sed
968 1076 1099 1115 cum
1119 1059 1257 1119 dicit
1280 1060 1410 1115 educ
1424 1064 1686 1129 animam,
1703 1060 1872 1116 datur
1891 1059 2060 1114 intel~

459 1150 559 1221 ligi
585 1150 740 1221 quod
770 1166 828 1202 se
851 1148 928 1203 sic
958 1151 1085 1203 orat
1106 1148 1269 1202 educi
1286 1151 1346 1202 ut
1371 1148 1493 1219 ejus
1523 1147 1720 1203 anima
1737 1148 2060 1215 suscitetur,

460 1253 637 1309 quam
666 1237 725 1291 in
763 1238 954 1291 morte
985 1250 1045 1290 se
1075 1234 1336 1291 detinere
1367 1235 1744 1291 arbitrantur.
1773 1235 1948 1301 Educ,
1978 1235 2063 1289 in-

461 1323 916 1395 quam,animam
944 1339 1136 1376 meam.
1154 1322 1223 1376 Et
1241 1322 1350 1379 hoc
1373 1322 1444 1377 ad
1470 1323 1826 1391 conﬁtendum
1851 1323 2063 1378 nomini

461 1418 571 1479 tuo,
584 1411 646 1466 id
665 1414 751 1466 est
770 1411 843 1467 ad
868 1411 1207 1465 laudantum
1232 1413 1286 1463 te
1308 1426 1377 1464 ex
1397 1411 1859 1467 consideratione
1878 1410 2063 1466 nomi-

461 1499 550 1553 nis
572 1496 845 1568 tui,quod
868 1500 952 1551 est
982 1496 1262 1551 Dominus
1283 1496 1493 1551 scilicet
1524 1497 1654 1552 ideo
1682 1498 1811 1552 educ
1838 1500 1899 1551 ut
1920 1497 2060 1568 justi

459 1585 717 1655 discipuli
765 1585 903 1651 mei,
935 1584 1398 1641 consideratione
1431 1584 1756 1640 eductionis
1787 1587 1925 1651 mei,
1956 1586 2059 1639 tibi

459 1674 862 1728 conliteantur.
887 1673 953 1725 Et
980 1689 1110 1726 vere
1135 1689 1240 1743 per
1264 1672 1629 1727 eductionem
1660 1673 1777 1728 mei
1801 1673 1903 1728 tibi
1920 1673 2060 1744 justi

459 1762 906 1817 confitebuntur.
932 1759 1027 1813 Me
1044 1760 1262 1815 etenim
1288 1767 1585 1831 exspectant
1606 1762 1743 1831 justi
1770 1763 2059 1831 exspecta-
2081 1783 2132 1845 Β

458 1849 593 1917 turi,
628 1850 790 1904 donec
815 1849 1038 1903 retribus
1064 1850 1199 1902 milii
1245 1848 1637 1911 eductionem,
1670 1865 1773 1919 pro
1806 1849 2061 1919 comple-

454 1938 617 1993 tione
639 1936 982 1992 obedientiae
999 1953 1166 2004 mem,
1183 1940 1240 1991 et
1260 1937 1639 1992 eaoccasione
1882 1937 2061 1991 conﬁ~

455 2028 688 2080 teantur
742 2024 864 2090 tibi,
893 2024 1108 2081 scilicet
1158 2028 1492 2096 exspectant
1523 2025 1663 2094 justi
1718 2029 1774 2079 et
1806 2041 2063 2096 perseve-

456 2118 652 2168 ranter
683 2112 1085 2183 espectabunt,
1121 2116 1181 2165 ut
1205 2128 1312 2182 pro
1359 2112 1694 2168 obedientia
1747 2129 1879 2167 mea
1910 2129 2063 2167 com-

456 2202 632 2271 pleta,
650 2200 800 2255 hanc
822 2199 921 2254 des
942 2199 1085 2254 mihi
1104 2200 1552 2254 retributionem
1573 2203 1634 2254 ut
1660 2216 1753 2254 me
1778 2200 1848 2254 de
1873 2204 2063 2257 morte

456 2287 683 2355 educas,
714 2289 772 2341 et
802 2287 1005 2343 tandiu
1046 2288 1457 2358 exspectabunt
1504 2288 1690 2342 donec
1736 2288 1887 2342 hanc
1918 2288 2063 2342 mihi

451 2374 893 2433 retributionem
942 2374 1149 2442 facias;
1188 2378 1247 2428 et
1273 2374 1353 2430 sic
1382 2375 1623 2430 tandem
1650 2392 1722 2430 ea
1762 2376 2063 2431 occasione

454 2461 559 2516 tibi
569 2461 786 2532 jugiter
802 2460 1249 2530 conﬁtebuntur,
1259 2461 1513 2533 ideoque
1527 2463 1771 2535 dignum
1787 2467 1872 2519 est
1889 2467 1949 2519 ut
1970 2479 2062 2519 me

463 2549 534 2607 de
565 2548 824 2605 custodia
856 2549 1085 2605 educas.

929 2636 998 2689 IN
1026 2635 1353 2693 PSALMUM
1383 2636 1579 2692 CXLII.

524 2725 739 2783 Titulus
756 2725 1058 2785 centesimi
1077 2725 1505 2797 quadragesimi
1528 2727 1785 2784 secundi.
1810 2729 2065 2786 Psalmus

453 2812 654 2879 David,
697 2813 910 2885 quando
946 2830 1063 2868 eum
1095 2815 1503 2886 persequebatur
1543 2816 1687 2883 ﬁlius
1714 2834 1861 2873 suus.
1898 2817 2064 2881 Quod

453 2903 531 2958 sic
559 2902 883 2972 exponitur.
915 2900 1167 2956 Psalmus
1193 2902 1297 2957 iste
1323 2906 1410 2957 est
1433 2902 1634 2971 David,
1668 2903 1727 2958 id
1758 2907 1843 2960 est
1874 2904 2062 2962 fidelis

453 2989 802 3061 paenitentis,
825 2991 885 3044 et
895 2989 1022 3059 jam
1052 2989 1129 3043 sic
1162 2990 1405 3045 viriliter
1443 2993 1686 3061 agentis.
1728 2993 1879 3048 Licet
1905 2994 2063 3064 prius

452 3052 571 3132 non
623 3052 861 3133 viriliter
888 3052 1094 3147 egerit,
1127 3078 1267 3132 dum
1322 3078 1382 3132 in
1417 3052 1651 3149 peccato
1692 3080 1821 3148 fuit,
1855 3052 2058 3150 D-avid,
2085 3052 2133 3112 C

452 3164 715 3235 inquam,
764 3163 1094 3235 paenitentis
1138 3164 1401 3235 psalmus,
1432 3166 1784 3237 compositus
1822 3170 2057 3240 quando,

454 3252 517 3307 id
539 3256 626 3309 est
644 3250 780 3324 quia
783 3252 1196 3323 persequebatur
1214 3269 1333 3305 eum
1352 3253 1498 3321 ﬁlius
1519 3270 1667 3321 suus,
1694 3255 1751 3310 id
1779 3260 1864 3310 est
1885 3273 2061 3327 prava

450 3340 764 3411 suggestio,
796 3339 990 3394 oriens
1020 3356 1088 3394 ex
1117 3341 1532 3395 consuetudine
1564 3343 1782 3414 peccati
1819 3344 1947 3414 jam
1980 3344 2060 3399 di-

451 3427 630 3481 missi.
659 3425 795 3489 Quaa
826 3425 974 3479 filius
1003 3426 1125 3495 ejus
1183 3426 1421 3492 dicitur,
1453 3444 1522 3483 eo
1555 3430 1712 3500 quod
1740 3447 1806 3485 ex
1837 3431 2057 3502 fragili-

453 3516 573 3568 tate
619 3515 838 3567 naturaa
869 3512 990 3582 ejus
1020 3512 1232 3567 vitiatae
1262 3515 1547 3585 procedit,
1579 3518 1724 3572 sicut
1754 3518 1904 3572 filius
1933 3519 2057 3590 qui-

451 3602 592 3657 libet
619 3618 687 3656 ex
717 3604 878 3672 patre
901 3601 1218 3656 secundum
1251 3603 1538 3675 originem
1568 3607 1757 3660 carnis
1774 3608 2052 3679 procedit.

451 3691 531 3747 Ac
562 3689 607 3743 si
638 3688 824 3743 dicat:
858 3689 986 3745 Haec
1028 3691 1161 3743 sunt
1189 3690 1365 3745 verba
1395 3692 1841 3765 eujuslibetjam
1872 3696 2057 3766 pceni-

453 3777 625 3833 tentis
671 3780 729 3831 et
779 3793 815 3830 a
845 3780 1079 3848 peccato
1134 3778 1428 3845 cessantis,
1463 3797 1591 3851 quae
1636 3798 1708 3836 ea
1758 3783 2055 3840 occasione

449 3866 695 3937 profert,
715 3863 869 3935 quia,
888 3863 1020 3917 licet
1038 3863 1167 3934 jam
1198 3868 1503 3936 peccatum
1535 3868 1840 3937 dimiserit,
1858 3875 2055 3929 tamen

451 3971 518 4008 ex
539 3953 665 4024 ipsa
683 3951 897 4023 peccati
915 3951 1133 4005 dimissi
1149 3953 1562 4009 consuetudine
1576 3958 1866 4028 suggestin
1881 3977 2057 4030 prava

452 4040 762 4105 suboritur,
794 4054 922 4109 qua:
952 4054 1086 4091 eum
1115 4039 1504 4110 persequitur,
1523 4044 1581 4095 et
1613 4059 1747 4098 eum
1771 4044 1845 4099 ad
1868 4046 2053 4116 ipsum

452 4129 754 4200 peccatum
783 4142 1018 4189 rursum
1064 4126 1364 4197 impellere
1419 4129 1639 4185 nititur.
1675 4131 2057 4190 Considerans

453 4217 655 4269 autem
679 4212 984 4284 pmnitens,
1002 4212 1059 4267 in
1075 4213 1171 4282 huj
1183 4215 1406 4269 usmodi
1421 4218 1835 4285 persecutionis
1860 4221 2055 4276 anxie-

2161 542 2262 598 spe
2293 525 2616 598 adeptionis
2646 525 2720 581 ad
2747 524 3035 580 orandum
3065 524 3338 578 attrahat.

2230 614 2478 682 Domine,
2502 612 2698 668 exaudi
2718 614 3015 667 orationem
3033 628 3223 680 meam;
3248 628 3313 668 ac
3331 612 3376 667 si
3398 613 3553 669 dicat
3579 631 3591 667 :
3625 615 3775 671 Cum

2162 717 2270 773 ego
2294 701 2421 772 jam
2440 700 2745 772 pcenitens,
2765 703 2822 754 te
2849 701 3031 753 Deum
3052 716 3250 755 meum
3281 716 3402 755 esse
3417 705 3779 774 reputem,et

2163 804 2279 843 non
2301 806 2394 844 me
2423 790 2672 845 liberum
2713 804 2913 843 meum
2939 788 3170 855 faciam,
3209 789 3311 844 sed
3332 806 3426 844 me
3456 791 3565 845 tibi
3589 792 3776 863 subji-

2161 877 2333 945 ciam,
2366 880 2447 944 tu,
2480 876 2730 944 Domine,
2754 876 2951 931 exaudi
2973 879 3267 932 orationem
3299 895 3493 945 meam,
3523 882 3585 934 ut
3610 881 3775 952 quod

2163 982 2198 1020 a
2224 969 2280 1020 te
2312 967 2538 1035 postulo
2569 965 2984 1037 impetrem.Et
3001 968 3214 1037 percipe
3237 967 3463 1022 auribus
3493 969 3772 1038 potentiae

2161 1055 2273 1108 tua:
2289 1053 2697 1116 obsecrationem
2723 1069 2920 1121 meam,
2935 1052 2997 1109 id
3012 1055 3097 1108 est
3112 1054 3248 1109 audi
3265 1054 3577 1111 efficaciter
3601 1057 3770 1112 obse-

2158 1141 2478 1197 crationem
2518 1158 2733 1209 meam,
2766 1158 2802 1196 a
2829 1141 3205 1197 similitudine
3238 1143 3624 1211 audientium,
3661 1146 3765 1217 qui

2160 1230 2345 1284 verbis
2366 1247 2493 1302 quae
2504 1230 2753 1285 libenter
2773 1229 3034 1300 audiunt,
3055 1247 3222 1286 aures
3248 1231 3556 1303 diligenter
3570 1233 3772 1288 adver-

2160 1320 2311 1385 tunt,
2327 1321 2388 1373 ut
2407 1335 2475 1372 ea
2494 1317 2837 1390 percipiant,
2857 1322 2916 1374 et
2930 1322 3207 1390 percepta
3226 1320 3770 1391 compleant.Aures

2161 1406 2392 1461 Domini
2405 1406 2895 1474 dicit,facultatem
2911 1408 3182 1477 potentiae
3194 1406 3481 1463 efficiendi
3491 1408 3598 1463 hoc
3612 1409 3767 1481 quod

2161 1508 2195 1547 a
2224 1494 2469 1549 Domino
2512 1493 2782 1565 poscitur.
2815 1493 3129 1549 Orationem
3174 1494 3331 1549 illam
3363 1495 3499 1551 dicit
3527 1496 3772 1567 depreca-

2161 1584 2376 1648 tionem,
2418 1599 2545 1654 quae
2573 1582 2637 1636 fit
2669 1583 2794 1637 sine
2824 1583 3187 1654 adjuratione
3216 1584 3429 1656 aliqua,
3456 1585 3769 1640 obsecratio-

2159 1684 2280 1725 nem
2302 1686 2437 1725 vero
2462 1688 2590 1742 quae
2611 1672 2675 1725 fit
2699 1672 2859 1743 quasi
2892 1689 3023 1726 cum
3052 1672 3437 1742 adjuratione,
3453 1690 3581 1744 qua:
3613 1674 3767 1728 vide-

2160 1758 2294 1811 licet
2306 1775 2371 1812 ex
2387 1758 2801 1814 vehementiori
2816 1759 3099 1814 desiderio
3117 1760 3240 1814 fieri
3257 1761 3549 1823 solet.Non
3565 1766 3765 1817 tamen

2163 1845 2473 1902 dicendum
2501 1849 2588 1901 est
2610 1850 2673 1901 ut
2693 1847 2765 1901 ad
2788 1848 2968 1902 Deum
2990 1847 3113 1902 ﬁeri
3135 1849 3763 1921 possitadjuratio,sed,

2163 1949 2294 1987 cum
2341 1950 2477 1988 eum
2505 1949 2609 2004 per
2651 1934 2860 1989 merita
2886 1935 3117 1990 Domini
3155 1936 3285 1991 Jesu
3315 1954 3567 2005 oramus,
3602 1955 3768 1993 more

2164 2021 2559 2093 adjurantium
2585 2038 2716 2076 cum
2748 2039 2816 2077 eo
2844 2022 3090 2094 agimus,
3125 2024 3232 2079 hoc
3262 2028 3456 2080 autem
3489 2028 3643 2098 quod
3673 2028 3767 2081 hic

2165 2108 2610 2164 indeterminate
2642 2110 2808 2180 ponit
2830 2112 3028 2165 exaudi
3065 2115 3354 2167 orationem
3383 2122 3432 2166 et
3460 2115 3771 2171 obseCratio-

2163 2214 2302 2266 nem,
2335 2197 2393 2250 in
2445 2199 2819 2268 sequentibus
2869 2199 3219 2254 determinat
3266 2201 3362 2254 ubi
3394 2202 3559 2272 ponit
3591 2220 3603 2256 :
3639 2202 3770 2258 Non

2164 2291 2391 2352 avertas,
2446 2289 2579 2352 etc.,
2622 2302 2801 2358 usque
2854 2287 2949 2354 ad,
3000 2290 3215 2357 spiritus
3266 2296 3404 2343 tuus.
3440 2289 3586 2353 Quia
3631 2307 3770 2346 vero

2165 2372 2387 2428 dixerat
2407 2375 2842 2442 obsecrationem,
2873 2375 3112 2430 denotat
3142 2393 3201 2431 se
3246 2377 3565 2447 obsecrare,
3594 2379 3654 2433 id
3684 2383 3774 2434 est

2165 2462 2327 2532 quasi
2349 2477 2479 2516 cum
2504 2462 2866 2532 adjuratione
2881 2478 3069 2532 orare,
3084 2481 3213 2520 cum
3236 2466 3428 2521 subdit
3448 2468 3506 2522 in
3526 2469 3768 2523 veritate.

2167 2548 2332 2613 Quod
2389 2554 2476 2604 est
2514 2550 2703 2605 dicere
2734 2567 2752 2603 :
2799 2550 3044 2607 Auribus
3090 2554 3366 2623 potentiae
3410 2558 3524 2609 tua:
3555 2557 3773 2626 percipe

2164 2636 2570 2692 obsecrationem
2591 2653 2783 2693 meam.
2812 2638 2879 2692 Et
2908 2638 3017 2694 hoc
3042 2642 3361 2711 quaeso,fac
3390 2659 3510 2697 non
3540 2643 3601 2697 in
3630 2659 3769 2698 con-

2165 2723 2517 2780 sideratione
2548 2726 2894 2781 meritorum
2927 2743 3217 2797 meorum,
3235 2733 3433 2801 utpote
3459 2746 3589 2802 quae
3611 2731 3770 2786 nulla

2166 2815 2331 2880 sunt;
2363 2812 2463 2867 sed
2512 2815 2567 2866 in
2596 2815 2815 2869 veritate
2846 2821 2961 2881 tua,
2988 2815 3047 2870 id
3094 2821 3180 2871 est
3210 2817 3268 2872 in
3300 2818 3769 2875 consideratione

2166 2901 2511 2955 meritorum
2528 2901 2780 2957 veritatis
2794 2904 2925 2970 tuae,
2941 2903 3060 2958 Filii
3080 2906 3163 2959 tui
3178 2905 3576 2978 videlicet,per
3590 2924 3768 2979 quem

2167 2988 2365 3042 omnia
2380 2988 2663 3058 promissa
2680 2992 2779 3044 tua
2800 3006 2934 3045 vera
2954 3008 3073 3046 esse
3091 3007 3217 3047 com
3224 2994 3503 3065 probasti,
3523 3012 3592 3050 ea
3615 3012 3770 3051 com-

2162 3076 2539 3148 plendo.Dico
2571 3078 2770 3134 exaudi
2796 3082 3090 3135 orationem
3123 3087 3412 3153 meam,et,
3447 3100 3580 3138 cum
3613 3085 3768 3139 nulla

2162 3164 2275 3218 sint
2290 3166 2497 3221 merita
2510 3167 2723 3235 mea,in
2743 3185 2989 3240 quorum
3006 3171 3471 3228 consideratione
3486 3190 3581 3228 me
3599 3190 3770 3228 oran-

2161 3258 2281 3312 tem
2314 3259 2606 3328 exaudias,
2639 3261 2834 3314 exaudi
2881 3278 2965 3315 me
3012 3264 3067 3315 in
3099 3270 3193 3318 tua
3226 3265 3472 3334 justitia,
3504 3266 3559 3319 id
3589 3270 3675 3320 est
3704 3268 3767 3320 in

2162 3345 2624 3403 consideratione
2650 3348 2888 3419 justitiaa
2910 3353 3046 3417 tum,
3077 3350 3198 3405 Filii
3230 3352 3311 3407 tui
3344 3352 3625 3419 videlicet,
3656 3370 3767 3424 per

2161 3433 2321 3503 cujus
2340 3438 2589 3488 mortem
2616 3440 2945 3505 peccatores
2964 3437 3767 3515 justiﬁcas,ideoquejustitia

2160 3524 2260 3575 tua
2317 3537 2421 3592 per
2450 3524 2773 3593 emphasim
2813 3524 3040 3592 dicitur,
3064 3526 3230 3595 juxta
3278 3528 3417 3599 illud
3460 3529 3761 3599 Apostoli:

2161 3632 2187 3658 α
2223 3608 2331 3673 Qui
2360 3610 2542 3664 factus
2597 3615 2684 3665 est
2736 3613 2901 3667 nobis
2945 3614 3169 3683 justitia
3445 3598 3763 3672 etfredem-

2156 3698 2277 3769 ptio
2332 3702 2390 3752 et
2434 3698 2807 3755 sanctiﬁcatio
2840 3700 2899 3771 (Ι
2938 3699 3067 3757 Cor.
3114 3719 3154 3769 ι,
3206 3706 3314 3773 30).
3347 3724 3374 3751 η
3438 3704 3656 3759 Veritas
3707 3709 3767 3759 et

2151 3786 2377 3856 justitia
2410 3787 2503 3842 hic
2561 3786 2718 3841 idem
2776 3788 3108 3859 designant,
3138 3790 3424 3846 Christum
3472 3791 3762 3861 videlicet,

2158 3874 2258 3928 sed
2308 3874 2445 3946 quia
2498 3875 2620 3929 haec
2658 3892 2783 3943 vox,
2827 3893 2956 3947 quas
3005 3880 3091 3932 est
3139 3877 3370 3947 veritas,
3396 3880 3765 3935 communior

2157 3963 2262 4027 est,
2296 3965 2460 4016 notat
2506 3963 2662 4017 enim
2718 3963 2777 4017 in
2839 3980 2909 4018 ea
2960 3968 3019 4019 et
3065 3970 3437 4035 peccatorum
3480 3968 3756 4039 justiﬁca-

2154 4050 2396 4116 tionem,
2414 4054 2471 4104 et
2479 4051 2699 4121 justam
2714 4052 3003 4107 bonorum
3029 4056 3087 4107 et
3105 4055 3393 4111 malorum
3420 4073 3754 4111 remunera-

2154 4138 2399 4206 tionem,
2460 4143 2519 4192 et
2575 4140 2973 4195 universarum
3039 4142 3495 4211 promissionum
3571 4145 3754 4199 Patris

2156 4226 2625 4298 completionem.
2659 4227 2826 4282 Ponit
2856 4245 3053 4283 vocem
3085 4230 3257 4285 aliam
3294 4248 3423 4302 quae
3453 4233 3757 4304 specialius

452 4306 572 4358 tate
599 4302 835 4390 positus,
869 4300 928 4354 in
966 4317 1088 4390 qua
1120 4304 1261 4390 post
1291 4302 1645 4372 baptismum
1678 4310 1850 4361 antea
1879 4326 2052 4380 quam
2078 4330 2130 4389 D
2156 4318 2321 4368 notat
2365 4315 2475 4369 hoc
2503 4316 2659 4387 quod
2689 4315 2762 4370 ad
2811 4317 2935 4387 ejus
2964 4319 3290 4374 orationem
3310 4300 3591 4390 pertinet,
3622 4337 3755 4376 cum

450 4388 1660 4481 peccaretvirtutumsublimitate‘fuerit,iet
1681 4395 1755 4449 ad
1774 4399 2053 4466 quantam
2080 4388 2099 4389 μ
2154 4418 2286 4456 eum
2299 4403 2587 4473 justitiam
2607 4407 2788 4458 vocat.
2815 4406 2924 4459 Per
2951 4405 3099 4461 hanc
3129 4407 3285 4461 enim
3305 4388 3503 4464 vocem
3526 4427 3654 4481 quae
3673 4413 3759 4464 est

452 4497 556 4552 per
592 4480 893 4550 peccatum
926 4476 1315 4548 dejectionem
1356 4477 1740 4570 descenderit,
1774 4486 2053 4541 contuens
2148 4482 2746 4561 justitiafdenotatur,
2774 4496 2839 4547 ut
2868 4494 3126 4566 superius
3156 4494 3424 4564 diximus,
3451 4476 3605 4568 qudd
3639 4498 3759 4570 ipse

452 4582 681 4638 quoque
712 4567 992 4635 quantam
1021 4568 1078 4619 et
1107 4581 1284 4637 quam
1317 4567 1718 4637 gravissimam
1752 4571 1927 4642 primi
1956 4589 2051 4644 pa-

450 4657 646 4710 rentes
665 4668 769 4724 pro
790 4656 1025 4723 peccato
1040 4668 1141 4706 suo
1166 4653 1514 4710 incurrerint
1530 4656 1662 4711 dam
1672 4658 2055 4727 nationem,et

453 4759 584 4799 cum
612 4741 877 4796 similiter
896 4744 1114 4812 peccet,
1135 4745 1403 4797 metuens
1428 4761 1663 4814 gravem
1680 4746 1871 4802 subire
1891 4750 2055 4805 ultio-

453 4849 611 4899 nem,
646 4833 773 4885 orat
797 4831 855 4882 et
884 4828 954 4881 de
984 4828 1200 4899 peccati
1226 4830 1567 4886 remissione
1599 4837 1657 4887 et
1678 4834 1747 4889 de
1779 4835 2052 4892 virtutem

447 4916 1093 4991 edeptione,ostendens
1105 4917 1187 4971 sui
1203 4917 1588 4988 dejectionem
1602 4925 1659 4975 et
1674 4925 2055 4995 suggestionis

451 5025 566 5064 sum
594 5006 1084 5079 persecutionem.
1111 5006 1176 5059 Et
1205 5006 1340 5077 quia
1371 5007 1508 5061 inde
1539 5010 1794 5080 patiatur
1824 5014 2054 5084 spiritus

450 5096 803 5153 anxietatem
820 5097 949 5149 orat
970 5094 1146 5149 etiam
1178 5095 1248 5149 de
1270 5096 1559 5150 bonorum
1586 5114 1827 5169 operum
1859 5117 2052 5172 perse-

447 5186 766 5253 veratione,
796 5188 853 5239 et
884 5183 956 5238 de
988 5183 1358 5238 inimicorum
1409 5186 1731 5257 ereptione,
1761 5192 1817 5243 et
1846 5190 1918 5244 de
1959 5209 2055 5247 au-

450 5272 662 5330 dienda
711 5271 1105 5327 misericordia
1136 5271 1191 5325 in
1235 5289 1430 5340 mane,
1461 5275 1830 5345 praetendens
1861 5279 2051 5348 plures

447 5378 655 5418 causas.
703 5359 909 5432 quibus
961 5359 1317 5415 exaudiatur.
1353 5361 1469 5416 Hoc
1523 5366 1716 5417 autem
1765 5368 1951 5422 totum
1982 5387 2051 5423 ea

449 5449 774 5506 intentione
800 5447 940 5503 dicit
965 5450 1026 5503 ul.
1051 5448 1211 5519 quod
1228 5448 1536 5520 desiderat,
1570 5452 1790 5509 orando
1813 5455 2047 5528 adipisci

450 5537 647 5621 possit.
690 5536 984 5593 Promittit
1015 5532 1243 5613 quoque
1272 5538 1532 5612 tandem,
1565 5557 1630 5594 ex
1663 5540 1844 5598 nimia
1874 5547 2046 5603 conli-

2155 4578 3455 4653 peccatoresjustiﬁcat.Quamjustificationem
3472 4587 3759 4657 paenitens

2155 4665 2246 4718 hic
2290 4682 2462 4720 orans
2489 4666 2724 4737 adipisci
2755 4685 2950 4723 rursus
2993 4670 3262 4739 intendit,
3286 4689 3416 4727 cum
3472 4690 3604 4729 eam
3629 4675 3756 4746 jam

2155 4755 2445 4824 peccando
2461 4755 2718 4810 amiserit
2737 4774 2896 4825 ;cum
2922 4775 3056 4813 vero
3079 4776 3209 4814 eum
3231 4760 3515 4831 justitiam
3537 4780 3760 4818 nuneu~

2155 4845 2274 4913 pat,
2287 4843 2794 4914 magisDominum
2812 4847 3041 4901 Patrem
3062 4847 3321 4903 ﬂectitad
3337 4851 3758 4907 conferendum

2159 4947 2412 5001 per_eum
2447 4932 2601 5002 quod
2632 4936 2777 4988 orat.
2810 4935 3201 5007 Aiquipollens
3226 4943 3325 4992 aut
3349 4939 3457 4994 hoc
3489 4945 3595 5008 est,
3620 4958 3683 4996 ac
3714 4942 3757 4996 si

2156 5018 2343 5073 dicat:
2371 5020 2478 5073 Per
2508 5020 2657 5075 illius
2680 5023 2890 5077 merita
2916 5040 3016 5079 oro
3042 5041 3133 5079 me
3165 5027 3417 5081 exaudiri
3450 5046 3554 5100 per
3583 5047 3759 5100 quem

2153 5106 2599 5178 promissionem
2617 5108 3045 5180 justiticationis
3064 5117 3176 5168 tum
3203 5130 3465 5169 veraccm
3498 5117 3757 5186 effecisti,

2154 5195 2273 5268 qui,
2303 5213 2433 5251 cum
2484 5199 2751 5253 omnium
2799 5216 2929 5255 vere
2960 5202 3367 5274 poenitentium
3418 5204 3758 5275 justiﬁcatio

2154 5284 2379 5353 existat,
2413 5290 2470 5341 et
2500 5287 2639 5341 mihi
2671 5289 2764 5359 pie
2785 5289 3264 5361 justilicationem
3297 5294 3562 5350 conferat
3595 5313 3608 5351 :
3645 5296 3757 5351 Oro

2150 5375 2353 5429 exaudi
2384 5392 2517 5445 me.;

2219 5463 2286 5517 Et
2311 5464 2487 5518 etiam
2510 5481 2610 5519 oro
2646 5483 2750 5520 non
2775 5469 2932 5521 intres
2963 5469 3015 5521 in
3036 5468 3309 5539 judicium
3339 5487 3459 5526 eum
3488 5488 3583 5527 me
3608 5490 3753 5528 servo

2154 5556 2265 5623 tuo,
2297 5552 2508 5608 scilicet
2562 5572 2692 5609 cum
2742 5573 2834 5611 me
2875 5575 3100 5614 servum
3161 5562 3321 5615 tuum
3544 5561 3750 5624 faciam
