4016 6030
273 313 295 372 1
308 313 409 371 383

1240 304 1599 370 EXPDSITIO
1637 312 1706 368 IN
1740 300 2079 368 ‘PSALMOS.
2125 340 2194 352 --
2232 304 2426 368 PSAL.
2470 308 2645 367 CXLII

3437 308 3578 368 {386

272 441 627 513 paenitendo,
660 438 718 495 et
734 438 805 495 de
822 441 1057 513 peccato
1084 440 1394 495 commisso
1415 440 1514 496 tibi
1547 438 1873 495 satisfacere
1896 447 1951 505 Α
1974 456 2138 506 meus,
2164 437 2222 493 id
2240 442 2325 492 est
2345 438 2492 493 ratio
2516 437 2730 492 animae
2749 453 2896 493 meae
2912 434 3282 494 considerans
3298 452 3470 509 super
3486 454 3580 492 me

271 531 576 600 cupiendo,
604 547 708 583 non
739 531 900 583 intres
932 545 1158 583 mecum
1177 529 1236 583 in
1247 530 1545 600 judicium,
1579 529 1637 583 id
1656 532 1741 582 est
1757 528 1872 582 noli

271 619 414 673 mihi
444 620 729 690 imputare
757 622 991 689 peccata
1020 635 1172 685 mea,
1195 621 1257 672 ut
1277 635 1345 672 ea
1359 618 1514 689 justo
1535 616 1752 689 judicio
1771 632 1875 687 pu-

270 707 412 777 nias,
442 724 474 761 a
494 707 870 762 similitudine
906 707 1190 779 judicum,
1213 706 1311 779 qui
1340 723 1472 761 cum
1495 722 1593 761 reo
1621 705 1879 778 quolibet

258 793 543 865 judicium
572 795 874 862 ineunt,ut
898 812 1031 850 eum
1049 795 1204 865 juste
1236 793 1680 850 damnent.Non
1692 796 1873 859 intres,

262 881 529 954 inquam,
561 885 617 937 in
641 884 911 954 judicium
940 901 1062 937 cum
1093 900 1185 938 me
1209 899 1357 939 servo
1385 890 1495 937 tuo.
1524 883 1758 937 Necesse
1790 883 1877 935 est

266 974 464 1025 autem
492 973 555 1025 ut
579 971 688 1026 hoc
709 987 896 1034 orem,
940 973 1069 1043 quia
1106 987 1213 1024 non
1240 970 1635 1042 justi/icabitur
1665 971 1724 1024 in
1752 985 1873 1023 con-

268 1065 447 1129 spectu
467 1066 555 1114 tuo
572 1062 742 1115 omnis
770 1061 968 1127 vivens,
993 1059 1051 1115 id
1078 1064 1163 1115 est
1188 1062 1378 1115 nullus
1403 1060 1595 1114 vivens
1615 1058 1873 1113 invenie-

265 1149 362 1200 tur
393 1147 916 1219 perfectejustusin
942 1147 1404 1203 consideratione
1424 1146 1663 1210 tua,etsi
1687 1146 1872 1217 justus

262 1234 517 1303 perfecte
547 1236 811 1291 videatur
842 1236 899 1290 in
920 1238 1228 1306 conspectu
1249 1252 1350 1290 suo
1381 1238 1439 1291 et
1458 1235 1520 1290 in
1558 1238 1868 1307 conspectu

262 1322 770 1379 hominum.Unde
813 1325 1153 1396 Apostolus:
1189 1347 1216 1372 ‹‹
1239 1323 1388 1378 Nihil
1428 1323 1572 1378 mihi
1598 1324 1858 1377 conscius

261 1427 411 1473 sum,
431 1411 529 1466 sed
550 1428 666 1466 non
682 1413 739 1466 in
760 1412 869 1466 hoc
895 1410 1236 1483 justiﬁcatus
1251 1428 1376 1465 sum
1392 1410 1448 1479 (Ι
1463 1408 1591 1469 Cor.
1622 1427 1693 1479 iv,
1733 1411 1809 1482 4).
1840 1432 1868 1459 ››

260 1499 342 1553 Ac
371 1499 417 1553 si
448 1499 600 1555 dicat
627 1516 641 1555 :
678 1501 752 1554 Ut
783 1500 853 1554 de
878 1517 972 1554 me
991 1504 1233 1568 taceam,
1262 1499 1360 1572 qui
1381 1503 1643 1555 mortuus
1671 1500 1870 1554 sumin

262 1587 530 1658 peccatis,
564 1587 609 1641 si
638 1604 844 1642 omnes
871 1588 997 1642 illos
1044 1588 1308 1659 accipias,
1339 1588 1436 1660 qui
1466 1605 1595 1643 vere
1618 1588 1872 1644 viventes

264 1678 398 1729 sunt
428 1675 486 1729 in
505 1674 826 1742 virtutibus,
872 1680 930 1731 et
953 1675 1091 1731 velis
1110 1675 1309 1730 omnia
1324 1692 1529 1731 eorum
1549 1676 1704 1730 mala
1721 1675 1873 1731 facta

1975 526 2347 580 huniiliatum
2366 527 2497 580 etin
2524 524 3193 591 obscuriscollocatum,a
3204 525 3581 581 similitudine

1978 614 2281 685 cujuslibet
2301 613 2597 685 amici,qui
2620 612 2963 667 incumbens
2979 629 3149 683 super
3161 613 3414 668 amicum
3432 628 3583 667 mor-

1978 705 2165 769 tuum,
2198 719 2302 774 pro
2332 702 2454 773 ejus
2498 704 2687 756 morte
2733 699 2908 755 nimis
2954 701 3238 756 anxiatur.
3273 701 3417 765 Quia
3446 717 3579 755 vero

1978 794 2169 861 posset
2186 791 2415 861 spiritus
2435 790 2654 845 anxiari
2683 806 2802 844 non
2828 806 2894 844 ex
2912 790 3208 844 voluntate
3228 789 3394 844 liberi
3423 789 3579 844 arbi-

1978 877 2091 946 trii,
2115 879 2272 951 quod
2288 879 2709 934 infructuosum
2727 881 2897 944 esset,
2913 877 3057 932 sicut
3069 876 3272 949 aliquis
3287 877 3580 933 interdum

1975 983 2043 1022 ex
2064 967 2372 1023 amissione
2398 967 2813 1039 temporalium
2841 983 2909 1022 ex
2934 966 3271 1022 necessitate
3295 965 3577 1031 anxiatur,

1972 1056 2170 1112 addit:
2201 1055 2310 1111 Cor
2346 1073 2525 1111 meum
2571 1056 2845 1111 turbatum
2869 1061 2965 1122 est,
2998 1055 3056 1109 id
3096 1058 3188 1109 est
3214 1053 3363 1110 ratio
3393 1054 3580 1110 cordis

1972 1145 2087 1200 mei
2135 1162 2202 1200 ex
2230 1144 2517 1201 anxietate
2556 1145 2788 1199 turbata
2829 1146 2933 1211 est,
2978 1160 3098 1198 non
3129 1159 3196 1197 ex
3220 1144 3577 1210 necessitate,

1971 1234 2071 1287 sed
2105 1236 2161 1288 in
2194 1251 2296 1300 me,
2340 1234 2400 1289 id
2438 1235 2526 1288 est
2570 1232 2629 1287 in
2661 1233 2958 1287 voluntate
2993 1230 3158 1286 liberi
3189 1230 3409 1286 arbitrii
3439 1231 3577 1298 mei,

1971 1321 2202 1388 scilicet,
2237 1324 2441 1392 sponte
2492 1338 2625 1376 mea
2669 1320 2806 1375 inde
2839 1319 3060 1387 anxior,
3107 1319 3353 1390 ideoque
3395 1320 3581 1392 magis

1972 1410 2201 1464 veniam
2255 1425 2619 1481 promereor.
2666 1409 2945 1463 Anxiatus
2982 1414 3056 1462 est
3078 1410 3294 1478 spiritus
3322 1425 3485 1476 meus,
3523 1410 3582 1462 et

1974 1498 2242 1552 turbatum
2304 1503 2382 1553 est
2429 1514 2517 1552 cor
2572 1513 2772 1564 meum,
2820 1495 2975 1550 idem
3022 1499 3107 1551 est
3153 1496 3487 1566 repetitum,
3518 1498 3582 1550 ut

1972 1588 2293 1658 apponeret
2310 1585 2370 1640 in
2383 1602 2499 1653 me,
2524 1584 2598 1640 ad
2612 1584 3235 1639 determinationem.A
3247 1586 3462 1639 natatus
3481 1592 3579 1650 est,

1972 1674 2472 1747 inquam,spiritus
2511 1691 2676 1741 uicus,
2707 1672 2836 1728 ideo
2878 1673 3034 1744 quod
3073 1672 3314 1726 collatus
3365 1689 3493 1727 sum
3524 1674 3583 1726 in

256 1763 412 1834 juste
426 1763 764 1835 disquirere,
790 1763 1045 1819 nullusin
1068 1764 1528 1819 consideratione
1547 1767 1870 1834 perscruta-
1894 1764 1947 1825 B
1973 1763 2226 1826 obscuris,
2250 1766 2308 1817 et
2324 1779 2442 1818 non
2471 1763 2658 1817 solum
2686 1760 2989 1816 occasione
3006 1760 3175 1831 hujus
3188 1760 3580 1815 collocationis

262 1850 440 1906 tionis
470 1851 674 1931 turrita
679 1852 870 1922 justus
895 1852 1239 1921 invenietur,
1262 1853 1322 1907 in
1340 1869 1452 1925 quo
1478 1854 1661 1908 multa
1674 1869 1871 1924 pecca-

262 1941 457 1993 torum
490 1941 716 1994 macula
750 1956 867 1995 non
898 1940 1254 2012 reperiatur;
1282 1940 1527 2012 ideoque
1560 1940 1749 2012 potius
1774 1958 1868 1996 me

261 2030 561 2082 mortuum
592 2027 650 2082 in
692 2028 942 2100 peccatis
965 2027 1137 2082 nimis
1167 2044 1395 2083 necesse
1426 2031 1511 2085 est
1538 2029 1766 2097 timere,
1795 2046 1867 2084 ne

260 2130 491 2169 mecum
526 2115 584 2169 in
601 2115 885 2187 judicium
905 2115 1254 2171 intres.Nam
1275 2116 1319 2171 si
1336 2117 1868 2189 intrares,mejusto

258 2202 472 2272 judicio
502 2203 625 2258 sine
657 2204 771 2257 fine
806 2203 1055 2276 punires.
1082 2202 1207 2259 Non
1227 2207 1407 2271 intres,
1439 2204 1869 2276 inquam.Quod

264 2307 475 2362 nempe
515 2307 584 2344 ea
616 2291 916 2346 occasione
977 2308 1101 2359 oro,
1156 2295 1538 2363 quiainimieus
1586 2294 1867 2362 diabolus,

262 2379 475 2433 scilicet
499 2381 583 2434 vel
611 2380 903 2450 suggestio
934 2395 1130 2450 prava,
1157 2386 1462 2451 persecutus
1509 2391 1584 2435 est
1625 2383 1869 2438 animam

264 2472 455 2533 meam,
483 2468 894 2522 instimulando
927 2484 1057 2523 eam
1089 2470 1160 2522 ad
1186 2474 1439 2540 peccata.
1457 2471 1522 2524 Et
1543 2488 1658 2525 non
1690 2472 1872 2525 inefﬁ-

264 2556 473 2609 caciter
504 2560 587 2610 est
641 2560 988 2629 persecutus,
1044 2558 1143 2611 sed
1196 2574 1273 2611 διο
1325 2558 1486 2629 quod
1529 2559 1869 2631 adignitate

265 2644 581 2698 sanctitatis
596 2663 711 2699 suae
729 2645 1062 2707 bumiliavit,
1080 2645 1136 2698 id
1155 2649 1240 2698 est
1259 2645 1469 2716 dejecit
1488 2650 1653 2701 vitam
1672 2666 1866 2716 meam,

260 2730 317 2785 id
340 2735 424 2785 est
441 2732 697 2787 animam
725 2749 939 2800 meam,
968 2749 1095 2805 quas
1121 2722 1277 2803 prius
1302 2735 1738 2806 peremphasim
1759 2737 1870 2791 vita

262 2819 507 2874 dicenda
535 2825 675 2875 erat.
706 2821 1575 2892 Humiliavit,inquam,animam
1589 2840 1869 2879 consensu

264 2924 440 2979 pravo
479 2911 537 2961 et
582 2910 950 2979 operatione;
980 2912 1216 2965 animam
1267 2910 1394 2965 dico
1445 2912 1783 2966 existentem
1813 2916 1868 2966 in

1970 1854 2220 1908 anxietas
2250 1856 2327 1907 est
2371 1853 2594 1922 spiritus
2635 1865 2804 1916 meus,
2852 1849 2956 1904 sed
2995 1848 3130 1904 ideo
3178 1865 3405 1921 quoque
3445 1849 3581 1921 quia

1969 1955 2102 1994 cum
2128 1939 2205 1993 sic
2235 1938 2569 1993 humiliatus
2599 1953 2784 1992 essem
2811 1939 2870 1991 et
2899 1939 2953 1990 in
2983 1936 3211 1992 obscuris
3247 1937 3575 2006 collocatus,

1970 2043 2173 2083 memor
2200 2027 2295 2099 fui
2318 2026 2529 2081 dierum
2568 2027 2929 2097 antiquorum,
2961 2024 3019 2079 id
3052 2029 3137 2080 est
3156 2024 3436 2079 virtutum
3470 2042 3574 2080 an-

1970 2117 2288 2188 tiquarum,
2340 2132 2505 2186 quas,
2558 2114 2982 2169 scilicet~antea
3028 2130 3204 2186 quam
3271 2129 3577 2185 peccarem

1970 2205 2292 2259 habueram
2309 2208 2367 2258 et
2382 2202 2681 2275 peccando
2694 2203 3029 2269 amiseram,
3046 2219 3173 2274 quae
3196 2206 3435 2275 propter
3461 2204 3572 2256 cla-

1971 2294 2156 2348 ritatis
2181 2310 2294 2347 sua:
2325 2292 2798 2364 magnitudinem
2846 2291 2965 2346 dics
2993 2292 3250 2347 dicendte
3293 2295 3446 2347 sunt.
3480 2291 3576 2345 Vei

1971 2381 2101 2436 ideo
2131 2384 2381 2436 anxiatus
2406 2397 2554 2447 sum,
2583 2380 2720 2451 quia
2744 2397 2944 2433 memor
2960 2381 3051 2449 fui
3096 2379 3301 2435 dierum
3330 2382 3571 2451 antiquo-

1970 2485 2111 2533 rum,
2139 2471 2197 2524 id
2224 2474 2309 2524 est
2334 2470 2681 2524 memoriam
2712 2469 2887 2523 habui
2920 2469 3067 2523 illius
3089 2469 3310 2539 reiquae
3338 2468 3553 2539 contigi

1971 2560 2028 2613 in
2062 2559 2313 2630 antiquis
2347 2558 2573 2624 diebus,
2630 2557 2847 2612 scilicet
2877 2574 3051 2628 quam
3114 2557 3368 2627 graviter
3402 2556 3575 2626 primi

1969 2649 2239 2718 parentes
2260 2650 2503 2717 propter
2518 2649 2815 2718 peccatum
2838 2662 3002 2700 suum
3036 2645 3297 2700 damnati
3322 2644 3573 2701 fuerunt.

1972 2735 2189 2787 Etcum
2230 2735 2413 2788 simile
2441 2734 2580 2805 quid
2614 2750 2871 2803 agerem,
2924 2733 3102 2787 metui
3134 2733 3383 2803 graviter
3412 2732 3574 2786 dam-

1971 2823 2117 2877 nari.

2042 2913 2164 2966 Non
2194 2913 2381 2966 solum
2427 2915 2621 2966 autem
2648 2928 2849 2969 memor
2876 2911 2967 2982 fui
2982 2911 3186 2965 dierum
3210 2912 3574 2983 antiquorum,

269 3003 437 3066 terra,
472 2996 526 3050 id
574 2997 734 3051 estin
767 2999 1025 3070 appetitu
1057 3002 1444 3066 terrenorum,
1471 3000 1703 3070 scilicet,
1735 3018 1865 3056 cum
1886 3039 1934 3099 Ο
1968 3001 2066 3055 sed
2097 3002 2272 3056 etiam
2296 3001 2595 3055 occasione
2624 3000 2790 3072 hujus
2815 3000 3436 3067 mcmorim,1neditatus
3457 3019 3576 3056 sum

259 3085 419 3156 prius
441 3086 563 3139 sola
593 3086 839 3140 caelestia
885 3103 987 3157 per
1016 3087 1251 3141 virtutes
1281 3093 1598 3160 appeteret,
1630 3105 1665 3144 a
1692 3091 1864 3145 subli-

263 3173 469 3227 mitate
500 3173 648 3227 illius
671 3174 958 3247 appetitus
978 3192 1108 3229 eam
1138 3176 1372 3231 virtutes
1389 3177 1439 3231 ci
1458 3178 1746 3232 demendo
1774 3178 1867 3233 de-

252 3261 416 3332 jecit,
450 3265 509 3316 et
529 3260 602 3316 ad
623 3264 744 3317 sola
774 3266 1006 3318 terrena
1034 3265 1360 3335 appetenda
1402 3265 1637 3321 adduxit
1668 3284 1682 3335 ;
1710 3268 1866 3339 quod

265 3352 421 3403 certe
452 3366 569 3405 non
600 3349 975 3406 mediocriter
996 3353 1377 3422 periculosum
1399 3356 1504 3419 est,
1544 3370 1578 3408 a
1600 3353 1862 3408 similitu-

262 3436 396 3491 dine
428 3441 611 3511 captze
644 3439 779 3505 avis,
812 3439 901 3493 eui
933 3455 1141 3509 penum
1173 3440 1504 3508 demuntur,
1538 3444 1601 3496 ut
1632 3440 1688 3496 in
1709 3445 1864 3498 terra

261 3526 516 3593 detenta,
536 3527 869 3582 facultatem
890 3528 1120 3583 volandi
1133 3528 1206 3582 ad
1227 3529 1494 3583 sublimia
1510 3547 1627 3585 non
1653 3531 1866 3586 habeat

259 3615 638 3673 ulterius.Nec
650 3617 837 3671 solum
858 3620 1052 3671 autem
1071 3619 1311 3672 animam
1328 3633 1499 3673 meam
1512 3634 1790 3674 consensu
1808 3623 1866 3675 et

258 3706 412 3758 mala
428 3704 763 3775 operatione
773 3705 1207 3772 humiliavit,sed
1218 3705 1394 3760 etiam
1406 3708 1862 3763 mebumiliatum

260 3792 561 3858 collocavit,
594 3793 654 3847 id
683 3797 776 3847 est
803 3793 1051 3847 firmiter
1077 3793 1344 3848 stabilivit
1371 3810 1474 3866 per
1497 3798 1865 3852 consuetudi-

257 3897 395 3935 nem
422 3898 660 3953 pravam
696 3884 752 3935 in
807 3883 1064 3950 obscuris,
1120 3882 1177 3936 id
1207 3885 1291 3936 est
1320 3882 1378 3936 in
1426 3883 1862 3942 obscuritatibus

256 3972 647 4040 peccatorum,
672 3986 805 4025 cum
847 3975 1019 4025 antea
1069 3987 1252 4025 essem
1300 3970 1359 4024 in
1393 3971 1573 4025 nimia
1601 3973 1858 4030 claritate

254 4060 550 4114 virtutum.
573 4057 736 4122 Quod
759 4062 845 4113 est
862 4058 1051 4114 dicere
1076 4058 1258 4113 :Fecit
1276 4074 1368 4113 me
1390 4062 1660 4114 consuete
1686 4078 1858 4133 agere

254 4151 508 4218 peccata,
536 4163 602 4201 ex
633 4147 836 4218 quibus
867 4147 1113 4219 peccatis
1141 4146 1214 4201 ad
1246 4146 1487 4203 nimiam
1503 4148 1861 4205 obscuratio-

255 4251 390 4289 nem
425 4234 765 4305 ignorantia:
790 4235 990 4289 deveni
1023 4253 1039 4288 :
1071 4233 1387 4303 Collocavit,
1410 4236 1669 4309 inquam,
1701 4255 1782 4293 me
1802 4242 1858 4294 in

1968 3091 2026 3144 in
2053 3089 2297 3145 omnibus
2328 3089 2565 3160 operibus
2596 3092 2719 3156 tuis,
2742 3089 2799 3143 id
2830 3093 2916 3143 est
2943 3089 3384 3144 meditationem
3397 3088 3573 3144 habui

1967 3177 2026 3232 in
2052 3177 2323 3233 omnibus
2353 3176 3137 3249 operibustuiscomplendis,
3160 3176 3570 3232 scilicetmedi-

1965 3267 2117 3320 tatus
2145 3265 2598 3337 sum,quomodo
2627 3266 2828 3321 omnia
2854 3277 3033 3338 opera
3062 3268 3162 3320 tua
3189 3266 3566 3336 complerem.

1964 3354 2034 3407 Et
2058 3371 2175 3409 non
2202 3355 2388 3410 solum
2430 3354 2714 3409 meditatus
2743 3372 2881 3423 sum,
2914 3354 3077 3409 sedet
3097 3354 3318 3426 jugiter
3346 3354 3569 3409 medita-
3634 3385 3643 3399 -

1967 3442 2059 3495 bor
2106 3445 2161 3496 in
2216 3443 2573 3515 complendis
2599 3444 2759 3513 factis
2804 3460 3063 3497 manuum
3117 3450 3351 3509 tuarum,
3398 3443 3456 3499 id
3487 3446 3572 3499 est

1966 3530 2371 3602 operationum
2425 3534 2684 3600 tuarum,
2720 3530 2985 3585 videlicet
3025 3531 3355 3586 meditabor
3406 3531 3570 3603 quasi

1965 3618 2141 3673 modo
2156 3635 2333 3690 opera
2345 3619 2709 3691 faciam,quaa
2726 3618 2878 3673 facta
2889 3618 3124 3690 quidem
3138 3621 3433 3690 nequeunt
3445 3619 3571 3674 ﬁeri

1963 3704 2069 3759 nisi
2084 3722 2189 3778 per
2213 3706 2796 3778 operationcs'gratize
2812 3706 3222 3778 tuasteoque,
3245 3723 3569 3778 quaesomon

1963 3800 2123 3848 intres
2135 3810 2361 3850 mecum
2384 3797 2440 3849 in
2454 3794 2739 3866 judicium.
2757 3796 2881 3851 Non
2904 3795 3087 3850 solum
3101 3811 3235 3850 vero
3257 3795 3569 3851 meditatus

1962 3898 2088 3936 sum
2125 3885 2182 3936 et
2222 3881 2572 3951 meditabor,
2614 3882 2715 3936 sed
2752 3882 2928 3936 etiam
2968 3881 3197 3953 expandi
3216 3898 3406 3936 manus
3426 3899 3568 3937 meas

1960 3970 2018 4025 id
2049 3974 2135 4025 est
2183 3970 2400 4025 dilitavi
2456 3974 2515 4025 et
2559 3969 2789 4025 extendi
2828 3970 3159 4025 affectiones
3188 3986 3367 4039 meas,
3417 3970 3488 4024 ad
3517 3977 3567 4026 te

1959 4060 2405 4129 amplexandum
2421 4061 2481 4113 et
2508 4058 2890 4130 diligendum,
2910 4075 3029 4113 non
3057 4058 3129 4113 ad
3160 4061 3392 4113 terrena
3412 4059 3561 4113 obti-

1957 4147 2169 4203 nenda.
2205 4147 2368 4211 Quod
2393 4150 2479 4202 est
2502 4147 2692 4202 dicere
2722 4163 2735 4201 :
2768 4148 2994 4201 lntense
3025 4163 3120 4201 me
3140 4147 3457 4218 praeparavi
3489 4146 3564 4202 ad

1956 4238 2013 4290 te
2026 4234 2447 4307 diligendum,a
2461 4234 2837 4290 similitud.ne
2856 4234 3001 4289 illius
3020 4234 3115 4307 qui
3143 4235 3215 4290 ad
3233 4236 3563 4306 amplexan-

253 4323 503 4389 obscuris,
530 4338 624 4376 me
654 4322 779 4376 dico
808 4322 1021 4375 factum
1051 4324 1191 4378 sicut
1224 4329 1458 4379 mortuos
1476 4326 1740 4394 saeculi,id
1772 4332 1857 4382 est
1879 4319 1933 4379 D
1958 4324 2097 4380 dum
2156 4323 2315 4378 illum
2348 4340 2523 4396 quem
2567 4323 2732 4379 valde
2778 4324 2982 4395 diligit,
3032 4340 3237 4378 manus
3262 4324 3555 4394 expandit.

253 4413 399 4466 adeo
431 4414 724 4466 mortuum
743 4410 799 4463 in
828 4409 1025 4464 anima
1054 4409 1292 4463 sicutilli
1315 4411 1371 4463 in
1391 4414 1595 4466 smculo
1623 4414 1855 4485 quijam

253 4499 468 4553 mortui
496 4502 629 4553 sunt
659 4499 715 4552 in
768 4498 986 4566 anima,
1013 4497 1245 4565 scilicet,
1284 4498 1364 4552 ita
1388 4498 1446 4552 in
1476 4501 1723 4569 peccatis
1746 4505 1857 4557 col-

254 4587 459 4641 locavit
503 4591 563 4641 ut
598 4589 857 4641 mortuus
882 4602 1064 4641 essem
1112 4586 1257 4640 sicut
1285 4587 1477 4641 caeteri
1509 4588 1854 4660 appetitores

252 4676 422 4744 hujus
447 4677 657 4741 steculi,
687 4675 925 4747 quijam
959 4675 1017 4729 in
1045 4675 1241 4730 anima
1262 4680 1511 4730 mortem
1528 4680 1854 4734 excmcatio-

254 4762 342 4816 nis
372 4765 430 4816 et
460 4763 781 4817 amissionis
832 4766 1103 4818 virtutum
1152 4764 1536 4833 incurrerunt,
1571 4766 1627 4819 in
1659 4767 1851 4824 futuro

251 4866 385 4905 vero
416 4850 474 4904 in
494 4850 758 4905 tenebras
794 4850 1105 4905 exteriores
1136 4853 1461 4922 ejicientur.

324 4940 389 4992 Et
417 4938 692 5011 quoniam
724 4939 1053 4993 humiliatus
1071 4957 1195 4994 sum
1229 4945 1286 4995 et
1310 4942 1368 4996 in
1403 4944 1652 4998 tenebris
1673 4947 1848 5001 collo-

250 5030 431 5087 catus,
463 5027 560 5080 tali
621 5027 916 5081 occasione
967 5031 1218 5082 amictus
1246 5038 1319 5083 est
1341 5034 1553 5100 spiritus
1592 5052 1756 5104 meus,
1792 5036 1849 5089 id

251 5119 337 5170 est
361 5115 697 5168 conturbata
722 5114 963 5169 estratio
980 5114 1211 5186 spiritus
1232 5117 1365 5182 mei,
1399 5121 1457 5171 et
1476 5127 1850 5192 coanguslata

251 5220 403 5274 super
418 5219 519 5268 me,
544 5202 600 5256 id
624 5206 708 5256 est
738 5203 807 5256 de
831 5219 923 5257 me
961 5203 1265 5258 humiliato
1298 5208 1355 5258 et
1377 5206 1433 5259 in
1460 5206 1710 5262 obscuris
1735 5213 1850 5265 col-

252 5292 457 5347 locato.
485 5289 647 5353 Quod
675 5294 761 5344 est
784 5290 973 5344 dicere
1003 5307 1016 5344 :
1040 5290 1282 5345 Ratione
1327 5308 1459 5347 mea
1481 5295 1850 5351 considerans

252 5398 346 5438 me
366 5380 443 5434 sic
673 5378 1035 5433 humiliatum
1059 5378 1186 5433 etin
1209 5380 1464 5435 obscuris
1483 5382 1848 5454 collocatum,

254 5469 495 5528 nimiam
519 5467 653 5522 inde
695 5466 751 5521 in
780 5467 974 5521 anima
1008 5467 1179 5522 habui
1219 5469 1590 5529 anxietatem.
1619 5472 1718 5528 Vel
1744 5474 1845 5539 sic,

248 5563 317 5627 ut
345 5562 538 5615 tamen
561 5555 850 5611 sententia
878 5556 1082 5615 eadem
1105 5556 1177 5617 sit
1208 5574 1222 5616 :
1254 5558 1613 5619 Amiatusest
1631 5564 1847 5637 spiritus

538 5656 772 5715 Parcet.
803 5652 955 5716 CLII.

1954 4412 2228 4484 Expantli,
2276 4413 2535 4484 inquam,
2600 4430 2791 4465 manus
2832 4430 2972 4466 meus
3025 4412 3096 4466 ad
3144 4420 3209 4466 te.
3268 4413 3333 4465 Et
3372 4413 3558 4467 adhuc

1954 4505 2135 4555 anima
2165 4518 2281 4556 mea
2314 4502 2412 4555 tibi
2437 4501 2640 4569 inhiat,
2683 4505 2741 4555 et
2770 4505 2824 4556 te
2852 4501 3085 4572 adipisci
3137 4501 3444 4569 desiderat,
3478 4502 3558 4557 ita

1953 4590 2328 4644 vehementer
2357 4593 2489 4644 sicut
2520 4597 2658 4644 terra
2689 4592 2801 4643 sine
2823 4607 2960 4661 aqua
3004 4606 3167 4661 aqua:
3212 4589 3413 4659 inhiat;
3443 4608 3559 4662 qua

1953 4677 2145 4732 satiari
2177 4678 2339 4732 valde
2366 4678 2672 4733 desiderat.
2710 4678 2875 4742 Quod
2907 4681 2992 4732 est
3020 4679 3209 4733 dicere
3238 4695 3250 4733 :
3291 4679 3367 4732 'l‘e
3383 4679 3556 4732 nimis

1954 4764 2156 4836 diligo,
2183 4766 2284 4819 tibi
2306 4767 2410 4821 soli
2443 4767 2740 4822 adhaerere
2770 4766 2959 4840 cupio.
3008 4767 3293 4832 Quoniam
3328 4783 3465 4837 ergo
3493 4767 3551 4821 in

1954 4854 2220 4926 Operibus
2247 4854 2356 4908 tuis
2382 4854 2689 4909 meditatus
2719 4873 2868 4922 sum,
2893 4860 2950 4910 et
2974 4857 3045 4910 ad
3070 4861 3125 4910 te
3157 4872 3362 4910 manus
3395 4871 3554 4909 meas

1951 4942 2218 5015 cxpandi,
2250 4941 2449 4997 exaudi
2468 4960 2571 5010 me,
2590 4943 2842 5011 Domine,
2872 4949 2935 4999 ut
2957 4946 3220 5001 conferas
3245 4943 3401 5016 quod
3425 4960 3551 5007 oro,

1950 5035 2008 5086 et
2037 5032 2144 5085 hoc
2172 5030 2434 5097 velociter,
2457 5030 2515 5084 id
2532 5032 2888 5086 estindilate.
2910 5034 2975 5087 Et
2995 5033 3235 5105 dignum
3259 5037 3343 5088 est
3367 5036 3427 5086 ut
3456 5049 3551 5087 me

1949 5119 2239 5187 exaudias,
2264 5136 2398 5173 nam
2427 5119 2555 5189 jam
2595 5118 2784 5188 defecit
2817 5120 2875 5174 in
2928 5138 3021 5176 me
3049 5125 3268 5192 spiritus
3294 5138 3461 5190 meus,
3493 5120 3550 5176 id

1950 5213 2037 5263 est
2064 5210 2328 5263 voluntas
2350 5207 2584 5279 spiritus
2609 5209 2745 5275 mei,
2779 5208 2875 5263 illa
2889 5210 3170 5280 videlicet,
3194 5228 3320 5284 quas
3339 5229 3405 5265 ex
3425 5226 3554 5264 car-

1950 5297 2039 5350 nis
2068 5296 2378 5367 fragilitate
2412 5295 2551 5349 mihi
2574 5297 2967 5368 contingebat.
3002 5299 3165 5362 Quod
3187 5305 3272 5355 est
3302 5301 3492 5355 dicere
3534 5314 3548 5355 :

1949 5384 2046 5439 Vol
2056 5386 2315 5437 untatem
2330 5382 2654 5454 fragilitatis
2669 5400 2813 5437 mea)
2833 5388 3120 5456 postposui
3133 5393 3211 5455 ,et
3223 5388 3295 5443 ad
3308 5387 3556 5445 nihilum

1957 5489 2088 5529 eam
2119 5471 2340 5542 redegi,
2365 5473 2423 5525 et
2452 5473 2563 5525 tuae
2588 5471 2865 5527 voluntati
2894 5473 3283 5545 adimplenda:
3314 5476 3552 5532 adhaesi.

1954 5560 2280 5626 Notandum
2307 5560 2463 5638 quod
2494 5559 2631 5619 dicit
2658 5559 2900 5619 velociter
2922 5562 3120 5623 exaudi
3154 5580 3256 5631 me,
3284 5565 3440 5621 idem
3468 5569 3561 5635 est

3206 5662 3282 5743 ea
