4016 6030
517 264 650 333 I387
1078 266 1137 338 s.
1178 262 1522 335 BRUNONIS
1563 260 2712 355 marausmo‘mmgNSmU'roms
2754 274 2908 344 om».
2946 266 3126 344 ms
3159 275 3203 345 ἰ.
3685 280 3841 350 iass

509 404 661 476 quod
707 417 964 475 superius
1023 405 1247 475 posmt,
1288 404 1541 471 Domine,
1587 405 1778 459 exaudi
1813 409 2102 461 orationem
2148 431 2202 491 Α
2228 407 2419 477 debes,
2442 427 2472 463 ο
2502 408 2760 475 Domine;
2792 427 2932 467 nam
2971 413 3041 466 ad
3072 420 3121 466 te
3144 411 3369 483 con/agi
3392 410 3727 485 pmnitendo
3772 421 3841 472 et

517 509 719 561 meam,
753 495 852 549 sed
878 494 1008 548 ideo
1025 495 1334 565 repetitum
1353 496 1437 547 est
1454 499 1581 564 post
1604 496 2116 567 multaminterpo-
2221 499 2461 553 orando.
2497 499 2643 563 Quia
2667 517 2801 555 vero
2828 517 2945 555 non
2966 501 3254 557 sufficeret
3282 503 3354 556 ab
3380 503 3631 559 inimicis
3656 508 3833 578 eripi,

508 581 801 650 sitionem,
829 586 890 637 ut
921 582 1156 636 tandem
1185 586 1436 652 exponat
1450 598 1553 653 per
1577 586 1770 653 partes
1791 585 2114 639 orationem
2216 585 2322 640 nisi
2353 586 2527 641 etiam
2570 588 2642 642 sit
2688 588 2836 643 bene
2877 589 3128 660 operari,
3174 590 3298 644 doce
3328 609 3410 645 me
3440 592 3834 650 illustratione

506 686 670 725 suam
696 688 776 727 sic
851 670 1069 724 Exaudi
1110 686 1215 737 me,
1265 686 1527 741 mquam,
1578 671 1835 739 velociter,
1876 691 1957 726 me
1986 673 2111 728 dico
2213 674 2414 743 gratiae
2433 678 2566 743 tuae,
2588 677 2763 745 facere
2789 677 3120 732 voluntatem
3144 685 3313 745 tuam,
3334 678 3394 734 id
3419 684 3504 734 est
3529 684 3831 754 complere

507 759 585 813 sic
627 763 891 814 orantem
918 775 931 812 :
962 758 1091 812 Non
1119 765 1322 811 avertas
1347 759 1544 826 faciem
1585 766 1755 825 tuam,
1779 761 1838 814 id
1870 765 1955 815 est
1984 762 2111 832 pul—
2209 767 2498 835 praecepta
2521 767 2639 819 tua.
2675 766 2743 819 Et
2762 765 2893 821 ideo
2928 770 2982 821 te
3016 783 3118 821 oro
3146 770 3211 822 ut
3264 767 3490 837 doceas,
3521 787 3646 842 quia
3674 771 3831 828 Deus

501 846 888 900 chritudinem
919 849 1077 899 tuam
1109 864 1140 899 a
1170 863 1273 911 me,
1303 845 1558 912 virtutes,
1593 847 1805 900 scilicet
1833 864 1958 919 qua:
1978 852 2110 901 sunt
2207 867 2350 905 meus
2378 868 2429 906 es
2460 861 2535 920 tu,
2574 853 2807 919 scilicet,
2843 870 2974 909 cum
3016 860 3076 909 tu
3107 856 3180 909 sis
3213 856 3452 911 Creator
3483 874 3666 925 meus,
3697 861 3827 915 sine

500 934 712 988 animm
740 934 1120 1008 pulchritudo.
1157 934 1347 987 Fames
1364 950 1469 1004 pro
1497 934 1917 1004 pulchritudine
1938 938 2103 1006 poni-
2206 954 2318 1007 quo
2350 957 2470 993 esse
2500 957 2616 995 non
2656 942 2836 1013 potui,
2861 942 2976 996 scio
3002 943 3137 1013 quia
3167 944 3292 998 sine
3323 949 3381 998 te
3408 962 3635 1017 nequeo
3669 949 3821 1002 bene

499 1025 615 1090 tur,
648 1038 716 1077 eo
748 1022 899 1094 quod
934 1022 990 1076 in
1019 1021 1163 1076 facie
1197 1022 1562 1092 pulchritudo
1586 1026 1840 1086 notetur,
1865 1028 1929 1077 a'c
1952 1024 1995 1078 si
2018 1026 2102 1079 di-
2203 1029 2452 1097 operari,
2482 1030 2726 1101 ideoque
2753 1034 2830 1097 te,
2865 1047 2968 1086 oro
2998 1032 3125 1086 doce
3151 1051 3253 1101 me,
3276 1038 3385 1088 etc.

498 1113 592 1163 cat
613 1126 627 1164 :
662 1112 907 1182 Propter
935 1110 1147 1165 merita
1170 1112 1538 1181 peccatorum
1556 1126 1591 1165 a
1611 1126 1704 1165 me
1720 1110 1927 1165 faciem
1940 1128 2101 1166 aver-
2274 1116 2599 1172 Notandum
2613 1119 2767 1189 quod
2780 1119 2935 1173 idem
2949 1123 3036 1175 est
3050 1121 3174 1175 doce
3186 1139 3268 1175 me
3279 1123 3816 1191 facerevoluntatem,

497 1198 638 1266 tisti,
679 1199 737 1254 id
764 1202 849 1254 est
897 1198 1389 1271 pulchritudinem
1441 1197 1715 1253 virtutum
1761 1216 1887 1270 qua:
1917 1216 2021 1271 per
2044 1206 2100 1256 te
2201 1206 2259 1257 et
2279 1204 2433 1275 quod
2459 1206 2716 1277 superius
2747 1206 2998 1277 positum
3037 1211 3142 1275 est,
3169 1217 3353 1263 notam
3375 1211 3469 1279 [ac
3508 1212 3641 1265 mihi
3670 1215 3820 1266 viam

492 1285 685 1342 datur.
720 1288 1005 1343 Craterum
1048 1287 1182 1358 quia
1212 1286 1336 1357 jam
1393 1303 1502 1357 ago
1554 1287 1979 1358 paenitentiam,
2036 1308 2100 1345 ne
2199 1294 2261 1347 in
2289 1308 2395 1363 qua
2412 1293 2676 1347 ambulem
2699 1294 2831 1361 ;sed
2860 1294 2934 1350 ad
2964 1295 3118 1349 aliud
3138 1297 3450 1367 repetitum
3478 1301 3585 1365 est,
3605 1298 3679 1353 ad
3702 1300 3815 1353 hoc

492 1375 732 1431 ulterius
756 1394 788 1429 a
809 1394 892 1430 me
919 1377 1114 1445 faciem
1141 1382 1367 1428 avertas.
1401 1376 1499 1429 llic
1530 1376 1699 1430 datur
1727 1378 1968 1449 intelligi
1996 1396 2099 1450 per

488 1462 754 1535 lyptoten
773 1464 951 1535 redde
977 1464 1117 1517 mihi
1151 1462 1357 1518 faciem
1383 1467 1561 1531 tuam,
1582 1482 1757 1536 quam
1781 1483 1814 1519 a
1844 1483 1939 1520 me
1969 1483 2098 1538 pro-

488 1554 621 1620 pter
646 1555 1010 1624 peccatorum
1040 1568 1305 1606 meorum
1361 1552 1789 1607 multitudinem
1823 1555 2092 1609 avertisti.

558 1640 688 1695 Non
733 1646 962 1707 avertas,
1018 1641 1279 1711 inquam,
1328 1657 1359 1693 α
1398 1657 1480 1693 me
1506 1641 1722 1709 faciem.
1754 1640 1831 1694 Et
1863 1643 1906 1695 si
1935 1659 2094 1697 aver-

2198 1380 2460 1436 videlicet
2488 1384 2549 1436 ut
2578 1382 2783 1438 innuat
2814 1399 2930 1438 non
2964 1384 3226 1439 sufﬁcere
3256 1384 3329 1439 ab
3366 1385 3617 1439 inimicis
3640 1387 3810 1457 eripi,

2197 1468 2306 1522 nisi
2333 1472 2605 1541 sequatur
2645 1471 2795 1525 bene
2826 1471 3074 1540 operari,
3127 1474 3185 1527 et
3234 1472 3369 1543 quia
3398 1474 3587 1527 nullus
3616 1477 3809 1544 potest

2194 1556 2343 1610 bene
2373 1573 2565 1627 agere,
2585 1557 2689 1611 nisi
2719 1559 2965 1613 Domino
2981 1559 3245 1615 docente.
3276 1560 3548 1615 Oratione
3576 1561 3806 1615 iactae:

2196 1645 2378 1699 nimia
2411 1646 2754 1700 certitudine
2784 1646 2952 1701 bonae
2985 1646 3805 1719 conscientim,promittitsibi

491 1730 648 1796 teris,
701 1730 887 1783 similis
932 1745 1020 1785 cro
1067 1727 1491 1781 descendentibus
1550 1732 1607 1783 in
1662 1730 1857 1797 lacum,
1898 1731 1957 1784 id
2008 1736 2095 1786 est
2120 1734 2349 1821 Bquod
2378 1734 2579 1789 oravit.
2617 1736 2800 1788 Ethoc
2818 1735 3053 1788 valetad
3069 1737 3529 1792 consolationem
3552 1737 3803 1791 aliorum

552 1818 681 1906 67
722 1817 781 1871 in
814 1816 1269 1906 profunditatem
1302 1816 1535 1906 inferni,
1564 1821 1625 1906 ut
1652 1817 1819 1871 simul
1850 1835 1980 1872 cum
2013 1821 2093 1873 eis

525 1903 854 1967 escendam,
895 1921 960 1959 ac
991 1904 1036 1958 si
1086 1904 1237 1957 dicat
1270 1921 1283 1957 :
1317 1903 1372 1957 Si
1400 1921 1432 1958 a
1466 1921 1560 1958 me
1600 1905 1810 1960 faciam
1842 1911 1996 1961 tuam
2031 1908 2087 1962 in

481 1998 767 2050 teternum
790 1993 1081 2061 averteris,
1115 1992 1169 2045 in
1185 1992 1539 2064 profundum
1570 1993 1929 2048 infernicum
1958 2012 2087 2066 pec-

478 2084 764 2139 catoribus
793 2081 1049 2136 localiter
1066 2079 1435 2143 descendam,
1457 2080 1553 2135 ubi
1577 2082 1733 2136 nulla
1746 2085 1832 2136 est
1859 2068 2085 2137 redem-

480 2172 623 2244 ptio,
643 2171 889 2242 ideoque
915 2186 1017 2224 oro
1036 2186 1142 2221 non
1170 2174 1378 2221 avertas
1396 2169 1593 2237 faciem
1627 2176 1771 2224 tuam
1793 2188 1825 2224 a
1855 2189 1955 2224 me.
1973 2172 2085 2226 Oro

479 2265 541 2315 ut
565 2261 658 2315 hic
708 2277 815 2312 non
846 2266 1054 2312 avertas
1078 2258 1296 2327 faciem,
1350 2272 1451 2310 oro
1499 2274 1727 2329 quoque
1760 2263 1821 2313 ut
1851 2262 1906 2312 in
1931 2277 2087 2314 mane

473 2350 586 2404 diei
602 2348 827 2419 judicii,
877 2347 935 2401 id
968 2349 1051 2400 est
1081 2345 1139 2400 in
1172 2344 1459 2398 matutina
1488 2347 1927 2413 resurrectione,
1956 2365 2084 2419 quae

477 2438 589 2493 erit
608 2437 666 2490 in
700 2435 948 2490 diluculo
982 2438 1192 2488 octava:
1225 2432 1360 2500 diei,
1396 2434 1577 2502 facias
1611 2435 1851 2489 auditam
1879 2438 2082 2491 miseri-

477 2525 717 2582 cordiam
744 2530 914 2590 tuam,
948 2522 1087 2576 illud
1115 2521 1380 2575 videlicet
1410 2523 1654 2576 verbum
1687 2524 2083 2579 suavissimum

474 2612 629 2685 quod
660 2611 941 2667 salvandis
973 2608 1422 2664 misericorditer
1452 2609 1626 2677 dices,
1662 2612 1817 2682 quod
1857 2613 2080 2667 miseri-

472 2701 671 2757 cordia
698 2700 923 2767 dicitur,
956 2698 1113 2772 quod
1144 2699 1255 2752 tale
1287 2698 1398 2753 erit
1427 2717 1445 2751 :
1478 2718 1509 2751 α
1539 2699 1763 2768 Venite,
1793 2701 2080 2756 benedicti

471 2791 690 2865 (Matth.
723 2807 847 2858 xxv,
872 2791 981 2858 34),
1015 2809 1042 2838 ››
1076 2791 1184 2842 etc.
1222 2785 1365 2850 Quia
1394 2803 1528 2841 vero
1562 2789 1728 2842 multi
1759 2789 2078 2845 damnandi

471 2882 545 2936 ad
571 2880 789 2935 nullam
807 2877 1115 2932 utilitatem
1140 2892 1301 2930 suam
1319 2876 1431 2929 hoc
1450 2875 1706 2944 audient,
1736 2877 1927 2932 addit:
1963 2878 2077 2934 Fac

468 2971 733 3044 inquam,
762 2967 1021 3021 auditam.
1056 2965 1123 3018 Et
1150 2964 1259 3019 hoc
1281 2964 1432 3031 milii,
1464 2964 1522 3018 id
1552 2967 1640 3018 est
1663 2965 1734 3019 ad
1768 2966 2074 3022 utilitatem

472 3076 689 3125 meam,
717 3058 797 3112 ita
824 3056 1039 3112 scilicet
1071 3057 1136 3107 ut
1174 3070 1320 3107 unus
1355 3052 1463 3107 sim
1498 3070 1566 3108 ex
1605 3053 1714 3108 illis
1744 3054 1948 3126 quibus
1968 3057 2076 3110 hoc

468 3151 709 3206 verbum
734 3144 1140 3202 misericordiae
1155 3143 1395 3198 dicetur.
1424 3143 1675 3214 Ideoque
1708 3145 1801 3214 [ac
1831 3146 2075 3200 auditam

472 3242 599 3313 quia
630 3242 685 3293 in
714 3245 784 3305 te,
813 3253 930 3291 non
963 3234 1023 3289 in
1061 3249 1179 3301 me,
1201 3235 1427 3303 speravi,
1457 3232 1515 3286 id
1545 3233 1715 3287 estin
1748 3237 1805 3288 te
1836 3251 2073 3290 omnem

308 3320 319 3328 ’
393 3334 407 3348 ⁵
468 3345 629 3400 spem
653 3324 979 3381 salvationis
1018 3339 1162 3377 meae
1214 3322 1398 3392 posui,
1450 3338 1569 3376 non
1603 3322 1662 3376 in
1690 3322 1930 3377 meritis.
1961 3325 2072 3379 Oro

466 3434 573 3471 non
597 3421 805 3470 avertas
828 3414 1026 3482 faciem
1080 3417 1227 3463 tuam
1257 3428 1288 3463 a
1316 3427 1419 3477 me,
1452 3409 1513 3464 id
1544 3414 1629 3463 est
1657 3410 1928 3466 virtutum
1971 3429 2072 3467 oro

468 3500 957 3579 pulchritudinem
972 3497 1114 3552 mihi
1132 3498 1350 3552 confer.
1378 3498 1444 3551 Et
1464 3515 1579 3552 non
1598 3500 1784 3555 solum
1798 3499 2073 3555 virtutum

470 3608 572 3649 oro
597 3588 1083 3663 pulchritudinem
1100 3585 1241 3640 mihi
1258 3586 1404 3654 dari,
1421 3586 1520 3640 sed
1538 3587 1711 3641 etiam
1736 3604 1860 3655 oro,
1892 3596 2074 3642 notam

472 3684 565 3753 fac
592 3680 726 3734 mihi
736 3681 882 3735 viam
899 3678 1181 3732 bonorum
1198 3691 1461 3746 operum.
1478 3675 1544 3728 Et
1562 3692 1633 3729 ne
1648 3679 1948 3746 putaretur
1967 3678 2074 3732 hoc

473 3786 639 3825 orare
670 3772 732 3822 ut
762 3767 813 3821 ei
859 3763 1227 3821 solummodo
1260 3762 1575 3817 secundum
1605 3763 1900 3819 scientiam
1923 3766 2075 3820 viam

470 3860 619 3915 hanc
648 3856 752 3912 sibi
784 3859 985 3910 notam
1016 3853 1249 3919 faceret,
1266 3852 1615 3907 determinat
1630 3854 1923 3923 quomodo
1951 3857 2078 3909 oret

470 3948 576 4004 sibi
617 3945 741 4000 fieri
768 3948 948 3999 notam
974 3943 1052 3997 sic
1080 3957 1093 3995 :
1126 3940 1350 4008 Notam,
1382 3939 1620 4012 inquam
1638 3941 1732 4009 fac
1744 3943 2078 3998 mihibono-

470 4053 603 4093 rum
635 4048 875 4106 operum
899 4035 1062 4098 viam,
1089 4032 1146 4084 in
1166 4046 1271 4102 qua
1306 4028 1570 4083 videlicet
1594 4029 1855 4084 ambulem
1878 4048 1891 4084 :
1918 4030 1976 4085 id
1993 4034 2078 4085 est

468 4139 817 4198 promovear
843 4121 914 4175 de
942 4120 1097 4174 bono
1122 4119 1180 4172 in
1199 4117 1649 4184 melius,scilicet
1676 4118 1766 4172 fac
1797 4118 1939 4173 mihi
1971 4136 2075 4174 no-

467 4219 589 4271 tam
606 4213 757 4268 viam
769 4211 919 4266 hanc
934 4206 1250 4263 secundum
1268 4206 1677 4277 experientiam
1695 4208 2077 4278 promotionis

2194 1820 2619 1890 pmnitentium,
2653 1824 2734 1888 ut,
2762 1838 2861 1892 spe
2893 1822 3380 1893 adeptionisfreti,
3407 1825 3608 1879 nonde
3635 1825 3805 1879 mise-

2192 1908 2439 1963 ricordia
2487 1910 2816 1981 desperent,
2865 1911 2985 1977 sed,
3029 1914 3091 1964 ut
3131 1912 3587 1967 misericordiam
3644 1930 3799 1968 asse-

2190 2000 2463 2067 quantnr,
2513 2000 2778 2069 exemplo
2813 1999 2937 2069 ejus
2976 2003 3164 2053 orent.
3194 2000 3308 2053 Hoc
3333 2017 3470 2070 ergo
3507 2002 3584 2054 sic
3610 2002 3747 2057 dicit
3784 2019 3799 2056 :

2191 2074 2356 2139 Oravi
2386 2100 2453 2138 ne
2477 2092 2684 2138 avertas
2712 2086 2909 2154 [aciem
2940 2092 3087 2139 tuam
3133 2104 3165 2139 a
3197 2105 3298 2153 me,
3332 2088 3387 2141 id
3419 2093 3502 2141 est
3521 2089 3796 2143 virtutum

2187 2172 2692 2242 pulchritudinem,
2725 2178 2783 2227 et
2812 2180 2991 2227 notam
3012 2174 3104 2243 [ac
3116 2177 3260 2229 viam
3290 2177 3345 2227 in
3373 2194 3475 2246 qua
3504 2176 3793 2239 ambulem,

2187 2262 2244 2312 et
2273 2263 2333 2313 ut
2356 2277 2450 2315 me
2473 2262 2545 2315 ab
2572 2261 2816 2315 inimicis
2831 2262 3061 2332 eripias,
3091 2266 3148 2317 et
3177 2280 3308 2318 vere
3325 2264 3607 2334 adipiscar
3636 2265 3793 2335 quod

2186 2350 2365 2405 oravi.
2402 2350 2543 2404 Nam
2570 2353 2788 2420 spiritus
2811 2356 2938 2405 tuus
2967 2352 3128 2406 bonus
3157 2352 3374 2405 deducet
3402 2369 3484 2407 me
3507 2356 3563 2406 in
3595 2361 3791 2407 terram

2188 2443 2403 2503 rectam,
2420 2437 2651 2503 scilicet,
2671 2454 2801 2492 cum
2824 2454 2932 2508 ego
2955 2455 3048 2492 me
3064 2438 3299 2494 fecerim
3314 2442 3531 2494 terram
3552 2456 3788 2510 pravam

2187 2528 2245 2577 et
2266 2526 2544 2593 sterilem,
2576 2528 2797 2581 nullum
2821 2528 3071 2582 fructum
3091 2542 3332 2597 operum
3351 2528 3638 2582 bonorum
3665 2529 3790 2584 red-

2187 2612 2444 2680 dentem,
2479 2614 2579 2668 sed
2591 2614 2784 2685 spinas
2805 2631 3046 2686 operum
3064 2617 3349 2671 malorum
3364 2616 3782 2687 proforentem,

2185 2701 2429 2773 Spiritus
2451 2706 2844 2769 sanctustuus,
2865 2703 2961 2774 qui
2993 2719 3126 2757 cum
3155 2704 3340 2758 bonus
3369 2704 3441 2757 sit
3466 2704 3525 2758 in
3558 2709 3780 2772 natura,

2179 2806 2274 2844 me
2309 2807 2539 2862 quoque
2569 2791 2792 2845 bonum
2823 2791 3011 2845 facere
3034 2794 3221 2862 potest
3250 2792 3321 2846 de
3342 2792 3451 2846 hoc
3479 2793 3625 2864 quod
3652 2810 3780 2848 sum

2177 2895 2353 2950 prava
2381 2882 2560 2944 terra,
2582 2880 2752 2933 ducet
2782 2896 2876 2934 me
2898 2879 2969 2934 ad
3010 2880 3115 2933 hoc
3146 2884 3210 2934 ut
3229 2880 3338 2934 sim
3370 2880 3523 2936 bona
3543 2885 3601 2936 et
3632 2886 3783 2937 recta

2176 2969 2351 3034 terra,
2382 2971 2441 3022 et
2469 2967 2672 3021 fertilis
2700 2968 2757 3021 in
2790 2967 3096 3022 virtutibus
3122 2970 3179 3021 et
3201 2967 3370 3023 bonis
3398 2969 3688 3039 operibus.
3718 2972 3782 3024 Et

2102 3038 2150 3099 α
2174 3070 2280 3125 per
2308 3060 2567 3109 sanctum
2586 3055 2863 3125 Spiritum
2879 3058 3037 3110 tuum
3062 3056 3334 3128 ponendo
3351 3038 3517 3111 mefin
3537 3060 3782 3130 equitate

2174 3144 2445 3198 virtutum
2469 3147 2526 3197 et
2548 3160 2792 3215 operum
2811 3144 3121 3211 bonorum,
3150 3144 3419 3215 (equitate
3439 3144 3566 3200 dico
3597 3147 3780 3213 tna,id

2175 3235 2260 3285 est
2277 3249 2310 3285 a
2329 3236 2385 3287 te
2402 3233 2612 3298 danda,
2628 3233 2915 3301 vivi/icabis
2935 3248 3015 3288 me
3036 3233 3095 3286 in
3110 3233 3307 3287 anima
3318 3249 3420 3304 per
3439 3234 3587 3287 hanc
3603 3235 3778 3306 tequi-

2175 3323 2381 3388 tatem,
2404 3322 2500 3393 qui
2524 3325 2785 3376 mortuus
2805 3337 2933 3376 sum
2964 3338 3068 3392 per
3089 3324 3411 3393 peccatum.
3456 3322 3774 3391 Vwiﬁcabzs,

2408 3411 2670 3481 inquam,
2723 3428 2827 3477 me,
2872 3414 2930 3464 et
2956 3411 3064 3465 hoc
3112 3410 3285 3464 facies
3332 3417 3549 3481 propter
3590 3428 3779 3465 nomen

2174 3506 2351 3565 tuum,
2380 3499 2438 3553 id
2453 3502 2538 3553 est
2555 3502 2794 3571 propter
2814 3499 3057 3569 gloriam
3077 3502 3236 3553 tuam
3264 3499 3778 3569 augmentandam;

2175 3589 2258 3642 vel
2267 3594 2486 3658 prapter
2496 3606 2684 3642 nomen
2708 3586 2946 3654 tuum,id
2966 3590 3052 3641 est
3066 3590 3306 3659 propter
3322 3587 3781 3643 misericordiam

2177 3679 2359 3741 tuam,
2376 3692 2493 3731 non
2514 3681 2752 3748 propter
2766 3675 2973 3731 merita
3003 3675 3228 3730 mea.Et
3251 3674 3586 3731 viviﬁcando
3601 3676 3781 3730 educes

2175 3764 2240 3817 de
2269 3764 2608 3818 tribulatione
2632 3764 2933 3820 anxietatis
2963 3766 3201 3818 animam
3225 3781 3399 3818 meam
3421 3764 3632 3820 scilicet
3651 3781 3781 3819 cum

2177 3868 2286 3923 ego
2304 3851 2477 3907 nimis
2493 3853 2692 3907 anxier
2706 3852 2777 3907 de
2790 3853 2899 3907 hoc
2913 3852 3066 3924 quod
3093 3855 3354 3907 mortuus
3370 3852 3480 3907 sim
3503 3853 3561 3907 in
3588 3853 3782 3908 anima

2178 3957 2283 4012 per
2346 3945 2666 4011 peccatum,
2718 3944 2775 3995 et
2829 3957 2933 4013 per
2970 3940 3247 3995 virtutum
3296 3940 3781 4011 pulchritudinem

2177 4030 2367 4099 amisi.
2401 4034 2461 4084 tu
2501 4031 2708 4102 eripies
2733 4030 2993 4085 animam
3022 4045 3218 4084 meam
3245 4029 3317 4083 ab
3353 4029 3462 4084 bac
3491 4030 3778 4085 anxietate

2177 4118 2515 4173 viviﬁcando
2545 4136 2640 4174 me
2666 4119 2724 4172 in
2740 4118 3059 4173 virtutibus.
3088 4117 3163 4171 Et
3180 4117 3404 4189 perhoc
3432 4117 3690 4189 disprdes
3720 4121 3778 4174 in

2176 4207 2535 4262 misericordia
2577 4213 2691 4274 tua,
2732 4208 2792 4262 id
2839 4210 2926 4261 est
2965 4208 3024 4261 in
3069 4209 3331 4277 respectu
3367 4206 3775 4262 misericordiae

465 4304 526 4360 id
554 4306 639 4359 est
655 4301 743 4357 fac
768 4314 863 4354 me
891 4297 1261 4369 frequentare
1282 4294 1431 4347 hanc
1454 4293 1627 4360 viam,
1647 4311 1680 4348 a
1699 4294 2073 4350 similitudine
2095 4317 2148 4375 D
2175 4298 2288 4350 tuae
2322 4312 2439 4351 non
2471 4295 2935 4351 consideratione
2966 4294 3310 4349 meritorum
3346 4310 3635 4361 meorum,
3670 4298 3775 4349 ini-

467 4392 702 4448 viatoris
732 4390 946 4445 dictum
979 4383 1186 4453 est,cui
1203 4383 1350 4437 bene
1374 4385 1512 4437 nota
1538 4386 1623 4437 est
1646 4383 1735 4437 via
1759 4400 1933 4449 quam
1951 4385 2073 4440 fre-

467 4483 727 4555 quentat.
744 4478 877 4533 Ideo
906 4491 1041 4531 vero
1068 4475 1158 4545 fac
1179 4472 1312 4525 mihi
1326 4478 1507 4525 notam
1521 4475 1663 4526 viam
1685 4474 1739 4525 in
1760 4490 1863 4545 qua
1890 4474 2073 4528 ambu-

467 4571 588 4637 lem,
615 4570 740 4640 quia
783 4567 1021 4619 animam
1057 4579 1229 4616 meam
1265 4560 1556 4633 peccando
1597 4560 1753 4633 prius
1794 4562 2067 4633 depressi,

466 4675 620 4716 nunc
645 4655 884 4711 tandem
915 4654 1105 4719 levavi,
1156 4651 1215 4705 id
1258 4654 1344 4705 est
1385 4649 1681 4704 sublimavi
1712 4651 2067 4721 paenitendo,

464 4750 613 4805 bene
631 4741 961 4817 cogitando,
990 4739 1226 4795 virtutes
1257 4741 1315 4792 et
1340 4740 1495 4792 bona
1514 4755 1690 4809 opera
1719 4739 2067 4795 adamando.

464 4836 683 4903 Levavi,
716 4834 976 4905 inquam,
1008 4829 1245 4882 animam
1268 4843 1460 4893 meam,
1493 4827 1564 4879 ad
1584 4827 2073 4898 tediligendumet

462 4923 916 4997 adipiscendum,
940 4918 1149 4974 scilicet
1177 4914 1577 4970 eaintentione
1603 4914 1858 4969 animam
1876 4933 2068 4972 meam

462 5013 638 5070 levavi
670 5015 734 5066 ut
762 5016 817 5067 te
870 5009 1093 5063 valeam
1149 5003 1409 5075 adipisci.
1449 5003 1563 5058 Oro
1598 5011 1779 5057 notam
1808 5005 1899 5074 [ac
1925 5007 2069 5059 viam

461 5107 517 5160 in
546 5120 653 5176 qua
682 5099 966 5165 ambulem,
1010 5112 1111 5152 oro
1158 5109 1387 5167 quoque
1417 5092 1558 5163 eripe
1598 5110 1679 5147 me
1728 5093 1792 5146 de
1845 5096 2070 5148 inimicis

459 5195 615 5260 meis,
644 5192 715 5246 de
757 5184 1216 5261 suggestionibus
1260 5182 1471 5236 scilicet
1516 5184 1575 5235 et
1601 5181 1872 5252 malignis
1901 5182 2065 5253 spiri-

458 5283 633 5350 tibus,
656 5283 714 5333 et
744 5277 916 5332 etiam
945 5274 1015 5329 de
1042 5271 1287 5327 inimicis
1316 5270 1692 5326 exterioribus
1721 5287 1815 5325 me
1842 5288 1876 5324 a
1909 5271 2063 5326 bono

457 5368 757 5444 proposito
779 5380 911 5420 meo
932 5376 1202 5417 revocare
1233 5359 1569 5427 nitentibus,
1603 5360 1828 5414 nemihi
1847 5377 2063 5431 praeva-

463 5462 637 5513 leant.
682 5456 802 5522 Vel,
842 5456 981 5525 eripe
1019 5467 1101 5504 me
1130 5448 1194 5502 de
1242 5449 1480 5503 inimicis
1532 5451 1680 5516 meis,
1731 5449 1941 5503 scilicet
1994 5448 2065 5502 de

458 5544 733 5635 peccatisj
742 5558 836 5599 am
849 5538 1168 5599 commissis
1180 5537 1337 5612 eripe
1360 5537 1734 5609 indulgendo.
1756 5538 1823 5592 Et
1838 5536 2061 5612 eripere

482 5803 512 5813 α,
542 5806 547 5807 ,

2172 4388 2332 4439 miros
2357 4384 2580 4451 meos,id
2606 4387 2689 4439 est
2715 4384 2973 4438 destrues
2992 4400 3095 4454 per
3107 4382 3567 4437 misericordiam
3588 4383 3773 4438 indul-

2171 4473 2382 4545 gentia:
2398 4476 2633 4544 peccata
2644 4488 2771 4526 com
2782 4471 2954 4526 missa
2968 4487 3094 4541 qua:
3107 4468 3251 4523 mihi
3264 4469 3341 4523 ini
3353 4470 3775 4537 micantur,ani-

2172 4578 2329 4617 mam
2343 4577 2536 4615 meam
2551 4559 3028 4615 deformando.Et
3040 4574 3154 4613 non
3168 4558 3356 4612 solum
3374 4561 3606 4628 peccata
3622 4574 3777 4614 com-

2170 4652 2343 4705 missa
2364 4666 2467 4721 per
2498 4648 2921 4721 indulgentiam
2944 4646 3363 4719 disperdes,sed
3385 4653 3434 4701 et
3443 4645 3631 4716 perdes
3658 4664 3772 4700 om-

2171 4756 2260 4793 nes
2273 4738 2536 4794 inimicos
2551 4740 2647 4810 qui
2661 4738 2918 4792 tribulant
2939 4752 3177 4790 animam
3195 4751 3391 4796 meam,
3418 4734 3630 4788 scilicet
3638 4751 3771 4806 pra-

2170 4829 2675 4898 vassuggestiones
2703 4828 2762 4879 et
2791 4824 3080 4896 malignos
3106 4823 3395 4889 homines,
3429 4822 3525 4894 qui
3540 4823 3772 4877 anxiant

2171 4916 2427 4971 animam
2454 4931 2670 4980 meam,
2697 4913 2942 4970 valendo
2968 4929 3099 4967 eam
3139 4912 3211 4966 ad
3244 4916 3479 4983 peccata
3502 4917 3770 4966 consueta

2170 5005 2492 5077 impellere,
2506 5002 2715 5073 perdes,
2744 5001 2803 5056 id
2834 5004 2919 5057 est
2943 5000 3267 5055 inefficaces
3288 4999 3515 5056 reddes.
3534 4999 3601 5052 Et
3638 5014 3766 5052 cum

2170 5092 2279 5148 hoc
2297 5095 2481 5147 totum
2498 5108 2601 5163 per
2614 5088 3069 5145 misericordiam
3090 5087 3312 5153 feceris,
3329 5086 3499 5141 facies
3512 5087 3617 5141 hoc
3634 5102 3768 5158 quo-

2169 5197 2301 5251 que,
2329 5181 2459 5252 quia
2490 5196 2603 5250 ego,
2631 5177 2734 5233 etsi
2764 5177 2922 5248 prius
2952 5175 3243 5247 peccando
3277 5174 3381 5227 tibi
3412 5190 3762 5246 repugnave-

2165 5270 2299 5337 rim,
2334 5272 2528 5323 tamen
2550 5282 2727 5322 servus
2757 5273 2876 5319 tuus
2911 5281 3041 5331 sum,
3073 5263 3133 5318 id
3160 5267 3246 5317 est
3276 5279 3372 5317 me
3406 5262 3503 5317 tibi
3536 5277 3758 5317 servum

2165 5358 2271 5413 feci
2302 5356 2659 5429 pmnitendo,
2700 5357 2759 5408 et
2778 5351 3105 5407 satisfacere
3136 5349 3455 5421 cupiendo.

2625 5443 2694 5497 IN
2726 5440 3051 5497 PSALMUM
3081 5439 3302 5494 CXLIII.

2238 5534 2451 5590 Titulus
2490 5529 2786 5589 centesimi
2835 5525 3263 5607 quadragesimi
3295 5525 3476 5613 tertii.
3518 5524 3757 5591 PMIMM

3915 4388 3920 4576 π
