  <div class='ocr_page' id='page_1' title='image "/cluster/home/n/w/nwhite01/storage/ocr_20150623/152/hvd.32044054760103/700.png"; bbox 0 0 3966 6034; ppageno 0'>
   <div class='ocr_carea' id='block_1_1' title="bbox 196 314 335 379">
    <p class='ocr_par' dir='ltr' id='par_1_1' title="bbox 196 314 335 379">
     <span class='ocr_line' id='line_1_1' title="bbox 196 314 335 379; baseline -0.043 -4"><span class='ocrx_word' id='word_1_1' title='bbox 196 314 218 375; x_wconf 78' lang='grc' dir='ltr'><strong>Ι</strong></span> <span class='ocrx_word' id='word_1_2' title='bbox 232 315 335 379; x_wconf 80' lang='lat'><strong>3.89</strong></span> 
     </span>
    </p>
   </div>
   <div class='ocr_carea' id='block_1_2' title="bbox 1144 306 2545 373">
    <p class='ocr_par' dir='ltr' id='par_1_2' title="bbox 1144 306 2545 373">
     <span class='ocr_line' id='line_1_2' title="bbox 1144 306 2545 373; baseline -0.001 -3"><span class='ocrx_word' id='word_1_3' title='bbox 1144 310 1499 372; x_wconf 78' lang='lat' dir='ltr'><strong>EXPOSITIO</strong></span> <span class='ocrx_word' id='word_1_4' title='bbox 1537 314 1607 372; x_wconf 87' lang='lat' dir='ltr'><strong>IN</strong></span> <span class='ocrx_word' id='word_1_5' title='bbox 1645 306 1980 373; x_wconf 67' lang='lat' dir='ltr'><strong>PSAIMOS.</strong></span> <span class='ocrx_word' id='word_1_6' title='bbox 2011 343 2077 354; x_wconf 94' lang='lat'><strong>—</strong></span> <span class='ocrx_word' id='word_1_7' title='bbox 2109 308 2303 372; x_wconf 73' lang='lat' dir='ltr'><strong>PSAL.</strong></span> <span class='ocrx_word' id='word_1_8' title='bbox 2346 306 2545 369; x_wconf 71' lang='lat' dir='ltr'><strong>CXLIII</strong></span> 
     </span>
    </p>
   </div>
   <div class='ocr_carea' id='block_1_3' title="bbox 3360 316 3496 377">
    <p class='ocr_par' dir='ltr' id='par_1_3' title="bbox 3360 316 3496 377">
     <span class='ocr_line' id='line_1_3' title="bbox 3360 316 3496 377; baseline 0.007 -1"><span class='ocrx_word' id='word_1_9' title='bbox 3360 316 3379 376; x_wconf 80' lang='grc'><strong>1</strong></span> <span class='ocrx_word' id='word_1_10' title='bbox 3395 318 3496 377; x_wconf 82' lang='lat'><strong>390</strong></span> 
     </span>
    </p>
   </div>
   <div class='ocr_carea' id='block_1_4' title="bbox 192 434 3498 519">
    <p class='ocr_par' dir='ltr' id='par_1_4' title="bbox 192 434 3498 519">
     <span class='ocr_line' id='line_1_4' title="bbox 192 434 3498 519; baseline 0.002 -31"><span class='ocrx_word' id='word_1_11' title='bbox 192 436 401 503; x_wconf 80' lang='lat' dir='ltr'><strong>David,</strong></span> <span class='ocrx_word' id='word_1_12' title='bbox 429 436 485 491; x_wconf 99' lang='lat' dir='ltr'><strong>id</strong></span> <span class='ocrx_word' id='word_1_13' title='bbox 517 436 601 490; x_wconf 89' lang='lat' dir='ltr'><strong>est</strong></span> <span class='ocrx_word' id='word_1_14' title='bbox 633 450 835 491; x_wconf 73' lang='lat' dir='ltr'><strong>massae</strong></span> <span class='ocrx_word' id='word_1_15' title='bbox 871 434 1127 492; x_wconf 85' lang='lat' dir='ltr'><strong>fidelium</strong></span> <span class='ocrx_word' id='word_1_16' title='bbox 1162 440 1410 494; x_wconf 79' lang='lat' dir='ltr'><strong>(ulcersus</strong></span> <span class='ocrx_word' id='word_1_17' title='bbox 1451 438 1669 493; x_wconf 77' lang='lat' dir='ltr'><strong>Goliam</strong></span> <span class='ocrx_word' id='word_1_18' title='bbox 1698 455 1797 510; x_wconf 91' lang='lat' dir='ltr'><strong>pu-</strong></span> <span class='ocrx_word' id='word_1_19' title='bbox 1820 462 1873 519; x_wconf 75' lang='grc' dir='ltr'><strong>Α</strong></span> <span class='ocrx_word' id='word_1_20' title='bbox 1901 439 2011 506; x_wconf 86' lang='lat' dir='ltr'><strong>tur,</strong></span> <span class='ocrx_word' id='word_1_21' title='bbox 2034 452 2101 491; x_wconf 92' lang='lat' dir='ltr'><strong>eo</strong></span> <span class='ocrx_word' id='word_1_22' title='bbox 2126 435 2279 508; x_wconf 88' lang='lat' dir='ltr'><strong>quod</strong></span> <span class='ocrx_word' id='word_1_23' title='bbox 2305 436 2377 490; x_wconf 89' lang='lat' dir='ltr'><strong>ad</strong></span> <span class='ocrx_word' id='word_1_24' title='bbox 2407 450 2669 489; x_wconf 87' lang='lat' dir='ltr'><strong>securum</strong></span> <span class='ocrx_word' id='word_1_25' title='bbox 2700 436 2892 491; x_wconf 90' lang='lat' dir='ltr'><strong>locum</strong></span> <span class='ocrx_word' id='word_1_26' title='bbox 2929 454 2962 492; x_wconf 88' lang='lat' dir='ltr'><strong>a</strong></span> <span class='ocrx_word' id='word_1_27' title='bbox 2983 436 3316 495; x_wconf 79' lang='lat' dir='ltr'><strong>timentibus</strong></span> <span class='ocrx_word' id='word_1_28' title='bbox 3348 444 3498 496; x_wconf 81' lang='lat' dir='ltr'><strong>refu-</strong></span> 
     </span>
    </p>
   </div>
   <div class='ocr_carea' id='block_1_5' title="bbox 195 526 1803 599">
    <p class='ocr_par' dir='ltr' id='par_1_5' title="bbox 195 526 1803 599">
     <span class='ocr_line' id='line_1_5' title="bbox 195 526 1803 599; baseline 0.001 -21"><span class='ocrx_word' id='word_1_29' title='bbox 195 528 454 593; x_wconf 84' lang='lat' dir='ltr'><strong>gnantis,</strong></span> <span class='ocrx_word' id='word_1_30' title='bbox 477 526 734 580; x_wconf 77' lang='lat' dir='ltr'><strong>videlicet</strong></span> <span class='ocrx_word' id='word_1_31' title='bbox 760 527 905 581; x_wconf 82' lang='lat' dir='ltr'><strong>bene</strong></span> <span class='ocrx_word' id='word_1_32' title='bbox 954 528 1192 582; x_wconf 87' lang='lat' dir='ltr'><strong>vivendo</strong></span> <span class='ocrx_word' id='word_1_33' title='bbox 1239 529 1569 599; x_wconf 85' lang='lat' dir='ltr'><strong>pugnantis,</strong></span> <span class='ocrx_word' id='word_1_34' title='bbox 1604 531 1803 581; x_wconf 87' lang='lat' dir='ltr'><strong>contra</strong></span> 
     </span>
    </p>
   </div>
   <div class='ocr_carea' id='block_1_6' title="bbox 197 615 1803 687">
    <p class='ocr_par' dir='ltr' id='par_1_6' title="bbox 197 615 1803 687">
     <span class='ocr_line' id='line_1_6' title="bbox 197 615 1803 687; baseline 0.001 -20"><span class='ocrx_word' id='word_1_35' title='bbox 197 615 496 669; x_wconf 86' lang='lat' dir='ltr'><strong>diabolum</strong></span> <span class='ocrx_word' id='word_1_36' title='bbox 524 618 581 668; x_wconf 91' lang='lat' dir='ltr'><strong>et</strong></span> <span class='ocrx_word' id='word_1_37' title='bbox 612 616 878 670; x_wconf 91' lang='lat' dir='ltr'><strong>membra</strong></span> <span class='ocrx_word' id='word_1_38' title='bbox 899 616 947 686; x_wconf 92' lang='lat' dir='ltr'><strong>ej</strong></span> <span class='ocrx_word' id='word_1_39' title='bbox 959 634 1041 683; x_wconf 92' lang='lat' dir='ltr'><strong>us,</strong></span> <span class='ocrx_word' id='word_1_40' title='bbox 1061 619 1119 669; x_wconf 92' lang='lat' dir='ltr'><strong>et</strong></span> <span class='ocrx_word' id='word_1_41' title='bbox 1138 620 1339 670; x_wconf 90' lang='lat' dir='ltr'><strong>contra</strong></span> <span class='ocrx_word' id='word_1_42' title='bbox 1360 617 1515 683; x_wconf 88' lang='lat' dir='ltr'><strong>vitia,</strong></span> <span class='ocrx_word' id='word_1_43' title='bbox 1542 633 1668 687; x_wconf 71' lang='lat' dir='ltr'><strong>qua:</strong></span> <span class='ocrx_word' id='word_1_44' title='bbox 1689 616 1803 668; x_wconf 88' lang='lat' dir='ltr'><strong>ins-</strong></span> 
     </span>
    </p>
   </div>
   <div class='ocr_carea' id='block_1_7' title="bbox 192 702 1803 775">
    <p class='ocr_par' dir='ltr' id='par_1_7' title="bbox 192 702 1803 775">
     <span class='ocr_line' id='line_1_7' title="bbox 192 702 1803 775; baseline 0.001 -20"><span class='ocrx_word' id='word_1_45' title='bbox 192 702 389 773; x_wconf 85' lang='lat' dir='ltr'><strong>tigant</strong></span> <span class='ocrx_word' id='word_1_46' title='bbox 413 720 546 759; x_wconf 89' lang='lat' dir='ltr'><strong>eum</strong></span> <span class='ocrx_word' id='word_1_47' title='bbox 567 704 637 759; x_wconf 89' lang='lat' dir='ltr'><strong>ad</strong></span> <span class='ocrx_word' id='word_1_48' title='bbox 654 706 867 759; x_wconf 89' lang='lat' dir='ltr'><strong>malam</strong></span> <span class='ocrx_word' id='word_1_49' title='bbox 891 706 1310 775; x_wconf 76' lang='lat' dir='ltr'><strong>operationem,</strong></span> <span class='ocrx_word' id='word_1_50' title='bbox 1328 708 1384 757; x_wconf 91' lang='lat' dir='ltr'><strong>et</strong></span> <span class='ocrx_word' id='word_1_51' title='bbox 1396 705 1472 759; x_wconf 88' lang='lat' dir='ltr'><strong>sic</strong></span> <span class='ocrx_word' id='word_1_52' title='bbox 1491 706 1803 775; x_wconf 58' lang='lat' dir='ltr'><strong>enmsupeJ</strong></span> 
     </span>
    </p>
   </div>
   <div class='ocr_carea' id='block_1_8' title="bbox 197 792 1807 866">
    <p class='ocr_par' dir='ltr' id='par_1_8' title="bbox 197 792 1807 866">
     <span class='ocr_line' id='line_1_8' title="bbox 197 792 1807 866; baseline 0.001 -22"><span class='ocrx_word' id='word_1_53' title='bbox 197 808 332 845; x_wconf 85' lang='lat' dir='ltr'><strong>rare</strong></span> <span class='ocrx_word' id='word_1_54' title='bbox 348 792 811 847; x_wconf 59' lang='lat' dir='ltr'><strong>intenduntlfazc</strong></span> <span class='ocrx_word' id='word_1_55' title='bbox 828 793 1003 861; x_wconf 90' lang='lat' dir='ltr'><strong>igitur</strong></span> <span class='ocrx_word' id='word_1_56' title='bbox 1019 811 1210 866; x_wconf 88' lang='lat' dir='ltr'><strong>pugna</strong></span> <span class='ocrx_word' id='word_1_57' title='bbox 1225 794 1592 865; x_wconf 78' lang='lat' dir='ltr'><strong>prmfigurata</strong></span> <span class='ocrx_word' id='word_1_58' title='bbox 1607 798 1685 847; x_wconf 87' lang='lat' dir='ltr'><strong>est</strong></span> <span class='ocrx_word' id='word_1_59' title='bbox 1705 809 1807 863; x_wconf 91' lang='lat' dir='ltr'><strong>per</strong></span> 
     </span>
    </p>
   </div>
   <div class='ocr_carea' id='block_1_9' title="bbox 198 881 1803 953">
    <p class='ocr_par' dir='ltr' id='par_1_9' title="bbox 198 881 1803 953">
     <span class='ocr_line' id='line_1_9' title="bbox 198 881 1803 953; baseline 0.001 -20"><span class='ocrx_word' id='word_1_60' title='bbox 198 898 460 953; x_wconf 87' lang='lat' dir='ltr'><strong>pugnam</strong></span> <span class='ocrx_word' id='word_1_61' title='bbox 494 881 686 947; x_wconf 87' lang='lat' dir='ltr'><strong>David,</strong></span> <span class='ocrx_word' id='word_1_62' title='bbox 715 883 811 952; x_wconf 90' lang='lat' dir='ltr'><strong>qui</strong></span> <span class='ocrx_word' id='word_1_63' title='bbox 845 883 1116 953; x_wconf 88' lang='lat' dir='ltr'><strong>pugnavit</strong></span> <span class='ocrx_word' id='word_1_64' title='bbox 1145 886 1346 937; x_wconf 89' lang='lat' dir='ltr'><strong>contra</strong></span> <span class='ocrx_word' id='word_1_65' title='bbox 1366 882 1803 936; x_wconf 84' lang='lat' dir='ltr'><strong>Goliatbetenm</strong></span> 
     </span>
    </p>
   </div>
   <div class='ocr_carea' id='block_1_10' title="bbox 199 968 1804 1042">
    <p class='ocr_par' dir='ltr' id='par_1_10' title="bbox 199 968 1804 1042">
     <span class='ocr_line' id='line_1_10' title="bbox 199 968 1804 1042; baseline 0.001 -21"><span class='ocrx_word' id='word_1_66' title='bbox 199 985 334 1022; x_wconf 89' lang='lat' dir='ltr'><strong>cum</strong></span> <span class='ocrx_word' id='word_1_67' title='bbox 367 970 556 1039; x_wconf 83' lang='lat' dir='ltr'><strong>lapide</strong></span> <span class='ocrx_word' id='word_1_68' title='bbox 584 969 809 1037; x_wconf 85' lang='lat' dir='ltr'><strong>dejecit.</strong></span> <span class='ocrx_word' id='word_1_69' title='bbox 853 971 1007 1023; x_wconf 83' lang='lat' dir='ltr'><strong>Sicut</strong></span> <span class='ocrx_word' id='word_1_70' title='bbox 1052 972 1205 1025; x_wconf 89' lang='lat' dir='ltr'><strong>enim</strong></span> <span class='ocrx_word' id='word_1_71' title='bbox 1241 988 1344 1042; x_wconf 88' lang='lat' dir='ltr'><strong>per</strong></span> <span class='ocrx_word' id='word_1_72' title='bbox 1376 968 1549 1025; x_wconf 83' lang='lat' dir='ltr'><strong>David</strong></span> <span class='ocrx_word' id='word_1_73' title='bbox 1583 969 1804 1023; x_wconf 77' lang='lat' dir='ltr'><strong>Goliath</strong></span> 
     </span>
    </p>
   </div>
   <div class='ocr_carea' id='block_1_11' title="bbox 199 1056 1807 1129">
    <p class='ocr_par' dir='ltr' id='par_1_11' title="bbox 199 1056 1807 1129">
     <span class='ocr_line' id='line_1_11' title="bbox 199 1056 1807 1129; baseline 0.001 -21"><span class='ocrx_word' id='word_1_74' title='bbox 199 1058 325 1126; x_wconf 83' lang='lat' dir='ltr'><strong>ejus</strong></span> <span class='ocrx_word' id='word_1_75' title='bbox 358 1061 689 1127; x_wconf 83' lang='lat' dir='ltr'><strong>persecutor</strong></span> <span class='ocrx_word' id='word_1_76' title='bbox 719 1056 922 1127; x_wconf 76' lang='lat' dir='ltr'><strong>lapidis</strong></span> <span class='ocrx_word' id='word_1_77' title='bbox 950 1060 1315 1129; x_wconf 84' lang='lat' dir='ltr'><strong>percussione</strong></span> <span class='ocrx_word' id='word_1_78' title='bbox 1329 1060 1581 1129; x_wconf 82' lang='lat' dir='ltr'><strong>dejeetns</strong></span> <span class='ocrx_word' id='word_1_79' title='bbox 1604 1062 1708 1123; x_wconf 91' lang='lat' dir='ltr'><strong>est,</strong></span> <span class='ocrx_word' id='word_1_80' title='bbox 1728 1058 1807 1110; x_wconf 90' lang='lat' dir='ltr'><strong>ita</strong></span> 
     </span>
    </p>
   </div>
   <div class='ocr_carea' id='block_1_12' title="bbox 200 1145 1807 1216">
    <p class='ocr_par' dir='ltr' id='par_1_12' title="bbox 200 1145 1807 1216">
     <span class='ocr_line' id='line_1_12' title="bbox 200 1145 1807 1216; baseline -0.001 -17"><span class='ocrx_word' id='word_1_81' title='bbox 200 1162 433 1216; x_wconf 88' lang='lat' dir='ltr'><strong>quoque</strong></span> <span class='ocrx_word' id='word_1_82' title='bbox 458 1145 717 1199; x_wconf 85' lang='lat' dir='ltr'><strong>diabolus</strong></span> <span class='ocrx_word' id='word_1_83' title='bbox 743 1147 924 1199; x_wconf 84' lang='lat' dir='ltr'><strong>vicem</strong></span> <span class='ocrx_word' id='word_1_84' title='bbox 950 1148 1174 1200; x_wconf 83' lang='lat' dir='ltr'><strong>Goliath</strong></span> <span class='ocrx_word' id='word_1_85' title='bbox 1192 1148 1446 1201; x_wconf 78' lang='lat' dir='ltr'><strong>retinens</strong></span> <span class='ocrx_word' id='word_1_86' title='bbox 1468 1150 1524 1201; x_wconf 89' lang='lat' dir='ltr'><strong>et</strong></span> <span class='ocrx_word' id='word_1_87' title='bbox 1543 1146 1807 1199; x_wconf 89' lang='lat' dir='ltr'><strong>membra</strong></span> 
     </span>
    </p>
   </div>
   <div class='ocr_carea' id='block_1_13' title="bbox 200 1233 1809 1303">
    <p class='ocr_par' dir='ltr' id='par_1_13' title="bbox 200 1233 1809 1303">
     <span class='ocr_line' id='line_1_13' title="bbox 200 1233 1809 1303; baseline 0 -17"><span class='ocrx_word' id='word_1_88' title='bbox 200 1234 347 1303; x_wconf 89' lang='lat' dir='ltr'><strong>ejus,</strong></span> <span class='ocrx_word' id='word_1_89' title='bbox 380 1233 620 1303; x_wconf 81' lang='lat' dir='ltr'><strong>maligni</strong></span> <span class='ocrx_word' id='word_1_90' title='bbox 648 1233 912 1287; x_wconf 85' lang='lat' dir='ltr'><strong>videlicet</strong></span> <span class='ocrx_word' id='word_1_91' title='bbox 943 1234 1205 1288; x_wconf 82' lang='lat' dir='ltr'><strong>homines</strong></span> <span class='ocrx_word' id='word_1_92' title='bbox 1236 1239 1294 1288; x_wconf 89' lang='lat' dir='ltr'><strong>et</strong></span> <span class='ocrx_word' id='word_1_93' title='bbox 1319 1235 1538 1289; x_wconf 90' lang='lat' dir='ltr'><strong>vitiaab</strong></span> <span class='ocrx_word' id='word_1_94' title='bbox 1561 1251 1627 1288; x_wconf 89' lang='lat' dir='ltr'><strong>eo</strong></span> <span class='ocrx_word' id='word_1_95' title='bbox 1652 1234 1809 1287; x_wconf 88' lang='lat' dir='ltr'><strong>illata</strong></span> 
     </span>
    </p>
   </div>
   <div class='ocr_carea' id='block_1_14' title="bbox 197 1324 1806 1396">
    <p class='ocr_par' dir='ltr' id='par_1_14' title="bbox 197 1324 1806 1396">
     <span class='ocr_line' id='line_1_14' title="bbox 197 1324 1806 1396; baseline 0.001 -22"><span class='ocrx_word' id='word_1_96' title='bbox 197 1339 307 1394; x_wconf 83' lang='lat' dir='ltr'><strong>per</strong></span> <span class='ocrx_word' id='word_1_97' title='bbox 328 1340 799 1395; x_wconf 83' lang='lat' dir='ltr'><strong>unumquemque</strong></span> <span class='ocrx_word' id='word_1_98' title='bbox 823 1324 1177 1396; x_wconf 84' lang='lat' dir='ltr'><strong>fidelem,qui</strong></span> <span class='ocrx_word' id='word_1_99' title='bbox 1198 1328 1282 1379; x_wconf 88' lang='lat' dir='ltr'><strong>est</strong></span> <span class='ocrx_word' id='word_1_100' title='bbox 1299 1324 1475 1379; x_wconf 87' lang='lat' dir='ltr'><strong>David</strong></span> <span class='ocrx_word' id='word_1_101' title='bbox 1490 1341 1666 1378; x_wconf 90' lang='lat' dir='ltr'><strong>manu</strong></span> <span class='ocrx_word' id='word_1_102' title='bbox 1691 1324 1806 1377; x_wconf 84' lang='lat' dir='ltr'><strong>for-</strong></span> 
     </span>
    </p>
   </div>
   <div class='ocr_carea' id='block_1_15' title="bbox 200 1410 1810 1485">
    <p class='ocr_par' dir='ltr' id='par_1_15' title="bbox 200 1410 1810 1485">
     <span class='ocr_line' id='line_1_15' title="bbox 200 1410 1810 1485; baseline 0.001 -22"><span class='ocrx_word' id='word_1_103' title='bbox 200 1411 274 1464; x_wconf 90' lang='lat' dir='ltr'><strong>tis</strong></span> <span class='ocrx_word' id='word_1_104' title='bbox 305 1410 542 1464; x_wconf 82' lang='lat' dir='ltr'><strong>viriliter</strong></span> <span class='ocrx_word' id='word_1_105' title='bbox 566 1428 744 1481; x_wconf 88' lang='lat' dir='ltr'><strong>agens</strong></span> <span class='ocrx_word' id='word_1_106' title='bbox 768 1429 895 1465; x_wconf 92' lang='lat' dir='ltr'><strong>cum</strong></span> <span class='ocrx_word' id='word_1_107' title='bbox 927 1414 1135 1467; x_wconf 90' lang='lat' dir='ltr'><strong>auxilio</strong></span> <span class='ocrx_word' id='word_1_108' title='bbox 1161 1413 1385 1482; x_wconf 82' lang='lat' dir='ltr'><strong>Christi,</strong></span> <span class='ocrx_word' id='word_1_109' title='bbox 1414 1413 1511 1484; x_wconf 91' lang='lat' dir='ltr'><strong>qui</strong></span> <span class='ocrx_word' id='word_1_110' title='bbox 1539 1417 1624 1467; x_wconf 91' lang='lat' dir='ltr'><strong>est</strong></span> <span class='ocrx_word' id='word_1_111' title='bbox 1648 1416 1810 1485; x_wconf 90' lang='lat' dir='ltr'><strong>petra</strong></span> 
     </span>
    </p>
   </div>
   <div class='ocr_carea' id='block_1_16' title="bbox 202 1499 1812 1574">
    <p class='ocr_par' dir='ltr' id='par_1_16' title="bbox 202 1499 1812 1574">
     <span class='ocr_line' id='line_1_16' title="bbox 202 1499 1812 1574; baseline 0.001 -22"><span class='ocrx_word' id='word_1_112' title='bbox 202 1499 578 1565; x_wconf 85' lang='lat' dir='ltr'><strong>fortitudinis,</strong></span> <span class='ocrx_word' id='word_1_113' title='bbox 610 1504 927 1570; x_wconf 87' lang='lat' dir='ltr'><strong>superatur.</strong></span> <span class='ocrx_word' id='word_1_114' title='bbox 965 1503 1025 1555; x_wconf 86' lang='lat' dir='ltr'><strong>In</strong></span> <span class='ocrx_word' id='word_1_115' title='bbox 1056 1504 1163 1556; x_wconf 88' lang='lat' dir='ltr'><strong>hoc</strong></span> <span class='ocrx_word' id='word_1_116' title='bbox 1192 1519 1329 1573; x_wconf 86' lang='lat' dir='ltr'><strong>ergo</strong></span> <span class='ocrx_word' id='word_1_117' title='bbox 1363 1504 1584 1574; x_wconf 87' lang='lat' dir='ltr'><strong>psalmo</strong></span> <span class='ocrx_word' id='word_1_118' title='bbox 1626 1517 1812 1554; x_wconf 88' lang='lat' dir='ltr'><strong>massa</strong></span> 
     </span>
    </p>
   </div>
   <div class='ocr_carea' id='block_1_17' title="bbox 206 1588 1809 1658">
    <p class='ocr_par' dir='ltr' id='par_1_17' title="bbox 206 1588 1809 1658">
     <span class='ocr_line' id='line_1_17' title="bbox 206 1588 1809 1658; baseline 0.002 -18"><span class='ocrx_word' id='word_1_119' title='bbox 206 1588 597 1658; x_wconf 83' lang='lat' dir='ltr'><strong>perfecturum</strong></span> <span class='ocrx_word' id='word_1_120' title='bbox 623 1588 695 1641; x_wconf 89' lang='lat' dir='ltr'><strong>ad</strong></span> <span class='ocrx_word' id='word_1_121' title='bbox 722 1589 1157 1644; x_wconf 83' lang='lat' dir='ltr'><strong>instructionem</strong></span> <span class='ocrx_word' id='word_1_122' title='bbox 1177 1591 1468 1645; x_wconf 90' lang='lat' dir='ltr'><strong>minorum</strong></span> <span class='ocrx_word' id='word_1_123' title='bbox 1493 1593 1673 1645; x_wconf 89' lang='lat' dir='ltr'><strong>Deum</strong></span> <span class='ocrx_word' id='word_1_124' title='bbox 1708 1590 1809 1643; x_wconf 89' lang='lat' dir='ltr'><strong>be-</strong></span> 
     </span>
    </p>
   </div>
   <div class='ocr_carea' id='block_1_18' title="bbox 213 1676 1814 1747">
    <p class='ocr_par' dir='ltr' id='par_1_18' title="bbox 213 1676 1814 1747">
     <span class='ocr_line' id='line_1_18' title="bbox 213 1676 1814 1747; baseline 0.001 -17"><span class='ocrx_word' id='word_1_125' title='bbox 213 1676 446 1743; x_wconf 89' lang='lat' dir='ltr'><strong>ncdicit,</strong></span> <span class='ocrx_word' id='word_1_126' title='bbox 474 1677 716 1747; x_wconf 79' lang='lat' dir='ltr'><strong>ideoque</strong></span> <span class='ocrx_word' id='word_1_127' title='bbox 746 1678 1193 1732; x_wconf 86' lang='lat' dir='ltr'><strong>misericorditer</strong></span> <span class='ocrx_word' id='word_1_128' title='bbox 1223 1696 1355 1733; x_wconf 90' lang='lat' dir='ltr'><strong>eam</strong></span> <span class='ocrx_word' id='word_1_129' title='bbox 1383 1680 1454 1732; x_wconf 89' lang='lat' dir='ltr'><strong>ab</strong></span> <span class='ocrx_word' id='word_1_130' title='bbox 1474 1678 1719 1732; x_wconf 90' lang='lat' dir='ltr'><strong>inimicis</strong></span> <span class='ocrx_word' id='word_1_131' title='bbox 1745 1677 1814 1731; x_wconf 91' lang='lat' dir='ltr'><strong>li-</strong></span> 
     </span>
    </p>
   </div>
   <div class='ocr_carea' id='block_1_19' title="bbox 1905 524 3506 599">
    <p class='ocr_par' dir='ltr' id='par_1_19' title="bbox 1905 524 3506 599">
     <span class='ocr_line' id='line_1_19' title="bbox 1905 524 3506 599; baseline 0.005 -23"><span class='ocrx_word' id='word_1_132' title='bbox 1905 524 2062 591; x_wconf 73' lang='lat' dir='ltr'><strong>gium</strong></span> <span class='ocrx_word' id='word_1_133' title='bbox 2113 526 2213 578; x_wconf 84' lang='lat' dir='ltr'><strong>fiat</strong></span> <span class='ocrx_word' id='word_1_134' title='bbox 2236 526 2459 593; x_wconf 75' lang='lat' dir='ltr'><strong>smpius.</strong></span> <span class='ocrx_word' id='word_1_135' title='bbox 2512 525 2785 591; x_wconf 85' lang='lat' dir='ltr'><strong>Existens,</strong></span> <span class='ocrx_word' id='word_1_136' title='bbox 2818 526 3075 597; x_wconf 85' lang='lat' dir='ltr'><strong>inquam,</strong></span> <span class='ocrx_word' id='word_1_137' title='bbox 3124 530 3414 599; x_wconf 76' lang='lat' dir='ltr'><strong>refugium,</strong></span> <span class='ocrx_word' id='word_1_138' title='bbox 3447 534 3506 585; x_wconf 88' lang='lat' dir='ltr'><strong>et</strong></span> 
     </span>
    </p>
   </div>
   <div class='ocr_carea' id='block_1_20' title="bbox 1908 612 3501 683">
    <p class='ocr_par' dir='ltr' id='par_1_20' title="bbox 1908 612 3501 683">
     <span class='ocr_line' id='line_1_20' title="bbox 1908 612 3501 683; baseline 0.005 -18"><span class='ocrx_word' id='word_1_139' title='bbox 1908 613 2081 667; x_wconf 86' lang='lat' dir='ltr'><strong>etiam</strong></span> <span class='ocrx_word' id='word_1_140' title='bbox 2098 614 2343 668; x_wconf 86' lang='lat' dir='ltr'><strong>existens</strong></span> <span class='ocrx_word' id='word_1_141' title='bbox 2365 620 2629 683; x_wconf 70' lang='lat' dir='ltr'><strong>susceptor</strong></span> <span class='ocrx_word' id='word_1_142' title='bbox 2653 612 2817 681; x_wconf 78' lang='lat' dir='ltr'><strong>meus,</strong></span> <span class='ocrx_word' id='word_1_143' title='bbox 2839 613 2897 668; x_wconf 89' lang='lat' dir='ltr'><strong>id</strong></span> <span class='ocrx_word' id='word_1_144' title='bbox 2936 619 3020 668; x_wconf 86' lang='lat' dir='ltr'><strong>est</strong></span> <span class='ocrx_word' id='word_1_145' title='bbox 3054 617 3308 672; x_wconf 87' lang='lat' dir='ltr'><strong>medicus</strong></span> <span class='ocrx_word' id='word_1_146' title='bbox 3334 621 3392 671; x_wconf 90' lang='lat' dir='ltr'><strong>et</strong></span> <span class='ocrx_word' id='word_1_147' title='bbox 3411 635 3501 673; x_wconf 89' lang='lat' dir='ltr'><strong>re-</strong></span> 
     </span>
    </p>
   </div>
   <div class='ocr_carea' id='block_1_21' title="bbox 1907 703 3505 774">
    <p class='ocr_par' dir='ltr' id='par_1_21' title="bbox 1907 703 3505 774">
     <span class='ocr_line' id='line_1_21' title="bbox 1907 703 3505 774; baseline 0.005 -18"><span class='ocrx_word' id='word_1_148' title='bbox 1907 707 2141 773; x_wconf 87' lang='lat' dir='ltr'><strong>parator</strong></span> <span class='ocrx_word' id='word_1_149' title='bbox 2161 719 2343 769; x_wconf 90' lang='lat' dir='ltr'><strong>mens,</strong></span> <span class='ocrx_word' id='word_1_150' title='bbox 2376 703 2471 774; x_wconf 88' lang='lat' dir='ltr'><strong>qui</strong></span> <span class='ocrx_word' id='word_1_151' title='bbox 2521 703 2806 758; x_wconf 88' lang='lat' dir='ltr'><strong>rationem</strong></span> <span class='ocrx_word' id='word_1_152' title='bbox 2840 707 2895 758; x_wconf 92' lang='lat' dir='ltr'><strong>et</strong></span> <span class='ocrx_word' id='word_1_153' title='bbox 2926 704 3168 759; x_wconf 88' lang='lat' dir='ltr'><strong>liberum</strong></span> <span class='ocrx_word' id='word_1_154' title='bbox 3198 708 3505 763; x_wconf 81' lang='lat' dir='ltr'><strong>arbitrium</strong></span> 
     </span>
    </p>
   </div>
   <div class='ocr_carea' id='block_1_22' title="bbox 1906 791 3508 862">
    <p class='ocr_par' dir='ltr' id='par_1_22' title="bbox 1906 791 3508 862">
     <span class='ocr_line' id='line_1_22' title="bbox 1906 791 3508 862; baseline 0.004 -18"><span class='ocrx_word' id='word_1_155' title='bbox 1906 807 2124 856; x_wconf 89' lang='lat' dir='ltr'><strong>meum,</strong></span> <span class='ocrx_word' id='word_1_156' title='bbox 2154 809 2279 862; x_wconf 71' lang='lat' dir='ltr'><strong>qum.</strong></span> <span class='ocrx_word' id='word_1_157' title='bbox 2306 809 2409 861; x_wconf 88' lang='lat' dir='ltr'><strong>per</strong></span> <span class='ocrx_word' id='word_1_158' title='bbox 2433 791 2715 861; x_wconf 86' lang='lat' dir='ltr'><strong>originate</strong></span> <span class='ocrx_word' id='word_1_159' title='bbox 2744 797 3045 862; x_wconf 89' lang='lat' dir='ltr'><strong>peccatum</strong></span> <span class='ocrx_word' id='word_1_160' title='bbox 3071 794 3367 850; x_wconf 78' lang='lat' dir='ltr'><strong>debilitata</strong></span> <span class='ocrx_word' id='word_1_161' title='bbox 3388 798 3508 850; x_wconf 89' lang='lat' dir='ltr'><strong>fuc-</strong></span> 
     </span>
    </p>
   </div>
   <div class='ocr_carea' id='block_1_23' title="bbox 1906 880 3506 953">
    <p class='ocr_par' dir='ltr' id='par_1_23' title="bbox 1906 880 3506 953">
     <span class='ocr_line' id='line_1_23' title="bbox 1906 880 3506 953; baseline 0.002 -20"><span class='ocrx_word' id='word_1_162' title='bbox 1906 883 2055 945; x_wconf 87' lang='lat' dir='ltr'><strong>rant,</strong></span> <span class='ocrx_word' id='word_1_163' title='bbox 2074 896 2176 950; x_wconf 92' lang='lat' dir='ltr'><strong>per</strong></span> <span class='ocrx_word' id='word_1_164' title='bbox 2198 884 2442 934; x_wconf 89' lang='lat' dir='ltr'><strong>mortem</strong></span> <span class='ocrx_word' id='word_1_165' title='bbox 2474 880 2761 949; x_wconf 87' lang='lat' dir='ltr'><strong>Unigeniti</strong></span> <span class='ocrx_word' id='word_1_166' title='bbox 2794 882 2878 935; x_wconf 89' lang='lat' dir='ltr'><strong>sui</strong></span> <span class='ocrx_word' id='word_1_167' title='bbox 2918 883 3203 953; x_wconf 82' lang='lat' dir='ltr'><strong>reparavit</strong></span> <span class='ocrx_word' id='word_1_168' title='bbox 3229 887 3287 936; x_wconf 90' lang='lat' dir='ltr'><strong>et</strong></span> <span class='ocrx_word' id='word_1_169' title='bbox 3313 900 3506 938; x_wconf 87' lang='lat' dir='ltr'><strong>corro-</strong></span> 
     </span>
    </p>
   </div>
   <div class='ocr_carea' id='block_1_24' title="bbox 1908 967 3510 1044">
    <p class='ocr_par' dir='ltr' id='par_1_24' title="bbox 1908 967 3510 1044">
     <span class='ocr_line' id='line_1_24' title="bbox 1908 967 3510 1044; baseline 0.004 -24"><span class='ocrx_word' id='word_1_170' title='bbox 1908 968 2146 1021; x_wconf 86' lang='lat' dir='ltr'><strong>boravit.</strong></span> <span class='ocrx_word' id='word_1_171' title='bbox 2180 967 2250 1020; x_wconf 84' lang='lat' dir='ltr'><strong>Et</strong></span> <span class='ocrx_word' id='word_1_172' title='bbox 2281 968 2525 1021; x_wconf 82' lang='lat' dir='ltr'><strong>existens</strong></span> <span class='ocrx_word' id='word_1_173' title='bbox 2551 986 2778 1041; x_wconf 86' lang='lat' dir='ltr'><strong>quoque</strong></span> <span class='ocrx_word' id='word_1_174' title='bbox 2803 970 3049 1023; x_wconf 71' lang='lat' dir='ltr'><strong>liberator</strong></span> <span class='ocrx_word' id='word_1_175' title='bbox 3072 988 3236 1039; x_wconf 79' lang='lat' dir='ltr'><strong>meus,</strong></span> <span class='ocrx_word' id='word_1_176' title='bbox 3256 973 3390 1043; x_wconf 84' lang='lat' dir='ltr'><strong>quia</strong></span> <span class='ocrx_word' id='word_1_177' title='bbox 3409 990 3510 1044; x_wconf 91' lang='lat' dir='ltr'><strong>per</strong></span> 
     </span>
    </p>
   </div>
   <div class='ocr_carea' id='block_1_25' title="bbox 1909 1054 3495 1131">
    <p class='ocr_par' dir='ltr' id='par_1_25' title="bbox 1909 1054 3495 1131">
     <span class='ocr_line' id='line_1_25' title="bbox 1909 1054 3495 1131; baseline 0.005 -24"><span class='ocrx_word' id='word_1_178' title='bbox 1909 1054 2331 1125; x_wconf 83' lang='lat' dir='ltr'><strong>indulgentiam</strong></span> <span class='ocrx_word' id='word_1_179' title='bbox 2354 1058 2554 1123; x_wconf 68' lang='lat' dir='ltr'><strong>gratia:</strong></span> <span class='ocrx_word' id='word_1_180' title='bbox 2586 1074 2700 1111; x_wconf 68' lang='lat' dir='ltr'><strong>sua)</strong></span> <span class='ocrx_word' id='word_1_181' title='bbox 2728 1076 2761 1111; x_wconf 89' lang='lat' dir='ltr'><strong>a</strong></span> <span class='ocrx_word' id='word_1_182' title='bbox 2791 1064 3180 1130; x_wconf 86' lang='lat' dir='ltr'><strong>peccatorum,</strong></span> <span class='ocrx_word' id='word_1_183' title='bbox 3204 1077 3329 1131; x_wconf 67' lang='lat' dir='ltr'><strong>qua:</strong></span> <span class='ocrx_word' id='word_1_184' title='bbox 3352 1077 3495 1115; x_wconf 87' lang='lat' dir='ltr'><strong>com-</strong></span> 
     </span>
    </p>
   </div>
   <div class='ocr_carea' id='block_1_26' title="bbox 1910 1144 3507 1219">
    <p class='ocr_par' dir='ltr' id='par_1_26' title="bbox 1910 1144 3507 1219">
     <span class='ocr_line' id='line_1_26' title="bbox 1910 1144 3507 1219; baseline 0.004 -22"><span class='ocrx_word' id='word_1_185' title='bbox 1910 1144 2200 1212; x_wconf 88' lang='lat' dir='ltr'><strong>miseram,</strong></span> <span class='ocrx_word' id='word_1_186' title='bbox 2236 1160 2327 1197; x_wconf 90' lang='lat' dir='ltr'><strong>me</strong></span> <span class='ocrx_word' id='word_1_187' title='bbox 2359 1145 2626 1200; x_wconf 86' lang='lat' dir='ltr'><strong>servitute</strong></span> <span class='ocrx_word' id='word_1_188' title='bbox 2655 1146 2934 1213; x_wconf 82' lang='lat' dir='ltr'><strong>liberavit,</strong></span> <span class='ocrx_word' id='word_1_189' title='bbox 2963 1150 3021 1201; x_wconf 93' lang='lat' dir='ltr'><strong>et</strong></span> <span class='ocrx_word' id='word_1_190' title='bbox 3042 1149 3507 1219; x_wconf 85' lang='lat' dir='ltr'><strong>existensprotec-</strong></span> 
     </span>
    </p>
   </div>
   <div class='ocr_carea' id='block_1_27' title="bbox 1910 1233 3511 1309">
    <p class='ocr_par' dir='ltr' id='par_1_27' title="bbox 1910 1233 3511 1309">
     <span class='ocr_line' id='line_1_27' title="bbox 1910 1233 3511 1309; baseline 0.006 -26"><span class='ocrx_word' id='word_1_191' title='bbox 1910 1238 2011 1298; x_wconf 87' lang='lat' dir='ltr'><strong>tor,</strong></span> <span class='ocrx_word' id='word_1_192' title='bbox 2040 1233 2095 1287; x_wconf 89' lang='lat' dir='ltr'><strong>id</strong></span> <span class='ocrx_word' id='word_1_193' title='bbox 2128 1236 2212 1287; x_wconf 91' lang='lat' dir='ltr'><strong>est</strong></span> <span class='ocrx_word' id='word_1_194' title='bbox 2236 1234 2507 1288; x_wconf 85' lang='lat' dir='ltr'><strong>defensor</strong></span> <span class='ocrx_word' id='word_1_195' title='bbox 2536 1253 2698 1301; x_wconf 83' lang='lat' dir='ltr'><strong>meus,</strong></span> <span class='ocrx_word' id='word_1_196' title='bbox 2730 1253 2800 1289; x_wconf 92' lang='lat' dir='ltr'><strong>ne</strong></span> <span class='ocrx_word' id='word_1_197' title='bbox 2828 1237 3029 1291; x_wconf 89' lang='lat' dir='ltr'><strong>cedam</strong></span> <span class='ocrx_word' id='word_1_198' title='bbox 3057 1237 3511 1309; x_wconf 87' lang='lat' dir='ltr'><strong>impugnationi-</strong></span> 
     </span>
    </p>
   </div>
   <div class='ocr_carea' id='block_1_28' title="bbox 1910 1321 3512 1397">
    <p class='ocr_par' dir='ltr' id='par_1_28' title="bbox 1910 1321 3512 1397">
     <span class='ocr_line' id='line_1_28' title="bbox 1910 1321 3512 1397; baseline 0.004 -23"><span class='ocrx_word' id='word_1_199' title='bbox 1910 1321 2013 1375; x_wconf 88' lang='lat' dir='ltr'><strong>bus</strong></span> <span class='ocrx_word' id='word_1_200' title='bbox 2040 1321 2403 1377; x_wconf 88' lang='lat' dir='ltr'><strong>inimicorum</strong></span> <span class='ocrx_word' id='word_1_201' title='bbox 2438 1323 2800 1392; x_wconf 89' lang='lat' dir='ltr'><strong>interiorum,</strong></span> <span class='ocrx_word' id='word_1_202' title='bbox 2829 1324 2888 1379; x_wconf 89' lang='lat' dir='ltr'><strong>id</strong></span> <span class='ocrx_word' id='word_1_203' title='bbox 2919 1330 3003 1379; x_wconf 91' lang='lat' dir='ltr'><strong>est</strong></span> <span class='ocrx_word' id='word_1_204' title='bbox 3049 1343 3353 1397; x_wconf 88' lang='lat' dir='ltr'><strong>pravarum</strong></span> <span class='ocrx_word' id='word_1_205' title='bbox 3380 1343 3512 1396; x_wconf 87' lang='lat' dir='ltr'><strong>sug-</strong></span> 
     </span>
    </p>
   </div>
   <div class='ocr_carea' id='block_1_29' title="bbox 1910 1410 3513 1480">
    <p class='ocr_par' dir='ltr' id='par_1_29' title="bbox 1910 1410 3513 1480">
     <span class='ocr_line' id='line_1_29' title="bbox 1910 1410 3513 1480; baseline 0.004 -17"><span class='ocrx_word' id='word_1_206' title='bbox 1910 1410 2259 1478; x_wconf 76' lang='lat' dir='ltr'><strong>gestionem,</strong></span> <span class='ocrx_word' id='word_1_207' title='bbox 2299 1414 2357 1466; x_wconf 89' lang='lat' dir='ltr'><strong>et</strong></span> <span class='ocrx_word' id='word_1_208' title='bbox 2398 1412 2769 1480; x_wconf 85' lang='lat' dir='ltr'><strong>exteriorum,</strong></span> <span class='ocrx_word' id='word_1_209' title='bbox 2814 1414 3218 1470; x_wconf 75' lang='lat' dir='ltr'><strong>luereticorum</strong></span> <span class='ocrx_word' id='word_1_210' title='bbox 3248 1414 3513 1469; x_wconf 89' lang='lat' dir='ltr'><strong>videlicet</strong></span> 
     </span>
    </p>
   </div>
   <div class='ocr_carea' id='block_1_30' title="bbox 1912 1499 3514 1573">
    <p class='ocr_par' dir='ltr' id='par_1_30' title="bbox 1912 1499 3514 1573">
     <span class='ocr_line' id='line_1_30' title="bbox 1912 1499 3514 1573; baseline 0.004 -22"><span class='ocrx_word' id='word_1_211' title='bbox 1912 1502 1970 1551; x_wconf 90' lang='lat' dir='ltr'><strong>et</strong></span> <span class='ocrx_word' id='word_1_212' title='bbox 1993 1499 2246 1554; x_wconf 89' lang='lat' dir='ltr'><strong>virorum</strong></span> <span class='ocrx_word' id='word_1_213' title='bbox 2286 1500 2642 1573; x_wconf 87' lang='lat' dir='ltr'><strong>iniquorum.</strong></span> <span class='ocrx_word' id='word_1_214' title='bbox 2667 1502 2742 1554; x_wconf 81' lang='lat' dir='ltr'><strong>Et</strong></span> <span class='ocrx_word' id='word_1_215' title='bbox 2766 1503 2825 1556; x_wconf 86' lang='lat' dir='ltr'><strong>in</strong></span> <span class='ocrx_word' id='word_1_216' title='bbox 2853 1505 2962 1572; x_wconf 82' lang='lat' dir='ltr'><strong>ipso</strong></span> <span class='ocrx_word' id='word_1_217' title='bbox 2989 1506 3214 1573; x_wconf 80' lang='lat' dir='ltr'><strong>speravi,</strong></span> <span class='ocrx_word' id='word_1_218' title='bbox 3247 1502 3306 1557; x_wconf 90' lang='lat' dir='ltr'><strong>id</strong></span> <span class='ocrx_word' id='word_1_219' title='bbox 3329 1507 3414 1557; x_wconf 90' lang='lat' dir='ltr'><strong>est</strong></span> <span class='ocrx_word' id='word_1_220' title='bbox 3444 1520 3514 1558; x_wconf 88' lang='lat' dir='ltr'><strong>ea</strong></span> 
     </span>
    </p>
   </div>
   <div class='ocr_carea' id='block_1_31' title="bbox 1912 1588 3513 1663">
    <p class='ocr_par' dir='ltr' id='par_1_31' title="bbox 1912 1588 3513 1663">
     <span class='ocr_line' id='line_1_31' title="bbox 1912 1588 3513 1663; baseline 0.003 -23"><span class='ocrx_word' id='word_1_221' title='bbox 1912 1588 2066 1641; x_wconf 88' lang='lat' dir='ltr'><strong>bona</strong></span> <span class='ocrx_word' id='word_1_222' title='bbox 2096 1605 2223 1659; x_wconf 70' lang='lat' dir='ltr'><strong>qum</strong></span> <span class='ocrx_word' id='word_1_223' title='bbox 2264 1588 2319 1643; x_wconf 90' lang='lat' dir='ltr'><strong>in</strong></span> <span class='ocrx_word' id='word_1_224' title='bbox 2354 1590 2473 1661; x_wconf 90' lang='lat' dir='ltr'><strong>ipso</strong></span> <span class='ocrx_word' id='word_1_225' title='bbox 2496 1595 2648 1657; x_wconf 90' lang='lat' dir='ltr'><strong>sunt,</strong></span> <span class='ocrx_word' id='word_1_226' title='bbox 2681 1591 2901 1662; x_wconf 85' lang='lat' dir='ltr'><strong>speravi</strong></span> <span class='ocrx_word' id='word_1_227' title='bbox 2923 1609 3027 1663; x_wconf 92' lang='lat' dir='ltr'><strong>per</strong></span> <span class='ocrx_word' id='word_1_228' title='bbox 3056 1609 3188 1646; x_wconf 83' lang='lat' dir='ltr'><strong>cum</strong></span> <span class='ocrx_word' id='word_1_229' title='bbox 3216 1609 3308 1647; x_wconf 88' lang='lat' dir='ltr'><strong>me</strong></span> <span class='ocrx_word' id='word_1_230' title='bbox 3339 1592 3513 1663; x_wconf 90' lang='lat' dir='ltr'><strong>adep-</strong></span> 
     </span>
    </p>
   </div>
   <div class='ocr_carea' id='block_1_32' title="bbox 1912 1678 3506 1750">
    <p class='ocr_par' dir='ltr' id='par_1_32' title="bbox 1912 1678 3506 1750">
     <span class='ocr_line' id='line_1_32' title="bbox 1912 1678 3506 1750; baseline 0.003 -21"><span class='ocrx_word' id='word_1_231' title='bbox 1912 1678 2102 1730; x_wconf 87' lang='lat' dir='ltr'><strong>turum</strong></span> <span class='ocrx_word' id='word_1_232' title='bbox 2114 1719 2126 1743; x_wconf 97' lang='lat'><strong>,</strong></span> <span class='ocrx_word' id='word_1_233' title='bbox 2154 1678 2648 1731; x_wconf 86' lang='lat' dir='ltr'><strong>immortalitatem</strong></span> <span class='ocrx_word' id='word_1_234' title='bbox 2662 1679 2872 1733; x_wconf 87' lang='lat' dir='ltr'><strong>scilicet</strong></span> <span class='ocrx_word' id='word_1_235' title='bbox 2885 1683 2940 1733; x_wconf 87' lang='lat' dir='ltr'><strong>et</strong></span> <span class='ocrx_word' id='word_1_236' title='bbox 2962 1679 3506 1750; x_wconf 87' lang='lat' dir='ltr'><strong>impassibilitatem.</strong></span> 
     </span>
    </p>
   </div>
   <div class='ocr_carea' id='block_1_33' title="bbox 212 1763 3515 1839">
    <p class='ocr_par' dir='ltr' id='par_1_33' title="bbox 212 1763 3515 1839">
     <span class='ocr_line' id='line_1_33' title="bbox 212 1763 3515 1839; baseline 0 -21"><span class='ocrx_word' id='word_1_237' title='bbox 212 1765 453 1833; x_wconf 84' lang='lat' dir='ltr'><strong>beravit,</strong></span> <span class='ocrx_word' id='word_1_238' title='bbox 482 1766 742 1820; x_wconf 88' lang='lat' dir='ltr'><strong>docendo</strong></span> <span class='ocrx_word' id='word_1_239' title='bbox 781 1766 1018 1821; x_wconf 87' lang='lat' dir='ltr'><strong>viriliter</strong></span> <span class='ocrx_word' id='word_1_240' title='bbox 1042 1785 1171 1822; x_wconf 90' lang='lat' dir='ltr'><strong>eam</strong></span> <span class='ocrx_word' id='word_1_241' title='bbox 1191 1767 1813 1839; x_wconf 59' lang='lat' dir='ltr'><strong>contraipsosprarliari</strong></span> <span class='ocrx_word' id='word_1_242' title='bbox 1836 1776 1887 1834; x_wconf 85' lang='grc' dir='ltr'><strong>Β</strong></span> <span class='ocrx_word' id='word_1_243' title='bbox 1913 1763 2075 1826; x_wconf 86' lang='lat' dir='ltr'><strong>Quod</strong></span> <span class='ocrx_word' id='word_1_244' title='bbox 2106 1767 2191 1817; x_wconf 88' lang='lat' dir='ltr'><strong>est</strong></span> <span class='ocrx_word' id='word_1_245' title='bbox 2219 1764 2407 1818; x_wconf 90' lang='lat' dir='ltr'><strong>dicere</strong></span> <span class='ocrx_word' id='word_1_246' title='bbox 2444 1782 2457 1819; x_wconf 89' lang='lat'><strong>:</strong></span> <span class='ocrx_word' id='word_1_247' title='bbox 2489 1766 2553 1819; x_wconf 83' lang='lat' dir='ltr'><strong>Et</strong></span> <span class='ocrx_word' id='word_1_248' title='bbox 2586 1765 2704 1836; x_wconf 92' lang='lat' dir='ltr'><strong>ipse</strong></span> <span class='ocrx_word' id='word_1_249' title='bbox 2728 1770 2812 1821; x_wconf 89' lang='lat' dir='ltr'><strong>est</strong></span> <span class='ocrx_word' id='word_1_250' title='bbox 2842 1766 3088 1821; x_wconf 83' lang='lat' dir='ltr'><strong>existens</strong></span> <span class='ocrx_word' id='word_1_251' title='bbox 3109 1784 3236 1837; x_wconf 85' lang='lat' dir='ltr'><strong>spes</strong></span> <span class='ocrx_word' id='word_1_252' title='bbox 3255 1783 3515 1838; x_wconf 88' lang='lat' dir='ltr'><strong>mea,per</strong></span> 
     </span>
    </p>
   </div>
   <div class='ocr_carea' id='block_1_34' title="bbox 211 1854 1809 1927">
    <p class='ocr_par' dir='ltr' id='par_1_34' title="bbox 211 1854 1809 1927">
     <span class='ocr_line' id='line_1_34' title="bbox 211 1854 1809 1927; baseline 0.004 -22"><span class='ocrx_word' id='word_1_253' title='bbox 211 1857 271 1907; x_wconf 92' lang='lat' dir='ltr'><strong>et</strong></span> <span class='ocrx_word' id='word_1_254' title='bbox 292 1854 657 1924; x_wconf 85' lang='lat' dir='ltr'><strong>quiajugiter</strong></span> <span class='ocrx_word' id='word_1_255' title='bbox 685 1872 813 1909; x_wconf 88' lang='lat' dir='ltr'><strong>eam</strong></span> <span class='ocrx_word' id='word_1_256' title='bbox 844 1857 1116 1927; x_wconf 80' lang='lat' dir='ltr'><strong>protegit,</strong></span> <span class='ocrx_word' id='word_1_257' title='bbox 1150 1861 1206 1910; x_wconf 89' lang='lat' dir='ltr'><strong>et</strong></span> <span class='ocrx_word' id='word_1_258' title='bbox 1237 1875 1303 1910; x_wconf 89' lang='lat' dir='ltr'><strong>ea</strong></span> <span class='ocrx_word' id='word_1_259' title='bbox 1328 1856 1809 1923; x_wconf 85' lang='lat' dir='ltr'><strong>consideratione,</strong></span> 
     </span>
    </p>
   </div>
   <div class='ocr_carea' id='block_1_35' title="bbox 210 1942 1811 2015">
    <p class='ocr_par' dir='ltr' id='par_1_35' title="bbox 210 1942 1811 2015">
     <span class='ocr_line' id='line_1_35' title="bbox 210 1942 1811 2015; baseline 0.001 -20"><span class='ocrx_word' id='word_1_260' title='bbox 210 1942 347 2012; x_wconf 84' lang='lat' dir='ltr'><strong>quia</strong></span> <span class='ocrx_word' id='word_1_261' title='bbox 375 1943 703 1997; x_wconf 87' lang='lat' dir='ltr'><strong>hominibus</strong></span> <span class='ocrx_word' id='word_1_262' title='bbox 732 1944 996 1998; x_wconf 83' lang='lat' dir='ltr'><strong>fidelibus</strong></span> <span class='ocrx_word' id='word_1_263' title='bbox 1026 1945 1150 2013; x_wconf 89' lang='lat' dir='ltr'><strong>jam</strong></span> <span class='ocrx_word' id='word_1_264' title='bbox 1186 1944 1452 2002; x_wconf 87' lang='lat' dir='ltr'><strong>innotuit.</strong></span> <span class='ocrx_word' id='word_1_265' title='bbox 1488 1945 1624 1998; x_wconf 87' lang='lat' dir='ltr'><strong>Orat</strong></span> <span class='ocrx_word' id='word_1_266' title='bbox 1670 1961 1811 2015; x_wconf 86' lang='lat' dir='ltr'><strong>quo-</strong></span> 
     </span>
    </p>
   </div>
   <div class='ocr_carea' id='block_1_36' title="bbox 210 2032 1813 2105">
    <p class='ocr_par' dir='ltr' id='par_1_36' title="bbox 210 2032 1813 2105">
     <span class='ocr_line' id='line_1_36' title="bbox 210 2032 1813 2105; baseline 0.001 -20"><span class='ocrx_word' id='word_1_267' title='bbox 210 2049 322 2102; x_wconf 88' lang='lat' dir='ltr'><strong>que</strong></span> <span class='ocrx_word' id='word_1_268' title='bbox 355 2036 415 2085; x_wconf 89' lang='lat' dir='ltr'><strong>ut</strong></span> <span class='ocrx_word' id='word_1_269' title='bbox 446 2032 525 2086; x_wconf 89' lang='lat' dir='ltr'><strong>eis</strong></span> <span class='ocrx_word' id='word_1_270' title='bbox 548 2032 867 2087; x_wconf 83' lang='lat' dir='ltr'><strong>innotescat</strong></span> <span class='ocrx_word' id='word_1_271' title='bbox 889 2034 1092 2105; x_wconf 89' lang='lat' dir='ltr'><strong>quibus</strong></span> <span class='ocrx_word' id='word_1_272' title='bbox 1109 2034 1365 2089; x_wconf 89' lang='lat' dir='ltr'><strong>nondum</strong></span> <span class='ocrx_word' id='word_1_273' title='bbox 1386 2033 1653 2088; x_wconf 89' lang='lat' dir='ltr'><strong>innotuit.</strong></span> <span class='ocrx_word' id='word_1_274' title='bbox 1677 2034 1813 2087; x_wconf 89' lang='lat' dir='ltr'><strong>Orat</strong></span> 
     </span>
    </p>
   </div>
   <div class='ocr_carea' id='block_1_37' title="bbox 209 2119 1811 2193">
    <p class='ocr_par' dir='ltr' id='par_1_37' title="bbox 209 2119 1811 2193">
     <span class='ocr_line' id='line_1_37' title="bbox 209 2119 1811 2193; baseline 0.001 -21"><span class='ocrx_word' id='word_1_275' title='bbox 209 2119 446 2191; x_wconf 90' lang='lat' dir='ltr'><strong>insuper</strong></span> <span class='ocrx_word' id='word_1_276' title='bbox 469 2121 540 2174; x_wconf 90' lang='lat' dir='ltr'><strong>ab</strong></span> <span class='ocrx_word' id='word_1_277' title='bbox 571 2121 853 2175; x_wconf 75' lang='lat' dir='ltr'><strong>luereticis</strong></span> <span class='ocrx_word' id='word_1_278' title='bbox 883 2122 1110 2176; x_wconf 85' lang='lat' dir='ltr'><strong>liberari</strong></span> <span class='ocrx_word' id='word_1_279' title='bbox 1142 2126 1200 2176; x_wconf 90' lang='lat' dir='ltr'><strong>et</strong></span> <span class='ocrx_word' id='word_1_280' title='bbox 1229 2122 1395 2193; x_wconf 90' lang='lat' dir='ltr'><strong>eripi,</strong></span> <span class='ocrx_word' id='word_1_281' title='bbox 1430 2140 1502 2176; x_wconf 90' lang='lat' dir='ltr'><strong>ne</strong></span> <span class='ocrx_word' id='word_1_282' title='bbox 1548 2139 1679 2176; x_wconf 89' lang='lat' dir='ltr'><strong>eum</strong></span> <span class='ocrx_word' id='word_1_283' title='bbox 1708 2122 1811 2176; x_wconf 87' lang='lat' dir='ltr'><strong>sibi</strong></span> 
     </span>
    </p>
   </div>
   <div class='ocr_carea' id='block_1_38' title="bbox 209 2210 1811 2281">
    <p class='ocr_par' dir='ltr' id='par_1_38' title="bbox 209 2210 1811 2281">
     <span class='ocr_line' id='line_1_38' title="bbox 209 2210 1811 2281; baseline 0.001 -20"><span class='ocrx_word' id='word_1_284' title='bbox 209 2211 576 2264; x_wconf 87' lang='lat' dir='ltr'><strong>conformare</strong></span> <span class='ocrx_word' id='word_1_285' title='bbox 623 2210 863 2281; x_wconf 81' lang='lat' dir='ltr'><strong>pessint,</strong></span> <span class='ocrx_word' id='word_1_286' title='bbox 918 2214 1017 2265; x_wconf 91' lang='lat' dir='ltr'><strong>aut</strong></span> <span class='ocrx_word' id='word_1_287' title='bbox 1058 2211 1241 2265; x_wconf 81' lang='lat' dir='ltr'><strong>verbis</strong></span> <span class='ocrx_word' id='word_1_288' title='bbox 1298 2216 1397 2266; x_wconf 90' lang='lat' dir='ltr'><strong>aut</strong></span> <span class='ocrx_word' id='word_1_289' title='bbox 1446 2211 1811 2265; x_wconf 88' lang='lat' dir='ltr'><strong>simulatione</strong></span> 
     </span>
    </p>
   </div>
   <div class='ocr_carea' id='block_1_39' title="bbox 210 2298 1809 2371">
    <p class='ocr_par' dir='ltr' id='par_1_39' title="bbox 210 2298 1809 2371">
     <span class='ocr_line' id='line_1_39' title="bbox 210 2298 1809 2371; baseline 0.001 -21"><span class='ocrx_word' id='word_1_290' title='bbox 210 2314 454 2367; x_wconf 89' lang='lat' dir='ltr'><strong>operum</strong></span> <span class='ocrx_word' id='word_1_291' title='bbox 474 2315 733 2365; x_wconf 87' lang='lat' dir='ltr'><strong>suorum,</strong></span> <span class='ocrx_word' id='word_1_292' title='bbox 750 2302 848 2353; x_wconf 91' lang='lat' dir='ltr'><strong>aut</strong></span> <span class='ocrx_word' id='word_1_293' title='bbox 864 2300 1327 2354; x_wconf 88' lang='lat' dir='ltr'><strong>tribulationibus</strong></span> <span class='ocrx_word' id='word_1_294' title='bbox 1343 2317 1355 2366; x_wconf 91' lang='lat'><strong>;</strong></span> <span class='ocrx_word' id='word_1_295' title='bbox 1373 2303 1430 2353; x_wconf 90' lang='lat' dir='ltr'><strong>et</strong></span> <span class='ocrx_word' id='word_1_296' title='bbox 1452 2316 1553 2371; x_wconf 90' lang='lat' dir='ltr'><strong>per</strong></span> <span class='ocrx_word' id='word_1_297' title='bbox 1577 2300 1683 2352; x_wconf 91' lang='lat' dir='ltr'><strong>hoc</strong></span> <span class='ocrx_word' id='word_1_298' title='bbox 1704 2298 1809 2351; x_wconf 91' lang='lat' dir='ltr'><strong>mi-</strong></span> 
     </span>
    </p>
   </div>
   <div class='ocr_carea' id='block_1_40' title="bbox 211 2388 1851 2461">
    <p class='ocr_par' dir='ltr' id='par_1_40' title="bbox 211 2388 1851 2461">
     <span class='ocr_line' id='line_1_40' title="bbox 211 2388 1851 2461; baseline 0.003 -23"><span class='ocrx_word' id='word_1_299' title='bbox 211 2402 384 2441; x_wconf 87' lang='lat' dir='ltr'><strong>nores</strong></span> <span class='ocrx_word' id='word_1_300' title='bbox 397 2403 562 2441; x_wconf 88' lang='lat' dir='ltr'><strong>orare</strong></span> <span class='ocrx_word' id='word_1_301' title='bbox 580 2388 1332 2461; x_wconf 87' lang='lat' dir='ltr'><strong>instruit.0stenditquoque</strong></span> <span class='ocrx_word' id='word_1_302' title='bbox 1348 2406 1520 2460; x_wconf 89' lang='lat' dir='ltr'><strong>quam</strong></span> <span class='ocrx_word' id='word_1_303' title='bbox 1538 2388 1811 2458; x_wconf 87' lang='lat' dir='ltr'><strong>periculo-</strong></span> <span class='ocrx_word' id='word_1_304' title='bbox 1843 2436 1851 2443; x_wconf 92' lang='lat'><strong>.</strong></span> 
     </span>
    </p>
   </div>
   <div class='ocr_carea' id='block_1_41' title="bbox 212 2476 1812 2549">
    <p class='ocr_par' dir='ltr' id='par_1_41' title="bbox 212 2476 1812 2549">
     <span class='ocr_line' id='line_1_41' title="bbox 212 2476 1812 2549; baseline 0 -21"><span class='ocrx_word' id='word_1_305' title='bbox 212 2492 276 2528; x_wconf 87' lang='lat' dir='ltr'><strong>sa</strong></span> <span class='ocrx_word' id='word_1_306' title='bbox 298 2476 369 2528; x_wconf 90' lang='lat' dir='ltr'><strong>sit</strong></span> <span class='ocrx_word' id='word_1_307' title='bbox 387 2493 590 2530; x_wconf 91' lang='lat' dir='ltr'><strong>eorum</strong></span> <span class='ocrx_word' id='word_1_308' title='bbox 612 2476 689 2530; x_wconf 89' lang='lat' dir='ltr'><strong>im</strong></span> <span class='ocrx_word' id='word_1_309' title='bbox 703 2478 998 2548; x_wconf 86' lang='lat' dir='ltr'><strong>pugnatio,</strong></span> <span class='ocrx_word' id='word_1_310' title='bbox 1014 2484 1137 2531; x_wconf 89' lang='lat' dir='ltr'><strong>tum</strong></span> <span class='ocrx_word' id='word_1_311' title='bbox 1158 2479 1292 2549; x_wconf 87' lang='lat' dir='ltr'><strong>quia</strong></span> <span class='ocrx_word' id='word_1_312' title='bbox 1306 2477 1601 2549; x_wconf 85' lang='lat' dir='ltr'><strong>multiplex</strong></span> <span class='ocrx_word' id='word_1_313' title='bbox 1617 2478 1703 2529; x_wconf 87' lang='lat' dir='ltr'><strong>est</strong></span> <span class='ocrx_word' id='word_1_314' title='bbox 1716 2492 1812 2529; x_wconf 86' lang='lat' dir='ltr'><strong>eo-</strong></span> 
     </span>
    </p>
   </div>
   <div class='ocr_carea' id='block_1_42' title="bbox 213 2566 1817 2638">
    <p class='ocr_par' dir='ltr' id='par_1_42' title="bbox 213 2566 1817 2638">
     <span class='ocr_line' id='line_1_42' title="bbox 213 2566 1817 2638; baseline 0 -21"><span class='ocrx_word' id='word_1_315' title='bbox 213 2580 347 2617; x_wconf 88' lang='lat' dir='ltr'><strong>rum</strong></span> <span class='ocrx_word' id='word_1_316' title='bbox 368 2580 551 2632; x_wconf 90' lang='lat' dir='ltr'><strong>error,</strong></span> <span class='ocrx_word' id='word_1_317' title='bbox 570 2568 692 2619; x_wconf 89' lang='lat' dir='ltr'><strong>turn</strong></span> <span class='ocrx_word' id='word_1_318' title='bbox 711 2566 843 2637; x_wconf 88' lang='lat' dir='ltr'><strong>quia</strong></span> <span class='ocrx_word' id='word_1_319' title='bbox 859 2567 1177 2638; x_wconf 89' lang='lat' dir='ltr'><strong>composite</strong></span> <span class='ocrx_word' id='word_1_320' title='bbox 1199 2570 1255 2621; x_wconf 87' lang='lat' dir='ltr'><strong>et</strong></span> <span class='ocrx_word' id='word_1_321' title='bbox 1269 2566 1561 2621; x_wconf 89' lang='lat' dir='ltr'><strong>dialectice</strong></span> <span class='ocrx_word' id='word_1_322' title='bbox 1577 2566 1817 2636; x_wconf 86' lang='lat' dir='ltr'><strong>loquun-</strong></span> 
     </span>
    </p>
   </div>
   <div class='ocr_carea' id='block_1_43' title="bbox 215 2651 1817 2726">
    <p class='ocr_par' dir='ltr' id='par_1_43' title="bbox 215 2651 1817 2726">
     <span class='ocr_line' id='line_1_43' title="bbox 215 2651 1817 2726; baseline 0 -21"><span class='ocrx_word' id='word_1_323' title='bbox 215 2656 332 2719; x_wconf 91' lang='lat' dir='ltr'><strong>tur,</strong></span> <span class='ocrx_word' id='word_1_324' title='bbox 366 2654 489 2707; x_wconf 89' lang='lat' dir='ltr'><strong>tum</strong></span> <span class='ocrx_word' id='word_1_325' title='bbox 521 2652 656 2724; x_wconf 87' lang='lat' dir='ltr'><strong>quia</strong></span> <span class='ocrx_word' id='word_1_326' title='bbox 685 2670 719 2707; x_wconf 91' lang='lat' dir='ltr'><strong>a</strong></span> <span class='ocrx_word' id='word_1_327' title='bbox 743 2655 1000 2725; x_wconf 86' lang='lat' dir='ltr'><strong>pluribus</strong></span> <span class='ocrx_word' id='word_1_328' title='bbox 1021 2655 1348 2721; x_wconf 90' lang='lat' dir='ltr'><strong>laudantur,</strong></span> <span class='ocrx_word' id='word_1_329' title='bbox 1368 2658 1430 2709; x_wconf 87' lang='lat' dir='ltr'><strong>ut</strong></span> <span class='ocrx_word' id='word_1_330' title='bbox 1456 2671 1558 2726; x_wconf 69' lang='lat' dir='ltr'><strong>rer</strong></span> <span class='ocrx_word' id='word_1_331' title='bbox 1578 2654 1685 2707; x_wconf 89' lang='lat' dir='ltr'><strong>hoc</strong></span> <span class='ocrx_word' id='word_1_332' title='bbox 1715 2651 1817 2705; x_wconf 90' lang='lat' dir='ltr'><strong>mi-</strong></span> 
     </span>
    </p>
   </div>
   <div class='ocr_carea' id='block_1_44' title="bbox 218 2740 1713 2814">
    <p class='ocr_par' dir='ltr' id='par_1_44' title="bbox 218 2740 1713 2814">
     <span class='ocr_line' id='line_1_44' title="bbox 218 2740 1713 2814; baseline 0 -21"><span class='ocrx_word' id='word_1_333' title='bbox 218 2757 389 2794; x_wconf 89' lang='lat' dir='ltr'><strong>nores</strong></span> <span class='ocrx_word' id='word_1_334' title='bbox 417 2740 660 2795; x_wconf 87' lang='lat' dir='ltr'><strong>instruat</strong></span> <span class='ocrx_word' id='word_1_335' title='bbox 691 2743 761 2796; x_wconf 90' lang='lat' dir='ltr'><strong>ab</strong></span> <span class='ocrx_word' id='word_1_336' title='bbox 793 2759 995 2796; x_wconf 87' lang='lat' dir='ltr'><strong>eorum</strong></span> <span class='ocrx_word' id='word_1_337' title='bbox 1028 2743 1462 2814; x_wconf 83' lang='lat' dir='ltr'><strong>deceptionibus</strong></span> <span class='ocrx_word' id='word_1_338' title='bbox 1492 2757 1713 2795; x_wconf 87' lang='lat' dir='ltr'><strong>cavere.</strong></span> 
     </span>
    </p>
   </div>
   <div class='ocr_carea' id='block_1_45' title="bbox 286 2827 1819 2898">
    <p class='ocr_par' dir='ltr' id='par_1_45' title="bbox 286 2827 1819 2898">
     <span class='ocr_line' id='line_1_45' title="bbox 286 2827 1819 2898; baseline -0.003 -14"><span class='ocrx_word' id='word_1_339' title='bbox 286 2829 604 2884; x_wconf 80' lang='lat' dir='ltr'><strong>Benedictus</strong></span> <span class='ocrx_word' id='word_1_340' title='bbox 634 2835 707 2883; x_wconf 76' lang='lat' dir='ltr'><strong>est</strong></span> <span class='ocrx_word' id='word_1_341' title='bbox 738 2847 771 2883; x_wconf 88' lang='lat' dir='ltr'><strong>a</strong></span> <span class='ocrx_word' id='word_1_342' title='bbox 802 2847 895 2883; x_wconf 90' lang='lat' dir='ltr'><strong>me</strong></span> <span class='ocrx_word' id='word_1_343' title='bbox 924 2830 1186 2883; x_wconf 78' lang='lat' dir='ltr'><strong>Dominus</strong></span> <span class='ocrx_word' id='word_1_344' title='bbox 1216 2846 1385 2895; x_wconf 82' lang='lat' dir='ltr'><strong>meus,</strong></span> <span class='ocrx_word' id='word_1_345' title='bbox 1414 2834 1548 2898; x_wconf 88' lang='lat' dir='ltr'><strong>etc.,</strong></span> <span class='ocrx_word' id='word_1_346' title='bbox 1578 2845 1643 2883; x_wconf 88' lang='lat' dir='ltr'><strong>ac</strong></span> <span class='ocrx_word' id='word_1_347' title='bbox 1667 2828 1711 2882; x_wconf 89' lang='lat' dir='ltr'><strong>si</strong></span> <span class='ocrx_word' id='word_1_348' title='bbox 1739 2827 1819 2881; x_wconf 85' lang='lat' dir='ltr'><strong>di-</strong></span> 
     </span>
    </p>
   </div>
   <div class='ocr_carea' id='block_1_46' title="bbox 217 2914 1816 2988">
    <p class='ocr_par' dir='ltr' id='par_1_46' title="bbox 217 2914 1816 2988">
     <span class='ocr_line' id='line_1_46' title="bbox 217 2914 1816 2988; baseline -0.001 -17"><span class='ocrx_word' id='word_1_349' title='bbox 217 2919 339 2971; x_wconf 89' lang='lat' dir='ltr'><strong>cat:</strong></span> <span class='ocrx_word' id='word_1_350' title='bbox 362 2917 405 2971; x_wconf 92' lang='grc' dir='ltr'><strong>Ο</strong></span> <span class='ocrx_word' id='word_1_351' title='bbox 425 2934 521 2971; x_wconf 91' lang='lat' dir='ltr'><strong>vos</strong></span> <span class='ocrx_word' id='word_1_352' title='bbox 541 2917 829 2970; x_wconf 87' lang='lat' dir='ltr'><strong>auditores</strong></span> <span class='ocrx_word' id='word_1_353' title='bbox 861 2919 1123 2988; x_wconf 89' lang='lat' dir='ltr'><strong>exemplo</strong></span> <span class='ocrx_word' id='word_1_354' title='bbox 1155 2918 1269 2971; x_wconf 89' lang='lat' dir='ltr'><strong>mei</strong></span> <span class='ocrx_word' id='word_1_355' title='bbox 1287 2917 1606 2972; x_wconf 87' lang='lat' dir='ltr'><strong>benedicite</strong></span> <span class='ocrx_word' id='word_1_356' title='bbox 1622 2914 1816 2971; x_wconf 90' lang='lat' dir='ltr'><strong>Domi-</strong></span> 
     </span>
    </p>
   </div>
   <div class='ocr_carea' id='block_1_47' title="bbox 218 3006 1891 3114">
    <p class='ocr_par' dir='ltr' id='par_1_47' title="bbox 218 3006 1891 3114">
     <span class='ocr_line' id='line_1_47' title="bbox 218 3006 1891 3114; baseline -0.001 -53"><span class='ocrx_word' id='word_1_357' title='bbox 218 3024 382 3061; x_wconf 91' lang='lat' dir='ltr'><strong>num.</strong></span> <span class='ocrx_word' id='word_1_358' title='bbox 421 3008 537 3078; x_wconf 88' lang='lat' dir='ltr'><strong>Ego</strong></span> <span class='ocrx_word' id='word_1_359' title='bbox 566 3006 719 3061; x_wconf 92' lang='lat' dir='ltr'><strong>enim</strong></span> <span class='ocrx_word' id='word_1_360' title='bbox 754 3008 1055 3075; x_wconf 88' lang='lat' dir='ltr'><strong>benedice,</strong></span> <span class='ocrx_word' id='word_1_361' title='bbox 1090 3008 1145 3062; x_wconf 92' lang='lat' dir='ltr'><strong>id</strong></span> <span class='ocrx_word' id='word_1_362' title='bbox 1176 3013 1261 3063; x_wconf 91' lang='lat' dir='ltr'><strong>est</strong></span> <span class='ocrx_word' id='word_1_363' title='bbox 1298 3010 1483 3063; x_wconf 85' lang='lat' dir='ltr'><strong>exalto</strong></span> <span class='ocrx_word' id='word_1_364' title='bbox 1523 3010 1582 3061; x_wconf 90' lang='lat' dir='ltr'><strong>et</strong></span> <span class='ocrx_word' id='word_1_365' title='bbox 1606 3023 1727 3072; x_wconf 92' lang='lat' dir='ltr'><strong>ore,</strong></span> <span class='ocrx_word' id='word_1_366' title='bbox 1762 3008 1819 3060; x_wconf 91' lang='lat' dir='ltr'><strong>et</strong></span> <span class='ocrx_word' id='word_1_367' title='bbox 1846 3048 1891 3114; x_wconf 65' lang='grc' dir='ltr'><strong>Ο</strong></span> 
     </span>
     <span class='ocr_line' id='line_1_48' title="bbox 227 3095 1802 3114; baseline -0.001 -8"><span class='ocrx_word' id='word_1_368' title='bbox 662 3113 682 3114; x_wconf 14' lang='grc' dir='ltr'><strong><em>ψ</em></strong></span> <span class='ocrx_word' id='word_1_369' title='bbox 811 3098 849 3114; x_wconf 66' lang='grc' dir='ltr'><strong>η</strong></span> <span class='ocrx_word' id='word_1_370' title='bbox 963 3096 972 3106; x_wconf 94' lang='grc'><strong>.</strong></span> <span class='ocrx_word' id='word_1_371' title='bbox 1148 3098 1239 3114; x_wconf 59' lang='grc' dir='ltr'><strong>η,</strong></span> 
     </span>
    </p>
   </div>
   <div class='ocr_carea' id='block_1_48' title="bbox 220 3095 1821 3167">
    <p class='ocr_par' dir='ltr' id='par_1_48' title="bbox 220 3095 1821 3167">
     <span class='ocr_line' id='line_1_49' title="bbox 220 3095 1821 3167; baseline -0.001 -18"><span class='ocrx_word' id='word_1_372' title='bbox 220 3095 524 3150; x_wconf 75' lang='lat' dir='ltr'><strong>affectione</strong></span> <span class='ocrx_word' id='word_1_373' title='bbox 542 3099 600 3150; x_wconf 90' lang='lat' dir='ltr'><strong>et</strong></span> <span class='ocrx_word' id='word_1_374' title='bbox 620 3113 793 3167; x_wconf 90' lang='lat' dir='ltr'><strong>opere</strong></span> <span class='ocrx_word' id='word_1_375' title='bbox 811 3096 1123 3151; x_wconf 90' lang='lat' dir='ltr'><strong>Dominum</strong></span> <span class='ocrx_word' id='word_1_376' title='bbox 1148 3098 1396 3164; x_wconf 85' lang='lat' dir='ltr'><strong>Patrem,</strong></span> <span class='ocrx_word' id='word_1_377' title='bbox 1410 3096 1544 3167; x_wconf 89' lang='lat' dir='ltr'><strong>quia</strong></span> <span class='ocrx_word' id='word_1_378' title='bbox 1566 3098 1622 3149; x_wconf 89' lang='lat' dir='ltr'><strong>et</strong></span> <span class='ocrx_word' id='word_1_379' title='bbox 1638 3096 1821 3148; x_wconf 84' lang='lat' dir='ltr'><strong>Domi-</strong></span> 
     </span>
    </p>
   </div>
   <div class='ocr_carea' id='block_1_49' title="bbox 219 3185 1820 3255">
    <p class='ocr_par' dir='ltr' id='par_1_49' title="bbox 219 3185 1820 3255">
     <span class='ocr_line' id='line_1_50' title="bbox 219 3185 1820 3255; baseline -0.001 -17"><span class='ocrx_word' id='word_1_380' title='bbox 219 3201 322 3238; x_wconf 77' lang='lat' dir='ltr'><strong>nus</strong></span> <span class='ocrx_word' id='word_1_381' title='bbox 351 3189 437 3239; x_wconf 89' lang='lat' dir='ltr'><strong>est</strong></span> <span class='ocrx_word' id='word_1_382' title='bbox 487 3185 857 3255; x_wconf 89' lang='lat' dir='ltr'><strong>omnipotens</strong></span> <span class='ocrx_word' id='word_1_383' title='bbox 888 3189 946 3239; x_wconf 94' lang='lat' dir='ltr'><strong>et</strong></span> <span class='ocrx_word' id='word_1_384' title='bbox 982 3185 1126 3239; x_wconf 81' lang='lat' dir='ltr'><strong>Deus</strong></span> <span class='ocrx_word' id='word_1_385' title='bbox 1183 3204 1346 3252; x_wconf 76' lang='lat' dir='ltr'><strong>meus,</strong></span> <span class='ocrx_word' id='word_1_386' title='bbox 1381 3186 1438 3239; x_wconf 92' lang='lat' dir='ltr'><strong>id</strong></span> <span class='ocrx_word' id='word_1_387' title='bbox 1486 3189 1570 3239; x_wconf 88' lang='lat' dir='ltr'><strong>est</strong></span> <span class='ocrx_word' id='word_1_388' title='bbox 1595 3188 1820 3239; x_wconf 85' lang='lat' dir='ltr'><strong>creator</strong></span> 
     </span>
    </p>
   </div>
   <div class='ocr_carea' id='block_1_50' title="bbox 224 3271 1821 3345">
    <p class='ocr_par' dir='ltr' id='par_1_50' title="bbox 224 3271 1821 3345">
     <span class='ocr_line' id='line_1_51' title="bbox 224 3271 1821 3345; baseline -0.001 -19"><span class='ocrx_word' id='word_1_389' title='bbox 224 3289 402 3329; x_wconf 89' lang='lat' dir='ltr'><strong>meus.</strong></span> <span class='ocrx_word' id='word_1_390' title='bbox 424 3271 839 3340; x_wconf 75' lang='lat' dir='ltr'><strong>Bmedictusest,</strong></span> <span class='ocrx_word' id='word_1_391' title='bbox 872 3273 1129 3345; x_wconf 90' lang='lat' dir='ltr'><strong>inquam,</strong></span> <span class='ocrx_word' id='word_1_392' title='bbox 1163 3274 1442 3339; x_wconf 81' lang='lat' dir='ltr'><strong>Dominus,</strong></span> <span class='ocrx_word' id='word_1_393' title='bbox 1473 3273 1529 3326; x_wconf 91' lang='lat' dir='ltr'><strong>id</strong></span> <span class='ocrx_word' id='word_1_394' title='bbox 1550 3277 1635 3327; x_wconf 88' lang='lat' dir='ltr'><strong>est</strong></span> <span class='ocrx_word' id='word_1_395' title='bbox 1674 3274 1821 3326; x_wconf 78' lang='lat' dir='ltr'><strong>exal-</strong></span> 
     </span>
    </p>
   </div>
   <div class='ocr_carea' id='block_1_51' title="bbox 225 3360 1819 3431">
    <p class='ocr_par' dir='ltr' id='par_1_51' title="bbox 225 3360 1819 3431">
     <span class='ocr_line' id='line_1_52' title="bbox 225 3360 1819 3431; baseline 0.001 -18"><span class='ocrx_word' id='word_1_396' title='bbox 225 3363 371 3413; x_wconf 89' lang='lat' dir='ltr'><strong>tatus</strong></span> <span class='ocrx_word' id='word_1_397' title='bbox 400 3377 435 3414; x_wconf 89' lang='lat' dir='ltr'><strong>a</strong></span> <span class='ocrx_word' id='word_1_398' title='bbox 464 3377 579 3427; x_wconf 91' lang='lat' dir='ltr'><strong>me,</strong></span> <span class='ocrx_word' id='word_1_399' title='bbox 606 3363 732 3431; x_wconf 83' lang='lat' dir='ltr'><strong>quia</strong></span> <span class='ocrx_word' id='word_1_400' title='bbox 756 3360 1020 3415; x_wconf 87' lang='lat' dir='ltr'><strong>Dominus</strong></span> <span class='ocrx_word' id='word_1_401' title='bbox 1050 3363 1195 3415; x_wconf 84' lang='lat' dir='ltr'><strong>Deus</strong></span> <span class='ocrx_word' id='word_1_402' title='bbox 1222 3361 1387 3429; x_wconf 81' lang='lat' dir='ltr'><strong>docet,</strong></span> <span class='ocrx_word' id='word_1_403' title='bbox 1426 3362 1482 3416; x_wconf 89' lang='lat' dir='ltr'><strong>id</strong></span> <span class='ocrx_word' id='word_1_404' title='bbox 1510 3366 1595 3415; x_wconf 88' lang='lat' dir='ltr'><strong>est</strong></span> <span class='ocrx_word' id='word_1_405' title='bbox 1624 3362 1819 3415; x_wconf 89' lang='lat' dir='ltr'><strong>doctas</strong></span> 
     </span>
    </p>
   </div>
   <div class='ocr_carea' id='block_1_52' title="bbox 217 3448 1820 3521">
    <p class='ocr_par' dir='ltr' id='par_1_52' title="bbox 217 3448 1820 3521">
     <span class='ocr_line' id='line_1_53' title="bbox 217 3448 1820 3521; baseline 0 -18"><span class='ocrx_word' id='word_1_406' title='bbox 217 3448 352 3503; x_wconf 85' lang='lat' dir='ltr'><strong>fecit</strong></span> <span class='ocrx_word' id='word_1_407' title='bbox 376 3467 568 3502; x_wconf 87' lang='lat' dir='ltr'><strong>manus</strong></span> <span class='ocrx_word' id='word_1_408' title='bbox 594 3466 734 3503; x_wconf 79' lang='lat' dir='ltr'><strong>meas</strong></span> <span class='ocrx_word' id='word_1_409' title='bbox 767 3451 837 3503; x_wconf 86' lang='lat' dir='ltr'><strong>ad</strong></span> <span class='ocrx_word' id='word_1_410' title='bbox 865 3452 1133 3521; x_wconf 59' lang='lat' dir='ltr'><strong>prandium,</strong></span> <span class='ocrx_word' id='word_1_411' title='bbox 1188 3455 1389 3505; x_wconf 85' lang='lat' dir='ltr'><strong>contra</strong></span> <span class='ocrx_word' id='word_1_412' title='bbox 1437 3451 1731 3505; x_wconf 87' lang='lat' dir='ltr'><strong>diabolum</strong></span> <span class='ocrx_word' id='word_1_413' title='bbox 1762 3452 1820 3503; x_wconf 89' lang='lat' dir='ltr'><strong>et</strong></span> 
     </span>
    </p>
   </div>
   <div class='ocr_carea' id='block_1_53' title="bbox 217 3537 1819 3610">
    <p class='ocr_par' dir='ltr' id='par_1_53' title="bbox 217 3537 1819 3610">
     <span class='ocr_line' id='line_1_54' title="bbox 217 3537 1819 3610; baseline 0 -19"><span class='ocrx_word' id='word_1_414' title='bbox 217 3537 486 3591; x_wconf 87' lang='lat' dir='ltr'><strong>membra</strong></span> <span class='ocrx_word' id='word_1_415' title='bbox 515 3537 636 3607; x_wconf 87' lang='lat' dir='ltr'><strong>ejus</strong></span> <span class='ocrx_word' id='word_1_416' title='bbox 664 3538 797 3592; x_wconf 86' lang='lat' dir='ltr'><strong>vitia</strong></span> <span class='ocrx_word' id='word_1_417' title='bbox 828 3539 1177 3594; x_wconf 88' lang='lat' dir='ltr'><strong>faciendum.</strong></span> <span class='ocrx_word' id='word_1_418' title='bbox 1209 3539 1285 3592; x_wconf 84' lang='lat' dir='ltr'><strong>Et</strong></span> <span class='ocrx_word' id='word_1_419' title='bbox 1311 3538 1406 3610; x_wconf 91' lang='lat' dir='ltr'><strong>qui</strong></span> <span class='ocrx_word' id='word_1_420' title='bbox 1449 3540 1595 3593; x_wconf 86' lang='lat' dir='ltr'><strong>docet</strong></span> <span class='ocrx_word' id='word_1_421' title='bbox 1622 3539 1819 3607; x_wconf 76' lang='lat' dir='ltr'><strong>digitos</strong></span> 
     </span>
    </p>
   </div>
   <div class='ocr_carea' id='block_1_54' title="bbox 217 3626 1820 3699">
    <p class='ocr_par' dir='ltr' id='par_1_54' title="bbox 217 3626 1820 3699">
     <span class='ocr_line' id='line_1_55' title="bbox 217 3626 1820 3699; baseline 0.002 -19"><span class='ocrx_word' id='word_1_422' title='bbox 217 3644 355 3681; x_wconf 79' lang='lat' dir='ltr'><strong>meas</strong></span> <span class='ocrx_word' id='word_1_423' title='bbox 400 3626 472 3679; x_wconf 87' lang='lat' dir='ltr'><strong>ad</strong></span> <span class='ocrx_word' id='word_1_424' title='bbox 528 3626 717 3679; x_wconf 85' lang='lat' dir='ltr'><strong>bellum</strong></span> <span class='ocrx_word' id='word_1_425' title='bbox 750 3627 900 3681; x_wconf 88' lang='lat' dir='ltr'><strong>idem</strong></span> <span class='ocrx_word' id='word_1_426' title='bbox 935 3628 1286 3695; x_wconf 83' lang='lat' dir='ltr'><strong>faciendum,</strong></span> <span class='ocrx_word' id='word_1_427' title='bbox 1332 3645 1434 3699; x_wconf 91' lang='lat' dir='ltr'><strong>per</strong></span> <span class='ocrx_word' id='word_1_428' title='bbox 1468 3628 1729 3699; x_wconf 64' lang='lat' dir='ltr'><strong>prtelium</strong></span> <span class='ocrx_word' id='word_1_429' title='bbox 1763 3633 1820 3683; x_wconf 89' lang='lat' dir='ltr'><strong>et</strong></span> 
     </span>
    </p>
   </div>
   <div class='ocr_carea' id='block_1_55' title="bbox 218 3715 1820 3787">
    <p class='ocr_par' dir='ltr' id='par_1_55' title="bbox 218 3715 1820 3787">
     <span class='ocr_line' id='line_1_56' title="bbox 218 3715 1820 3787; baseline 0.002 -18"><span class='ocrx_word' id='word_1_430' title='bbox 218 3716 456 3781; x_wconf 89' lang='lat' dir='ltr'><strong>bellum,</strong></span> <span class='ocrx_word' id='word_1_431' title='bbox 480 3715 632 3770; x_wconf 89' lang='lat' dir='ltr'><strong>idem</strong></span> <span class='ocrx_word' id='word_1_432' title='bbox 658 3716 747 3769; x_wconf 92' lang='lat' dir='ltr'><strong>hic</strong></span> <span class='ocrx_word' id='word_1_433' title='bbox 775 3716 1128 3786; x_wconf 84' lang='lat' dir='ltr'><strong>designatur,</strong></span> <span class='ocrx_word' id='word_1_434' title='bbox 1157 3733 1352 3787; x_wconf 88' lang='lat' dir='ltr'><strong>pugna</strong></span> <span class='ocrx_word' id='word_1_435' title='bbox 1380 3717 1595 3771; x_wconf 88' lang='lat' dir='ltr'><strong>scilicet</strong></span> <span class='ocrx_word' id='word_1_436' title='bbox 1617 3720 1820 3772; x_wconf 87' lang='lat' dir='ltr'><strong>contra</strong></span> 
     </span>
    </p>
   </div>
   <div class='ocr_carea' id='block_1_56' title="bbox 219 3804 1818 3874">
    <p class='ocr_par' dir='ltr' id='par_1_56' title="bbox 219 3804 1818 3874">
     <span class='ocr_line' id='line_1_57' title="bbox 219 3804 1818 3874; baseline 0.001 -15"><span class='ocrx_word' id='word_1_437' title='bbox 219 3804 513 3859; x_wconf 89' lang='lat' dir='ltr'><strong>diabolum</strong></span> <span class='ocrx_word' id='word_1_438' title='bbox 549 3808 605 3857; x_wconf 89' lang='lat' dir='ltr'><strong>et</strong></span> <span class='ocrx_word' id='word_1_439' title='bbox 636 3805 758 3874; x_wconf 88' lang='lat' dir='ltr'><strong>ejus</strong></span> <span class='ocrx_word' id='word_1_440' title='bbox 790 3806 1048 3859; x_wconf 89' lang='lat' dir='ltr'><strong>membra</strong></span> <span class='ocrx_word' id='word_1_441' title='bbox 1083 3805 1312 3860; x_wconf 87' lang='lat' dir='ltr'><strong>ctvitia.</strong></span> <span class='ocrx_word' id='word_1_442' title='bbox 1339 3807 1445 3859; x_wconf 83' lang='lat' dir='ltr'><strong>Per</strong></span> <span class='ocrx_word' id='word_1_443' title='bbox 1462 3823 1666 3859; x_wconf 87' lang='lat' dir='ltr'><strong>manus</strong></span> <span class='ocrx_word' id='word_1_444' title='bbox 1686 3823 1818 3860; x_wconf 80' lang='lat' dir='ltr'><strong>vero</strong></span> 
     </span>
    </p>
   </div>
   <div class='ocr_carea' id='block_1_57' title="bbox 220 3891 1820 3965">
    <p class='ocr_par' dir='ltr' id='par_1_57' title="bbox 220 3891 1820 3965">
     <span class='ocr_line' id='line_1_58' title="bbox 220 3891 1820 3965; baseline 0.001 -20"><span class='ocrx_word' id='word_1_445' title='bbox 220 3895 277 3945; x_wconf 89' lang='lat' dir='ltr'><strong>et</strong></span> <span class='ocrx_word' id='word_1_446' title='bbox 305 3891 512 3962; x_wconf 84' lang='lat' dir='ltr'><strong>digitos</strong></span> <span class='ocrx_word' id='word_1_447' title='bbox 539 3893 760 3947; x_wconf 87' lang='lat' dir='ltr'><strong>diversa</strong></span> <span class='ocrx_word' id='word_1_448' title='bbox 791 3895 1159 3948; x_wconf 89' lang='lat' dir='ltr'><strong>denotantur.</strong></span> <span class='ocrx_word' id='word_1_449' title='bbox 1194 3894 1335 3947; x_wconf 85' lang='lat' dir='ltr'><strong>Nam</strong></span> <span class='ocrx_word' id='word_1_450' title='bbox 1366 3894 1498 3965; x_wconf 88' lang='lat' dir='ltr'><strong>quia</strong></span> <span class='ocrx_word' id='word_1_451' title='bbox 1512 3897 1820 3948; x_wconf 90' lang='lat' dir='ltr'><strong>totamanu</strong></span> 
     </span>
    </p>
   </div>
   <div class='ocr_carea' id='block_1_58' title="bbox 220 3979 1817 4054">
    <p class='ocr_par' dir='ltr' id='par_1_58' title="bbox 220 3979 1817 4054">
     <span class='ocr_line' id='line_1_59' title="bbox 220 3979 1817 4054; baseline 0.002 -22"><span class='ocrx_word' id='word_1_452' title='bbox 220 3979 480 4034; x_wconf 86' lang='lat' dir='ltr'><strong>cominus</strong></span> <span class='ocrx_word' id='word_1_453' title='bbox 498 3981 704 4051; x_wconf 80' lang='lat' dir='ltr'><strong>gladiis</strong></span> <span class='ocrx_word' id='word_1_454' title='bbox 723 3982 1233 4054; x_wconf 87' lang='lat' dir='ltr'><strong>pugnatur,digitis</strong></span> <span class='ocrx_word' id='word_1_455' title='bbox 1246 4000 1377 4037; x_wconf 87' lang='lat' dir='ltr'><strong>vero</strong></span> <span class='ocrx_word' id='word_1_456' title='bbox 1394 3983 1620 4036; x_wconf 91' lang='lat' dir='ltr'><strong>eminus</strong></span> <span class='ocrx_word' id='word_1_457' title='bbox 1644 3982 1817 4053; x_wconf 87' lang='lat' dir='ltr'><strong>sagit-</strong></span> 
     </span>
    </p>
   </div>
   <div class='ocr_carea' id='block_1_59' title="bbox 221 4066 1817 4143">
    <p class='ocr_par' dir='ltr' id='par_1_59' title="bbox 221 4066 1817 4143">
     <span class='ocr_line' id='line_1_60' title="bbox 221 4066 1817 4143; baseline 0.004 -24"><span class='ocrx_word' id='word_1_458' title='bbox 221 4066 289 4120; x_wconf 87' lang='lat' dir='ltr'><strong>tis</strong></span> <span class='ocrx_word' id='word_1_459' title='bbox 317 4070 375 4121; x_wconf 90' lang='lat' dir='ltr'><strong>et</strong></span> <span class='ocrx_word' id='word_1_460' title='bbox 395 4068 613 4123; x_wconf 66' lang='lat' dir='ltr'><strong>caeteris</strong></span> <span class='ocrx_word' id='word_1_461' title='bbox 638 4071 941 4125; x_wconf 87' lang='lat' dir='ltr'><strong>missilibus</strong></span> <span class='ocrx_word' id='word_1_462' title='bbox 974 4072 1182 4143; x_wconf 86' lang='lat' dir='ltr'><strong>agitur,</strong></span> <span class='ocrx_word' id='word_1_463' title='bbox 1215 4089 1341 4143; x_wconf 64' lang='lat' dir='ltr'><strong>quae</strong></span> <span class='ocrx_word' id='word_1_464' title='bbox 1368 4087 1563 4143; x_wconf 91' lang='lat' dir='ltr'><strong>pugna</strong></span> <span class='ocrx_word' id='word_1_465' title='bbox 1584 4071 1817 4143; x_wconf 89' lang='lat' dir='ltr'><strong>quidem</strong></span> 
     </span>
    </p>
   </div>
   <div class='ocr_carea' id='block_1_60' title="bbox 223 4155 1816 4235">
    <p class='ocr_par' dir='ltr' id='par_1_60' title="bbox 223 4155 1816 4235">
     <span class='ocr_line' id='line_1_61' title="bbox 223 4155 1816 4235; baseline 0.005 -26"><span class='ocrx_word' id='word_1_466' title='bbox 223 4155 414 4209; x_wconf 90' lang='lat' dir='ltr'><strong>minus</strong></span> <span class='ocrx_word' id='word_1_467' title='bbox 443 4162 528 4210; x_wconf 88' lang='lat' dir='ltr'><strong>est</strong></span> <span class='ocrx_word' id='word_1_468' title='bbox 555 4159 889 4229; x_wconf 87' lang='lat' dir='ltr'><strong>periculosa,</strong></span> <span class='ocrx_word' id='word_1_469' title='bbox 914 4179 1089 4233; x_wconf 89' lang='lat' dir='ltr'><strong>quam</strong></span> <span class='ocrx_word' id='word_1_470' title='bbox 1122 4179 1249 4235; x_wconf 62' lang='lat' dir='ltr'><strong>quae</strong></span> <span class='ocrx_word' id='word_1_471' title='bbox 1290 4163 1354 4216; x_wconf 87' lang='lat' dir='ltr'><strong>fit</strong></span> <span class='ocrx_word' id='word_1_472' title='bbox 1379 4162 1660 4229; x_wconf 88' lang='lat' dir='ltr'><strong>cominus,</strong></span> <span class='ocrx_word' id='word_1_473' title='bbox 1689 4162 1816 4217; x_wconf 90' lang='lat' dir='ltr'><strong>ideo</strong></span> 
     </span>
    </p>
   </div>
   <div class='ocr_carea' id='block_1_61' title="bbox 222 4242 1819 4320">
    <p class='ocr_par' dir='ltr' id='par_1_61' title="bbox 222 4242 1819 4320">
     <span class='ocr_line' id='line_1_62' title="bbox 222 4242 1819 4320; baseline 0.006 -25"><span class='ocrx_word' id='word_1_474' title='bbox 222 4242 311 4297; x_wconf 87' lang='lat' dir='ltr'><strong>hic</strong></span> <span class='ocrx_word' id='word_1_475' title='bbox 330 4259 433 4314; x_wconf 89' lang='lat' dir='ltr'><strong>per</strong></span> <span class='ocrx_word' id='word_1_476' title='bbox 444 4245 703 4315; x_wconf 75' lang='lat' dir='ltr'><strong>prmlium</strong></span> <span class='ocrx_word' id='word_1_477' title='bbox 722 4264 999 4302; x_wconf 88' lang='lat' dir='ltr'><strong>manuum</strong></span> <span class='ocrx_word' id='word_1_478' title='bbox 1019 4250 1602 4320; x_wconf 49' lang='lat' dir='ltr'><strong>deuotaturpraslium</strong></span> <span class='ocrx_word' id='word_1_479' title='bbox 1618 4254 1819 4306; x_wconf 89' lang='lat' dir='ltr'><strong>contra</strong></span> 
     </span>
    </p>
   </div>
   <div class='ocr_carea' id='block_1_62' title="bbox 1913 1852 3518 1925">
    <p class='ocr_par' dir='ltr' id='par_1_62' title="bbox 1913 1852 3518 1925">
     <span class='ocr_line' id='line_1_63' title="bbox 1913 1852 3518 1925; baseline 0.004 -21"><span class='ocrx_word' id='word_1_480' title='bbox 1913 1867 2085 1921; x_wconf 87' lang='lat' dir='ltr'><strong>quem</strong></span> <span class='ocrx_word' id='word_1_481' title='bbox 2134 1852 2393 1907; x_wconf 82' lang='lat' dir='ltr'><strong>videlicet</strong></span> <span class='ocrx_word' id='word_1_482' title='bbox 2441 1871 2601 1925; x_wconf 89' lang='lat' dir='ltr'><strong>spem</strong></span> <span class='ocrx_word' id='word_1_483' title='bbox 2643 1854 2827 1909; x_wconf 87' lang='lat' dir='ltr'><strong>habeo</strong></span> <span class='ocrx_word' id='word_1_484' title='bbox 2861 1855 3187 1925; x_wconf 87' lang='lat' dir='ltr'><strong>attingendi</strong></span> <span class='ocrx_word' id='word_1_485' title='bbox 3242 1856 3314 1910; x_wconf 90' lang='lat' dir='ltr'><strong>ad</strong></span> <span class='ocrx_word' id='word_1_486' title='bbox 3364 1856 3518 1910; x_wconf 88' lang='lat' dir='ltr'><strong>bona</strong></span> 
     </span>
    </p>
   </div>
   <div class='ocr_carea' id='block_1_63' title="bbox 1914 1943 3517 2015">
    <p class='ocr_par' dir='ltr' id='par_1_63' title="bbox 1914 1943 3517 2015">
     <span class='ocr_line' id='line_1_64' title="bbox 1914 1943 3517 2015; baseline 0.004 -21"><span class='ocrx_word' id='word_1_487' title='bbox 1914 1946 2149 1996; x_wconf 72' lang='lat' dir='ltr'><strong>mterua.</strong></span> <span class='ocrx_word' id='word_1_488' title='bbox 2186 1943 2252 1997; x_wconf 88' lang='lat' dir='ltr'><strong>Et</strong></span> <span class='ocrx_word' id='word_1_489' title='bbox 2281 1943 2387 1997; x_wconf 85' lang='lat' dir='ltr'><strong>hac</strong></span> <span class='ocrx_word' id='word_1_490' title='bbox 2418 1960 2647 2015; x_wconf 90' lang='lat' dir='ltr'><strong>quoque</strong></span> <span class='ocrx_word' id='word_1_491' title='bbox 2678 1945 3138 2000; x_wconf 87' lang='lat' dir='ltr'><strong>consideratione</strong></span> <span class='ocrx_word' id='word_1_492' title='bbox 3179 1945 3517 2000; x_wconf 85' lang='lat' dir='ltr'><strong>benedictus</strong></span> 
     </span>
    </p>
   </div>
   <div class='ocr_carea' id='block_1_64' title="bbox 1914 2030 3517 2105">
    <p class='ocr_par' dir='ltr' id='par_1_64' title="bbox 1914 2030 3517 2105">
     <span class='ocr_line' id='line_1_65' title="bbox 1914 2030 3517 2105; baseline 0.003 -22"><span class='ocrx_word' id='word_1_493' title='bbox 1914 2034 1999 2084; x_wconf 90' lang='lat' dir='ltr'><strong>est</strong></span> <span class='ocrx_word' id='word_1_494' title='bbox 2026 2048 2058 2084; x_wconf 87' lang='lat' dir='ltr'><strong>a</strong></span> <span class='ocrx_word' id='word_1_495' title='bbox 2097 2047 2210 2086; x_wconf 92' lang='lat' dir='ltr'><strong>me.</strong></span> <span class='ocrx_word' id='word_1_496' title='bbox 2243 2030 2311 2083; x_wconf 92' lang='lat' dir='ltr'><strong>In</strong></span> <span class='ocrx_word' id='word_1_497' title='bbox 2343 2034 2473 2102; x_wconf 69' lang='lat' dir='ltr'><strong>ipso,</strong></span> <span class='ocrx_word' id='word_1_498' title='bbox 2509 2031 2769 2103; x_wconf 87' lang='lat' dir='ltr'><strong>inquam,</strong></span> <span class='ocrx_word' id='word_1_499' title='bbox 2795 2036 3020 2102; x_wconf 67' lang='lat' dir='ltr'><strong>speravi,</strong></span> <span class='ocrx_word' id='word_1_500' title='bbox 3038 2036 3134 2105; x_wconf 82' lang='lat' dir='ltr'><strong>qui</strong></span> <span class='ocrx_word' id='word_1_501' title='bbox 3159 2033 3370 2088; x_wconf 89' lang='lat' dir='ltr'><strong>auxilio</strong></span> <span class='ocrx_word' id='word_1_502' title='bbox 3388 2049 3517 2103; x_wconf 84' lang='lat' dir='ltr'><strong>gra-</strong></span> 
     </span>
    </p>
   </div>
   <div class='ocr_carea' id='block_1_65' title="bbox 1916 2118 3513 2193">
    <p class='ocr_par' dir='ltr' id='par_1_65' title="bbox 1916 2118 3513 2193">
     <span class='ocr_line' id='line_1_66' title="bbox 1916 2118 3513 2193; baseline 0.003 -22"><span class='ocrx_word' id='word_1_503' title='bbox 1916 2118 2006 2171; x_wconf 75' lang='lat' dir='ltr'><strong>tim</strong></span> <span class='ocrx_word' id='word_1_504' title='bbox 2037 2136 2151 2172; x_wconf 72' lang='lat' dir='ltr'><strong>sum</strong></span> <span class='ocrx_word' id='word_1_505' title='bbox 2182 2120 2358 2172; x_wconf 79' lang='lat' dir='ltr'><strong>subdit</strong></span> <span class='ocrx_word' id='word_1_506' title='bbox 2390 2121 2484 2173; x_wconf 89' lang='lat' dir='ltr'><strong>sub</strong></span> <span class='ocrx_word' id='word_1_507' title='bbox 2516 2137 2616 2187; x_wconf 87' lang='lat' dir='ltr'><strong>me,</strong></span> <span class='ocrx_word' id='word_1_508' title='bbox 2645 2121 2701 2175; x_wconf 90' lang='lat' dir='ltr'><strong>id</strong></span> <span class='ocrx_word' id='word_1_509' title='bbox 2729 2124 2813 2174; x_wconf 88' lang='lat' dir='ltr'><strong>est</strong></span> <span class='ocrx_word' id='word_1_510' title='bbox 2862 2122 3002 2175; x_wconf 90' lang='lat' dir='ltr'><strong>mihi</strong></span> <span class='ocrx_word' id='word_1_511' title='bbox 3028 2122 3283 2193; x_wconf 79' lang='lat' dir='ltr'><strong>populum</strong></span> <span class='ocrx_word' id='word_1_512' title='bbox 3314 2121 3513 2176; x_wconf 90' lang='lat' dir='ltr'><strong>inimi-</strong></span> 
     </span>
    </p>
   </div>
   <div class='ocr_carea' id='block_1_66' title="bbox 1915 2208 3518 2283">
    <p class='ocr_par' dir='ltr' id='par_1_66' title="bbox 1915 2208 3518 2283">
     <span class='ocr_line' id='line_1_67' title="bbox 1915 2208 3518 2283; baseline 0.004 -24"><span class='ocrx_word' id='word_1_513' title='bbox 1915 2224 2115 2261; x_wconf 87' lang='lat' dir='ltr'><strong>corum</strong></span> <span class='ocrx_word' id='word_1_514' title='bbox 2148 2225 2340 2262; x_wconf 88' lang='lat' dir='ltr'><strong>meum</strong></span> <span class='ocrx_word' id='word_1_515' title='bbox 2374 2208 2589 2262; x_wconf 86' lang='lat' dir='ltr'><strong>factum</strong></span> <span class='ocrx_word' id='word_1_516' title='bbox 2618 2224 2723 2279; x_wconf 88' lang='lat' dir='ltr'><strong>per</strong></span> <span class='ocrx_word' id='word_1_517' title='bbox 2769 2210 3263 2283; x_wconf 79' lang='lat' dir='ltr'><strong>conformitatem,</strong></span> <span class='ocrx_word' id='word_1_518' title='bbox 3306 2210 3518 2265; x_wconf 86' lang='lat' dir='ltr'><strong>scilicet</strong></span> 
     </span>
    </p>
   </div>
   <div class='ocr_carea' id='block_1_67' title="bbox 1914 2295 3521 2370">
    <p class='ocr_par' dir='ltr' id='par_1_67' title="bbox 1914 2295 3521 2370">
     <span class='ocr_line' id='line_1_68' title="bbox 1914 2295 3521 2370; baseline 0.002 -21"><span class='ocrx_word' id='word_1_519' title='bbox 1914 2295 2008 2367; x_wconf 88' lang='lat' dir='ltr'><strong>qui</strong></span> <span class='ocrx_word' id='word_1_520' title='bbox 2040 2296 2351 2351; x_wconf 84' lang='lat' dir='ltr'><strong>maximam</strong></span> <span class='ocrx_word' id='word_1_521' title='bbox 2396 2297 2786 2368; x_wconf 80' lang='lat' dir='ltr'><strong>malignorum</strong></span> <span class='ocrx_word' id='word_1_522' title='bbox 2843 2298 3149 2354; x_wconf 89' lang='lat' dir='ltr'><strong>hominum</strong></span> <span class='ocrx_word' id='word_1_523' title='bbox 3197 2299 3339 2354; x_wconf 91' lang='lat' dir='ltr'><strong>mihi</strong></span> <span class='ocrx_word' id='word_1_524' title='bbox 3363 2299 3521 2370; x_wconf 89' lang='lat' dir='ltr'><strong>prius</strong></span> 
     </span>
    </p>
   </div>
   <div class='ocr_carea' id='block_1_68' title="bbox 1913 2385 3523 2457">
    <p class='ocr_par' dir='ltr' id='par_1_68' title="bbox 1913 2385 3523 2457">
     <span class='ocr_line' id='line_1_69' title="bbox 1913 2385 3523 2457; baseline 0.002 -19"><span class='ocrx_word' id='word_1_525' title='bbox 1913 2385 2334 2439; x_wconf 84' lang='lat' dir='ltr'><strong>adversantium</strong></span> <span class='ocrx_word' id='word_1_526' title='bbox 2377 2386 2805 2441; x_wconf 89' lang='lat' dir='ltr'><strong>multitudinem</strong></span> <span class='ocrx_word' id='word_1_527' title='bbox 2849 2388 2989 2441; x_wconf 88' lang='lat' dir='ltr'><strong>mihi</strong></span> <span class='ocrx_word' id='word_1_528' title='bbox 3031 2388 3304 2457; x_wconf 89' lang='lat' dir='ltr'><strong>subdidit,</strong></span> <span class='ocrx_word' id='word_1_529' title='bbox 3351 2388 3429 2443; x_wconf 91' lang='lat' dir='ltr'><strong>sic</strong></span> <span class='ocrx_word' id='word_1_530' title='bbox 3460 2392 3523 2443; x_wconf 91' lang='lat' dir='ltr'><strong>ut</strong></span> 
     </span>
    </p>
   </div>
   <div class='ocr_carea' id='block_1_69' title="bbox 1916 2473 3515 2547">
    <p class='ocr_par' dir='ltr' id='par_1_69' title="bbox 1916 2473 3515 2547">
     <span class='ocr_line' id='line_1_70' title="bbox 1916 2473 3515 2547; baseline 0.002 -20"><span class='ocrx_word' id='word_1_531' title='bbox 1916 2473 2235 2527; x_wconf 79' lang='lat' dir='ltr'><strong>conformis</strong></span> <span class='ocrx_word' id='word_1_532' title='bbox 2262 2474 2403 2528; x_wconf 90' lang='lat' dir='ltr'><strong>mihi</strong></span> <span class='ocrx_word' id='word_1_533' title='bbox 2436 2475 2778 2529; x_wconf 87' lang='lat' dir='ltr'><strong>efficeretur.</strong></span> <span class='ocrx_word' id='word_1_534' title='bbox 2796 2476 2890 2529; x_wconf 89' lang='lat' dir='ltr'><strong>Vel</strong></span> <span class='ocrx_word' id='word_1_535' title='bbox 2912 2475 2989 2530; x_wconf 89' lang='lat' dir='ltr'><strong>sic</strong></span> <span class='ocrx_word' id='word_1_536' title='bbox 3019 2492 3031 2530; x_wconf 93' lang='lat'><strong>:</strong></span> <span class='ocrx_word' id='word_1_537' title='bbox 3062 2476 3239 2530; x_wconf 86' lang='lat' dir='ltr'><strong>subdit</strong></span> <span class='ocrx_word' id='word_1_538' title='bbox 3250 2477 3515 2547; x_wconf 81' lang='lat' dir='ltr'><strong>populum</strong></span> 
     </span>
    </p>
   </div>
   <div class='ocr_carea' id='block_1_70' title="bbox 1915 2564 3519 2637">
    <p class='ocr_par' dir='ltr' id='par_1_70' title="bbox 1915 2564 3519 2637">
     <span class='ocr_line' id='line_1_71' title="bbox 1915 2564 3519 2637; baseline 0.004 -23"><span class='ocrx_word' id='word_1_539' title='bbox 1915 2579 2090 2616; x_wconf 83' lang='lat' dir='ltr'><strong>meum</strong></span> <span class='ocrx_word' id='word_1_540' title='bbox 2116 2564 2213 2617; x_wconf 87' lang='lat' dir='ltr'><strong>sub</strong></span> <span class='ocrx_word' id='word_1_541' title='bbox 2240 2580 2343 2630; x_wconf 80' lang='lat' dir='ltr'><strong>me,</strong></span> <span class='ocrx_word' id='word_1_542' title='bbox 2376 2564 2429 2618; x_wconf 90' lang='lat' dir='ltr'><strong>id</strong></span> <span class='ocrx_word' id='word_1_543' title='bbox 2461 2567 2564 2618; x_wconf 81' lang='lat' dir='ltr'><strong>est</strong></span> <span class='ocrx_word' id='word_1_544' title='bbox 2608 2564 3038 2619; x_wconf 89' lang='lat' dir='ltr'><strong>multitudinem</strong></span> <span class='ocrx_word' id='word_1_545' title='bbox 3079 2566 3519 2637; x_wconf 89' lang='lat' dir='ltr'><strong>suggestionum</strong></span> 
     </span>
    </p>
   </div>
   <div class='ocr_carea' id='block_1_71' title="bbox 1917 2651 3514 2724">
    <p class='ocr_par' dir='ltr' id='par_1_71' title="bbox 1917 2651 3514 2724">
     <span class='ocr_line' id='line_1_72' title="bbox 1917 2651 3514 2724; baseline 0.003 -19"><span class='ocrx_word' id='word_1_546' title='bbox 1917 2668 1983 2705; x_wconf 88' lang='lat' dir='ltr'><strong>ex</strong></span> <span class='ocrx_word' id='word_1_547' title='bbox 2013 2651 2124 2706; x_wconf 90' lang='lat' dir='ltr'><strong>mei</strong></span> <span class='ocrx_word' id='word_1_548' title='bbox 2150 2652 2459 2723; x_wconf 82' lang='lat' dir='ltr'><strong>fragilitate</strong></span> <span class='ocrx_word' id='word_1_549' title='bbox 2492 2652 2829 2719; x_wconf 89' lang='lat' dir='ltr'><strong>orienlium,</strong></span> <span class='ocrx_word' id='word_1_550' title='bbox 2847 2670 2996 2724; x_wconf 76' lang='lat' dir='ltr'><strong>qum,</strong></span> <span class='ocrx_word' id='word_1_551' title='bbox 3016 2670 3145 2707; x_wconf 91' lang='lat' dir='ltr'><strong>cum</strong></span> <span class='ocrx_word' id='word_1_552' title='bbox 3166 2657 3361 2708; x_wconf 66' lang='lat' dir='ltr'><strong>multa:</strong></span> <span class='ocrx_word' id='word_1_553' title='bbox 3378 2654 3514 2721; x_wconf 90' lang='lat' dir='ltr'><strong>sint,</strong></span> 
     </span>
    </p>
   </div>
   <div class='ocr_carea' id='block_1_72' title="bbox 1919 2740 3515 2816">
    <p class='ocr_par' dir='ltr' id='par_1_72' title="bbox 1919 2740 3515 2816">
     <span class='ocr_line' id='line_1_73' title="bbox 1919 2740 3515 2816; baseline 0.003 -23"><span class='ocrx_word' id='word_1_554' title='bbox 1919 2740 2162 2810; x_wconf 90' lang='lat' dir='ltr'><strong>populus</strong></span> <span class='ocrx_word' id='word_1_555' title='bbox 2183 2740 2487 2816; x_wconf 81' lang='lat' dir='ltr'><strong>dicuntur:</strong></span> <span class='ocrx_word' id='word_1_556' title='bbox 2519 2740 2752 2794; x_wconf 85' lang='lat' dir='ltr'><strong>subdidit</strong></span> <span class='ocrx_word' id='word_1_557' title='bbox 2781 2743 2933 2808; x_wconf 78' lang='lat' dir='ltr'><strong>mihi,</strong></span> <span class='ocrx_word' id='word_1_558' title='bbox 2968 2744 3031 2795; x_wconf 92' lang='lat' dir='ltr'><strong>ut</strong></span> <span class='ocrx_word' id='word_1_559' title='bbox 3062 2759 3179 2796; x_wconf 88' lang='lat' dir='ltr'><strong>non</strong></span> <span class='ocrx_word' id='word_1_560' title='bbox 3220 2743 3407 2797; x_wconf 89' lang='lat' dir='ltr'><strong>solum</strong></span> <span class='ocrx_word' id='word_1_561' title='bbox 3438 2743 3515 2798; x_wconf 91' lang='lat' dir='ltr'><strong>sic</strong></span> 
     </span>
    </p>
   </div>
   <div class='ocr_carea' id='block_1_73' title="bbox 1921 2826 3521 2901">
    <p class='ocr_par' dir='ltr' id='par_1_73' title="bbox 1921 2826 3521 2901">
     <span class='ocr_line' id='line_1_74' title="bbox 1921 2826 3521 2901; baseline 0.004 -22"><span class='ocrx_word' id='word_1_562' title='bbox 1921 2843 2015 2880; x_wconf 92' lang='lat' dir='ltr'><strong>me</strong></span> <span class='ocrx_word' id='word_1_563' title='bbox 2038 2827 2109 2880; x_wconf 90' lang='lat' dir='ltr'><strong>ab</strong></span> <span class='ocrx_word' id='word_1_564' title='bbox 2131 2826 2210 2881; x_wconf 91' lang='lat' dir='ltr'><strong>eis</strong></span> <span class='ocrx_word' id='word_1_565' title='bbox 2231 2831 2500 2899; x_wconf 86' lang='lat' dir='ltr'><strong>protegat</strong></span> <span class='ocrx_word' id='word_1_566' title='bbox 2538 2846 2553 2897; x_wconf 90' lang='lat'><strong>;</strong></span> <span class='ocrx_word' id='word_1_567' title='bbox 2586 2846 2658 2883; x_wconf 90' lang='lat' dir='ltr'><strong>ne</strong></span> <span class='ocrx_word' id='word_1_568' title='bbox 2706 2829 2849 2883; x_wconf 89' lang='lat' dir='ltr'><strong>mihi</strong></span> <span class='ocrx_word' id='word_1_569' title='bbox 2894 2832 3264 2901; x_wconf 68' lang='lat' dir='ltr'><strong>praevaleant,</strong></span> <span class='ocrx_word' id='word_1_570' title='bbox 3303 2830 3405 2886; x_wconf 90' lang='lat' dir='ltr'><strong>sed</strong></span> <span class='ocrx_word' id='word_1_571' title='bbox 3458 2835 3521 2887; x_wconf 90' lang='lat' dir='ltr'><strong>ut</strong></span> 
     </span>
    </p>
   </div>
   <div class='ocr_carea' id='block_1_74' title="bbox 1920 2915 3517 2988">
    <p class='ocr_par' dir='ltr' id='par_1_74' title="bbox 1920 2915 3517 2988">
     <span class='ocr_line' id='line_1_75' title="bbox 1920 2915 3517 2988; baseline 0.006 -21"><span class='ocrx_word' id='word_1_572' title='bbox 1920 2915 2253 2969; x_wconf 86' lang='lat' dir='ltr'><strong>facilitatem</strong></span> <span class='ocrx_word' id='word_1_573' title='bbox 2299 2916 2570 2984; x_wconf 88' lang='lat' dir='ltr'><strong>habeam,</strong></span> <span class='ocrx_word' id='word_1_574' title='bbox 2603 2917 2827 2988; x_wconf 89' lang='lat' dir='ltr'><strong>quoties</strong></span> <span class='ocrx_word' id='word_1_575' title='bbox 2865 2917 3151 2987; x_wconf 89' lang='lat' dir='ltr'><strong>oriuntur,</strong></span> <span class='ocrx_word' id='word_1_576' title='bbox 3210 2936 3305 2975; x_wconf 88' lang='lat' dir='ltr'><strong>eas</strong></span> <span class='ocrx_word' id='word_1_577' title='bbox 3348 2919 3517 2976; x_wconf 85' lang='lat' dir='ltr'><strong>facile</strong></span> 
     </span>
    </p>
   </div>
   <div class='ocr_carea' id='block_1_75' title="bbox 1919 3003 3199 3078">
    <p class='ocr_par' dir='ltr' id='par_1_75' title="bbox 1919 3003 3199 3078">
     <span class='ocr_line' id='line_1_76' title="bbox 1919 3003 3199 3078; baseline 0.005 -21"><span class='ocrx_word' id='word_1_578' title='bbox 1919 3003 2312 3069; x_wconf 88' lang='lat' dir='ltr'><strong>conculcandi,</strong></span> <span class='ocrx_word' id='word_1_579' title='bbox 2338 3006 2394 3057; x_wconf 91' lang='lat' dir='ltr'><strong>et</strong></span> <span class='ocrx_word' id='word_1_580' title='bbox 2425 3004 2649 3075; x_wconf 88' lang='lat' dir='ltr'><strong>penitus</strong></span> <span class='ocrx_word' id='word_1_581' title='bbox 2675 3021 2709 3058; x_wconf 90' lang='lat' dir='ltr'><strong>a</strong></span> <span class='ocrx_word' id='word_1_582' title='bbox 2741 3021 2834 3059; x_wconf 89' lang='lat' dir='ltr'><strong>me</strong></span> <span class='ocrx_word' id='word_1_583' title='bbox 2861 3007 3199 3078; x_wconf 90' lang='lat' dir='ltr'><strong>repellendi.</strong></span> 
     </span>
    </p>
   </div>
   <div class='ocr_carea' id='block_1_76' title="bbox 1991 3093 3522 3163">
    <p class='ocr_par' dir='ltr' id='par_1_76' title="bbox 1991 3093 3522 3163">
     <span class='ocr_line' id='line_1_77' title="bbox 1991 3093 3522 3163; baseline 0.005 -18"><span class='ocrx_word' id='word_1_584' title='bbox 1991 3094 2301 3163; x_wconf 83' lang='lat' dir='ltr'><strong>Postquam</strong></span> <span class='ocrx_word' id='word_1_585' title='bbox 2321 3094 2569 3147; x_wconf 85' lang='lat' dir='ltr'><strong>ostendit</strong></span> <span class='ocrx_word' id='word_1_586' title='bbox 2581 3110 2638 3147; x_wconf 90' lang='lat' dir='ltr'><strong>se</strong></span> <span class='ocrx_word' id='word_1_587' title='bbox 2651 3093 2991 3149; x_wconf 89' lang='lat' dir='ltr'><strong>benedicere</strong></span> <span class='ocrx_word' id='word_1_588' title='bbox 3005 3096 3249 3151; x_wconf 88' lang='lat' dir='ltr'><strong>Domino</strong></span> <span class='ocrx_word' id='word_1_589' title='bbox 3262 3096 3522 3153; x_wconf 89' lang='lat' dir='ltr'><strong>contuitu</strong></span> 
     </span>
    </p>
   </div>
   <div class='ocr_carea' id='block_1_77' title="bbox 1920 3180 3519 3256">
    <p class='ocr_par' dir='ltr' id='par_1_77' title="bbox 1920 3180 3519 3256">
     <span class='ocr_line' id='line_1_78' title="bbox 1920 3180 3519 3256; baseline 0.004 -20"><span class='ocrx_word' id='word_1_590' title='bbox 1920 3180 2335 3236; x_wconf 86' lang='lat' dir='ltr'><strong>beneficiorum</strong></span> <span class='ocrx_word' id='word_1_591' title='bbox 2349 3181 2452 3235; x_wconf 89' lang='lat' dir='ltr'><strong>sibi</strong></span> <span class='ocrx_word' id='word_1_592' title='bbox 2471 3183 2835 3251; x_wconf 90' lang='lat' dir='ltr'><strong>collatorum,</strong></span> <span class='ocrx_word' id='word_1_593' title='bbox 2855 3187 2918 3238; x_wconf 91' lang='lat' dir='ltr'><strong>ut</strong></span> <span class='ocrx_word' id='word_1_594' title='bbox 2940 3183 3124 3256; x_wconf 88' lang='lat' dir='ltr'><strong>magis</strong></span> <span class='ocrx_word' id='word_1_595' title='bbox 3144 3185 3435 3241; x_wconf 88' lang='lat' dir='ltr'><strong>auditores</strong></span> <span class='ocrx_word' id='word_1_596' title='bbox 3447 3187 3519 3242; x_wconf 90' lang='lat' dir='ltr'><strong>ad</strong></span> 
     </span>
    </p>
   </div>
   <div class='ocr_carea' id='block_1_78' title="bbox 1920 3270 3520 3345">
    <p class='ocr_par' dir='ltr' id='par_1_78' title="bbox 1920 3270 3520 3345">
     <span class='ocr_line' id='line_1_79' title="bbox 1920 3270 3520 3345; baseline 0.004 -22"><span class='ocrx_word' id='word_1_597' title='bbox 1920 3270 2380 3324; x_wconf 89' lang='lat' dir='ltr'><strong>benedicendum</strong></span> <span class='ocrx_word' id='word_1_598' title='bbox 2417 3270 2737 3337; x_wconf 85' lang='lat' dir='ltr'><strong>exsuscitet,</strong></span> <span class='ocrx_word' id='word_1_599' title='bbox 2769 3273 3019 3327; x_wconf 89' lang='lat' dir='ltr'><strong>ostendit</strong></span> <span class='ocrx_word' id='word_1_600' title='bbox 3044 3274 3199 3345; x_wconf 88' lang='lat' dir='ltr'><strong>quod</strong></span> <span class='ocrx_word' id='word_1_601' title='bbox 3227 3274 3520 3330; x_wconf 88' lang='lat' dir='ltr'><strong>benedicit</strong></span> 
     </span>
    </p>
   </div>
   <div class='ocr_carea' id='block_1_79' title="bbox 1920 3358 3523 3434">
    <p class='ocr_par' dir='ltr' id='par_1_79' title="bbox 1920 3358 3523 3434">
     <span class='ocr_line' id='line_1_80' title="bbox 1920 3358 3523 3434; baseline 0.004 -23"><span class='ocrx_word' id='word_1_602' title='bbox 1920 3358 1968 3411; x_wconf 92' lang='lat' dir='ltr'><strong>ei</strong></span> <span class='ocrx_word' id='word_1_603' title='bbox 1985 3358 2445 3413; x_wconf 88' lang='lat' dir='ltr'><strong>consideratione</strong></span> <span class='ocrx_word' id='word_1_604' title='bbox 2458 3376 2658 3414; x_wconf 92' lang='lat' dir='ltr'><strong>eorum</strong></span> <span class='ocrx_word' id='word_1_605' title='bbox 2672 3360 3086 3416; x_wconf 87' lang='lat' dir='ltr'><strong>beneficiorum</strong></span> <span class='ocrx_word' id='word_1_606' title='bbox 3099 3379 3247 3434; x_wconf 73' lang='lat' dir='ltr'><strong>,quze</strong></span> <span class='ocrx_word' id='word_1_607' title='bbox 3262 3379 3523 3417; x_wconf 85' lang='lat' dir='ltr'><strong>commu-</strong></span> 
     </span>
    </p>
   </div>
   <div class='ocr_carea' id='block_1_80' title="bbox 1920 3446 3521 3506">
    <p class='ocr_par' dir='ltr' id='par_1_80' title="bbox 1920 3446 3521 3506">
     <span class='ocr_line' id='line_1_81' title="bbox 1920 3446 3521 3506; baseline 0.003 -7"><span class='ocrx_word' id='word_1_608' title='bbox 1920 3446 2070 3500; x_wconf 87' lang='lat' dir='ltr'><strong>niter</strong></span> <span class='ocrx_word' id='word_1_609' title='bbox 2088 3447 2247 3501; x_wconf 90' lang='lat' dir='ltr'><strong>omni</strong></span> <span class='ocrx_word' id='word_1_610' title='bbox 2275 3448 2495 3501; x_wconf 88' lang='lat' dir='ltr'><strong>homini</strong></span> <span class='ocrx_word' id='word_1_611' title='bbox 2518 3449 2787 3503; x_wconf 87' lang='lat' dir='ltr'><strong>salvando</strong></span> <span class='ocrx_word' id='word_1_612' title='bbox 2810 3450 3071 3504; x_wconf 89' lang='lat' dir='ltr'><strong>contulit.</strong></span> <span class='ocrx_word' id='word_1_613' title='bbox 3093 3451 3206 3506; x_wconf 86' lang='lat' dir='ltr'><strong>Hoc</strong></span> <span class='ocrx_word' id='word_1_614' title='bbox 3228 3453 3421 3506; x_wconf 90' lang='lat' dir='ltr'><strong>autem</strong></span> <span class='ocrx_word' id='word_1_615' title='bbox 3441 3452 3521 3505; x_wconf 88' lang='lat' dir='ltr'><strong>sic</strong></span> 
     </span>
    </p>
   </div>
   <div class='ocr_carea' id='block_1_81' title="bbox 1920 3534 3519 3607">
    <p class='ocr_par' dir='ltr' id='par_1_81' title="bbox 1920 3534 3519 3607">
     <span class='ocr_line' id='line_1_82' title="bbox 1920 3534 3519 3607; baseline 0.004 -20"><span class='ocrx_word' id='word_1_616' title='bbox 1920 3534 2057 3587; x_wconf 89' lang='lat' dir='ltr'><strong>dicit</strong></span> <span class='ocrx_word' id='word_1_617' title='bbox 2086 3551 2099 3588; x_wconf 91' lang='lat'><strong>:</strong></span> <span class='ocrx_word' id='word_1_618' title='bbox 2130 3534 2273 3601; x_wconf 85' lang='lat' dir='ltr'><strong>Dixi,</strong></span> <span class='ocrx_word' id='word_1_619' title='bbox 2293 3534 2540 3597; x_wconf 84' lang='lat' dir='ltr'><strong>Domine,</strong></span> <span class='ocrx_word' id='word_1_620' title='bbox 2565 3536 2719 3607; x_wconf 90' lang='lat' dir='ltr'><strong>quod</strong></span> <span class='ocrx_word' id='word_1_621' title='bbox 2741 3537 3076 3591; x_wconf 87' lang='lat' dir='ltr'><strong>benedictus</strong></span> <span class='ocrx_word' id='word_1_622' title='bbox 3104 3555 3163 3591; x_wconf 90' lang='lat' dir='ltr'><strong>es</strong></span> <span class='ocrx_word' id='word_1_623' title='bbox 3192 3555 3226 3592; x_wconf 88' lang='lat' dir='ltr'><strong>a</strong></span> <span class='ocrx_word' id='word_1_624' title='bbox 3249 3557 3361 3607; x_wconf 92' lang='lat' dir='ltr'><strong>me;</strong></span> <span class='ocrx_word' id='word_1_625' title='bbox 3390 3539 3519 3593; x_wconf 89' lang='lat' dir='ltr'><strong>ideo</strong></span> 
     </span>
    </p>
   </div>
   <div class='ocr_carea' id='block_1_82' title="bbox 1920 3622 3516 3697">
    <p class='ocr_par' dir='ltr' id='par_1_82' title="bbox 1920 3622 3516 3697">
     <span class='ocr_line' id='line_1_83' title="bbox 1920 3622 3516 3697; baseline 0.003 -22"><span class='ocrx_word' id='word_1_626' title='bbox 1920 3624 2055 3693; x_wconf 89' lang='lat' dir='ltr'><strong>quia</strong></span> <span class='ocrx_word' id='word_1_627' title='bbox 2078 3640 2170 3676; x_wconf 91' lang='lat' dir='ltr'><strong>me</strong></span> <span class='ocrx_word' id='word_1_628' title='bbox 2201 3622 2441 3678; x_wconf 87' lang='lat' dir='ltr'><strong>doctum</strong></span> <span class='ocrx_word' id='word_1_629' title='bbox 2462 3624 2726 3678; x_wconf 87' lang='lat' dir='ltr'><strong>faciendo</strong></span> <span class='ocrx_word' id='word_1_630' title='bbox 2748 3623 2818 3678; x_wconf 87' lang='lat' dir='ltr'><strong>ad</strong></span> <span class='ocrx_word' id='word_1_631' title='bbox 2835 3625 3098 3697; x_wconf 65' lang='lat' dir='ltr'><strong>prielium</strong></span> <span class='ocrx_word' id='word_1_632' title='bbox 3122 3625 3411 3681; x_wconf 77' lang='lat' dir='ltr'><strong>miscricor</strong></span> <span class='ocrx_word' id='word_1_633' title='bbox 3423 3628 3516 3680; x_wconf 92' lang='lat' dir='ltr'><strong>dia</strong></span> 
     </span>
    </p>
   </div>
   <div class='ocr_carea' id='block_1_83' title="bbox 1921 3711 3516 3783">
    <p class='ocr_par' dir='ltr' id='par_1_83' title="bbox 1921 3711 3516 3783">
     <span class='ocr_line' id='line_1_84' title="bbox 1921 3711 3516 3783; baseline 0.003 -18"><span class='ocrx_word' id='word_1_634' title='bbox 1921 3727 2050 3765; x_wconf 90' lang='lat' dir='ltr'><strong>mea</strong></span> <span class='ocrx_word' id='word_1_635' title='bbox 2068 3728 2128 3765; x_wconf 90' lang='lat' dir='ltr'><strong>es</strong></span> <span class='ocrx_word' id='word_1_636' title='bbox 2158 3714 2214 3765; x_wconf 90' lang='lat' dir='ltr'><strong>et</strong></span> <span class='ocrx_word' id='word_1_637' title='bbox 2226 3711 2536 3783; x_wconf 77' lang='lat' dir='ltr'><strong>refugium,</strong></span> <span class='ocrx_word' id='word_1_638' title='bbox 2560 3716 2667 3766; x_wconf 90' lang='lat' dir='ltr'><strong>etc.</strong></span> <span class='ocrx_word' id='word_1_639' title='bbox 2687 3712 2753 3766; x_wconf 90' lang='lat' dir='ltr'><strong>Et</strong></span> <span class='ocrx_word' id='word_1_640' title='bbox 2767 3713 2941 3767; x_wconf 90' lang='lat' dir='ltr'><strong>etiam</strong></span> <span class='ocrx_word' id='word_1_641' title='bbox 2963 3731 3032 3768; x_wconf 91' lang='lat' dir='ltr'><strong>ea</strong></span> <span class='ocrx_word' id='word_1_642' title='bbox 3051 3715 3516 3771; x_wconf 86' lang='lat' dir='ltr'><strong>consideratione</strong></span> 
     </span>
    </p>
   </div>
   <div class='ocr_carea' id='block_1_84' title="bbox 1922 3800 3514 3875">
    <p class='ocr_par' dir='ltr' id='par_1_84' title="bbox 1922 3800 3514 3875">
     <span class='ocr_line' id='line_1_85' title="bbox 1922 3800 3514 3875; baseline 0.004 -22"><span class='ocrx_word' id='word_1_643' title='bbox 1922 3800 2255 3854; x_wconf 88' lang='lat' dir='ltr'><strong>benedictus</strong></span> <span class='ocrx_word' id='word_1_644' title='bbox 2286 3818 2346 3854; x_wconf 90' lang='lat' dir='ltr'><strong>es</strong></span> <span class='ocrx_word' id='word_1_645' title='bbox 2376 3818 2409 3855; x_wconf 89' lang='lat' dir='ltr'><strong>a</strong></span> <span class='ocrx_word' id='word_1_646' title='bbox 2440 3818 2553 3867; x_wconf 89' lang='lat' dir='ltr'><strong>me,</strong></span> <span class='ocrx_word' id='word_1_647' title='bbox 2570 3801 2704 3874; x_wconf 89' lang='lat' dir='ltr'><strong>quia</strong></span> <span class='ocrx_word' id='word_1_648' title='bbox 2726 3816 2856 3855; x_wconf 91' lang='lat' dir='ltr'><strong>cum</strong></span> <span class='ocrx_word' id='word_1_649' title='bbox 2884 3802 3059 3857; x_wconf 88' lang='lat' dir='ltr'><strong>homo</strong></span> <span class='ocrx_word' id='word_1_650' title='bbox 3080 3819 3184 3875; x_wconf 91' lang='lat' dir='ltr'><strong>per</strong></span> <span class='ocrx_word' id='word_1_651' title='bbox 3202 3804 3387 3859; x_wconf 82' lang='lat' dir='ltr'><strong>Adam</strong></span> <span class='ocrx_word' id='word_1_652' title='bbox 3407 3806 3514 3859; x_wconf 89' lang='lat' dir='ltr'><strong>vile</strong></span> 
     </span>
    </p>
   </div>
   <div class='ocr_carea' id='block_1_85' title="bbox 1922 3888 3520 3964">
    <p class='ocr_par' dir='ltr' id='par_1_85' title="bbox 1922 3888 3520 3964">
     <span class='ocr_line' id='line_1_86' title="bbox 1922 3888 3520 3964; baseline 0.004 -23"><span class='ocrx_word' id='word_1_653' title='bbox 1922 3888 2059 3959; x_wconf 89' lang='lat' dir='ltr'><strong>quid</strong></span> <span class='ocrx_word' id='word_1_654' title='bbox 2097 3889 2313 3942; x_wconf 87' lang='lat' dir='ltr'><strong>factum</strong></span> <span class='ocrx_word' id='word_1_655' title='bbox 2343 3892 2490 3943; x_wconf 89' lang='lat' dir='ltr'><strong>esset</strong></span> <span class='ocrx_word' id='word_1_656' title='bbox 2514 3893 2571 3944; x_wconf 92' lang='lat' dir='ltr'><strong>et</strong></span> <span class='ocrx_word' id='word_1_657' title='bbox 2596 3889 2909 3959; x_wconf 89' lang='lat' dir='ltr'><strong>ahjectum,</strong></span> <span class='ocrx_word' id='word_1_658' title='bbox 2943 3907 2976 3945; x_wconf 87' lang='grc' dir='ltr'>ο</span> <span class='ocrx_word' id='word_1_659' title='bbox 3000 3891 3249 3960; x_wconf 88' lang='lat' dir='ltr'><strong>Domine,</strong></span> <span class='ocrx_word' id='word_1_660' title='bbox 3288 3892 3421 3964; x_wconf 85' lang='lat' dir='ltr'><strong>quid</strong></span> <span class='ocrx_word' id='word_1_661' title='bbox 3444 3901 3520 3948; x_wconf 82' lang='lat' dir='ltr'><strong>est</strong></span> 
     </span>
    </p>
   </div>
   <div class='ocr_carea' id='block_1_86' title="bbox 1920 3977 3524 4053">
    <p class='ocr_par' dir='ltr' id='par_1_86' title="bbox 1920 3977 3524 4053">
     <span class='ocr_line' id='line_1_87' title="bbox 1920 3977 3524 4053; baseline 0.006 -25"><span class='ocrx_word' id='word_1_662' title='bbox 1920 3977 2159 4043; x_wconf 81' lang='lat' dir='ltr'><strong>homo,id</strong></span> <span class='ocrx_word' id='word_1_663' title='bbox 2181 3980 2268 4031; x_wconf 89' lang='lat' dir='ltr'><strong>est</strong></span> <span class='ocrx_word' id='word_1_664' title='bbox 2292 3994 2466 4049; x_wconf 88' lang='lat' dir='ltr'><strong>quam</strong></span> <span class='ocrx_word' id='word_1_665' title='bbox 2499 3994 2776 4050; x_wconf 88' lang='lat' dir='ltr'><strong>maguum</strong></span> <span class='ocrx_word' id='word_1_666' title='bbox 2798 3980 2934 4051; x_wconf 88' lang='lat' dir='ltr'><strong>quid</strong></span> <span class='ocrx_word' id='word_1_667' title='bbox 2948 3984 3190 4052; x_wconf 89' lang='lat' dir='ltr'><strong>etquam</strong></span> <span class='ocrx_word' id='word_1_668' title='bbox 3206 3981 3524 4053; x_wconf 89' lang='lat' dir='ltr'><strong>pretiosum</strong></span> 
     </span>
    </p>
   </div>
   <div class='ocr_carea' id='block_1_87' title="bbox 1919 4063 3521 4142">
    <p class='ocr_par' dir='ltr' id='par_1_87' title="bbox 1919 4063 3521 4142">
     <span class='ocr_line' id='line_1_88' title="bbox 1919 4063 3521 4142; baseline 0.005 -25"><span class='ocrx_word' id='word_1_669' title='bbox 1919 4063 2104 4118; x_wconf 89' lang='lat' dir='ltr'><strong>factus</strong></span> <span class='ocrx_word' id='word_1_670' title='bbox 2132 4068 2217 4118; x_wconf 89' lang='lat' dir='ltr'><strong>est</strong></span> <span class='ocrx_word' id='word_1_671' title='bbox 2248 4066 2423 4121; x_wconf 90' lang='lat' dir='ltr'><strong>homo</strong></span> <span class='ocrx_word' id='word_1_672' title='bbox 2455 4065 2695 4138; x_wconf 87' lang='lat' dir='ltr'><strong>quisque</strong></span> <span class='ocrx_word' id='word_1_673' title='bbox 2741 4068 3063 4136; x_wconf 87' lang='lat' dir='ltr'><strong>salvandus,</strong></span> <span class='ocrx_word' id='word_1_674' title='bbox 3110 4086 3214 4141; x_wconf 90' lang='lat' dir='ltr'><strong>per</strong></span> <span class='ocrx_word' id='word_1_675' title='bbox 3257 4070 3364 4125; x_wconf 90' lang='lat' dir='ltr'><strong>hoc</strong></span> <span class='ocrx_word' id='word_1_676' title='bbox 3392 4073 3521 4142; x_wconf 87' lang='lat' dir='ltr'><strong>quia</strong></span> 
     </span>
    </p>
   </div>
   <div class='ocr_carea' id='block_1_88' title="bbox 1920 4154 3521 4230">
    <p class='ocr_par' dir='ltr' id='par_1_88' title="bbox 1920 4154 3521 4230">
     <span class='ocr_line' id='line_1_89' title="bbox 1920 4154 3521 4230; baseline 0.005 -24"><span class='ocrx_word' id='word_1_677' title='bbox 1920 4155 2199 4207; x_wconf 85' lang='lat' dir='ltr'><strong>innotuisti</strong></span> <span class='ocrx_word' id='word_1_678' title='bbox 2225 4156 2291 4221; x_wconf 84' lang='lat' dir='ltr'><strong>ei,</strong></span> <span class='ocrx_word' id='word_1_679' title='bbox 2326 4154 2382 4209; x_wconf 93' lang='lat' dir='ltr'><strong>id</strong></span> <span class='ocrx_word' id='word_1_680' title='bbox 2412 4159 2497 4208; x_wconf 90' lang='lat' dir='ltr'><strong>est</strong></span> <span class='ocrx_word' id='word_1_681' title='bbox 2528 4158 2582 4209; x_wconf 89' lang='lat' dir='ltr'><strong>te</strong></span> <span class='ocrx_word' id='word_1_682' title='bbox 2616 4155 2694 4209; x_wconf 90' lang='lat' dir='ltr'><strong>illi</strong></span> <span class='ocrx_word' id='word_1_683' title='bbox 2723 4155 3098 4211; x_wconf 89' lang='lat' dir='ltr'><strong>manifestasti</strong></span> <span class='ocrx_word' id='word_1_684' title='bbox 3128 4175 3233 4230; x_wconf 91' lang='lat' dir='ltr'><strong>per</strong></span> <span class='ocrx_word' id='word_1_685' title='bbox 3256 4159 3435 4214; x_wconf 89' lang='lat' dir='ltr'><strong>fidem</strong></span> <span class='ocrx_word' id='word_1_686' title='bbox 3463 4164 3521 4215; x_wconf 89' lang='lat' dir='ltr'><strong>et</strong></span> 
     </span>
    </p>
   </div>
   <div class='ocr_carea' id='block_1_89' title="bbox 1919 4240 3522 4316">
    <p class='ocr_par' dir='ltr' id='par_1_89' title="bbox 1919 4240 3522 4316">
     <span class='ocr_line' id='line_1_90' title="bbox 1919 4240 3522 4316; baseline 0.003 -21"><span class='ocrx_word' id='word_1_687' title='bbox 1919 4240 2294 4311; x_wconf 89' lang='lat' dir='ltr'><strong>intellectum,</strong></span> <span class='ocrx_word' id='word_1_688' title='bbox 2323 4260 2454 4297; x_wconf 87' lang='lat' dir='ltr'><strong>cum</strong></span> <span class='ocrx_word' id='word_1_689' title='bbox 2487 4244 2643 4314; x_wconf 89' lang='lat' dir='ltr'><strong>prius</strong></span> <span class='ocrx_word' id='word_1_690' title='bbox 2682 4261 2715 4298; x_wconf 90' lang='lat' dir='ltr'><strong>a</strong></span> <span class='ocrx_word' id='word_1_691' title='bbox 2746 4244 2827 4299; x_wconf 90' lang='lat' dir='ltr'><strong>tui</strong></span> <span class='ocrx_word' id='word_1_692' title='bbox 2854 4245 3184 4316; x_wconf 87' lang='lat' dir='ltr'><strong>cognitione</strong></span> <span class='ocrx_word' id='word_1_693' title='bbox 3220 4247 3522 4316; x_wconf 88' lang='lat' dir='ltr'><strong>elongatus</strong></span> 
     </span>
    </p>
   </div>
   <div class='ocr_carea' id='block_1_90' title="bbox 225 4331 3523 4409">
    <p class='ocr_par' dir='ltr' id='par_1_90' title="bbox 225 4331 3523 4409">
     <span class='ocr_line' id='line_1_91' title="bbox 225 4331 3523 4409; baseline 0.001 -22"><span class='ocrx_word' id='word_1_694' title='bbox 225 4331 471 4403; x_wconf 88' lang='lat' dir='ltr'><strong>majores</strong></span> <span class='ocrx_word' id='word_1_695' title='bbox 502 4332 848 4388; x_wconf 89' lang='lat' dir='ltr'><strong>tentationes</strong></span> <span class='ocrx_word' id='word_1_696' title='bbox 892 4335 1221 4405; x_wconf 86' lang='lat' dir='ltr'><strong>gravissime</strong></span> <span class='ocrx_word' id='word_1_697' title='bbox 1268 4341 1325 4390; x_wconf 90' lang='lat' dir='ltr'><strong>et</strong></span> <span class='ocrx_word' id='word_1_698' title='bbox 1357 4340 1515 4409; x_wconf 86' lang='lat' dir='ltr'><strong>quasi</strong></span> <span class='ocrx_word' id='word_1_699' title='bbox 1559 4339 1820 4393; x_wconf 90' lang='lat' dir='ltr'><strong>cominus</strong></span> <span class='ocrx_word' id='word_1_700' title='bbox 1840 4331 1893 4391; x_wconf 88' lang='lat' dir='ltr'><strong>D</strong></span> <span class='ocrx_word' id='word_1_701' title='bbox 1919 4336 2065 4387; x_wconf 89' lang='lat' dir='ltr'><strong>esset</strong></span> <span class='ocrx_word' id='word_1_702' title='bbox 2094 4349 2197 4404; x_wconf 89' lang='lat' dir='ltr'><strong>per</strong></span> <span class='ocrx_word' id='word_1_703' title='bbox 2227 4332 2507 4404; x_wconf 83' lang='lat' dir='ltr'><strong>originale</strong></span> <span class='ocrx_word' id='word_1_704' title='bbox 2538 4336 2859 4403; x_wconf 88' lang='lat' dir='ltr'><strong>peccatum.</strong></span> <span class='ocrx_word' id='word_1_705' title='bbox 2888 4333 3006 4387; x_wconf 83' lang='lat' dir='ltr'><strong>Aut</strong></span> <span class='ocrx_word' id='word_1_706' title='bbox 3037 4333 3166 4387; x_wconf 87' lang='lat' dir='ltr'><strong>ideo</strong></span> <span class='ocrx_word' id='word_1_707' title='bbox 3198 4350 3373 4405; x_wconf 91' lang='lat' dir='ltr'><strong>quam</strong></span> <span class='ocrx_word' id='word_1_708' title='bbox 3401 4351 3523 4390; x_wconf 87' lang='lat' dir='ltr'><strong>ma-</strong></span> 
     </span>
    </p>
   </div>
   <div class='ocr_carea' id='block_1_91' title="bbox 223 4421 1816 4495">
    <p class='ocr_par' dir='ltr' id='par_1_91' title="bbox 223 4421 1816 4495">
     <span class='ocr_line' id='line_1_92' title="bbox 223 4421 1816 4495; baseline 0.003 -21"><span class='ocrx_word' id='word_1_709' title='bbox 223 4421 517 4475; x_wconf 86' lang='lat' dir='ltr'><strong>instantes.</strong></span> <span class='ocrx_word' id='word_1_710' title='bbox 554 4424 661 4476; x_wconf 89' lang='lat' dir='ltr'><strong>Per</strong></span> <span class='ocrx_word' id='word_1_711' title='bbox 689 4422 903 4477; x_wconf 89' lang='lat' dir='ltr'><strong>bellum</strong></span> <span class='ocrx_word' id='word_1_712' title='bbox 930 4439 1064 4477; x_wconf 85' lang='lat' dir='ltr'><strong>vero</strong></span> <span class='ocrx_word' id='word_1_713' title='bbox 1081 4424 1393 4495; x_wconf 90' lang='lat' dir='ltr'><strong>digitorum</strong></span> <span class='ocrx_word' id='word_1_714' title='bbox 1412 4425 1816 4495; x_wconf 52' lang='lat' dir='ltr'><strong>accipiturbel-</strong></span> 
     </span>
    </p>
   </div>
   <div class='ocr_carea' id='block_1_92' title="bbox 222 4509 1820 4584">
    <p class='ocr_par' dir='ltr' id='par_1_92' title="bbox 222 4509 1820 4584">
     <span class='ocr_line' id='line_1_93' title="bbox 222 4509 1820 4584; baseline 0.003 -22"><span class='ocrx_word' id='word_1_715' title='bbox 222 4509 338 4565; x_wconf 87' lang='lat' dir='ltr'><strong>lum</strong></span> <span class='ocrx_word' id='word_1_716' title='bbox 370 4509 664 4564; x_wconf 90' lang='lat' dir='ltr'><strong>minorum</strong></span> <span class='ocrx_word' id='word_1_717' title='bbox 714 4510 1169 4582; x_wconf 88' lang='lat' dir='ltr'><strong>suggestionum,</strong></span> <span class='ocrx_word' id='word_1_718' title='bbox 1236 4512 1426 4567; x_wconf 91' lang='lat' dir='ltr'><strong>minus</strong></span> <span class='ocrx_word' id='word_1_719' title='bbox 1478 4514 1730 4584; x_wconf 84' lang='lat' dir='ltr'><strong>graviter</strong></span> <span class='ocrx_word' id='word_1_720' title='bbox 1762 4517 1820 4567; x_wconf 91' lang='lat' dir='ltr'><strong>et</strong></span> 
     </span>
    </p>
   </div>
   <div class='ocr_carea' id='block_1_93' title="bbox 223 4598 1815 4674">
    <p class='ocr_par' dir='ltr' id='par_1_93' title="bbox 223 4598 1815 4674">
     <span class='ocr_line' id='line_1_94' title="bbox 223 4598 1815 4674; baseline 0.001 -22"><span class='ocrx_word' id='word_1_721' title='bbox 223 4598 375 4669; x_wconf 85' lang='lat' dir='ltr'><strong>quasi</strong></span> <span class='ocrx_word' id='word_1_722' title='bbox 397 4599 1052 4656; x_wconf 80' lang='lat' dir='ltr'><strong>eminusinfestantium.</strong></span> <span class='ocrx_word' id='word_1_723' title='bbox 1072 4602 1184 4656; x_wconf 89' lang='lat' dir='ltr'><strong>lloc</strong></span> <span class='ocrx_word' id='word_1_724' title='bbox 1211 4602 1585 4674; x_wconf 88' lang='lat' dir='ltr'><strong>autem,quod</strong></span> <span class='ocrx_word' id='word_1_725' title='bbox 1605 4601 1815 4672; x_wconf 91' lang='lat' dir='ltr'><strong>duplici</strong></span> 
     </span>
    </p>
   </div>
   <div class='ocr_carea' id='block_1_94' title="bbox 222 4686 1813 4761">
    <p class='ocr_par' dir='ltr' id='par_1_94' title="bbox 222 4686 1813 4761">
     <span class='ocr_line' id='line_1_95' title="bbox 222 4686 1813 4761; baseline 0.003 -21"><span class='ocrx_word' id='word_1_726' title='bbox 222 4686 589 4743; x_wconf 89' lang='lat' dir='ltr'><strong>similitudine</strong></span> <span class='ocrx_word' id='word_1_727' title='bbox 608 4689 795 4759; x_wconf 91' lang='lat' dir='ltr'><strong>ponit,</strong></span> <span class='ocrx_word' id='word_1_728' title='bbox 818 4706 981 4761; x_wconf 75' lang='lat' dir='ltr'><strong>aeque</strong></span> <span class='ocrx_word' id='word_1_729' title='bbox 1002 4691 1198 4745; x_wconf 89' lang='lat' dir='ltr'><strong>valens</strong></span> <span class='ocrx_word' id='word_1_730' title='bbox 1228 4694 1313 4744; x_wconf 90' lang='lat' dir='ltr'><strong>est</strong></span> <span class='ocrx_word' id='word_1_731' title='bbox 1344 4707 1409 4744; x_wconf 90' lang='lat' dir='ltr'><strong>ac</strong></span> <span class='ocrx_word' id='word_1_732' title='bbox 1439 4690 1483 4744; x_wconf 89' lang='lat' dir='ltr'><strong>si</strong></span> <span class='ocrx_word' id='word_1_733' title='bbox 1519 4690 1614 4744; x_wconf 89' lang='lat' dir='ltr'><strong>tali</strong></span> <span class='ocrx_word' id='word_1_734' title='bbox 1640 4691 1813 4745; x_wconf 91' lang='lat' dir='ltr'><strong>modo</strong></span> 
     </span>
    </p>
   </div>
   <div class='ocr_carea' id='block_1_95' title="bbox 221 4776 1811 4850">
    <p class='ocr_par' dir='ltr' id='par_1_95' title="bbox 221 4776 1811 4850">
     <span class='ocr_line' id='line_1_96' title="bbox 221 4776 1811 4850; baseline 0.002 -21"><span class='ocrx_word' id='word_1_735' title='bbox 221 4776 468 4847; x_wconf 89' lang='lat' dir='ltr'><strong>positum</strong></span> <span class='ocrx_word' id='word_1_736' title='bbox 490 4780 663 4831; x_wconf 80' lang='lat' dir='ltr'><strong>esset:</strong></span> <span class='ocrx_word' id='word_1_737' title='bbox 686 4778 763 4832; x_wconf 87' lang='lat' dir='ltr'><strong>Ea</strong></span> <span class='ocrx_word' id='word_1_738' title='bbox 779 4778 1077 4832; x_wconf 85' lang='lat' dir='ltr'><strong>occasione</strong></span> <span class='ocrx_word' id='word_1_739' title='bbox 1104 4778 1418 4833; x_wconf 90' lang='lat' dir='ltr'><strong>Dominum</strong></span> <span class='ocrx_word' id='word_1_740' title='bbox 1437 4780 1622 4833; x_wconf 81' lang='lat' dir='ltr'><strong>exalto</strong></span> <span class='ocrx_word' id='word_1_741' title='bbox 1656 4778 1811 4850; x_wconf 90' lang='lat' dir='ltr'><strong>quia,</strong></span> 
     </span>
    </p>
   </div>
   <div class='ocr_carea' id='block_1_96' title="bbox 220 4865 1814 4933">
    <p class='ocr_par' dir='ltr' id='par_1_96' title="bbox 220 4865 1814 4933">
     <span class='ocr_line' id='line_1_97' title="bbox 220 4865 1814 4933; baseline 0.003 -16"><span class='ocrx_word' id='word_1_742' title='bbox 220 4880 344 4918; x_wconf 86' lang='lat' dir='ltr'><strong>cum</strong></span> <span class='ocrx_word' id='word_1_743' title='bbox 366 4865 438 4919; x_wconf 87' lang='lat' dir='ltr'><strong>sit</strong></span> <span class='ocrx_word' id='word_1_744' title='bbox 450 4867 712 4920; x_wconf 78' lang='lat' dir='ltr'><strong>Dominus</strong></span> <span class='ocrx_word' id='word_1_745' title='bbox 731 4869 787 4920; x_wconf 86' lang='lat' dir='ltr'><strong>et</strong></span> <span class='ocrx_word' id='word_1_746' title='bbox 803 4866 947 4919; x_wconf 73' lang='lat' dir='ltr'><strong>Deus</strong></span> <span class='ocrx_word' id='word_1_747' title='bbox 964 4885 1126 4933; x_wconf 78' lang='lat' dir='ltr'><strong>meus,</strong></span> <span class='ocrx_word' id='word_1_748' title='bbox 1144 4868 1479 4922; x_wconf 78' lang='lat' dir='ltr'><strong>illustrando</strong></span> <span class='ocrx_word' id='word_1_749' title='bbox 1494 4884 1587 4922; x_wconf 87' lang='lat' dir='ltr'><strong>mc</strong></span> <span class='ocrx_word' id='word_1_750' title='bbox 1610 4866 1814 4921; x_wconf 64' lang='lat' dir='ltr'><strong>‘ntelli-</strong></span> 
     </span>
    </p>
   </div>
   <div class='ocr_carea' id='block_1_97' title="bbox 221 4953 1809 5026">
    <p class='ocr_par' dir='ltr' id='par_1_97' title="bbox 221 4953 1809 5026">
     <span class='ocr_line' id='line_1_98' title="bbox 221 4953 1809 5026; baseline 0.002 -20"><span class='ocrx_word' id='word_1_751' title='bbox 221 4953 410 5021; x_wconf 88' lang='lat' dir='ltr'><strong>gentia</strong></span> <span class='ocrx_word' id='word_1_752' title='bbox 425 4954 1100 5026; x_wconf 87' lang='lat' dir='ltr'><strong>spirituali,etvirtutibus</strong></span> <span class='ocrx_word' id='word_1_753' title='bbox 1118 4972 1212 5010; x_wconf 91' lang='lat' dir='ltr'><strong>me</strong></span> <span class='ocrx_word' id='word_1_754' title='bbox 1234 4956 1464 5011; x_wconf 90' lang='lat' dir='ltr'><strong>doctum</strong></span> <span class='ocrx_word' id='word_1_755' title='bbox 1488 4960 1546 5011; x_wconf 86' lang='lat' dir='ltr'><strong>et</strong></span> <span class='ocrx_word' id='word_1_756' title='bbox 1569 4956 1809 5011; x_wconf 89' lang='lat' dir='ltr'><strong>instruc-</strong></span> 
     </span>
    </p>
   </div>
   <div class='ocr_carea' id='block_1_98' title="bbox 221 5042 1807 5117">
    <p class='ocr_par' dir='ltr' id='par_1_98' title="bbox 221 5042 1807 5117">
     <span class='ocr_line' id='line_1_99' title="bbox 221 5042 1807 5117; baseline 0.003 -24"><span class='ocrx_word' id='word_1_757' title='bbox 221 5043 337 5095; x_wconf 89' lang='lat' dir='ltr'><strong>tum</strong></span> <span class='ocrx_word' id='word_1_758' title='bbox 356 5042 704 5114; x_wconf 63' lang='lat' dir='ltr'><strong>fecitpontra</strong></span> <span class='ocrx_word' id='word_1_759' title='bbox 721 5044 968 5113; x_wconf 85' lang='lat' dir='ltr'><strong>majores</strong></span> <span class='ocrx_word' id='word_1_760' title='bbox 984 5048 1041 5099; x_wconf 91' lang='lat' dir='ltr'><strong>et</strong></span> <span class='ocrx_word' id='word_1_761' title='bbox 1058 5045 1311 5100; x_wconf 89' lang='lat' dir='ltr'><strong>minores</strong></span> <span class='ocrx_word' id='word_1_762' title='bbox 1324 5045 1717 5117; x_wconf 85' lang='lat' dir='ltr'><strong>suggestiones</strong></span> <span class='ocrx_word' id='word_1_763' title='bbox 1730 5045 1807 5098; x_wconf 86' lang='lat' dir='ltr'><strong>vi-</strong></span> 
     </span>
    </p>
   </div>
   <div class='ocr_carea' id='block_1_99' title="bbox 220 5128 1808 5204">
    <p class='ocr_par' dir='ltr' id='par_1_99' title="bbox 220 5128 1808 5204">
     <span class='ocr_line' id='line_1_100' title="bbox 220 5128 1808 5204; baseline 0.003 -22"><span class='ocrx_word' id='word_1_764' title='bbox 220 5128 393 5183; x_wconf 85' lang='lat' dir='ltr'><strong>riliter</strong></span> <span class='ocrx_word' id='word_1_765' title='bbox 409 5130 683 5203; x_wconf 52' lang='lat' dir='ltr'><strong>praeliarit</strong></span> <span class='ocrx_word' id='word_1_766' title='bbox 705 5131 965 5185; x_wconf 81' lang='lat' dir='ltr'><strong>Dominus</strong></span> <span class='ocrx_word' id='word_1_767' title='bbox 981 5133 1147 5203; x_wconf 83' lang='lat' dir='ltr'><strong>Deus,</strong></span> <span class='ocrx_word' id='word_1_768' title='bbox 1168 5134 1427 5204; x_wconf 81' lang='lat' dir='ltr'><strong>inquam,</strong></span> <span class='ocrx_word' id='word_1_769' title='bbox 1446 5133 1689 5187; x_wconf 87' lang='lat' dir='ltr'><strong>existens</strong></span> <span class='ocrx_word' id='word_1_770' title='bbox 1709 5138 1808 5188; x_wconf 90' lang='lat' dir='ltr'><strong>mi-</strong></span> 
     </span>
    </p>
   </div>
   <div class='ocr_carea' id='block_1_100' title="bbox 220 5204 1812 5292">
    <p class='ocr_par' dir='ltr' id='par_1_100' title="bbox 220 5204 1812 5292">
     <span class='ocr_line' id='line_1_101' title="bbox 220 5204 1812 5292; baseline 0.002 -20"><span class='ocrx_word' id='word_1_771' title='bbox 220 5221 495 5275; x_wconf 82' lang='lat' dir='ltr'><strong>sericordia</strong></span> <span class='ocrx_word' id='word_1_772' title='bbox 737 5238 850 5274; x_wconf 87' lang='lat' dir='ltr'><strong>mea</strong></span> <span class='ocrx_word' id='word_1_773' title='bbox 878 5237 981 5291; x_wconf 88' lang='lat' dir='ltr'><strong>per</strong></span> <span class='ocrx_word' id='word_1_774' title='bbox 1000 5221 1343 5292; x_wconf 87' lang='lat' dir='ltr'><strong>emphasim,</strong></span> <span class='ocrx_word' id='word_1_775' title='bbox 1368 5221 1580 5275; x_wconf 89' lang='lat' dir='ltr'><strong>scilicet</strong></span> <span class='ocrx_word' id='word_1_776' title='bbox 1600 5239 1715 5275; x_wconf 92' lang='lat' dir='ltr'><strong>non</strong></span> <span class='ocrx_word' id='word_1_777' title='bbox 1744 5239 1812 5275; x_wconf 87' lang='lat' dir='ltr'><strong>ex</strong></span> 
     </span>
    </p>
   </div>
   <div class='ocr_carea' id='block_1_101' title="bbox 223 5309 1813 5379">
    <p class='ocr_par' dir='ltr' id='par_1_101' title="bbox 223 5309 1813 5379">
     <span class='ocr_line' id='line_1_102' title="bbox 223 5309 1813 5379; baseline -0.001 -15"><span class='ocrx_word' id='word_1_778' title='bbox 223 5309 436 5364; x_wconf 88' lang='lat' dir='ltr'><strong>meritis</strong></span> <span class='ocrx_word' id='word_1_779' title='bbox 450 5310 713 5377; x_wconf 89' lang='lat' dir='ltr'><strong>meis,sed</strong></span> <span class='ocrx_word' id='word_1_780' title='bbox 728 5325 793 5363; x_wconf 84' lang='lat' dir='ltr'><strong>ex</strong></span> <span class='ocrx_word' id='word_1_781' title='bbox 813 5310 933 5364; x_wconf 89' lang='lat' dir='ltr'><strong>sola</strong></span> <span class='ocrx_word' id='word_1_782' title='bbox 950 5310 1342 5364; x_wconf 89' lang='lat' dir='ltr'><strong>misericordia</strong></span> <span class='ocrx_word' id='word_1_783' title='bbox 1356 5326 1456 5363; x_wconf 85' lang='lat' dir='ltr'><strong>sua</strong></span> <span class='ocrx_word' id='word_1_784' title='bbox 1468 5327 1560 5363; x_wconf 89' lang='lat' dir='ltr'><strong>me</strong></span> <span class='ocrx_word' id='word_1_785' title='bbox 1583 5309 1653 5363; x_wconf 89' lang='lat' dir='ltr'><strong>ad</strong></span> <span class='ocrx_word' id='word_1_786' title='bbox 1670 5326 1813 5379; x_wconf 65' lang='lat' dir='ltr'><strong>pra:-</strong></span> 
     </span>
    </p>
   </div>
   <div class='ocr_carea' id='block_1_102' title="bbox 223 5397 1811 5468">
    <p class='ocr_par' dir='ltr' id='par_1_102' title="bbox 223 5397 1811 5468">
     <span class='ocr_line' id='line_1_103' title="bbox 223 5397 1811 5468; baseline 0 -16"><span class='ocrx_word' id='word_1_787' title='bbox 223 5398 471 5453; x_wconf 84' lang='lat' dir='ltr'><strong>liandum</strong></span> <span class='ocrx_word' id='word_1_788' title='bbox 492 5399 725 5453; x_wconf 89' lang='lat' dir='ltr'><strong>doctum</strong></span> <span class='ocrx_word' id='word_1_789' title='bbox 742 5397 899 5461; x_wconf 89' lang='lat' dir='ltr'><strong>fecit,</strong></span> <span class='ocrx_word' id='word_1_790' title='bbox 918 5398 1227 5452; x_wconf 83' lang='lat' dir='ltr'><strong>etexistens</strong></span> <span class='ocrx_word' id='word_1_791' title='bbox 1240 5399 1511 5468; x_wconf 80' lang='lat' dir='ltr'><strong>refugium</strong></span> <span class='ocrx_word' id='word_1_792' title='bbox 1526 5416 1721 5467; x_wconf 86' lang='lat' dir='ltr'><strong>meum,</strong></span> <span class='ocrx_word' id='word_1_793' title='bbox 1752 5398 1811 5453; x_wconf 88' lang='lat' dir='ltr'><strong>id</strong></span> 
     </span>
    </p>
   </div>
   <div class='ocr_carea' id='block_1_103' title="bbox 224 5487 1810 5558">
    <p class='ocr_par' dir='ltr' id='par_1_103' title="bbox 224 5487 1810 5558">
     <span class='ocr_line' id='line_1_104' title="bbox 224 5487 1810 5558; baseline -0.002 -12"><span class='ocrx_word' id='word_1_794' title='bbox 224 5495 303 5546; x_wconf 85' lang='lat' dir='ltr'><strong>est</strong></span> <span class='ocrx_word' id='word_1_795' title='bbox 329 5488 598 5544; x_wconf 88' lang='lat' dir='ltr'><strong>securitas</strong></span> <span class='ocrx_word' id='word_1_796' title='bbox 648 5503 798 5555; x_wconf 88' lang='lat' dir='ltr'><strong>mea,</strong></span> <span class='ocrx_word' id='word_1_797' title='bbox 828 5487 986 5558; x_wconf 88' lang='lat' dir='ltr'><strong>cujus</strong></span> <span class='ocrx_word' id='word_1_798' title='bbox 1013 5487 1219 5542; x_wconf 85' lang='lat' dir='ltr'><strong>auxilio</strong></span> <span class='ocrx_word' id='word_1_799' title='bbox 1266 5488 1443 5542; x_wconf 88' lang='lat' dir='ltr'><strong>fretus</strong></span> <span class='ocrx_word' id='word_1_800' title='bbox 1489 5504 1719 5542; x_wconf 89' lang='lat' dir='ltr'><strong>securus</strong></span> <span class='ocrx_word' id='word_1_801' title='bbox 1752 5488 1810 5543; x_wconf 89' lang='lat' dir='ltr'><strong>in</strong></span> 
     </span>
    </p>
   </div>
   <div class='ocr_carea' id='block_1_104' title="bbox 224 5576 1812 5654">
    <p class='ocr_par' dir='ltr' id='par_1_104' title="bbox 224 5576 1812 5654">
     <span class='ocr_line' id='line_1_105' title="bbox 224 5576 1812 5654; baseline -0.005 -15"><span class='ocrx_word' id='word_1_802' title='bbox 224 5576 325 5639; x_wconf 81' lang='lat' dir='ltr'><strong>hoc</strong></span> <span class='ocrx_word' id='word_1_803' title='bbox 350 5577 545 5654; x_wconf 70' lang='lat' dir='ltr'><strong>prtelio</strong></span> <span class='ocrx_word' id='word_1_804' title='bbox 575 5577 833 5651; x_wconf 85' lang='lat' dir='ltr'><strong>persiste.</strong></span> <span class='ocrx_word' id='word_1_805' title='bbox 862 5576 1163 5650; x_wconf 80' lang='lat' dir='ltr'><strong>Refugium</strong></span> <span class='ocrx_word' id='word_1_806' title='bbox 1191 5592 1295 5651; x_wconf 87' lang='lat' dir='ltr'><strong>pro</strong></span> <span class='ocrx_word' id='word_1_807' title='bbox 1317 5576 1618 5633; x_wconf 87' lang='lat' dir='ltr'><strong>securitate</strong></span> <span class='ocrx_word' id='word_1_808' title='bbox 1639 5576 1812 5648; x_wconf 83' lang='lat' dir='ltr'><strong>poni-</strong></span> 
     </span>
    </p>
   </div>
   <div class='ocr_carea' id='block_1_105' title="bbox 1919 4420 3515 4496">
    <p class='ocr_par' dir='ltr' id='par_1_105' title="bbox 1919 4420 3515 4496">
     <span class='ocr_line' id='line_1_106' title="bbox 1919 4420 3515 4496; baseline 0.003 -22"><span class='ocrx_word' id='word_1_809' title='bbox 1919 4437 2100 4491; x_wconf 89' lang='lat' dir='ltr'><strong>gnum</strong></span> <span class='ocrx_word' id='word_1_810' title='bbox 2130 4421 2265 4492; x_wconf 87' lang='lat' dir='ltr'><strong>quid</strong></span> <span class='ocrx_word' id='word_1_811' title='bbox 2300 4424 2381 4474; x_wconf 89' lang='lat' dir='ltr'><strong>est</strong></span> <span class='ocrx_word' id='word_1_812' title='bbox 2404 4421 2547 4488; x_wconf 73' lang='lat' dir='ltr'><strong>ﬁlius</strong></span> <span class='ocrx_word' id='word_1_813' title='bbox 2576 4421 2827 4485; x_wconf 76' lang='lat' dir='ltr'><strong>hominis,</strong></span> <span class='ocrx_word' id='word_1_814' title='bbox 2862 4420 2919 4473; x_wconf 92' lang='lat' dir='ltr'><strong>id</strong></span> <span class='ocrx_word' id='word_1_815' title='bbox 2949 4424 3034 4474; x_wconf 84' lang='lat' dir='ltr'><strong>est</strong></span> <span class='ocrx_word' id='word_1_816' title='bbox 3060 4421 3207 4476; x_wconf 81' lang='lat' dir='ltr'><strong>ﬁlius</strong></span> <span class='ocrx_word' id='word_1_817' title='bbox 3222 4422 3515 4496; x_wconf 68' lang='lat' dir='ltr'><strong>Adaz,quia</strong></span> 
     </span>
    </p>
   </div>
   <div class='ocr_carea' id='block_1_106' title="bbox 1918 4506 3511 4587">
    <p class='ocr_par' dir='ltr' id='par_1_106' title="bbox 1918 4506 3511 4587">
     <span class='ocr_line' id='line_1_107' title="bbox 1918 4506 3511 4587; baseline 0.006 -28"><span class='ocrx_word' id='word_1_818' title='bbox 1918 4514 2126 4576; x_wconf 82' lang='lat' dir='ltr'><strong>reputas</strong></span> <span class='ocrx_word' id='word_1_819' title='bbox 2154 4524 2292 4573; x_wconf 84' lang='lat' dir='ltr'><strong>eum,</strong></span> <span class='ocrx_word' id='word_1_820' title='bbox 2321 4507 2533 4560; x_wconf 83' lang='lat' dir='ltr'><strong>scilicet</strong></span> <span class='ocrx_word' id='word_1_821' title='bbox 2557 4506 2947 4587; x_wconf 83' lang='lat' dir='ltr'><strong>unusquisque</strong></span> <span class='ocrx_word' id='word_1_822' title='bbox 2978 4508 3164 4563; x_wconf 87' lang='lat' dir='ltr'><strong>fidelis</strong></span> <span class='ocrx_word' id='word_1_823' title='bbox 3184 4512 3511 4582; x_wconf 85' lang='lat' dir='ltr'><strong>salvandus,</strong></span> 
     </span>
    </p>
   </div>
   <div class='ocr_carea' id='block_1_107' title="bbox 1917 4593 3518 4668">
    <p class='ocr_par' dir='ltr' id='par_1_107' title="bbox 1917 4593 3518 4668">
     <span class='ocr_line' id='line_1_108' title="bbox 1917 4593 3518 4668; baseline 0.007 -21"><span class='ocrx_word' id='word_1_824' title='bbox 1917 4611 2046 4648; x_wconf 89' lang='lat' dir='ltr'><strong>cum</strong></span> <span class='ocrx_word' id='word_1_825' title='bbox 2063 4595 2217 4665; x_wconf 85' lang='lat' dir='ltr'><strong>prius</strong></span> <span class='ocrx_word' id='word_1_826' title='bbox 2238 4597 2384 4648; x_wconf 88' lang='lat' dir='ltr'><strong>esset</strong></span> <span class='ocrx_word' id='word_1_827' title='bbox 2403 4593 2550 4648; x_wconf 84' lang='lat' dir='ltr'><strong>filius</strong></span> <span class='ocrx_word' id='word_1_828' title='bbox 2568 4594 2742 4665; x_wconf 90' lang='lat' dir='ltr'><strong>primi</strong></span> <span class='ocrx_word' id='word_1_829' title='bbox 2756 4595 3005 4651; x_wconf 88' lang='lat' dir='ltr'><strong>hominis</strong></span> <span class='ocrx_word' id='word_1_830' title='bbox 3025 4598 3181 4668; x_wconf 66' lang='lat' dir='ltr'><strong>Ade},</strong></span> <span class='ocrx_word' id='word_1_831' title='bbox 3199 4617 3315 4656; x_wconf 90' lang='lat' dir='ltr'><strong>non</strong></span> <span class='ocrx_word' id='word_1_832' title='bbox 3329 4602 3518 4657; x_wconf 88' lang='lat' dir='ltr'><strong>solum</strong></span> 
     </span>
    </p>
   </div>
   <div class='ocr_carea' id='block_1_108' title="bbox 1915 4682 3516 4753">
    <p class='ocr_par' dir='ltr' id='par_1_108' title="bbox 1915 4682 3516 4753">
     <span class='ocr_line' id='line_1_109' title="bbox 1915 4682 3516 4753; baseline 0.004 -15"><span class='ocrx_word' id='word_1_833' title='bbox 1915 4684 2231 4739; x_wconf 90' lang='lat' dir='ltr'><strong>secundum</strong></span> <span class='ocrx_word' id='word_1_834' title='bbox 2268 4683 2452 4736; x_wconf 88' lang='lat' dir='ltr'><strong>carnis</strong></span> <span class='ocrx_word' id='word_1_835' title='bbox 2487 4682 2796 4753; x_wconf 89' lang='lat' dir='ltr'><strong>originem,</strong></span> <span class='ocrx_word' id='word_1_836' title='bbox 2837 4685 2937 4739; x_wconf 88' lang='lat' dir='ltr'><strong>sed</strong></span> <span class='ocrx_word' id='word_1_837' title='bbox 2990 4688 3165 4742; x_wconf 91' lang='lat' dir='ltr'><strong>etiam</strong></span> <span class='ocrx_word' id='word_1_838' title='bbox 3197 4690 3516 4744; x_wconf 90' lang='lat' dir='ltr'><strong>secundum</strong></span> 
     </span>
    </p>
   </div>
   <div class='ocr_carea' id='block_1_109' title="bbox 1915 4770 3516 4847">
    <p class='ocr_par' dir='ltr' id='par_1_109' title="bbox 1915 4770 3516 4847">
     <span class='ocr_line' id='line_1_110' title="bbox 1915 4770 3516 4847; baseline 0.002 -19"><span class='ocrx_word' id='word_1_839' title='bbox 1915 4771 2212 4844; x_wconf 86' lang='lat' dir='ltr'><strong>originalis</strong></span> <span class='ocrx_word' id='word_1_840' title='bbox 2228 4772 2407 4843; x_wconf 75' lang='lat' dir='ltr'><strong>culpa:</strong></span> <span class='ocrx_word' id='word_1_841' title='bbox 2419 4770 3162 4846; x_wconf 84' lang='lat' dir='ltr'><strong>damnationem,magnum</strong></span> <span class='ocrx_word' id='word_1_842' title='bbox 3179 4778 3316 4847; x_wconf 90' lang='lat' dir='ltr'><strong>quid</strong></span> <span class='ocrx_word' id='word_1_843' title='bbox 3330 4778 3516 4832; x_wconf 86' lang='lat' dir='ltr'><strong>factus</strong></span> 
     </span>
    </p>
   </div>
   <div class='ocr_carea' id='block_1_110' title="bbox 1914 4861 3511 4936">
    <p class='ocr_par' dir='ltr' id='par_1_110' title="bbox 1914 4861 3511 4936">
     <span class='ocr_line' id='line_1_111' title="bbox 1914 4861 3511 4936; baseline 0.003 -21"><span class='ocrx_word' id='word_1_844' title='bbox 1914 4864 2115 4931; x_wconf 88' lang='lat' dir='ltr'><strong>estper</strong></span> <span class='ocrx_word' id='word_1_845' title='bbox 2144 4861 2251 4914; x_wconf 92' lang='lat' dir='ltr'><strong>hoc</strong></span> <span class='ocrx_word' id='word_1_846' title='bbox 2280 4862 2405 4932; x_wconf 84' lang='lat' dir='ltr'><strong>quia</strong></span> <span class='ocrx_word' id='word_1_847' title='bbox 2434 4868 2641 4931; x_wconf 77' lang='lat' dir='ltr'><strong>reputas</strong></span> <span class='ocrx_word' id='word_1_848' title='bbox 2667 4878 2804 4930; x_wconf 90' lang='lat' dir='ltr'><strong>eum,</strong></span> <span class='ocrx_word' id='word_1_849' title='bbox 2832 4862 2988 4916; x_wconf 81' lang='lat' dir='ltr'><strong>idest</strong></span> <span class='ocrx_word' id='word_1_850' title='bbox 3010 4865 3144 4934; x_wconf 88' lang='lat' dir='ltr'><strong>quia</strong></span> <span class='ocrx_word' id='word_1_851' title='bbox 3174 4866 3511 4936; x_wconf 83' lang='lat' dir='ltr'><strong>magnificas</strong></span> 
     </span>
    </p>
   </div>
   <div class='ocr_carea' id='block_1_111' title="bbox 1912 4948 3506 5020">
    <p class='ocr_par' dir='ltr' id='par_1_111' title="bbox 1912 4948 3506 5020">
     <span class='ocr_line' id='line_1_112' title="bbox 1912 4948 3506 5020; baseline 0.003 -16"><span class='ocrx_word' id='word_1_852' title='bbox 1912 4966 2067 5016; x_wconf 91' lang='lat' dir='ltr'><strong>cum,</strong></span> <span class='ocrx_word' id='word_1_853' title='bbox 2100 4948 2293 5019; x_wconf 88' lang='lat' dir='ltr'><strong>magni</strong></span> <span class='ocrx_word' id='word_1_854' title='bbox 2324 4948 2493 5020; x_wconf 80' lang='lat' dir='ltr'><strong>pretii</strong></span> <span class='ocrx_word' id='word_1_855' title='bbox 2520 4949 2693 5003; x_wconf 88' lang='lat' dir='ltr'><strong>habes</strong></span> <span class='ocrx_word' id='word_1_856' title='bbox 2724 4967 2878 5017; x_wconf 87' lang='lat' dir='ltr'><strong>eum,</strong></span> <span class='ocrx_word' id='word_1_857' title='bbox 2927 4955 2984 5005; x_wconf 90' lang='lat' dir='ltr'><strong>et</strong></span> <span class='ocrx_word' id='word_1_858' title='bbox 3016 4951 3506 5010; x_wconf 88' lang='lat' dir='ltr'><strong>existimationem</strong></span> 
     </span>
    </p>
   </div>
   <div class='ocr_carea' id='block_1_112' title="bbox 1910 5037 3505 5108">
    <p class='ocr_par' dir='ltr' id='par_1_112' title="bbox 1910 5037 3505 5108">
     <span class='ocr_line' id='line_1_113' title="bbox 1910 5037 3505 5108; baseline 0.004 -15"><span class='ocrx_word' id='word_1_859' title='bbox 1910 5038 2087 5093; x_wconf 87' lang='lat' dir='ltr'><strong>habes</strong></span> <span class='ocrx_word' id='word_1_860' title='bbox 2119 5037 2189 5090; x_wconf 91' lang='lat' dir='ltr'><strong>de</strong></span> <span class='ocrx_word' id='word_1_861' title='bbox 2220 5053 2285 5090; x_wconf 92' lang='lat' dir='ltr'><strong>eo</strong></span> <span class='ocrx_word' id='word_1_862' title='bbox 2315 5037 2615 5107; x_wconf 88' lang='lat' dir='ltr'><strong>originalis</strong></span> <span class='ocrx_word' id='word_1_863' title='bbox 2645 5038 2825 5108; x_wconf 85' lang='lat' dir='ltr'><strong>culpae</strong></span> <span class='ocrx_word' id='word_1_864' title='bbox 2852 5038 3041 5093; x_wconf 89' lang='lat' dir='ltr'><strong>labem</strong></span> <span class='ocrx_word' id='word_1_865' title='bbox 3066 5038 3135 5093; x_wconf 86' lang='lat' dir='ltr'><strong>ab</strong></span> <span class='ocrx_word' id='word_1_866' title='bbox 3151 5057 3218 5095; x_wconf 87' lang='lat' dir='ltr'><strong>eo</strong></span> <span class='ocrx_word' id='word_1_867' title='bbox 3236 5042 3505 5099; x_wconf 85' lang='lat' dir='ltr'><strong>auferen-</strong></span> 
     </span>
    </p>
   </div>
   <div class='ocr_carea' id='block_1_113' title="bbox 1912 5124 3505 5201">
    <p class='ocr_par' dir='ltr' id='par_1_113' title="bbox 1912 5124 3505 5201">
     <span class='ocr_line' id='line_1_114' title="bbox 1912 5124 3505 5201; baseline 0.005 -21"><span class='ocrx_word' id='word_1_868' title='bbox 1912 5127 2006 5193; x_wconf 88' lang='lat' dir='ltr'><strong>do,</strong></span> <span class='ocrx_word' id='word_1_869' title='bbox 2040 5127 2096 5179; x_wconf 90' lang='lat' dir='ltr'><strong>et</strong></span> <span class='ocrx_word' id='word_1_870' title='bbox 2126 5125 2182 5178; x_wconf 91' lang='lat' dir='ltr'><strong>in</strong></span> <span class='ocrx_word' id='word_1_871' title='bbox 2212 5142 2277 5179; x_wconf 91' lang='lat' dir='ltr'><strong>eo</strong></span> <span class='ocrx_word' id='word_1_872' title='bbox 2309 5125 2580 5179; x_wconf 88' lang='lat' dir='ltr'><strong>virtutum</strong></span> <span class='ocrx_word' id='word_1_873' title='bbox 2610 5124 3094 5195; x_wconf 84' lang='lat' dir='ltr'><strong>pulchritudinem</strong></span> <span class='ocrx_word' id='word_1_874' title='bbox 3128 5130 3505 5201; x_wconf 88' lang='lat' dir='ltr'><strong>restituendo,</strong></span> 
     </span>
    </p>
   </div>
   <div class='ocr_carea' id='block_1_114' title="bbox 1911 5212 3502 5292">
    <p class='ocr_par' dir='ltr' id='par_1_114' title="bbox 1911 5212 3502 5292">
     <span class='ocr_line' id='line_1_115' title="bbox 1911 5212 3502 5292; baseline 0.006 -24"><span class='ocrx_word' id='word_1_875' title='bbox 1911 5215 1995 5268; x_wconf 92' lang='lat' dir='ltr'><strong>vel</strong></span> <span class='ocrx_word' id='word_1_876' title='bbox 2014 5219 2222 5283; x_wconf 74' lang='grc' dir='ltr'><strong>νρμιιιας</strong></span> <span class='ocrx_word' id='word_1_877' title='bbox 2238 5231 2356 5266; x_wconf 89' lang='lat' dir='ltr'><strong>eum</strong></span> <span class='ocrx_word' id='word_1_878' title='bbox 2373 5230 2493 5266; x_wconf 88' lang='lat' dir='ltr'><strong>esse</strong></span> <span class='ocrx_word' id='word_1_879' title='bbox 2515 5212 2756 5283; x_wconf 86' lang='lat' dir='ltr'><strong>dignum</strong></span> <span class='ocrx_word' id='word_1_880' title='bbox 2773 5215 3040 5269; x_wconf 91' lang='lat' dir='ltr'><strong>collocari</strong></span> <span class='ocrx_word' id='word_1_881' title='bbox 3066 5215 3217 5272; x_wconf 88' lang='lat' dir='ltr'><strong>inter</strong></span> <span class='ocrx_word' id='word_1_882' title='bbox 3242 5223 3502 5292; x_wconf 89' lang='lat' dir='ltr'><strong>angelos,</strong></span> 
     </span>
    </p>
   </div>
   <div class='ocr_carea' id='block_1_115' title="bbox 1913 5302 3506 5379">
    <p class='ocr_par' dir='ltr' id='par_1_115' title="bbox 1913 5302 3506 5379">
     <span class='ocr_line' id='line_1_116' title="bbox 1913 5302 3506 5379; baseline 0.008 -22"><span class='ocrx_word' id='word_1_883' title='bbox 1913 5308 1975 5357; x_wconf 90' lang='lat' dir='ltr'><strong>ut</strong></span> <span class='ocrx_word' id='word_1_884' title='bbox 2001 5320 2067 5357; x_wconf 88' lang='lat' dir='ltr'><strong>ex</strong></span> <span class='ocrx_word' id='word_1_885' title='bbox 2096 5320 2164 5357; x_wconf 92' lang='lat' dir='ltr'><strong>eo</strong></span> <span class='ocrx_word' id='word_1_886' title='bbox 2196 5302 2336 5357; x_wconf 86' lang='lat' dir='ltr'><strong>ordo</strong></span> <span class='ocrx_word' id='word_1_887' title='bbox 2367 5302 2709 5372; x_wconf 87' lang='lat' dir='ltr'><strong>angelorum</strong></span> <span class='ocrx_word' id='word_1_888' title='bbox 2752 5304 2847 5375; x_wconf 88' lang='lat' dir='ltr'><strong>qui</strong></span> <span class='ocrx_word' id='word_1_889' title='bbox 2882 5306 3117 5373; x_wconf 90' lang='lat' dir='ltr'><strong>corruit,</strong></span> <span class='ocrx_word' id='word_1_890' title='bbox 3149 5310 3506 5379; x_wconf 87' lang='lat' dir='ltr'><strong>suppleatur.</strong></span> 
     </span>
    </p>
   </div>
   <div class='ocr_carea' id='block_1_116' title="bbox 1912 5390 3511 5461">
    <p class='ocr_par' dir='ltr' id='par_1_116' title="bbox 1912 5390 3511 5461">
     <span class='ocr_line' id='line_1_117' title="bbox 1912 5390 3511 5461; baseline 0.008 -15"><span class='ocrx_word' id='word_1_891' title='bbox 1912 5392 2011 5446; x_wconf 82' lang='lat' dir='ltr'><strong>Hic</strong></span> <span class='ocrx_word' id='word_1_892' title='bbox 2040 5395 2234 5447; x_wconf 90' lang='lat' dir='ltr'><strong>autem</strong></span> <span class='ocrx_word' id='word_1_893' title='bbox 2268 5407 2459 5445; x_wconf 86' lang='lat' dir='ltr'><strong>versus</strong></span> <span class='ocrx_word' id='word_1_894' title='bbox 2485 5390 2835 5461; x_wconf 76' lang='lat' dir='ltr'><strong>eequivalens</strong></span> <span class='ocrx_word' id='word_1_895' title='bbox 2855 5396 2959 5461; x_wconf 89' lang='lat' dir='ltr'><strong>est,</strong></span> <span class='ocrx_word' id='word_1_896' title='bbox 2984 5411 3049 5448; x_wconf 87' lang='lat' dir='ltr'><strong>ac</strong></span> <span class='ocrx_word' id='word_1_897' title='bbox 3074 5396 3118 5451; x_wconf 89' lang='lat' dir='ltr'><strong>si</strong></span> <span class='ocrx_word' id='word_1_898' title='bbox 3148 5398 3397 5454; x_wconf 88' lang='lat' dir='ltr'><strong>breviter</strong></span> <span class='ocrx_word' id='word_1_899' title='bbox 3427 5402 3511 5459; x_wconf 84' lang='lat' dir='ltr'><strong>di-</strong></span> 
     </span>
    </p>
   </div>
   <div class='ocr_carea' id='block_1_117' title="bbox 1912 5480 3510 5563">
    <p class='ocr_par' dir='ltr' id='par_1_117' title="bbox 1912 5480 3510 5563">
     <span class='ocr_line' id='line_1_118' title="bbox 1912 5480 3510 5563; baseline 0.006 -26"><span class='ocrx_word' id='word_1_900' title='bbox 1912 5487 2067 5538; x_wconf 89' lang='lat' dir='ltr'><strong>ceret</strong></span> <span class='ocrx_word' id='word_1_901' title='bbox 2094 5500 2107 5537; x_wconf 86' lang='lat'>:</span> <span class='ocrx_word' id='word_1_902' title='bbox 2137 5482 2267 5536; x_wconf 92' lang='lat' dir='ltr'><strong>Ideo</strong></span> <span class='ocrx_word' id='word_1_903' title='bbox 2292 5480 2625 5535; x_wconf 89' lang='lat' dir='ltr'><strong>benedictus</strong></span> <span class='ocrx_word' id='word_1_904' title='bbox 2637 5498 2742 5537; x_wconf 88' lang='lat' dir='ltr'><strong>csa</strong></span> <span class='ocrx_word' id='word_1_905' title='bbox 2760 5498 2851 5537; x_wconf 89' lang='lat' dir='ltr'><strong>me</strong></span> <span class='ocrx_word' id='word_1_906' title='bbox 2865 5483 3311 5555; x_wconf 88' lang='lat' dir='ltr'><strong>quiaconsidero</strong></span> <span class='ocrx_word' id='word_1_907' title='bbox 3334 5494 3510 5563; x_wconf 76' lang='lat' dir='ltr'><strong>quod,</strong></span> 
     </span>
    </p>
   </div>
   <div class='ocr_carea' id='block_1_118' title="bbox 1911 5567 3513 5669">
    <p class='ocr_par' dir='ltr' id='par_1_118' title="bbox 1911 5567 3513 5669">
     <span class='ocr_line' id='line_1_119' title="bbox 1911 5567 3513 5669; baseline 0.009 -41"><span class='ocrx_word' id='word_1_908' title='bbox 1911 5588 2040 5629; x_wconf 87' lang='lat' dir='ltr'><strong>cum</strong></span> <span class='ocrx_word' id='word_1_909' title='bbox 2074 5571 2250 5626; x_wconf 90' lang='lat' dir='ltr'><strong>homo</strong></span> <span class='ocrx_word' id='word_1_910' title='bbox 2290 5567 2435 5623; x_wconf 79' lang='lat' dir='ltr'><strong>illius</strong></span> <span class='ocrx_word' id='word_1_911' title='bbox 2465 5572 2614 5625; x_wconf 85' lang='lat' dir='ltr'><strong>esset</strong></span> <span class='ocrx_word' id='word_1_912' title='bbox 2651 5570 3011 5647; x_wconf 84' lang='lat' dir='ltr'><strong>perditionis,</strong></span> <span class='ocrx_word' id='word_1_913' title='bbox 3046 5580 3106 5634; x_wconf 90' lang='lat' dir='ltr'><strong>et</strong></span> <span class='ocrx_word' id='word_1_914' title='bbox 3140 5577 3281 5655; x_wconf 84' lang='lat' dir='ltr'><strong>quid</strong></span> <span class='ocrx_word' id='word_1_915' title='bbox 3311 5582 3417 5640; x_wconf 86' lang='lat' dir='ltr'><strong>vile</strong></span> <span class='ocrx_word' id='word_1_916' title='bbox 3446 5590 3513 5669; x_wconf 48' lang='lat' dir='ltr'><strong>et</strong></span> 
     </span>
    </p>
   </div>
  </div>
