3966 6034
470 330 599 402 ὶ39ὶ

1074 316 1133 388 s.
1173 314 1518 386 ea’usoms
1561 302 2195 384 CARTHUSIANORUM
2230 299 2698 377 msmu‘roms
2738 314 2893 379 opp.
2935 306 3175 380 mest

3630 316 3671 379 ἰ
3682 314 3808 383 ἐἱῡὲ

467 462 781 538 abjectum,
812 458 875 516 tu
918 472 1054 514 eum
1104 471 1385 529 magnum
1432 451 1569 526 quid
1599 467 1719 507 esse
1752 444 1956 516 fecisti,
1986 444 2069 501 tui
2095 450 2146 509 Α
2173 443 2416 538 migrent,
2448 459 2551 518 per
2580 444 2815 503 eosdem
2845 447 3016 538 castos
3043 446 3287 538 fulgura,
3311 443 3372 538 id
3402 446 3487 502 est
3505 446 3798 521 splende-

468 552 798 626 cognitione
844 563 979 603 eum
1004 545 1409 610 illuminanda,
1439 547 1496 597 et
1529 542 1763 595 virtutes
1790 538 1848 592 in
1878 554 1944 591 co
1977 552 2066 589 re-

469 641 802 707 formando,
837 641 895 693 et
919 636 997 690 sic
1022 652 1155 690 eum
1184 631 1564 705 magnipretii
1586 646 1705 684 esse
1723 626 2068 699 reputando.

472 733 669 787 Posset
699 726 903 801 quani.
937 723 1084 780 Dicis
1111 722 1263 794 quod
1286 722 1465 775 homo
1499 719 1639 791 quid
1664 732 1943 788 magnum
1961 715 2074 768 fac-

472 823 567 874 tus
594 821 700 885 est,
732 832 836 889 per
880 814 987 868 hoc
1020 810 1176 884 quod
1212 809 1500 864 innotuisti
1525 810 1575 861 ei
1612 810 1669 861 et
1699 811 1907 875 reputas
1936 820 2073 857 eum.

473 907 677 963 Nonne
700 920 804 976 per
822 920 882 958 se
912 916 1197 971 magnum
1229 897 1367 970 quid
1397 900 1520 951 erat
1543 896 1570 950 ?
1594 895 1681 949 Ad
1702 893 1857 965 quod
1877 892 1954 946 sic
1983 892 2079 946 ad-

476 995 598 1051 dit:
627 993 807 1048 Homo
827 990 1074 1055 ranitati,
1106 990 1242 1054 etc.,
1271 1002 1336 1040 ac
1363 985 1409 1039 si
1441 984 1594 1039 dicat
1626 999 1639 1037 :
1683 983 1791 1035 Per
1815 980 1925 1034 hoc
1954 996 2078 1034 ma-

478 1098 659 1154 gnum
684 1079 825 1151 quid
867 1080 1041 1132 homo
1070 1076 1253 1131 factus
1279 1078 1383 1141 est,
1425 1074 1557 1144 quia
1601 1071 1884 1126 innotuisti
1919 1070 1986 1135 ei,
2033 1073 2081 1121 et

479 1172 603 1242 quia
629 1174 846 1239 reputas
877 1183 1013 1219 eum.
1049 1163 1155 1228 Qui
1186 1164 1340 1216 homo
1368 1179 1501 1215 cum
1533 1161 1715 1214 factus
1744 1161 1891 1212 esset
1913 1157 1984 1209 ad
2014 1156 2081 1209 si-

480 1255 866 1311 militudinem
902 1251 1171 1316 veritatis,
1206 1251 1277 1305 ad
1309 1248 1747 1303 similitudinem
1780 1245 1900 1312 Dei,
1934 1244 2078 1297 scili-

482 1347 572 1397 cet
591 1342 883 1414 peccando
907 1343 963 1395 in
994 1340 1199 1406 Adam,
1230 1338 1417 1391 similis
1445 1339 1622 1407 [actus
1649 1343 1723 1387 est
1752 1336 1999 1399 vanitati,
2026 1332 2083 1385 id

483 1436 569 1486 est
599 1431 731 1486 fecit
761 1448 819 1484 se
849 1429 1095 1482 similem
1126 1430 1374 1491 vanitate,
1396 1426 1452 1479 id
1478 1429 1562 1479 est
1587 1424 1783 1477 nihilo.
1816 1420 2081 1485 Quasidi-

482 1522 639 1574 ceret
668 1536 681 1573 :
715 1519 847 1572 Non
874 1518 997 1571 dico
1031 1516 1187 1587 quod
1222 1515 1363 1568 nihil
1394 1514 1572 1567 factus
1603 1513 1692 1579 sit,
1729 1511 1825 1564 scd
1850 1528 1909 1565 se
1935 1509 2087 1563 simi-

484 1610 602 1662 lem
632 1606 763 1661 fecit
790 1606 991 1670 nihilo,
1026 1607 1087 1657 ut
1110 1603 1233 1671 jam
1266 1603 1385 1656 fere
1416 1602 1491 1655 ad
1523 1601 1764 1654 nihilum
1803 1599 2091 1653 videretur

487 1712 609 1751 esse
638 1694 924 1753 redactus,
955 1709 1085 1746 cum
1116 1709 1149 1745 a
1181 1708 1313 1744 vero
1343 1706 1461 1744 esse
1488 1690 1560 1743 ad
1589 1688 1748 1758 cujus
1772 1685 2091 1740 similitudi-

488 1799 626 1841 nem
654 1783 835 1838 factus
859 1784 1003 1848 crat,
1046 1780 1119 1834 ad
1142 1796 1257 1833 non
1288 1796 1407 1832 esse
1442 1777 1726 1838 tenderet,
1763 1779 1821 1829 et
1850 1790 1952 1845 per
1978 1774 2091 1828 ori-

491 1872 680 1942 ginale
706 1874 1005 1943 peccaAtum
1038 1872 1096 1924 et
1126 1884 1230 1937 per
1271 1866 1534 1920 actualia.
1568 1866 1636 1918 Et
1672 1864 1727 1917 in
1770 1865 1878 1919 hoc
1908 1863 2093 1917 adhuc

493 1941 968 2029 ostendit
999 1956 1250 2011 similem
1293 1972 1352 2008 se
1405 1953 1606 2008 fecisse
1652 1951 1908 2017 vanitati,
1938 1950 2093 2023 quod

492 2049 601 2103 dies
630 2049 742 2119 ejus
771 2048 882 2101 cito
918 2050 1247 2117 praetereunt
1273 2045 1411 2097 sicut
1442 2042 1652 2095 umbra.
1694 2043 1771 2095 Ac
1802 2040 1845 2093 si
1896 2039 2046 2093 dicat
2078 2056 2091 2093 :

492 2137 692 2191 Adhuc
722 2151 951 2208 pugnam
981 2134 1038 2187 in
1068 2150 1127 2187 se
1160 2132 1373 2186 retinet
1395 2132 1464 2185 dc
1479 2132 1584 2184 hoc
1599 2130 1753 2201 quod
1771 2146 1804 2182 a
1824 2145 1957 2182 vero
1975 2144 2095 2181 esse

493 2224 842 2285 recedendo,
878 2222 949 2276 ad
985 2238 1102 2276 non
1160 2237 1279 2275 esse
1332 2218 1595 2273 tetendit.
1632 2217 1769 2271 Inde
1802 2216 1956 2271 enim
1991 2217 2097 2269 hoc

492 2314 671 2367 hahet
690 2311 845 2384 quod
867 2310 986 2364 dies
1015 2310 1137 2379 ejus
1160 2307 1473 2362 transitorii
1513 2309 1645 2360 sunt
1674 2310 1734 2359 ut
1759 2305 1984 2360 umbra.
2018 2307 2096 2359 De

486 2404 790 2473 juventule
817 2399 975 2453 enim
1000 2399 1057 2452 in
1088 2401 1447 2451 senectutem
1482 2395 1710 2461 transit,
1735 2398 1793 2448 et
1814 2394 1891 2447 sic
1922 2394 1991 2447 ad
2021 2394 2099 2447 ul-

496 2490 705 2542 timum
726 2487 991 2542 moritur.
1026 2486 1187 2538 Unde
1216 2484 1402 2537 adhuc
1435 2484 1671 2537 vanitati
1704 2483 1927 2537 videtur
1947 2482 2100 2535 simi-

494 2577 581 2632 lis.
617 2576 740 2640 Qua
769 2574 925 2628 enim
950 2572 1174 2627 ratione
1217 2572 1358 2625 illud
1390 2572 1544 2643 quod
1576 2569 1968 2624 transitorium
2016 2571 2100 2621 est

495 2680 708 2718 vanum
738 2680 858 2717 esse
887 2662 1206 2732 denegetur
1231 2660 1256 2714 ?
1282 2660 1443 2713 Unde
1466 2660 1740 2713 Salomon
1770 2675 1782 2711 :
1813 2678 1843 2709 «
1870 2658 2099 2710 Vanitas

493 2752 838 2817 vanitatum,
887 2749 1026 2804 dixit
1074 2748 1458 2815 Ecclesiastes,
1501 2748 1719 2801 vanitas
1758 2746 2095 2814 vanitatum,

493 2846 552 2896 et
582 2839 781 2896 omnia
810 2838 1034 2894 vanitas
1055 2836 1255 2910 (Eccle.
1292 2854 1330 2904 ι,
1367 2840 1444 2900 l).
1472 2858 1499 2885 ››

566 2930 807 2984 Ostenso
839 2928 948 2981 hoc
975 2926 1128 2998 quod
1162 2927 1344 2980 Dcum
1378 2925 1668 2979 benedicit
1704 2943 1772 2980 ea
1802 2925 2099 2980 occasione

2121 1736 2168 1794 B

2173 552 2327 589 scere
2358 536 2444 589 fac
2471 538 2880 605 coruscationes,
2903 537 2962 591 id
2994 540 3079 591 est
3126 535 3403 591 miracula
3446 554 3574 609 quae
3615 556 3806 593 coru-

2172 625 2451 679 scationes
2473 624 2761 692 dicuntur,
2784 643 2851 680 eo
2886 625 3042 697 quod
3063 626 3330 681 homines
3374 626 3644 681 videntes
3680 631 3809 681 stu-

2174 714 2340 784 pidos
2363 714 2613 767 reddunt
2627 713 2700 768 ad
2714 714 2957 769 modum
2971 713 3435 769 coruscationum
3463 714 3801 787 fulgurum.

2174 802 2418 872 fulgura,
2469 801 2730 873 inquam,
2771 802 3197 857 coruscationes
3242 806 3298 856 et
3347 803 3595 875 fulgura,
3625 812 3685 857 et
3720 804 3805 857 sic

2178 889 2480 960 dissipabis,
2513 890 2573 944 id
2601 892 2687 944 est
2716 890 2936 946 divides
2965 908 3048 946 eos
3077 890 3382 945 salvandos
3406 908 3454 945 ,a
3474 892 3807 946 conformi-

2180 980 2296 1032 tate
2326 978 2779 1048 perdendorum.
2815 980 2903 1046 Et,
2935 979 3072 1051 quia
3101 980 3380 1034 miracula
3410 996 3528 1035 non
3560 980 3803 1034 suffice-

2179 1071 2331 1132 rent,
2358 1069 2534 1121 emitte
2559 1084 2791 1139 quoque
2846 1084 2951 1139 per
2984 1069 3155 1123 caelos
3188 1074 3410 1139 sagittas
3446 1076 3581 1135 tuas,
3614 1069 3678 1123 id
3714 1074 3808 1124 est

2184 1156 2489 1209 manifeste
2513 1155 2679 1209 mitte
2712 1156 3005 1210 doctrinas
3036 1160 3180 1224 tuas,
3208 1157 3611 1227 primordiales
3636 1158 3801 1211 scili-

2184 1248 2273 1296 cet
2302 1243 2610 1311 doctrinas,
2640 1248 3080 1316 quzepostquam
3108 1246 3440 1317 notitiazDei
3460 1246 3799 1317 aliquantu-

2185 1334 2304 1384 lum
2327 1332 2563 1399 habent,
2596 1332 2785 1385 idiotis
2807 1350 2839 1387 a
2872 1334 3344 1404 praedicatoribus
3377 1340 3798 1404 suggeruntur,

2186 1437 2312 1490 quae
2344 1420 2411 1473 ad
2435 1421 2669 1474 modum
2695 1423 3030 1492 sagittarum
3058 1426 3365 1492 penetrant
3391 1425 3649 1494 usquead
3672 1442 3799 1481 cor.

2188 1511 2245 1560 et
2279 1508 2629 1562 interficiunt
2659 1527 2756 1561 eos
2787 1509 2843 1563 in
2874 1511 2982 1563 hoc
3013 1511 3165 1582 quod
3192 1512 3323 1564 mali
3352 1516 3503 1565 sunt.
3527 1512 3627 1565 Vel
3669 1513 3757 1566 sic
3787 1530 3798 1564 :

2191 1597 2498 1666 Postquam
2533 1597 2956 1668 aliquantulum
2986 1616 3091 1669 per
3119 1601 3293 1654 caelos
3309 1600 3378 1654 ad
3412 1617 3617 1655 eorum
3640 1601 3801 1655 noti-

2192 1683 2331 1737 tiam
2359 1674 2742 1752 dcscenderis,
2777 1689 2834 1740 et
2855 1685 2980 1756 jam
3012 1687 3227 1758 aliquid
3258 1687 3649 1758 primordialis
3694 1690 3801 1743 do-

2191 1772 2393 1827 ctrina:
2415 1774 2787 1844 susceperint,
2823 1778 2886 1828 ut
2910 1792 3025 1828 non
3063 1792 3130 1828 ex
3154 1778 3277 1830 toto
3303 1776 3474 1830 rudes
3503 1777 3640 1839 sint,
3663 1781 3805 1831 tunc

2192 1876 2297 1931 per
2322 1861 2554 1915 eosdem
2585 1863 2756 1916 caelos
2777 1865 2958 1916 emitte
2990 1863 3047 1916 in
3082 1880 3179 1918 eos
3198 1867 3421 1934 sagittas
3460 1872 3598 1932 tuas,
3624 1866 3683 1920 id
3718 1872 3806 1921 est

2194 1952 2483 2020 prtccepta
2509 1952 2566 2003 et
2592 1949 2853 2004 instituta
2883 1954 2981 2005 tua
3031 1952 3105 2005 ad
3161 1952 3403 2006 modum
3453 1956 3801 2025 sagittarum

2195 2036 2369 2090 corda
2400 2038 2790 2108 penetrantia,
2819 2037 2916 2092 illa
2938 2039 3199 2093 videlicet
3228 2056 3443 2110 magna
3463 2042 3685 2096 vivendi
3715 2042 3805 2096 in-

2196 2124 2393 2179 stituta
2418 2142 2545 2196 quae
2564 2126 3086 2196 postimbulionem
3112 2128 3496 2200 primordialis
3518 2131 3804 2185 doctrina!

2199 2230 2232 2265 a
2262 2212 2591 2267 doctoribus
2628 2214 3125 2271 administrantur.
3158 2216 3381 2285 Emitte,
3414 2220 3676 2290 inquam,
3714 2239 3803 2273 sa-

2197 2303 2360 2369 gittas
2395 2308 2444 2353 et
2482 2301 2558 2355 sic
2584 2303 2918 2357 conturbabis
2949 2321 3051 2370 eos,
3089 2305 3325 2365 scilicet,
3358 2312 3660 2379 postquam
3700 2325 3805 2361 eos

2200 2389 2532 2442 instruxeris
2553 2407 2728 2461 quam
2764 2392 2940 2460 digna
2978 2392 3093 2446 sint
3133 2397 3191 2447 et
3220 2411 3395 2464 quam
3423 2401 3615 2449 sancta
3649 2413 3808 2466 pra)-

2198 2480 2366 2547 cepta
2392 2482 2508 2545 tua,
2537 2480 3054 2547 conturbabuntur,
3088 2480 3145 2535 id
3167 2488 3251 2535 est
3277 2484 3553 2537 dolebant
3581 2483 3651 2537 de
3692 2484 3801 2536 hoc

2200 2566 2354 2636 quod
2385 2568 2687 2638 prmceptis
2717 2585 2953 2638 operam
2989 2588 3107 2624 non
3135 2572 3439 2626 dederunt.

2272 2656 2437 2709 Facta
2460 2656 2721 2710 oratione
2751 2675 2855 2728 pro
2884 2659 3027 2725 aliis,
3061 2664 3186 2714 orat
3211 2661 3385 2714 etiam
3418 2678 3526 2731 pro
3558 2679 3617 2715 se
3640 2666 3697 2715 ut
3729 2663 3797 2715 ab

2199 2743 2481 2797 haereticis
2512 2745 2807 2813 liberetur,
2832 2747 2909 2799 sic
2932 2748 3129 2802 dicens
3156 2767 3167 2802 :
3203 2748 3365 2803 Oravi
3399 2767 3512 2820 pro
3550 2751 3673 2804 aliis
3711 2752 3795 2804 di-

2200 2833 2405 2899 cendo,
2433 2833 2700 2901 Domine,
2733 2836 2951 2897 inclina,
2990 2840 3099 2894 etc.
3134 2838 3245 2891 Oro
3292 2855 3525 2910 quoque
3574 2856 3677 2909 pro
3710 2856 3799 2891 me

2200 2936 2330 2975 cum
2363 2922 2434 2975 ab
2467 2923 2747 2977 haereticis
2780 2923 2939 2994 impu
2954 2942 3118 2995 gner,
3141 2928 3316 2979 emitte
3333 2944 3553 2980 manum
3576 2934 3724 2979 tuam
3744 2928 3803 2979 de

496 3018 632 3091 quia
663 3015 925 3071 fidelibus
947 3016 1073 3086 jam
1101 3014 1375 3082 innotuit,
1423 3017 1549 3069 orat
1582 3018 1645 3068 ut
1681 3014 1965 3068 salvandis
1991 3014 2099 3067 illis
2122 3019 2170 3079 α
2201 3010 2329 3076 alto,
2363 3010 2419 3063 id
2453 3014 2537 3064 est
2558 3010 2861 3066 manifeste
2884 3013 3050 3067 mitte
3078 3014 3219 3067 mihi
3252 3015 3525 3068 auxilium
3544 3019 3711 3069 tuum
3735 3016 3803 3068 de

493 3106 838 3172 innotescat,
858 3104 1063 3175 quibus
1089 3102 1349 3157 nondum
1367 3102 1640 3157 innotuit.
1657 3103 1808 3157 Dixi:
1832 3102 2096 3171 Domine,

495 3193 632 3266 quia
661 3208 943 3264 magnum
964 3190 1102 3262 quid
1119 3189 1303 3245 effecti
1324 3190 1740 3244 sunthomines
1765 3190 1982 3257 ﬁdeles,
1998 3206 2103 3262 per

492 3282 605 3337 hoc
635 3280 791 3353 quod
823 3278 1123 3333 innotuisli
1154 3278 1253 3332 eis.
1305 3279 1376 3333 Ut
1421 3294 1557 3333 vero
1600 3278 1793 3332 caeteri
1835 3278 2104 3333 homines

497 3368 755 3424 salvandi
778 3382 1059 3438 magnum
1087 3365 1224 3435 quid
1244 3365 1389 3420 flant
1410 3369 1464 3437 te
1487 3366 1566 3420 eis
1589 3366 1940 3421 notiﬂcando
1965 3368 2022 3419 et
2043 3369 2105 3420 ut

497 3456 581 3512 eis
610 3456 956 3520 innotescas,
989 3471 1023 3509 o
1053 3452 1304 3521 Domine,
1351 3453 1549 3507 inclina
1584 3454 1731 3507 catos
1774 3461 1907 3523 tuos,
1935 3454 1991 3509 id
2021 3457 2107 3508 est

498 3543 740 3601 humilia
792 3542 1197 3614 prtedicatores
1251 3545 1377 3597 tuos
1425 3542 1523 3614 qui
1571 3542 1841 3597 sublimes
1886 3546 2018 3597 sunt
2046 3542 2106 3597 in

500 3632 761 3689 scientia.
797 3631 1066 3701 Humilia,
1096 3631 1465 3703 inquam,ch
1496 3630 1574 3685 sic
1596 3634 1657 3684 ut
1682 3631 2109 3701 persecutiones

498 3738 606 3795 pro
637 3721 902 3777 doctrina
926 3719 1046 3792 pati
1079 3736 1197 3775 non
1225 3719 1559 3791 suﬂ'ugiant;
1607 3720 1695 3774 vel
1739 3720 1981 3775 humilia
2026 3724 2108 3787 ut,

499 3828 634 3866 cum
657 3809 913 3881 supremi
935 3808 1050 3863 sint
1078 3808 1140 3862 in
1169 3808 1473 3880 sapientia,
1505 3809 1578 3863 ad
1618 3809 1993 3880 capacitatem
2019 3825 2114 3863 au-

504 3898 788 3954 dientium
822 3896 1144 3952 doctrinam
1186 3912 1350 3951 suam
1389 3899 1850 3969 contemperent,
1884 3901 1947 3951 ut
1976 3898 2115 3953 dent

504 3988 586 4043 eis
609 3988 697 4042 lac
725 3989 948 4059 potum,
984 4001 1100 4039 non
1132 4000 1323 4039 escam
1351 3983 1407 4055 (1
1430 3983 1556 4040 Cor.
1592 4002 1673 4052 in,
1706 3988 1788 4053 2),
1825 3988 1882 4039 et
1913 3986 1992 4041 sic
2034 3986 2115 4040 eis

505 4078 565 4129 te
592 4075 953 4128 innotescere
976 4072 1210 4127 faciant.
1245 4072 1406 4127 Unde
1432 4074 1738 4145 Apostolus
1771 4090 1783 4127 :
1819 4098 1845 4123 «
1888 4075 2012 4129 Non
2053 4074 2113 4128 in

507 4161 787 4234 sapientia
816 4160 993 4227 verbi,
1024 4164 1088 4214 ut
1132 4177 1249 4214 non
1309 4164 1617 4215 evacuetur
1660 4178 1794 4216 crux
1822 4162 2029 4217 Christi
2061 4164 2113 4236 (1

510 4249 638 4305 Cor.
688 4267 726 4315 ι,
779 4248 887 4319 17).
918 4267 949 4301 ›>
990 4249 1058 4301 Et
1095 4247 1269 4302 alibi:
1306 4248 1514 4302 «.Nihil
1540 4250 1797 4319 judicavi
1849 4268 1942 4305 me
1972 4252 2113 4306 scire

506 4338 660 4394 inter
680 4354 795 4404 vos,
828 4336 934 4391 nisi
965 4335 1261 4390 Christum
1292 4336 1509 4402 Jesum,
1539 4337 1763 4391 ethunc
1780 4339 2112 4395 crucifixum

510 4427 559 4494 (1
586 4426 714 4482 Cor.
747 4443 807 4494 ιι,
843 4425 920 4498 2).
954 4446 981 4474 ››
1012 4424 1246 4492 Inclina,
1280 4424 1541 4496 inquam,
1579 4424 1754 4492 calas,
1794 4434 1843 4479 et
1874 4444 1977 4498 per
2008 4446 2114 4483 coc-

504 4514 592 4569 los
613 4514 857 4567 descende
882 4514 939 4567 in
989 4511 1254 4568 notitiam
1288 4512 1639 4571 auditorum.
1675 4515 1742 4567 Et
1789 4515 1936 4570 bene
1976 4516 2113 4572 dicit

506 4601 770 4655 descende.
804 4601 947 4654 Cum
979 4600 1258 4673 enimipsi
1281 4601 1850 4658 adhucinintcllectu
1873 4605 2106 4671 debiles,

504 4689 577 4744 ad
592 4689 797 4744 divinte
813 4690 1314 4759 contemplationis
1326 4690 1735 4745 sublimitatem
1751 4709 1865 4746 non
1886 4695 2111 4749 valeant

502 4778 834 4843 ascendere,
860 4780 992 4831 tunc
1020 4776 1092 4830 ad
1115 4793 1212 4830 eos
1240 4778 1536 4833 descendit
1555 4779 1747 4835 divina
1776 4782 2104 4844 clementia,

501 4884 633 4922 cum
667 4866 1084 4938 aliquantulum
1113 4881 1210 4919 eos
1238 4866 1589 4936 cognitionis
1632 4884 1747 4922 suae
1776 4869 1950 4923 radiis
1978 4870 2103 4924 illu-

499 4959 659 5010 strat.
687 4953 975 5014 Descende,
1003 4953 1268 5024 inquam,
1302 4953 1373 5006 ad
1401 4971 1500 5008 eos
1546 4972 1647 5025 per
1686 4957 2100 5027 cognitionem,

499 5048 556 5098 et
576 5043 977 5099 descendendo
1010 5049 1293 5112 tangenon
1312 5043 1495 5096 solum
1518 5043 1792 5108 minores,
1808 5045 1907 5098 sed
1929 5047 2103 5101 etiam

493 5138 713 5198 montes,
742 5131 801 5185 id
832 5133 916 5183 est
952 5130 1203 5199 majores
1249 5133 1306 5182 et
1346 5130 1649 5201 praelatos;
1684 5137 1838 5199 tange
1868 5132 2104 5188 interius

392 5206 409 5213 ⁵
493 5220 707 5276 timore
739 5222 1108 5290 peccatorum
1142 5234 1400 5285 suorum,
1428 5224 1477 5271 et
1508 5218 1643 5271 tacti
1666 5219 2101 5289 fumigabunt,id

491 5312 577 5365 est
600 5308 826 5362 fumum
857 5305 1125 5359 emittent
1151 5322 1215 5357 ex
1247 5322 1326 5371 se,
1357 5305 1411 5359 id
1436 5306 1918 5375 cstlacrymosam
1939 5326 2098 5365 com-

489 5396 891 5472 punctionem,
925 5409 1052 5464 quae
1085 5393 1158 5446 ad
1190 5394 1429 5447 modum
1448 5393 1887 5466 fumi,corporis
1903 5400 2097 5453 oculos

489 5486 705 5540 turbat.
740 5484 810 5537 Ut
835 5485 1027 5536 autem
1051 5497 1155 5551 per
1183 5482 1354 5536 ccelos
1394 5481 1698 5538 inclinatos
1732 5483 1835 5553 ipsi
1869 5492 2094 5543 montes

489 5571 572 5628 tui
599 5570 864 5627 notitiam
899 5568 1189 5643 plenarius
1222 5570 1471 5645 capiant,
1503 5574 1563 5626 et
1594 5574 1910 5643 tangantur
1935 5578 1991 5629 et
2009 5576 2093 5632 fu-

2138 4301 2190 4360 D

2201 3098 2503 3154 altitudine
2528 3100 2801 3170 potentiw
2818 3103 2948 3156 tuas.
2975 3102 3169 3156 Manus
3186 3119 3289 3173 pro
3312 3103 3522 3157 auxilio
3543 3104 3803 3174 ponitur,

2204 3204 2272 3243 eo
2305 3188 2460 3259 quod
2489 3189 2603 3243 labi
2628 3190 2838 3245 volenti
2870 3206 3047 3245 manu
3080 3190 3444 3246 auxiliamur.
3468 3190 3693 3258 Emitte,
3725 3192 3810 3245 in-

2204 3292 2402 3346 quam,
2433 3277 2577 3331 mihi
2611 3278 2886 3332 auxilium
2919 3279 3193 3348 potentiae
3216 3283 3349 3334 tuae.
3383 3281 3449 3334 Et
3468 3280 3545 3334 sic
3567 3283 3708 3354 eripe
3727 3298 3813 3333 me

2202 3364 2265 3418 de
2289 3367 2440 3436 aquis
2461 3366 2662 3419 multis.
2708 3367 2776 3421 Et
2804 3384 2922 3421 non
2950 3366 3322 3422 mediocriter
3354 3368 3574 3440 eripias,
3607 3368 3712 3422 sed
3748 3368 3815 3421 li-

2209 3453 2331 3509 bera
2361 3471 2443 3507 me
2470 3452 2534 3507 de
2561 3456 2714 3526 aquis
2760 3456 2961 3523 multis,
3006 3455 3065 3510 id
3123 3459 3209 3511 est
3255 3457 3333 3510 sic
3380 3473 3473 3510 me
3499 3456 3708 3526 eripias
3741 3457 3812 3511 de

2206 3541 2375 3613 variis
2407 3544 2465 3595 et
2508 3542 2923 3613 multiplicibus
2973 3543 3250 3599 doctrinis
3290 3545 3723 3613 haereticorum,
3753 3550 3816 3599 ut

2423 3647 2490 3684 ex
2520 3632 2643 3684 toto
2675 3648 2743 3685 ex
2768 3631 2849 3686 eis
2876 3648 2969 3685 me
3000 3632 3228 3701 liberes,
3257 3636 3320 3686 ut
3345 3632 3428 3687 eis
3457 3633 3636 3687 libere
3668 3650 3812 3687 con-

2212 3717 2515 3786 tradicam,
2551 3736 2623 3773 ne
2651 3719 2707 3772 in
2732 3718 2922 3791 aliquo
2945 3720 3221 3792 decipiar.
3243 3722 3434 3792 Aquas
3457 3723 3667 3775 multas
3694 3722 3815 3777 hae-

2211 3806 2523 3861 reticorum
2571 3807 2861 3863 doctrinas
2910 3808 3069 3878 dicit,
3120 3826 3190 3864 eo
3239 3810 3394 3882 quod
3449 3810 3522 3864 ad
3569 3810 3817 3865 modum

2214 3911 2378 3966 aquae
2409 3895 2655 3951 turbidae
2693 3897 2940 3952 sordidae
2989 3901 3142 3965 sunt,
3198 3901 3256 3953 et
3288 3897 3631 3971 multiplices
3657 3905 3816 3965 sunt,

2216 3986 2274 4039 et
2294 3984 2487 4052 variae,
2525 4002 2641 4040 non
2674 3985 2731 4040 in
2764 3986 3132 4058 simplicitate
3164 3988 3297 4041 fidei
3328 3988 3652 4045 concordes.
3683 3989 3821 4043 Non

2215 4074 2401 4127 solum
2430 4077 2624 4128 autem
2647 4091 2729 4127 me
2756 4075 2822 4129 de
2846 4077 2999 4147 aquis
3036 4076 3236 4141 multis,
3269 4076 3369 4131 sed
3406 4084 3455 4132 et
3481 4076 3539 4129 de
3560 4093 3725 4129 manu
3755 4078 3824 4145 ﬁ-

2215 4164 2409 4217 tiorum
2439 4180 2573 4216 erue
2596 4163 2908 4231 alienorum,
2940 4164 2999 4218 id
3018 4168 3103 4219 cst
3117 4165 3185 4219 de
3206 4167 3541 4236 operatione
3560 4164 3820 4220 filiorum

2214 4249 2537 4304 alienorum
2560 4250 2773 4305 scilicet
2790 4268 2861 4305 ne
2882 4252 3135 4324 decipiar
3150 4269 3255 4324 per
3269 4254 3596 4309 simulatam
3614 4269 3824 4325 opera-

2212 4337 3121 4410 tionemhtereticorum,qui,cum
3135 4342 3373 4397 fuissent
3384 4342 3486 4396 lilii
3500 4342 3821 4397 secundum

2212 4427 2715 4497 participationem
2745 4429 3263 4484 ecclesiasticorum
3294 4435 3820 4498 sacramentorum,

2213 4515 2538 4569 alienifacti
2567 4520 2813 4587 suntper
2848 4533 3111 4572 errorem
3143 4536 3331 4573 suum.
3368 4520 3481 4574 Hoc
3515 4522 3710 4573 autem
3734 4525 3821 4575 to-

2210 4607 2333 4656 tum
2353 4608 2457 4670 est,
2481 4622 2545 4659 ac
2567 4605 2608 4658 si
2627 4605 2875 4660 breviter
2896 4610 3142 4677 poneret
3162 4607 3239 4661 sic
3270 4625 3281 4661 :
3309 4607 3500 4663 Libera
3524 4626 3606 4661 me
3639 4609 3727 4663 sic
3750 4612 3824 4664 ab

2208 4691 2489 4745 haereticis
2501 4696 2562 4746 ut
2576 4710 2689 4748 non
2704 4693 3288 4767 decipiar,nequc'per
3300 4696 3824 4769 doctrinamneque

2209 4796 2312 4850 per
2325 4781 2752 4837 simulationem
2770 4799 3008 4853 operum
3033 4800 3259 4851 eorum,
3276 4800 3403 4856 quas
3418 4785 3683 4838 videntur
3700 4803 3825 4839 esse

2206 4869 2379 4936 bona,
2406 4874 2463 4922 et
2484 4887 2751 4940 perversa
2773 4874 2923 4925 sunt.
2950 4871 3093 4935 Quia
3110 4872 3342 4926 liberari
3373 4889 3432 4926 se
3453 4877 3747 4940 oraverat,
3771 4878 3828 4927 et

2206 4957 2276 5011 de
2307 4958 2599 5026 doctrinis,
2629 4963 2687 5013 et
2712 4959 2782 5013 de
2804 4961 3141 5030 operatione
3170 4960 3597 5028 haereticorum;
3616 4960 3826 5033 singu-

2206 5046 2272 5098 lis
2292 5045 2543 5117 singulas
2560 5047 3049 5101 causasredditsic
3079 5065 3091 5102 :
3128 5048 3319 5101 Libera
3342 5067 3444 5109 me.
3466 5050 3731 5120 inquam,
3765 5051 3827 5103 de

2203 5137 2355 5205 aquis
2370 5136 2549 5190 multis
2579 5135 3009 5196 haereticorum,
3037 5151 3261 5205 quorum
3283 5152 3337 5188 os
3369 5136 3601 5189 locutum
3624 5142 3707 5191 est
3734 5155 3830 5191 ta-

2201 5226 2443 5289 nitatem,
2481 5240 2545 5277 ac
2574 5223 2618 5276 si
2646 5223 2800 5277 dicat
2839 5241 2850 5276 :
2886 5224 3060 5276 Neces
3093 5240 3151 5276 se
3182 5227 3267 5277 est
3300 5227 3539 5279 utorem
3579 5224 3825 5280 liberari

2203 5328 2237 5365 a
2267 5311 2541 5366 doctrinis
2566 5312 2994 5377 haereticorum,
3028 5311 3126 5382 qui
3159 5312 3298 5365 nihil
3344 5314 3683 5384 loquuntur,
3714 5316 3824 5369 nisi

2199 5417 2346 5454 vana
2384 5402 2441 5453 et
2462 5416 2658 5455 errore
2688 5400 3107 5469 plena.Etideo
3132 5417 3235 5455 oro
3263 5400 3494 5455 liberari
3518 5401 3589 5455 de
3609 5417 3821 5471 opera-

2195 5489 2353 5544 tione
2372 5489 2779 5544 haereticorum
2797 5489 3165 5544 existentium
3185 5490 3441 5544 filiorum
3460 5490 3820 5562 alienorum,

2183 5578 2319 5657 quia
2338 5577 2551 5636 dextera
2584 5596 2793 5649 eorum,
2840 5578 2900 5635 id
2926 5582 3011 5634 est
3042 5578 3302 5652 operatio
3333 5595 3540 5637 eorum
3569 5596 3697 5653 quae
3731 5582 3821 5642 vi.
