4016 6030
321 277 457 344 I393

1296 279 1651 341 EXPOSITIO
1690 281 1757 338 IN
1797 272 2130 338 PSALMOS.
2164 309 2233 323 --
2271 279 2464 340 PSAL.
2507 279 2708 342 CXLIII

3483 279 3622 348 l395

319 407 489 464 detur
518 422 638 464 esse
667 405 902 476 dextera,
934 405 992 464 id
1023 408 1108 464 est
1159 405 1334 476 bona,
1359 409 1446 463 est
1484 407 1697 462 dextera
1730 407 1926 479 iniqui-
1949 399 2004 461 A
2026 399 2471 477 Scripturarum,
2497 407 2597 464 sed
2633 409 2696 464 in
2728 391 3028 482 'jurentute,
3061 408 3120 466 id
3157 409 3242 466 est
3292 405 3350 466 in
3383 394 3630 468 errone‘a

316 498 464 564 tatis,
493 497 550 553 id
577 500 661 552 est
689 497 948 570 Operatio
975 496 1193 569 iniqua.

392 588 554 642 Unde
581 603 808 642 necesse
833 590 917 642 est
940 589 1001 641 ut
1027 587 1096 641 de
1125 591 1367 657 utroque
1392 602 1555 640 orem
1576 583 1919 651 Iiberari,n_e

319 674 378 730 in
410 675 598 748 aliquo
629 675 900 746 decipiar.
931 675 989 730 Si
1015 691 1146 729 vero
1180 691 1274 728 me
1299 675 1624 728 liberaveris
1650 673 1719 727 de
1777 676 1928 744 aquis

319 764 518 830 multis,
551 781 679 836 quin
711 767 972 834 spectant
999 763 1072 817 ad
1106 765 1445 817 vetustatem
1487 763 1645 828 Adae,
1681 778 1712 816 o
1758 760 1923 828 Deus,

317 852 542 906 cantabo
569 852 668 905 tibi
690 867 885 904 novum
917 854 1204 916 canticum,
1228 851 1286 905 id
1316 853 1402 904 est
1423 850 1668 905 laudabo
1699 851 1753 903 te
1776 865 1923 904 novo

317 940 565 1007 cantico,
593 941 705 994 ﬁde
733 939 1266 1010 videlicetintegra,
1301 957 1427 1010 quae
1461 957 1561 1012 per
1587 955 1792 993 novum
1827 939 1927 992 ho-

319 1028 539 1083 minem
585 1028 717 1083 data
741 1032 846 1083 est.
884 1027 941 1082 Si
969 1031 1159 1083 autem
1189 1029 1254 1082 de
1277 1045 1440 1082 manu
1462 1028 1696 1097 ﬁliorum
1729 1028 1923 1081 alieno-

319 1133 438 1170 rum
465 1133 558 1171 me
586 1116 934 1182 liberaveris,
947 1117 1178 1186 psallam
1209 1117 1322 1182 tibi,
1363 1115 1423 1170 id
1443 1120 1528 1170 est
1547 1117 1695 1170 bene
1729 1131 1928 1186 opera-

319 1205 428 1260 bor
457 1205 528 1259 ad
559 1205 790 1258 laudem
815 1204 915 1259 tui.
939 1205 1120 1258 Ethoc
1148 1221 1264 1258 non
1296 1204 1504 1258 faciam
1523 1204 1926 1270 invitus,sedm

311 1293 562 1364 psalterio
591 1293 935 1352 decue/cordo.
963 1293 1021 1346 id
1053 1295 1139 1346 est
1161 1292 1218 1345 in
1240 1292 1438 1346 anima
1468 1293 1667 1346 decem
1717 1308 1928 1363 praece-

320 1381 432 1452 ptis
443 1380 582 1452 legis
597 1379 1111 1447 instructa,scilicet
1124 1380 1180 1434 in
1193 1381 1483 1434 voluntate
1497 1379 1588 1434 ani
1599 1397 1705 1434 ma:
1724 1379 1922 1433 decem

321 1469 468 1540 legis
495 1471 784 1541 praecepta
803 1470 1154 1538 complente,
1183 1485 1310 1539 quae
1337 1467 1671 1540 psalterium
1695 1467 1923 1533 dicitur,

313 1573 392 1612 eo
423 1557 578 1629 quod
607 1559 668 1611 ut
684 1557 810 1627 jam
831 1573 980 1628 saepe
1011 1555 1228 1610 dictum
1255 1559 1357 1622 est,
1390 1557 1462 1610 ad
1487 1554 1924 1610 similitudinem

323 1645 580 1716 psalterii
611 1663 644 1699 a
669 1644 946 1716 superiori
966 1645 1134 1699 laude
1147 1647 1398 1699 resonat.
1427 1643 1668 1699 Chor-dae
1685 1661 1816 1698 vero
1841 1643 1924 1698 di-

2028 493 2315 564 novitate;
2336 497 2616 568 juventute
2649 497 2776 554 dico
2806 517 2924 566 sua,
2965 499 3023 555 id
3053 503 3138 555 est
3166 499 3236 554 ab
3263 499 3345 556 eis
3373 498 3626 568 inventa,

2027 585 2160 636 sunt
2187 585 2322 638 sicut
2349 585 2564 640 novellae
2591 587 2970 659 plantationes,
3003 587 3061 642 id
3091 591 3176 642 est
3208 588 3630 661 comparabiles

2026 671 2344 738 arboribus,
2370 675 2456 728 vel
2496 674 2688 730 herbis
2733 675 3042 746 juvenibus
3075 675 3298 731 noviter
3335 676 3630 747 plantatis,

2026 757 2104 812 ita
2124 760 2336 815 scilicet
2364 779 2595 832 semper
2616 763 2686 818 de
2713 764 2804 818 die
2831 764 2889 818 in
2919 764 3071 819 diem
3092 765 3148 819 in
3175 765 3337 835 pejus
3351 782 3632 836 augmen-

2026 849 2220 902 tantur
2249 851 2740 920 quemadmodum
2805 853 3021 906 novellae
3062 853 3441 924 plantationes,
3500 869 3630 925 qum

2025 937 2417 1006 semper,dum
2436 939 2672 993 novellae
2689 942 2822 994 sunt
2844 941 3227 996 crescunt.Vel
3248 941 3344 995 sic:
3381 941 3627 1006 Quorum

2025 1023 2208 1091 ﬁlii,id
2231 1027 2315 1079 est
2336 1025 2711 1096 cogitationes
2725 1029 2858 1082 sunt
2879 1029 3238 1083 sicutnovella'
3247 1028 3630 1098 plantationes,

2027 1114 2448 1182 comparabiles
2477 1114 2693 1169 scilicet
2720 1119 2854 1169 sunt
2879 1117 3116 1170 novellis
3138 1115 3588 1186 plantationibus
3613 1131 3630 1185 ;

2027 1202 2083 1253 et
2113 1199 2220 1253 hoc
2247 1202 2302 1253 in
2317 1201 2598 1270 juventute
2626 1221 2742 1269 sua,
2770 1203 2984 1258 scilicet
3013 1203 3068 1256 in
3097 1203 3206 1258 hoc
3253 1205 3386 1256 sunt
3414 1203 3632 1258 similes

2026 1287 2260 1340 novellis
2289 1289 2762 1360 plantationibus,
2783 1291 2939 1362 quod
2966 1291 3446 1362 semperjuvenes
3475 1292 3631 1360 sunt,

2026 1392 2256 1446 semper
2288 1393 2470 1443 novae,
2516 1395 2588 1431 ne
2621 1378 2982 1450 aliquatenus
3013 1378 3264 1449 antiquis
3288 1377 3636 1433 auctoritati-

2026 1463 2130 1516 bus
2159 1462 2502 1518 innitantur.
2536 1465 2672 1520 Dico
2696 1467 2849 1540 quod
2867 1467 2977 1536 ﬁlii
2993 1482 3194 1520 eorum
3223 1468 3356 1520 sunt
3383 1467 3518 1520 sicut
3537 1483 3634 1519 no-

2027 1551 2172 1606 valla:
2181 1553 2564 1622 plantationes,
2583 1554 2710 1623 ﬁlia:
2731 1571 2865 1609 vero
2891 1571 3097 1621 eorum,
3126 1553 3186 1608 id
3213 1556 3299 1608 est
3320 1553 3636 1609 locutiones

2006 1641 2229 1694 eorum
2261 1644 2560 1711 composita?
2592 1644 2745 1709 sunt,
2779 1641 2836 1696 id
2867 1645 2952 1697 est
2979 1646 3199 1697 ornatae
3235 1642 3332 1708 sic,
3365 1647 3424 1695 ut
3459 1641 3635 1696 diale-

325 1728 532 1789 cuntur
557 1733 700 1806 legis
728 1735 1034 1804 praecepta,
1065 1748 1132 1787 eo
1165 1732 1318 1804 quod
1341 1733 1566 1787 dulcem
1597 1734 1713 1788 Deo
1745 1733 1929 1787 melo-
1957 1717 2008 1781 Β
2028 1727 2192 1794 ctice,
2233 1731 2292 1782 et
2325 1729 2608 1784 rhetorice
2642 1733 2699 1784 et
2725 1729 2945 1784 urbane
2983 1731 3313 1802 loquantur,
3344 1732 3406 1784 ut
3451 1727 3637 1799 magis

325 1825 482 1879 diam
503 1840 606 1896 per
631 1822 714 1878 sui
733 1821 1178 1892 completionem
1203 1821 1473 1884 reddant,
1497 1838 1530 1876 a
1553 1820 1927 1876 similitudine

324 1913 696 1972 chordarum,
725 1911 952 1964 dulcem
984 1928 1049 1964 ex
1072 1927 1130 1964 se
1161 1912 1395 1964 cantum
1417 1909 1806 1964 reddentium.
1832 1911 1929 1965 Vel

323 2001 400 2056 sic
428 2017 442 2056 :
474 2000 688 2066 Libera,
714 1999 977 2070 inquam,
1008 2016 1089 2052 me
1116 1998 1179 2052 dc
1206 2001 1360 2070 aquis
1387 1999 1570 2053 multis
1599 2006 1649 2054 et
1673 1999 1737 2053 de
1768 2015 1930 2054 manu

324 2090 558 2159 ﬁliorum
585 2089 897 2142 alicnomm.
928 2085 1093 2150 Quod
1113 2085 1157 2140 si
1184 2086 1408 2154 feceris,
1429 2103 1461 2140 ο
1483 2089 1648 2153 Deus,
1667 2090 1932 2142 canticum

326 2195 522 2234 novum
552 2177 776 2231 cantabo
809 2175 924 2241 tibi,
957 2174 1015 2229 id
1057 2176 1143 2228 est
1171 2175 1416 2230 laudabo
1451 2178 1504 2229 te
1531 2192 1679 2231 novo
1712 2175 1931 2231 cantico

319 2266 537 2322 scilicet
565 2263 951 2335 completione
980 2263 1212 2317 illorum
1257 2262 1588 2318 sublimium
1619 2267 1934 2336 praecepto-

326 2369 772 2426 rum,qme,cum
787 2352 844 2406 in
865 2351 1431 2406 VeteriTestamento
1445 2367 1563 2406 non
1577 2356 1764 2406 essent
1779 2351 1933 2419 data,

326 2443 388 2498 in
421 2444 572 2498 Novo
597 2442 966 2496 Testamento
1000 2440 1134 2516 data
1151 2438 1452 2507 sunt,sicut
1483 2439 1780 2494 inimicum
1807 2440 1935 2496 dili-

328 2549 489 2603 gere,
515 2529 809 2584 saacularia
856 2533 1228 2600 postponere,
1257 2529 1315 2582 et
1343 2530 1549 2582 caetera
1583 2529 1936 2600 bujusmodi.

330 2613 492 2668 Unde
517 2610 792 2667 Dominus
823 2608 884 2663 in
913 2607 1220 2680 Evangelio
1253 2607 1418 2663 dicit:
1456 2631 1483 2658 ‹‹
1532 2609 1642 2664 Nisi
1685 2611 1939 2666 abunda-

327 2693 477 2748 verit
502 2691 726 2763 justitia
755 2692 944 2744 vestra
973 2689 1277 2760 plusquam
1307 2686 1636 2743 Scribarum
1660 2693 1718 2743 et
1747 2689 1939 2744 Phari-

328 2797 598 2842 saeorum,
629 2796 744 2834 non
763 2777 1050 2832 intrabitis
1070 2777 1128 2831 in
1147 2793 1394 2848 regnum
1410 2777 1686 2830 caelorum
1709 2776 1936 2848 (Matth.

329 2887 383 2937 v,
412 2871 482 2924 20
509 2866 553 2940 ).
609 2887 636 2916 ››
695 2865 960 2932 Cantabo,
1014 2864 1276 2937 inquam,
1308 2864 1414 2920 tibi
1432 2880 1627 2919 novum
1657 2867 1942 2932 canticum,

2031 1815 2341 1888 decipiant.
2367 1817 2617 1890 Ideoque
2651 1835 2780 1872 cum
2814 1813 3382 1890 valde'periculosum
3411 1817 3640 1872 sitcum

2030 1904 2110 1959 eis
2139 1922 2332 1976 agere,
2364 1923 2487 1974 oro,
2510 1925 2632 1961 erue
2643 1924 2724 1960 me
2747 1907 2817 1961 ab
2835 1906 2990 1977 ipsis.
3009 1905 3354 1978 Composita,
3375 1905 3637 1978 inquam,

2030 1996 2184 2059 sunt,
2214 1993 2270 2047 id
2301 1997 2387 2048 est
2417 1997 2728 2062 ornataa,et
2755 2011 2869 2050 non
2906 1994 3274 2050 mediocriter
3294 1991 3642 2059 ornataa,sed

2031 2083 2513 2149 circumornata’ﬁd
2543 2087 2628 2138 est
2651 2100 3059 2155 usquequaque
3089 2086 3147 2138 et
3183 2099 3290 2155 per
3327 2081 3526 2138 omnia
3555 2095 3644 2134 or-

2033 2171 2206 2238 nats),
2229 2175 2309 2234 ut,
2350 2169 2409 2224 id
2437 2173 2525 2225 est
2551 2174 2750 2242 utpote
2785 2171 3076 2226 similitudo
3109 2171 3288 2242 templi
3315 2169 3642 2236 existentes,

2036 2257 2096 2312 id
2121 2261 2206 2311 est
2231 2257 2364 2312 ﬁdei
2406 2275 2534 2330 quae
2582 2260 2866 2331 templum
2916 2259 3143 2327 dicitur,
3187 2275 3256 2314 eo
3287 2258 3443 2331 quod
3491 2256 3550 2312 in
3577 2272 3648 2312 ea

2037 2345 2232 2401 omnia
2252 2346 2540 2402 bonorum
2574 2363 2818 2418 operum
2839 2351 2898 2402 et
2925 2347 3199 2402 virtutum
3222 2345 3498 2402 sacriﬁcia
3527 2347 3646 2401 Deo

2039 2434 2378 2501 atteruntur,
2405 2435 2550 2490 sicut
2569 2435 2629 2489 in
2658 2437 2875 2508 templo
2895 2436 3171 2490 sacriﬁcia
3183 2437 3300 2490 Deo
3322 2433 3648 2490 offereban-

2039 2523 2150 2576 tur.
2177 2522 2292 2576 Hac
2322 2522 2498 2577 etiam
2523 2524 2726 2578 eadem
2741 2523 3115 2578 similitudine
3131 2523 3271 2578 fides
3283 2521 3532 2578 Ecclesia
3561 2520 3648 2576 di-

2039 2609 2369 2681 citur,juxta
2393 2611 2534 2666 illud
2559 2612 2827 2684 Prospcri
2853 2628 2866 2668 :
2896 2635 2924 2664 ‹‹
2954 2613 3078 2667 Non
3110 2616 3196 2667 est
3223 2613 3380 2667 locus
3410 2610 3529 2667 veri
3566 2624 3652 2664 sa-

2041 2698 2238 2752 criﬁcii
2265 2702 2426 2753 extra
2471 2699 2814 2755 catholicam
2865 2701 3196 2756 Ecclesmm.
3233 2721 3260 2750 ››
3307 2700 3422 2755 Hoc
3453 2702 3646 2755 autem

2041 2787 2198 2857 quod
2223 2785 2360 2841 dicit
2377 2793 2435 2842 ut
2447 2787 2737 2842 similitudo
2765 2787 3121 2858 templi,idem
3140 2786 3291 2844 valet
3310 2804 3376 2843 ac
3398 2789 3444 2843 si
3464 2787 3648 2843 dicat:

2008 2861 2014 2866 ’
2045 2873 2382 2929 Locutiones
2415 2891 2616 2930 eorum
2639 2875 3080 2931 circumornataa
3111 2878 3471 2948 sunt,utpote
3492 2871 3654 2930 simi-

332 2961 392 3064 et
419 2957 620 3064 etiam.
639 2955 872 3064 lisqllam
899 2955 996 3008 tibi
1013 2955 1070 3007 in
1093 2955 1359 3064 ‘psalteroio
1397 2953 1738 3064 de‘caclwfda.
1773 2953 1830 3052 id
1859 2958 1946 3009 est
1979 2963 2126 3064 Cles
2145 2963 2333 3064 verbis
2363 2963 2613 3064 ﬁdetha
2645 2981 2896 3036 namque
2920 2966 3234 3037 loquuntur
3280 2968 3343 3020 ut
3381 2963 3654 3064 quaedam

329 3045 578 3102 laudabo
607 3047 662 3098 te
713 3043 866 3099 bona
913 3041 1249 3112 operatione
1296 3041 1354 3096 in
1387 3043 1676 3096 voluntate
1708 3041 1941 3110 animae,

333 3135 534 3190 decem
577 3131 876 3204 praeceptis
903 3131 1046 3202 legis
1074 3128 1279 3184 veteris
1309 3129 1626 3184 adornatae.
1665 3128 1829 3194 Quod
1859 3133 1946 3184 est

331 3223 572 3278 dicere:
619 3219 886 3275 Laudabo
935 3221 988 3272 te
1040 3217 1425 3288 completione
1478 3217 1616 3272 Novi
1643 3221 1702 3272 et
1732 3218 1946 3274 Veteris

329 3306 941 3378 Testamenti.Repetit
971 3307 1166 3360 autem
1207 3321 1272 3358 ex
1304 3304 1486 3360 nimio
1515 3305 1798 3360 desiderio
1833 3306 1944 3361 im-

328 3397 595 3471 petrandi
618 3394 942 3451 orationem
956 3409 1130 3465 quam
1145 3393 1216 3446 de
1229 3392 1527 3464 ereptione
1539 3393 1944 3448 haereticorum

330 3482 823 3552 fecerat,utetiam
843 3481 1111 3537 ostendat
1128 3497 1300 3552 quam
1322 3480 1639 3551 periculosa
1651 3481 1721 3536 sit
1741 3499 1944 3537 eorum

333 3573 716 3648 impugnatio,
749 3571 860 3626 sic:
895 3567 1161 3635 Cautabo,
1196 3568 1456 3640 inquam,
1483 3570 1582 3624 tibi
1617 3576 1666 3624 et
1683 3571 1940 3641 psallam.

334 3667 402 3720 Et
435 3667 497 3718 nt
520 3665 628 3717 hoc
657 3661 730 3715 sit
759 3661 898 3729 eripe
923 3675 1004 3710 me
1031 3657 1300 3726 degladio,
1333 3659 1392 3710 et
1418 3656 1554 3728 quia
1585 3657 1792 3712 dicitur
1817 3659 1940 3729 gla-

333 3753 461 3810 dius
476 3749 654 3806 sancti
677 3747 922 3821 Spiritus
941 3745 1038 3816 qui
1061 3747 1244 3799 bonus
1267 3747 1354 3799 est
1382 3749 1440 3800 et
1470 3745 1644 3814 utilis,
1671 3746 1943 3802 determi-

338 3845 437 3896 nat
459 3841 531 3896 de
565 3836 721 3910 quod
743 3833 936 3907 gladio
969 3833 1140 3900 dicat,
1170 3849 1301 3888 cum
1324 3833 1484 3888 addit
1518 3834 1772 3904 maligno,
1805 3851 1870 3890 ac
1899 3835 1946 3890 si

336 3933 520 3988 dicat:
546 3927 750 3982 Libera
785 3939 878 3977 me
909 3922 980 3976 de
1022 3921 1429 3976 haereticorum
1475 3922 1739 3978 doctrina
1771 3941 1786 3989 ;
1819 3941 1947 3995 qua;

337 4018 563 4091 gladius
597 4013 889 4084 malignus
915 4007 1262 4076 est,virtutes
1283 4009 1634 4064 interﬁciens
1663 4011 1720 4065 in
1753 4011 1950 4067 anima

341 4107 447 4162 sibi
462 4103 876 4162 consentiente.
895 4099 1010 4154 Hoc
1029 4101 1221 4153 autem
1240 4097 1397 4152 idem
1420 4101 1505 4154 est
1527 4101 1679 4172 quod
1690 4101 1951 4172 superius

343 4195 504 4251 dixit.
532 4193 723 4246 Libera
753 4207 834 4244 me
861 4189 924 4242 de
971 4190 1118 4260 aquis
1140 4187 1339 4242 "mltis.
1367 4187 1534 4260 Eripe
1559 4206 1658 4258 me,
1687 4191 1946 4263 inquam,

2045 3051 2220 3106 verba
2267 3051 2480 3120 dicant,
2531 3069 2661 3124 qua:
2693 3053 2766 3108 ad
2809 3053 2986 3108 ﬁdem
3046 3053 3336 3124 pertinere
3365 3052 3652 3127 videntur,

2047 3144 2110 3196 ut
2139 3140 2304 3195 citius
2333 3141 2558 3209 fallant,
2617 3142 2824 3214 quibus
2877 3157 3137 3197 errorem
3183 3157 3352 3198 suum
3404 3141 3658 3196 latenter

2047 3229 2388 3284 admiscent.

2119 3319 2386 3388 Congrue
2417 3334 2629 3390 nempe
2673 3317 3054 3389 cogitationes
3101 3319 3222 3390 ﬁlii,
3255 3322 3312 3374 et
3338 3315 3658 3374 locutiones

2045 3406 2168 3474 ﬁlia:
2210 3405 2500 3472 dicuntur,
2533 3405 2668 3478 quia
2723 3424 2854 3461 cum
2905 3411 3149 3480 utraque
3197 3408 3269 3463 ab
3299 3406 3433 3480 ipsis
3460 3421 3692 3477 proce-'

2047 3494 2208 3560 dant,
2261 3493 2407 3548 sicut
2439 3493 2540 3547 ﬁlii
2570 3497 2629 3548 et
2666 3494 2799 3550 ﬁlia:
2849 3511 2915 3548 ex
2951 3496 3231 3565 patribus,
3276 3493 3658 3566 cogitationes

2046 3583 2243 3636 tamen
2295 3579 2588 3652 digniores
2629 3582 3015 3637 locationibus
3071 3583 3340 3649 existunt,
3373 3598 3528 3646 cum,
3574 3581 3656 3634 lo-

2047 3669 2303 3726 cutiones
2333 3668 2753 3741 cogitationum
2805 3669 3035 3741 signum
3067 3669 3201 3724 sint.
3254 3669 3502 3742 Ideoque
3534 3683 3660 3739 per-

2049 3756 2328 3830 dignioris
2355 3773 2519 3811 sexus
2552 3756 3050 3828 vocabulum,'per
3077 3755 3224 3811 ﬁlios
3251 3755 3482 3822 scilicet,
3510 3751 3661 3822 cogi-

2048 3845 2297 3900 tationes
2317 3862 2331 3912 ;
2354 3843 2678 3900 locutiones
2698 3859 2854 3910 vero,
2879 3861 2981 3916 per
3006 3843 3349 3916 indignioris
3368 3859 3533 3898 sexus
3559 3856 3660 3894 no-

2048 3950 2210 4001 men,
2257 3933 2520 3988 videlicet
2569 3948 2674 4003 per
2726 3931 2874 3986 ﬁlias
2931 3931 3354 4004 exprimuntur.
3382 3928 3662 3986 Dicuntur

2050 4039 2280 4094 quoque
2305 4021 2624 4076 locutiones
2642 4020 2786 4090 ﬁlias,
2815 4036 2883 4075 eo
2900 4019 3056 4092 quod
3069 4023 3438 4083 ornantur,et
3453 4017 3662 4074 ornatu

2051 4127 2152 4166 suo
2197 4111 2487 4166 auditores
2552 4107 2830 4177 alliciunt,
2877 4108 3022 4164 sicut
3063 4110 3194 4165 ﬁlias
3221 4107 3663 4164 Madianitarum

2053 4203 2314 4272 tempore
2362 4197 2536 4270 Moysi
2581 4213 2715 4252 cum
2769 4197 3066 4254 adornata:
3111 4214 3145 4252 a
3170 4197 3507 4270 parentibus
3535 4192 3664 4248 ﬁliis

342 4286 406 4340 de
451 4281 630 4354 gladio
675 4279 930 4349 maligno,
956 4279 1014 4330 et
1058 4275 1235 4364 etiam
1261 4293 1383 4330 ενυε
1412 4293 1494 4330 me
1534 4277 1598 4332 de
1625 4294 1790 4333 manu
1817 4281 1952 4349 Μέθη
1975 4304 2026 4364 D
2053 4290 2220 4344 Israel
2247 4289 2698 4360 exponerentur,
2728 4303 2828 4342 eos
2853 4290 3090 4340 ornatus
3107 4285 3192 4340 sui
3213 4284 3404 4355 specie
3422 4284 3666 4353 decepe-

343 4390 464 4428 rum
495 4371 822 4427 alienorum,
855 4380 1079 4436 quorum
1100 4381 1154 4416 os
1180 4363 1414 4416 locutum
1459 4371 1531 4418 est
1564 4368 1870 4435 vanitatem,
1903 4375 1952 4422 et

343 4462 557 4516 dextera
595 4472 779 4512 eorum
815 4453 1029 4506 dextera
1059 4451 1381 4521 iniquitatis,
1428 4451 1558 4518 hoc,
1593 4454 1654 4504 ut
1695 4453 1954 4524 superius

346 4547 673 4622 exponitur.
725 4542 915 4613 Eripe,
942 4539 1206 4610 inquam,
1237 4552 1338 4605 me,
1381 4546 1430 4592 et
1453 4555 1596 4606 erue,
1630 4539 1726 4611 qui
1753 4540 1827 4594 ad
1847 4541 1955 4596 hoc

345 4635 678 4692 faciendum
707 4634 914 4704 potens
935 4628 1222 4697 es,utpote
1253 4627 1350 4698 qui
1373 4626 1468 4681 das
1491 4626 1715 4681 salutem
1746 4627 1956 4697 regibus

349 4726 407 4780 id
434 4727 520 4778 est
550 4720 814 4776 fidelibus
841 4713 1280 4786 omnibus,quos
1295 4713 1378 4767 sui
1407 4730 1571 4786 reges
1595 4714 1958 4782 eﬁ‘ecisti,das

350 4814 617 4878 salutem,
650 4808 887 4863 virtutes
910 4801 1120 4858 scilicet
1139 4819 1267 4874 qua;
1291 4806 1423 4857 sunt
1447 4804 1596 4858 salus
1626 4803 1856 4858 animae.
1892 4804 1960 4857 Et

351 4903 446 4974 qui
473 4901 663 4956 morte
711 4895 813 4950 ﬁlii
864 4892 946 4948 tui
978 4891 1297 4946 redemistia
1323 4895 1568 4964 peccatis
1585 4893 1962 4966 originalibus

355 4994 414 5044 et
443 4986 759 5044 actualibus
785 4980 984 5045 David,
1017 4978 1076 5033 id
1093 4981 1178 5032 est
1201 4988 1673 5061 unumquemque
1704 4983 1961 5051 ﬁdelem,

359 5093 537 5132 manu
559 5076 771 5129 fortem
807 5068 1044 5122 viriliter
1073 5070 1366 5137 agentem.

431 5163 612 5218 David
641 5161 768 5216 dico
814 5159 1028 5212 factum
1058 5172 1265 5209 servum
1313 5164 1486 5223 tuum,
1520 5160 1620 5214 tibi
1650 5161 1966 5215 voluntarie

2053 4381 2207 4444 runt,
2239 4381 2296 4432 et
2308 4377 2380 4432 ad
2399 4379 2660 4447 stuprum
2685 4373 3038 4444 impellendo
3050 4388 3150 4426 eos
3167 4373 3349 4425 Deum
3370 4369 3664 4426 oﬁ'endere

2055 4466 2345 4530 fecerunt;
2376 4480 2490 4534 qua
2521 4463 2697 4517 etiam
2729 4459 3026 4516 occasione
3053 4474 3088 4512 a
3126 4457 3447 4514 Madianitis
3490 4475 3657 4532 supe-

2057 4550 2164 4606 rati
2219 4551 2456 4604 fuerunt
2498 4549 2694 4620 (Num.
2745 4548 2900 4619 xxv).
2953 4547 3086 4603 Ideo
3145 4545 3320 4602 etiam
3379 4563 3504 4615 oro,
3552 4550 3664 4606 Do-

2059 4637 2237 4702 mine,
2268 4638 2406 4707 eripe
2436 4653 2518 4690 me
2545 4636 2614 4691 de
2636 4635 2896 4708 maligno
2914 4634 3108 4707 gladio
3133 4635 3494 4692 verbositatis
3527 4634 3670 4690 ﬁlio-

2057 4741 2186 4779 rum
2217 4725 2562 4791 alienorum,
2598 4723 3090 4796 quipromptuaria
3121 4741 3324 4791 eorum,
3357 4723 3417 4778 id
3469 4723 3556 4776 est
3579 4721 3668 4776 in-

2060 4811 2230 4885 genia
2251 4828 2456 4867 eorum
2476 4811 2536 4866 in
2559 4811 2763 4884 quibus
2778 4809 3152 4868 continentur
3165 4826 3358 4882 pravae
3377 4807 3672 4881 cogitatio-

2062 4918 2182 4969 nes,
2221 4901 2364 4956 sicut
2395 4899 2454 4955 in
2484 4901 2899 4972 promptuariis
2929 4901 3127 4954 vinum
3163 4901 3221 4954 et
3247 4913 3506 4964 annona,
3535 4899 3671 4952 sunt

2053 4991 2236 5062 plena,
2261 4990 2318 5045 id
2347 4992 2432 5046 est
2463 4990 2673 5046 rel'erta
2689 4989 2826 5060 ipsis
2844 4987 3034 5061 pravis
3060 4985 3524 5059 cogitationibus,
3548 5001 3673 5040 erud

2067 5082 2266 5132 clantia
2297 5121 2311 5146 ,
2344 5079 2400 5133 id
2449 5083 2541 5146 est
2565 5076 2820 5150 plenarie
2869 5076 3021 5146 ipsas
3066 5073 3446 5145 cogitationes
3490 5073 3676 5129 verbis

2072 5168 2520 5234 manifestantia,
2553 5185 2615 5220 ex
2641 5167 2736 5221 hoc
2766 5167 2827 5220 in
2855 5163 2987 5219 illud
3017 5163 3392 5230 transeundo,
3416 5163 3475 5218 id
3499 5165 3584 5217 est
3609 5179 3678 5217 ex

362 5253 756 5310 obedientem.
779 5251 946 5312 Ενιιθ,
1188 5252 1449 5322 inquam,
1485 5264 1565 5300 me
1593 5249 1657 5302 de
1708 5267 1872 5301 manu
1913 5251 1970 5304 et
2070 5259 2176 5312 hac
2206 5256 2716 5328 argumentatione
2747 5255 2804 5309 in
2839 5255 2988 5308 hanc
3027 5253 3200 5307 aliam
3229 5250 3680 5322 argumentatio-

365 5368 540 5424 opere
568 5351 803 5421 ﬁliorum
834 5350 1146 5402 alienorum.
1182 5346 1346 5411 Quod
1376 5343 1538 5398 valde
1568 5344 1804 5416 quidem
1831 5343 1971 5398 mihi
2073 5363 2232 5413 nem,
2269 5363 2303 5399 ει
2349 5343 2720 5398 similitudine
2769 5341 3179 5416 promptuarii,
3221 5340 3386 5395 valde
3415 5338 3593 5410 pleni,
3619 5338 3681 5392 in

369 5439 756 5496 necessarium
788 5440 1097 5510 est,utpolo
1124 5452 1356 5508 quorum
1385 5434 1505 5504 ﬁlii,
1533 5432 1591 5486 id
1621 5435 1706 5487 est
1728 5448 1973 5504 quorum
2075 5453 2188 5506 quo
2221 5434 2414 5488 vinum
2456 5435 2542 5488 vel
2575 5449 2807 5487 annona
2829 5449 2895 5485 ex
2920 5447 3035 5486 uno
3062 5447 3194 5485 vase
3223 5429 3280 5484 in
3313 5428 3467 5483 aliud
3495 5430 3682 5482 trans-

369 5530 750 5605 cogitationes
799 5527 1104 5584 existentes
1134 5543 1250 5582 non
1281 5524 1341 5580 in
1371 5524 1608 5596 antiqua
1637 5521 1976 5580 auctoritate
2079 5525 2360 5598 portatur.
2394 5522 2559 5588 Quod
2579 5523 2666 5578 est
2686 5537 2750 5578 ac
2762 5520 2809 5578 si
2830 5521 2983 5586 dicat
3012 5537 3025 5577 :
3050 5519 3196 5577 Cum
3225 5533 3430 5574 eorum
3451 5516 3686 5592 ingenia
